4236 6428
453 415 862 432 ww.—
1445 426 1804 433 -————-¢-——-~—
1857 428 1869 432 ν
1901 428 1932 432 σ-
1951 428 2921 439 -————o———_-—————_——-.—
2941 433 2968 439 -η

1021 617 1662 726 EPISTOLA
1744 621 2659 731 DEDICATORIA.

216 1007 579 1064 lllustrissimo
609 1025 670 1063 ac
719 1013 1138 1067 reverendissimo
1188 1014 1399 1068 domino
1441 1012 1510 1068 υ.
1574 1013 1795 1070 Nicolao
1843 1016 2065 1070 Antonio
2113 1015 2398 1071 Justiniani
2445 1033 2510 1073 ea:
2533 1016 2865 1072 Benedictino
2917 1015 3187 1073 Casinensi
3242 1023 3514 1086 monacho,

671 1105 917 1176 episcopo
948 1102 1226 1174 Patavina,
1259 1105 1492 1162 Michael
1522 1108 1749 1179 Angelus
1779 1108 1944 1164 Luchi
1971 1109 2201 1180 ejusdem
2239 1108 2470 1165 sadalitii
2498 1108 2781 1164 monachus
2809 1108 2870 1164 S.
2903 1106 2969 1164 P.
3002 1107 3072 1164 Β.

286 1219 403 1275 Tibi
433 1223 642 1276 omnino
671 1232 858 1292 tuoque
884 1224 1101 1289 nomini,
1138 1224 1328 1293 praesul
1359 1223 1709 1279 illustriss’ime
1731 1241 1792 1278 ac
1839 1225 2276 1291 reverendissime,
2328 1225 2424 1278 hoc
2452 1223 2616 1296 aperis
2645 1221 2918 1277 debebatur
2940 1238 2960 1277 :
2985 1226 3124 1294 quod
3153 1228 3197 1279 si
3243 1243 3378 1282 nunc
3407 1246 3518 1300 pu-

215 1313 398 1367 blicam
429 1315 482 1368 in
511 1315 677 1369 lucem
699 1317 891 1386 prodit,
923 1317 1012 1370 tibi
1045 1333 1256 1385 prorsus
1285 1303 1549 1387 acceptum
1571 1325 1645 1372 est
1670 1317 2018 1388 referendum.
2048 1315 2130 1371 Tu
2150 1319 2287 1372 enim
2311 1315 2453 1371 illius
2479 1331 2594 1370 cum
2620 1314 2960 1386 aggrediendi
2983 1323 3030 1370 et
3058 1315 3340 1372 inchoandi
3392 1322 3520 1376 mihi

211 1417 412 1472 auctor,
449 1418 552 1462 tum
579 1408 633 1462 in
653 1409 958 1464 absolvenda
991 1411 1408 1480 perﬁciendoque
1437 1411 1649 1483 adjutor
1677 1420 1724 1466 et
1756 1427 1953 1478 auspex
1980 1410 2122 1465 omni
2149 1420 2376 1480 tempore
2401 1409 2643 1463 exstitisti
2675 1423 2694 1462 :
2717 1424 2820 1462 non
2851 1408 3019 1462 solum
3051 1424 3226 1464 curam
3249 1418 3296 1464 et
3326 1413 3520 1468 sollici—

213 1501 449 1554 tudinem
479 1501 814 1572 impendens,
861 1504 952 1558 sed
982 1505 1131 1558 etiam
1158 1504 1494 1576 suppeditans
1524 1512 1762 1572 sumptus
1800 1503 2128 1558 necessarios.
2163 1501 2525 1567 Quamobrem,
2558 1500 2650 1554 etsi
2686 1500 2831 1553 nulla
2856 1500 2965 1553 alia
3003 1501 3135 1570 forte
3173 1512 3300 1558 esset
3355 1520 3514 1560 causa

209 1595 274 1646 ob
303 1609 456 1661 quam
491 1601 578 1647 tua
601 1593 794 1648 nomini
819 1594 900 1648 hic
925 1611 1067 1650 meus
1097 1595 1240 1649 labor
1265 1604 1670 1666 nuncuparetur,
1703 1594 1826 1648 satis
1854 1594 1948 1649 illa
1977 1611 2081 1647 una
2127 1593 2392 1659 omnibus,
2441 1592 2622 1647 saltem
2666 1592 2828 1663 aquis
2859 1607 3030 1646 rerum
3081 1594 3475 1651 astimatoribus
3497 1639 3512 1664 ,

207 1685 348 1755 iusta
374 1694 419 1738 et
451 1695 790 1740 consentanea
816 1687 1094 1742 videretur.
1146 1685 1278 1742 Cum
1303 1697 1477 1741 autem
1508 1686 1685 1742 eadem
1713 1686 1928 1740 accedat
1961 1695 2017 1740 ut
2047 1694 2153 1738 tam
2179 1684 2404 1756 insignia
2436 1692 2642 1754 tamque
2673 1682 2899 1736 illustria
2934 1695 3236 1738 ornamenta
3284 1688 3388 1741 sive
3431 1689 3514 1759 fa-

209 1776 370 1830 milite
399 1785 447 1829 et
477 1777 707 1847 generis,
747 1777 852 1832 sive
879 1780 1071 1848 gradus
1101 1788 1147 1834 et
1178 1779 1448 1850 dignitatis
1473 1821 1487 1844 ,
1532 1779 1636 1833 sive
1664 1778 1822 1832 animi
1855 1787 1901 1832 et
1951 1778 2144 1847 ingenii
2168 1820 2182 1844 ,
2238 1778 2306 1831 ad
2343 1786 2389 1830 te
2424 1775 2860 1831 cohonestandum
2903 1777 3353 1850 extollendumque
3381 1781 3514 1835 mira

208 1868 544 1921 consensione
585 1869 1014 1939 conspiraverint,
1046 1879 1240 1940 quanta
1270 1870 1476 1940 difficile
1513 1872 1563 1923 in
1602 1871 1712 1924 ullo
1757 1870 1861 1923 alio
1902 1868 2108 1924 homine
2150 1870 2374 1941 reperire
2399 1869 2512 1938 quis
2561 1869 2741 1937 possit,
2784 1869 2862 1923 vel
2903 1871 3188 1939 optandum
3232 1873 3358 1926 mihi
3415 1875 3517 1945 fuit

206 1976 534 2030 summopere
560 1971 614 2013 ut
639 1961 884 2030 auspiciis
909 1962 1007 2016 tuis
1039 1971 1085 2015 st
1140 1964 1426 2032 patrocinio
1471 1962 1570 2016 hoc
1594 1961 1946 2033 qualecunque
1978 1977 2107 2032 Opus
2137 1977 2307 2014 meum
2338 1970 2383 2014 et
2414 1959 2561 2013 labor
2589 1960 2938 2015 decoraretur.
2973 1963 3046 2015 Ac
3090 1979 3212 2017 sane
3246 1965 3292 2018 si
3320 1982 3508 2036 genus,

206 2063 253 2103 et
277 2053 551 2120 familiam,
579 2069 610 2106 a
635 2070 736 2124 qua
766 2062 906 2107 ortus
930 2070 1002 2118 es,
1035 2065 1264 2124 spectare
1290 2055 1459 2121 velim,
1493 2053 1601 2108 ham
1632 2055 1763 2108 inter
1802 2052 2020 2107 Venetas
2051 2053 2298 2122 patricias
2347 2055 2524 2105 domos
2550 2052 2913 2116 vetustissima,
2956 2062 3002 2106 et
3052 2054 3371 2108 nobilissima
3413 2074 3512 2111 nu-

205 2155 456 2211 meratur,
489 2162 520 2198 a
550 2163 651 2216 qua
678 2155 724 2201 et
751 2147 1046 2215 reipublira:
1074 2149 1310 2219 gerenda:
1335 2146 1626 2218 gravissimi
1648 2146 2106 2213 sapientissimique
2134 2143 2480 2198 moderatores
2511 2144 2648 2196 omni
2678 2153 2901 2213 tempore
2924 2144 3032 2198 dati
3055 2154 3198 2210 sunt;
3226 2156 3274 2200 et
3325 2146 3508 2203 Eccle-

205 2237 296 2291 siis
327 2237 756 2291 administrandis
785 2239 902 2291 navi
931 2248 979 2291 et
1007 2238 1248 2291 industrii
1277 2239 1541 2306 prwsules;
1567 2246 1614 2292 et
1639 2237 1763 2292 caelo
1795 2238 1967 2304 plures
1997 2236 2174 2289 heroes
2200 2235 2328 2300 nati,
2357 2235 2560 2305 egregia
2588 2234 2794 2304 pietate,
2825 2243 2876 2289 et
2904 2236 3149 2306 religione
3202 2240 3489 2309 conspicui.

204 2331 268 2386 Si
294 2347 420 2398 vero
443 2332 741 2404 dignitatem
779 2342 920 2385 tuam
948 2342 994 2386 et
1028 2333 1199 2386 locum
1246 2333 1563 2387 considerem
1587 2371 1603 2398 ,
1647 2333 1729 2386 illi
1755 2348 1914 2400 prtees
1940 2329 2186 2384 Ecclesiae
2211 2344 2327 2399 qua:
2371 2331 2549 2383 merito
2580 2339 2652 2383 tot
2703 2331 2820 2384 aliis
2860 2332 3134 2399 splendore
3159 2371 3172 2396 ,
3218 2343 3464 2388 vetustate
3485 2379 3499 2400 ,

202 2433 469 2492 pastorum
492 2424 648 2487 serie,
674 2424 873 2485 virtute,
905 2440 1135 2486 numero.
1167 2427 1637 2496 prcerogativisque,
1671 2423 1869 2480 steteris
1895 2423 2137 2495 prwlucet
2162 2432 2208 2477 et
2231 2422 2514 2486 antecellit,
2546 2431 2599 2476 ut
2626 2421 2842 2493 proinde
2880 2439 2994 2477 eam
3020 2423 3319 2493 dignitatem
3338 2469 3352 2492 ,
3388 2444 3503 2496 qua:

202 2514 279 2568 vel
310 2513 430 2570 aliis
460 2513 705 2569 Ecclesia:
737 2517 1078 2587 principibus,
1108 2518 1212 2571 sive
1243 2516 1538 2586 pastoribus
1567 2516 1853 2570 communis
1877 2526 2033 2570 tecum
2057 2525 2152 2581 est,
2183 2514 2326 2569 illius
2346 2531 2499 2585 quam
2524 2523 2661 2568 tenes
2686 2516 2820 2569 sedis
2847 2515 3138 2584 amplitudo
3181 2518 3504 2588 splendidio-

199 2623 312 2660 rem
347 2607 402 2661 in
430 2619 477 2662 te
507 2607 668 2678 faciat
712 2609 1089 2678 quodammodo
1116 2651 1129 2674 ,
1179 2619 1333 2680 atque
1367 2610 1740 2681 augustiorem.
1766 2607 2033 2663 Postremo
2061 2609 2223 2661 animi
2253 2609 2360 2674 tui,
2405 2617 2452 2661 et
2485 2608 2678 2678 ingenii
2708 2617 3008 2663 ornamenta
3046 2625 3163 2663 cum
3206 2611 3331 2665 editi
3376 2629 3409 2665 a
3460 2622 3508 2668 te

201 2698 366 2766 libri,
435 2699 576 2752 omni
619 2699 909 2754 liberaliore
961 2701 1237 2771 disciplina
1282 2701 1500 2771 referti,
1556 2710 1602 2755 et
1653 2701 1912 2755 industria
1968 2702 2244 2770 perpoliti,
2307 2710 2411 2754 tum
2461 2701 2713 2767 imprimis
2759 2702 2810 2755 in
2864 2699 3095 2757 Ecclesia
3138 2713 3226 2758 tua
3277 2707 3503 2777 regenda

199 2792 565 2862 pascendoque
590 2809 742 2864 grege
769 2793 1090 2856 sollicitudo,
1118 2794 1408 2865 diligentia,
1438 2794 1492 2847 in
1515 2809 1762 2863 pauperes
1786 2793 2088 2858 liberalitas,
2120 2804 2165 2847 et
2184 2794 2236 2846 in
2258 2793 2574 2862 amplissimo
2596 2793 2913 2848 :renodochio
2935 2793 3136 2849 Patavii
3181 2800 3497 2853 exstruendo

199 2886 432 2939 studium
473 2893 520 2939 et
558 2886 931 2954 muniﬁcentia,
986 2887 1112 2941 satis
1144 2886 1361 2956 probant
1383 2897 1430 2941 et
1460 2887 1748 2941 ostendunt.
1800 2886 1928 2954 Qui:
1958 2886 2190 2955 profecto
2240 2887 2444 2958 singula
2498 2887 2755 2953 eiusmodi
2797 2899 2916 2941 sunt
2945 2896 3000 2941 ut
3027 2905 3117 2958 per
3141 2905 3194 2945 se
3230 2891 3345 2946 sola
3385 2909 3504 2947 cum

199 2993 378 3030 veram
411 2977 730 3048 solidamque
755 2978 963 3032 laudem
992 2977 1080 3031 tibi
1102 2979 1330 3049 pariant,
1366 2989 1474 3032 tum
1501 2978 1579 3032 vel
1603 2979 1774 3046 alteri,
1812 2979 1900 3047 qui
1926 2988 2013 3032 tuo
2044 2982 2248 3048 fruatur
2287 2979 2598 3048 patrocinio,
2632 2981 2913 3050 plurimum
2939 2982 3069 3036 lucis
3099 2992 3144 3036 et
3194 2988 3393 3054 fructus
3429 2987 3500 3039 ad

198 3071 702 3124 commendationem
732 3069 920 3124 labaris
972 3081 1020 3124 et
1045 3071 1238 3142 ingenii
1267 3069 1454 3136 afferre
1490 3072 1708 3141 possint.
1760 3069 1914 3126 Hisce
1951 3071 2083 3125 illud
2107 3073 2262 3126 etiam
2303 3073 2609 3143 adjungitur
2648 3074 2788 3145 quod
2820 3073 3096 3130 Venantius
3140 3074 3460 3134 Fortunatus
3482 3123 3495 3146 ,

197 3163 354 3232 cujus
401 3171 639 3231 poemata
684 3163 973 3232 scriptaque
999 3162 1104 3216 alia
1135 3161 1272 3216 hisce
1309 3161 1510 3216 duobus
1553 3163 1892 3217 voluminibus
1939 3165 2306 3231 comprehensa
2349 3166 2547 3219 edimus
2574 3207 2588 3230 ,
2645 3165 2908 3236 Duplavili
2954 3177 3094 3224 ortus
3125 3167 3236 3243 [qui
3262 3172 3402 3226 locus
3429 3173 3498 3226 ad

199 3265 352 3307 tuam
381 3254 639 3308 dioecesim
667 3249 907 3324 pertinet]
937 3262 984 3308 te
1011 3263 1282 3324 patronum
1303 3263 1350 3308 et
1375 3255 1636 3324 auspicem
1665 3255 2045 3325 quodammodo
2092 3256 2385 3312 desiderare
2409 3257 2659 3327 videatur,
2695 3270 2748 3314 ut
2778 3261 2862 3330 qui
2887 3261 3010 3315 olim
3031 3263 3200 3316 vivens
3230 3264 3282 3317 in
3312 3263 3498 3321 Galliis

197 3345 454 3418 Gregorio
505 3345 808 3411 Turonensi,
852 3346 1146 3401 doctissimo
1173 3347 1303 3414 viro,
1355 3355 1402 3400 et
1444 3347 1753 3402 amicissimo
1776 3362 1892 3414 suo,
1948 3357 2066 3400 tunc
2095 3349 2334 3418 temporis
2360 3349 2622 3420 primaria:
2664 3352 2797 3405 sedis
2839 3353 3075 3422 antistiti,
3128 3365 3364 3423 poemata
3405 3375 3498 3411 sua

196 3441 405 3492 dicarat
429 3447 476 3493 et
497 3437 852 3508 inscripserat,
885 3438 1022 3492 idem
1053 3446 1163 3508 post
1190 3442 1302 3508 fata
1333 3448 1580 3508 tanquam
1608 3439 1908 3493 reviviscens
1948 3453 2079 3491 nova
2106 3438 2331 3509 Operam
2361 3456 2575 3494 suorunt
2605 3439 2867 3506 Editione,
2918 3454 2966 3498 te
2996 3455 3265 3513 patronum
3319 3450 3499 3502 merito

195 3532 455 3603 efﬂagitet
483 3539 530 3585 et
558 3539 797 3600 exposcat
820 3547 838 3596 ,'
869 3533 1016 3601 cujus
1045 3529 1229 3586 ditioni
1254 3541 1300 3586 et
1330 3532 1645 3594 auctoritati,
1681 3531 1744 3584 ob
1770 3529 1908 3584 sedis
1935 3546 2089 3599 quant
2116 3540 2252 3584 tenes
2283 3531 2692 3597 amplitudinem.
2727 3536 2897 3589 natale
2922 3537 3153 3606 ejusdem
3182 3538 3348 3593 solum
3377 3540 3500 3593 sab-

193 3626 397 3690 ficitur.
431 3623 560 3690 Quae
583 3639 697 3677 cum
722 3625 794 3678 ita
815 3624 939 3692 sint,
965 3625 1062 3678 hac
1089 3639 1239 3693 opus,
1264 3625 1404 3694 quod
1432 3632 1520 3678 tuo
1547 3623 1751 3677 nomine
1774 3621 2076 3692 insignitum
2114 3621 2372 3693 publicam
2395 3623 2448 3676 in
2478 3624 2642 3677 lucem
2665 3627 2834 3694 prodit
2857 3667 2871 3690 ,
2924 3628 3000 3681 sic
3048 3629 3274 3700 excipias
3302 3632 3452 3685 velim
3479 3676 3492 3699 ,

193 3732 245 3772 ut
278 3728 331 3772 et
361 3727 611 3788 tanquam
639 3717 864 3771 debitum
906 3717 993 3770 tibi
1019 3733 1203 3770 munus
1232 3724 1502 3786 respectes,
1553 3724 1599 3769 et
1629 3731 1732 3767 una
1760 3713 2023 3780 offerentis
2053 3715 2287 3766 animum
2314 3713 2672 3786 amplectaris;
2701 3717 2789 3786 qui
2823 3734 2940 3772 cttm
2981 3720 3154 3774 multis
3199 3723 3494 3776 nominibus

194 3811 557 3876 observantice,
582 3810 824 3879 obsequii,
865 3809 1130 3880 devotique
1151 3808 1310 3863 animi
1340 3808 1613 3862 obstrictus
1639 3806 1726 3858 tibi
1764 3807 1881 3872 siin,
1933 3816 2036 3858 tum
2060 3803 2138 3860 vel
2163 3805 2254 3860 illa
2281 3809 2496 3876 majoris
2524 3806 2676 3876 officii
2697 3823 2854 3862 causa
2898 3811 3127 3879 accedit,
3175 3817 3314 3882 quod
3361 3815 3496 3868 idem

194 3904 478 3959 Casinense
505 3903 804 3957 sodalitium
836 3919 916 3958 me
939 3903 1166 3958 educarit
1189 3942 1205 3968 ,
1249 3900 1524 3956 instituerit
1545 3939 1558 3961 ,
1590 3898 1868 3968 conforerit
1890 3940 1902 3962 ,
1955 3901 2106 3967 cujus
2131 3907 2187 3950 tu
2212 3914 2413 3968 quoque
2445 3898 2662 3968 familia:
2706 3900 2829 3953 olim
2871 3901 3294 3958 adnumerabaris
3321 3948 3334 3970 ,
3379 3905 3496 3961 licet

193 4009 376 4067 postea
402 4012 498 4068 pro
527 3996 642 4050 vita:
668 3997 954 4051 innocentia
977 4034 993 4062 ,
1026 4005 1073 4049 et
1104 3995 1280 4048 merito
1300 4037 1313 4059 ,
1345 3994 1412 4047 ad
1443 3993 1609 4063 majus
1639 3990 1946 4045 Christiana:
2002 3989 2294 4056 reipublicte
2343 3990 2559 4053 bonum,
2608 3989 2854 4045 Ecclesiis
2887 3991 3197 4049 Torcellensi
3242 3997 3492 4066 primum,

193 4092 388 4144 deinde
428 4087 734 4153 Veronensi,
781 4103 842 4142 ac
869 4097 1124 4159 postremo
1170 4083 1438 4140 Patavintt'
1463 4083 1698 4156 regendis
1727 4089 1984 4144 evocatus,
2019 4080 2314 4134 monasterii
2343 4079 2602 4134 silentium
2631 4097 2692 4134 ac
2721 4082 3044 4138 solitudinem
3099 4103 3214 4140 cum
3259 4091 3496 4158 frequen-

193 4183 520 4237 tissintarum
555 4179 910 4236 Ecclesiarum
935 4189 1087 4248 atque
1111 4179 1310 4234 sediunt
1340 4177 1612 4246 splendore
1655 4184 1700 4229 et
1728 4173 2018 4229 celebritate
2062 4172 2470 4227 commutaveris.
2519 4171 2631 4245 Ego
2656 4189 2770 4227 vero
2826 4191 2942 4228 cum
2979 4175 3155 4248 aliquo
3206 4181 3495 4237 testimonia

193 4293 366 4331 meam
400 4292 524 4347 erga
549 4283 598 4329 te
629 4273 1000 4330 observantiam
1029 4269 1570 4339 necessitudinemque,
1605 4283 1668 4322 ea:
1695 4266 1756 4321 iis
1779 4281 1907 4334 quas
1939 4265 2050 4319 dixi
2081 4267 2248 4318 causis
2289 4263 2591 4332 profectam.
2627 4267 2897 4320 contestari
2911 4270 3230 4340 jampridem
3272 4282 3492 4344 exopta-

199 4386 334 4437 rem,
371 4369 471 4423 hoc
497 4369 819 4440 aptissimum
840 4368 1003 4421 visum
1032 4375 1125 4431 est,
1159 4364 1294 4434 quod
1322 4365 1607 4417 litterarum
1632 4358 1977 4414 monumentis
2003 4371 2300 4426 expressum
2325 4397 2338 4420 ,
2377 4364 2423 4409 et
2472 4357 2525 4409 in
2552 4357 2730 4427 vulgus
2751 4358 2966 4426 editum,
3017 4376 3108 4415 nec
3138 4363 3294 4417 latere
3317 4381 3493 4433 quent-

191 4481 353 4533 quam
383 4470 576 4534 posset,
609 4471 656 4516 et
687 4460 872 4515 nostris
903 4459 1216 4528 temporibus
1243 4466 1496 4527 superstes
1534 4453 1611 4508 vel
1650 4451 1718 4506 ad
1744 4466 1915 4506 seram
1943 4448 2290 4519 posteritatem
2327 4449 2626 4516 perveniret.
2674 4446 2879 4504 Interea
2907 4455 3137 4519 quamvis
3165 4455 3346 4522 procul
3395 4457 3492 4510 ab-

191 4561 288 4613 sim
317 4571 561 4628 corpore,
601 4555 768 4626 longis
800 4565 1049 4610 terrarum
1079 4553 1259 4622 spatiis
1289 4551 1530 4618 dissitas,
1585 4560 1753 4602 tamen
1797 4561 2021 4615 prasens
2065 4545 2237 4600 animo
2263 4587 2276 4610 ,
2319 4560 2493 4598 sacras
2539 4545 2627 4599 tibi
2679 4562 2860 4601 manus
2910 4548 3356 4620 obsequentissime
3401 4556 3495 4607 de-

190 4655 428 4708 osculor.

349 4748 561 4812 liomce,
615 4743 782 4800 Nonis
803 4741 964 4798 Iuliis
999 4739 1160 4798 i786.

1995 4913 3466 4931 -m——.

1485 5048 2207 5158 PBZEFATIO.

265 5310 409 5365 Cum
443 5318 636 5361 novam
671 5301 808 5356 hanc
835 5293 1082 5353 Venantii
1111 5289 1390 5346 Fortunati
1421 5289 1655 5359 Operum
1681 5289 1978 5347 Editionem
2012 5289 2247 5360 aggressi
2281 5291 2539 5346 fuerimus
2569 5289 2913 5345 illustrissimi
2946 5305 3008 5347 ac
3059 5294 3492 5349 reverendissitni

191 5405 406 5460 domini
451 5399 655 5456 Nicolai
685 5394 905 5453 Antonii
948 5387 1262 5453 Iustiniani,
1311 5403 1376 5444 ex
1409 5386 1674 5442 monacho
1703 5387 2047 5444 Benedictino
2073 5386 2350 5443 Casinensi
2398 5386 2635 5456 episc0pi
2671 5386 2930 5450 Patavini,
2961 5386 3114 5456 jussu
3143 5403 3207 5443 ac
3241 5389 3492 5450 consilio.

191 5511 452 5570 quaenam
497 5507 657 5549 causa
699 5488 1058 5546 clarissimum
1102 5497 1165 5537 ac
1204 5481 1574 5538 doctissimum
1612 5480 1785 5535 virum
1832 5479 2104 5550 impulerit
2140 5477 2206 5533 ad
2255 5491 2448 5533 novam
2499 5477 2888 5549 procurandum
2930 5477 3211 5535 Fortunati
3257 5480 3491 5550 Operum

191 5593 537 5654 Editionern,
579 5584 721 5641 haud
758 5583 861 5639 erit
907 5579 1142 5636 alienum
1185 5579 1368 5648 paucis
1413 5576 1500 5632 hic
1541 5575 1763 5632 referre.
1824 5576 1901 5632 Ac
1944 5574 2117 5646 primo
2159 5575 2426 5630 neminem
2472 5575 2634 5642 latet,
2665 5574 2756 5644 qui
2792 5573 2876 5630 vel
2915 5573 3188 5645 paululum
3222 5575 3272 5631 in
3301 5577 3496 5634 studiis

193 5683 540 5755 antiquitatis
593 5690 835 5736 versatus
884 5676 974 5744 sit,
1022 5681 1277 5742 quantum
1329 5669 1552 5726 subsidii
1603 5685 1665 5726 ac
1704 5669 1920 5724 luminis
1966 5683 1998 5726 e
2046 5664 2258 5737 scriptis
2312 5665 2589 5722 Fortunati
2640 5665 2704 5720 ad
2753 5663 3033 5723 historiam
3079 5681 3131 5722 Vl
3175 5667 3402 5734 saculi,
3432 5683 3498 5726 ne

195 5781 478 5850 pia-cipue
513 5772 766 5828 Ecclesia:
809 5769 1066 5838 regnique
1097 5763 1314 5830 Galliae,
1363 5761 1729 5817 illustrandam
1772 5768 1955 5831 petere
1999 5774 2186 5816 omnes
2230 5763 2623 5816 consueverint.
2685 5758 2773 5814 \‘ir
2812 5760 2954 5816 enim
2995 5761 3106 5830 ille,
3136 5767 3192 5819 et
3224 5761 3490 5829 doctrina,

195 5882 252 5932 et
300 5871 507 5946 pietate
551 5881 664 5922 sua:
707 5861 911 5922 atatis.
962 5855 1494 5923 clarissimus,.cum
1541 5854 1823 5925 praecipuis
1869 5853 2054 5910 Galliae
2101 5851 2419 5924 praesulibus
2468 5852 2556 5924 qui
2600 5860 2692 5907 aut
2719 5851 3002 5908 sanctitate
3048 5861 3142 5910 aut
3191 5851 3495 5914 eruditione

613 5985 885 6045 PATIO'..
936 5972 1351 6037 LXXXVIII.
1389 5998 1438 6068 ’,δ
1666 6051 1678 6068 ν
3068 5971 3095 6030 1
