4236 6564
734 419 793 477 il
1297 414 1804 474 PROLEGOMENA
1841 416 1934 472 AD
1976 413 2300 473 VENANTll
2340 412 2498 471 HON.
2538 412 2745 471 CLEM.
2787 411 3182 472 FORTUNATI
3220 410 3468 469 OPERA.
3946 403 4012 459 12

731 529 1115 602 praestiterunt,
1147 540 1408 601 praeterea
1449 545 1567 585 cum
1602 528 1841 597 pluribus
1866 529 1987 584 aliis
2021 528 2169 600 regni
2209 528 2353 583 illius
2383 526 2692 596 proceribus
2730 542 2793 583 ae
2820 526 3147 597 principibus
3178 526 3305 580 viris
3337 523 3650 594 coniunctus
3686 521 4009 579 amicissima

729 625 920 694 gratia,
967 624 1093 694 quin
1135 622 1294 677 etiam
1338 621 1467 691 ipsis
1513 621 1726 691 regibus
1768 621 1856 690 qui
1888 630 2011 674 tunc
2052 622 2304 686 temporis
2352 620 2402 673 in
2435 619 2600 674 Gallia
2630 635 2808 672 rerum
2844 619 3201 687 patiebamur,
3236 633 3297 670 ac
3328 617 3487 683 regiis
3534 629 3718 669 earum
3770 612 4006 681 lautitiis,

729 726 915 786 gratus
949 724 1337 784 acceptusque,
1374 715 1534 768 multa
1578 715 1646 771 de
1685 714 1768 769 his
1803 723 1962 783 atque
2008 713 2076 767 ad
2121 712 2281 767 hosce
2320 712 2534 784 scripsit
2574 711 2687 767 sive
2724 714 2930 780 soluta,
2978 711 3092 767 sive
3127 711 3348 765 metrica
3391 710 3660 773 oratione,
3692 724 3812 775 qth
3850 714 3903 760 et
3942 704 4011 760 ad

736 812 971 881 privatas
1009 809 1221 863 illorum
1261 823 1347 863 res
1398 820 1462 861 ac
1502 806 1765 872 fortunas,
1795 813 1849 860 ct
1888 804 1955 860 ad
1987 805 2195 874 publica
2236 806 2471 874 negotia,
2501 819 2565 859 ac
2605 806 2762 859 totius
2801 806 2947 874 regni
2990 812 3188 857 statqu
3228 801 3624 864 illustrandum,
3660 800 4006 868 pertinerent.

730 906 990 975 Quocirca
1042 911 1158 958 tuto
1206 902 1336 957 illud
1383 900 1653 956 aflirmare
1698 900 1897 969 possim
1928 938 1943 964 ,
2001 898 2230 967 plurium
2271 900 2381 967 jam
2430 898 2545 952 sive
2589 898 2956 967 episcoporum
3010 897 3155 951 illius
3207 895 3499 963 teruporis,
3558 894 3671 946 sive
3722 905 4008 959 procerum

730 996 884 1065 regni
912 994 1129 1061 Galliae,
1167 993 1382 1047 nomina
1418 1005 1481 1045 ac
1521 1004 1608 1045 res
1641 1000 1804 1060 gesta:
1843 998 2097 1057 perpetua
2147 988 2200 1043 in
2249 989 2513 1046 oblivione
2545 989 2871 1059 jacuissent,
2919 988 3021 1043 nisi
3070 988 3257 1043 eadem
3296 986 3407 1040 suis
3455 982 3645 1039 litteris
3677 982 4008 1037 Fortunatus

732 1100 871 1143 sera:
908 1083 1201 1154 posteritati
1242 1081 1582 1153 prodidisset.
1613 1079 1843 1149 Hujusce
1880 1080 2121 1135 carmina
2160 1094 2280 1135 cum
2319 1096 2504 1137 eorum
2545 1080 2781 1147 nomina,
2817 1094 2881 1135 ac
2908 1080 3063 1135 sedes
3103 1080 3172 1135 ab
3213 1078 3484 1133 oblivione
3511 1075 3866 1137 vindicarunt,
3898 1082 4011 1128 tum

728 1180 794 1234 ad
831 1178 1091 1234 notandas
1130 1178 1521 1248 signandasque
1563 1183 1862 1244 temporum
1904 1174 2147 1229 rationes
2184 1176 2376 1244 quibus
2411 1182 2506 1229 aut
2545 1174 2646 1242 ipsi
2686 1173 2961 1239 vixerunt,
2995 1181 3090 1227 aut
3121 1172 3320 1241 aliquid
3398 1170 3654 1225 memoria
3695 1170 3913 1238 dignum
3956 1167 4012 1222 in

730 1289 916 1328 eorum
975 1268 1191 1327 urbibus
1237 1286 1300 1325 ac
1348 1268 1634 1341 provinciis
1681 1266 1916 1333 accidit,
1962 1267 2247 1336 plurimum
2297 1266 2511 1322 luminis
2558 1266 2959 1336 adjutuentique
3004 1264 3256 1320 afferunt.
3312 1262 3447 1318 llinc
3494 1261 3689 1316 ntirum
3737 1273 3860 1315 esse
3903 1274 4011 1318 non

727 1366 887 1422 debet
925 1379 990 1419 ex
1034 1365 1137 1417 huc
1178 1359 1327 1416 fonte
1356 1374 1543 1414 omnes
1590 1356 1703 1415 fere
1748 1359 1987 1413 hausisse
2034 1359 2123 1428 qui
2167 1360 2231 1414 tle
2261 1358 2445 1413 Callia:
2490 1362 2650 1415 rebus
2689 1358 2940 1428 deinceps
2984 1359 3088 1414 ulla
3134 1366 3288 1412 relate
3330 1357 3677 1421 scripserunt.
3724 1354 3843 1411 Jam
3884 1370 4013 1413 vero

727 1472 830 1514 nec
866 1471 1053 1526 pauca,
1099 1469 1198 1509 nec
1238 1468 1429 1522 parva,
1469 1462 1561 1507 aut
1597 1453 1845 1519 obscura,
1880 1469 1942 1509 ea
1983 1465 2108 1509 sunt
2146 1470 2265 1526 qua:
2304 1453 2373 1509 ad
2416 1456 2688 1525 religionis
2726 1456 2894 1525 ipsius
2936 1454 3183 1526 dogmata
3222 1451 3585 1508 confirmanda
3615 1460 3671 1506 et
3698 1453 4014 1510 tindicanda

736 1548 805 1602 ab
845 1546 1289 1600 heterodoxorum
1339 1542 1563 1613 ingeniis
1610 1559 1673 1599 ac
1717 1546 1869 1599 novis
1908 1547 2225 1601 commentis
2263 1560 2297 1601 e
2336 1546 2615 1602 Fortunati
2665 1548 2930 1616 Operibus
2979 1548 3115 1603 sumi
3169 1558 3390 1616 possunt
3436 1562 3633 1615 :qnz,
3688 1545 3831 1600 haud
3882 1559 4016 1601 sane

736 1637 1138 1695 contemnenda:
1172 1636 1515 1705 antiquitatis
1581 1636 1886 1691 teStiutonio
1931 1646 1984 1691 et
2030 1640 2347 1694 auctoritate
2405 1639 2785 1708 comprobata,
2852 1640 2920 1695 ad
2970 1639 3288 1693 refellendas
3353 1638 3665 1693 corumdem
3715 1638 4012 1692 calumnias

738 1735 914 1790 valere
941 1733 1229 1802 plurimum
1253 1731 1470 1789 debent.
1498 1729 1651 1786 Adde
1681 1731 1766 1785 bis
1791 1729 2028 1784 cultioris
2056 1731 2336 1800 elegantia:
2362 1743 2728 1798 venustatem,
2764 1748 2884 1802 qua)
2915 1736 3107 1800 passim
3143 1735 3194 1788 in
3221 1732 3409 1803 ejusde
3438 1752 3465 1783 ,ι
3495 1730 3768 1786 Fortunati
3800 1730 4014 1798 setiptis

739 1844 990 1900 expressa
1018 1825 1461 1895 deprehenditur,
1491 1833 1552 1878 ut
1588 1837 1695 1877 non
1726 1838 1850 1891 una,
1881 1822 1974 1877 sed
2018 1822 2257 1893 pluribus
2283 1823 2352 1879 de
2376 1838 2551 1879 causts
2589 1842 2696 1880 non
2737 1826 3014 1880 minimum
3061 1825 3295 1894 intessit,
3335 1822 3378 1877 si
3418 1823 3713 1892 cujuspiatn
3763 1821 4009 1884 alterius,

744 1932 892 1976 certe
936 1922 1018 1973 Vel
1057 1917 1334 1972 Fortunati
1385 1916 1553 1985 ipsius
1591 1916 1784 1985 Opera,
1824 1929 1985 1984 quam
2027 1915 2143 1971 lieri
2185 1925 2362 1985 potest
2408 1918 2659 1980 maxime,
2709 1917 2994 1988 illustrata,
3026 1920 3302 1975 emendata
3350 1929 3407 1974 et
3448 1928 3600 1973 aucta
3651 1917 3914 1987 publicam
3960 1917 4013 1971 in

747 2014 919 2068 lucem
950 2010 1197 2081 proferri.

811 2103 943 2159 Cum
987 2115 1162 2157 autem
1200 2102 1379 2171 plures
1416 2113 1481 2155 ea
1521 2098 1576 2155 in
1611 2114 1671 2155 re
1711 2100 2136 2165 elaboraverint,
2180 2115 2244 2155 ac
2281 2113 2426 2169 sape
2466 2101 2662 2170 saepius
2707 2101 2893 2157 eadem
2932 2101 3073 2157 edita
3113 2116 3177 2155 ac
3222 2100 3373 2155 novis
3423 2100 3819 2155 accessionibus
3859 2109 4015 2156 aucta

745 2197 973 2254 fuerint.
1006 2195 1187 2249 nescio
1227 2203 1405 2247 tamen
1433 2192 1702 2260 quomodo
1745 2192 1917 2261 majus
1956 2191 2045 2245 illa
2084 2194 2285 2258 lumen,
2326 2194 2565 2247 omnium
2605 2208 2738 2260 pene
2777 2194 2915 2247 votis
2952 2208 3014 2247 ac
3054 2192 3278 2258 judicio,
3322 2192 3629 2245 desiderare
3677 2191 4012 2259 videbantur,

738 2290 815 2344 Ac
851 2289 1088 2355 profecto
1119 2301 1237 2351 qua:
1271 2287 1497 2354 primum
1532 2284 1707 2339 Editio
1734 2287 1964 2352 Uperum
1998 2282 2271 2337 Fortunati
2300 2282 2471 2337 Calari
2510 2284 2560 2336 in
2591 2283 2833 2337 Sardinia
2864 2298 3004 2337 anno
3032 2284 3428 2351 lbiS'perfecta
3471 2293 3574 2345 est,
3616 2281 3747 2336 nihil
3774 2284 4015 2337 continet

735 2380 876 2435 aliud
912 2395 1070 2448 quam
1112 2380 1351 2445 ejusdem
1389 2377 1636 2447 hymnos,
1663 2376 1949 2431 Cassandri
1986 2390 2149 2444 Opera
2188 2376 2521 2443 emendatos,
2550 2390 2613 2431 ac
2644 2377 2901 2444 pristinte,
2940 2385 2999 2431 ιιι
3023 2378 3068 2432 is
3100 2379 3399 2443 profitetur,
3427 2376 3664 2430 redditos
3692 2377 4008 2444 integritati.

733 2476 1021 2542 Exemplar
1058 2487 1186 2527 vero
1214 2474 1446 2539 Opernm
1481 2472 1720 2539 ejusdem
1769 2473 1895 2525 item
1924 2470 2096 2524 Calari
2116 2514 2129 2539 ,
2162 2482 2532 2540 consequente
2557 2486 2718 2538 anno,
2750 2485 2911 2538 Opera
2953 2485 3018 2526 ac
3057 2470 3231 2525 studio
3257 2469 3441 2523 Jacobi
3472 2472 3764 2524 Salvaturis
3795 2470 4010 2538 Solaui,

735 2564 877 2634 typis
905 2563 1109 2618 thilai
1139 2562 1443 2633 Canyclles,
1483 2562 1679 2615 editum
1725 2572 1826 2627 est,
1853 2570 1976 2615 octo
2013 2561 2064 2615 in
2109 2561 2276 2615 litn'os
2304 2563 2683 2627 distributum;
2746 2577 2951 2626 verum,
3000 2562 3436 2617 doctissimorum
3472 2562 3742 2616 hominum
3783 2562 4010 2631 judicio,

741 2668 989 2709 maneam
1021 2653 1146 2706 illud
1167 2668 1229 2707 ac
1258 2653 1521 2718 mutilum,
1555 2662 1664 2705 tum
1695 2653 1990 2706 innumeris
2017 2669 2178 2721 prope
2204 2653 2410 2709 mendis
2430 2654 2775 2723 depravatum
2807 2669 2860 2711 et
2897 2666 3228 2722 corruptum.
3257 2654 3408 2721 Quod
3442 2655 3493 2707 in
3523 2655 3775 2709 Venetam
3802 2672 4014 2727 quoque

736 2746 1066 2811 Edttiouctn,
1106 2745 1244 2811 apud
1291 2746 1530 2798 lucredes
1566 2744 1748 2800 Jacobi
1798 2746 2077 2812 Siuibenii,
2119 2763 2206 2800 an.
2252 2746 2424 2812 1578,
2464 2750 2811 2815 translatum,
2858 2750 3044 2804 iisdem
3088 2758 3249 2816 atque
3291 2750 3451 2803 etiam
3505 2749 3748 2816 pluribus
3800 2749 4012 2804 merulis

735 2841 990 2896 intectum
1021 2855 1080 2893 ac
1105 2841 1339 2893 ttel‘orme
1371 2838 1583 2905 prodiit.
1629 2837 1773 2892 Idem
1810 2853 1992 2891 rursus
2022 2838 2197 2892 Calari
2220 2881 2234 2902 ,
2278 2854 2369 2893 an.
2401 2839 2565 2907 1564,
2604 2850 2661 2896 et
2690 2842 2951 2907 Colonire,
3003 2857 3092 2896 an.
3128 2844 3286 2906 lout),
3322 2855 3586 2907 recusum,
3620 2841 3810 2896 additis
3849 2844 4012 2898 etiam

734 2932 1176 3002 Expositionibus
1217 2936 1267 2983 iu
1307 2930 1617 2997 Sjmbolum
1668 2939 1723 2983 et
1767 2929 2073 2985 Orationem
2124 2929 2479 2996 Dotuinicam,
2523 2935 2691 2987 nihilo
2738 2932 3047 2987 defaecatius
3093 2946 3156 2987 ac
3197 2934 3374 3003 purius
3423 2934 3645 2987 eaStitit.
3697 2934 3823 2989 Haec
3869 2935 4011 2991 inter

734 3026 1037 3082 Paristeuse
1074 3025 1371 3090 exemplar,
1412 3023 1553 3089 quod
1593 3025 1644 3075 in
1688 3032 1887 3077 tomum
1929 3024 2033 3076 \‘Ill
2068 3025 2409 3080 Bibliotheca:
2447 3036 2686 3080 veterum
2729 3026 2987 3080 Ecclesia:
3023 3024 3236 3078 Patrum
3277 3026 3535 3079 insertum
3577 3034 3683 3089 est,
3716 3035 3771 3080 et
3805 3027 4010 3083 editum

735 3120 993 3183 Parisiis,
1037 3116 1245 3171 cwteris
1304 3114 1550 3169 omnibus
1600 3115 1857 3169 librorum
1911 3132 2156 3183 ntuuero,
2207 3118 2475 3183 anteibat;
2540 3118 2595 3174 id
2645 3120 2820 3187 ipsum
2873 3128 3049 3175 tamen
3101 3119 3390 3174 multorum
3446 3128 3750 3188 poematum
3805 3119 4011 3190 jactura

735 3212 1011 3277 lacerum,
1069 3222 1131 3262 ac
1180 3206 1462 3272 mutilum,
1507 3218 1562 3262 et
1611 3222 1858 3275 perversa
1908 3212 2205 3277 vitiosaque
2251 3210 2515 3276 lectione,
2569 3213 2809 3282 pluribus
2860 3212 2914 3267 in
2962 3212 3125 3275 locis,
3178 3213 3519 3280 depravatum
3548 3254 3563 3279 ,
3613 3214 4012 3285 diligentiorem

734 3304 1131 3369 auetioremque
1161 3300 1460 3355 Editiouem
1507 3314 1728 3369 poscere
1765 3300 2058 3356 videbatur.
2091 3300 2238 3357 llanc
2279 3318 2562 3373 aggressus
2602 3307 2672 3360 cl.
2704 3307 2786 3360 vir
2815 3305 2871 3359 Ρ.
2900 3303 3316 3375 Cbristophorus
3337 3304 3644 3373 Browerus,
3685 3322 3717 3362 e
3755 3310 4013 3365 societate

733 3393 882 3459 Jcsu,
918 3393 1137 3463 perfecit
1174 3403 1331 3460 atque
1371 3389 1537 3446 edidit
1579 3391 1895 3458 Moguntire,
1928 3406 2069 3448 anno
2097 3394 2270 3457 1605,
2320 3398 2458 3465 typis
2485 3396 2780 3451 Balthasari
2813 3397 3021 3466 Lippii;
3061 3406 3114 3451 et
3156 3398 3399 3452 eamdem
3439 3401 3713 3454 renovavit
3751 3405 4011 3458 emenda-

741 3486 923 3554 vitque
950 3498 1038 3537 an.
1066 3481 1225 3547 ltili,
1258 3484 1382 3536 item
1416 3482 1699 3550 Illoguutue
1740 3482 1937 3537 editam
1980 3486 2282 3555 sumptibus
2317 3487 2574 3543 Bernardi
2615 3489 2915 3558 Cualtheri,
2963 3491 3269 3560 bibliopola:
3312 3490 3668 3560 Coloniensis,
3692 3496 4012 3554 'excudente

744 3577 951 3633 Joanne
976 3575 1267 3631 Volmario.
1303 3575 1428 3631 lla:c
1449 3584 1595 3629 certe
1635 3574 1815 3629 Eduio
1841 3577 2078 3645 Operum
2107 3579 2412 3647 Fortunati,
2457 3581 2667 3636 caeteris
2694 3585 2962 3650 omnibus,
3009 3599 3129 3653 quae
3170 3584 3397 3641 antehae
3436 3586 3725 3641 elaboratae
3770 3586 4007 3657 fuerant,

735 3672 962 3735 auctior,
994 3670 1318 3739 diligentior,
1351 3680 1404 3722 ct
1434 3669 1671 3722 ornatior
1696 3671 1958 3738 apparuit.
2005 3671 2051 3727 is
2078 3672 2244 3740 enim,
2272 3687 2373 3743 ope
2402 3688 2534 3730 mss.
2554 3667 2846 3741 Codicum,
2874 3684 2929 3730 et
2962 3677 3113 3746 plura
3142 3691 3261 3747 qua:
3301 3687 3453 3732 antea
3482 3679 3621 3733 edita
3666 3692 3772 3733 non
3804 3681 4016 3735 fuerant

737 3763 1032 3833 exemplari
1071 3777 1168 3817 suo
1208 3762 1435 3826 addidit,
1475 3770 1531 3815 et
1569 3776 1688 3830 qua:
1731 3763 2064 3821 inunumeris
2103 3779 2237 3835 pene
2280 3768 2556 3824 scatebaut
2597 3772 2871 3827 erroribus
2907 3772 3193 3841 diligenter
3227 3774 3554 3827 emendavit.
3601 3774 3773 3842 Quam
3800 3774 3870 3829 ad
3898 3788 4013 3829 rem

728 3856 908 3912 tribus
943 3855 1206 3925 praecipue
1244 3868 1373 3909 mss.
1405 3868 1464 3907 se
1504 3868 1655 3909 usum
1692 3863 1935 3921 testatur,
1971 3858 2073 3912 tide
2105 3860 2427 3929 dignissimis
2458 3880 2470 3915 :
2504 3861 2806 3919 Trevirensi
2845 3880 2971 3930 uno,
3016 3866 3187 3921 altero
3227 3866 3336 3936 (cui
3377 3867 3423 3921 is
3464 3865 3583 3936 plus
3611 3881 3770 3937 quam
3798 3868 4014 3925 emteris

732 3949 889 4016 pretii
923 3945 1128 4016 tribuit)
1160 3960 1227 3999 ex
1257 3945 1468 3998 abbatis
1497 3944 1895 4012 San-Gallensi,
1940 3961 2004 4003 ac
2039 3952 2196 4004 tertio
2235 3965 2301 4005 ex
2336 3950 2551 4007 abbatia
2582 3953 2986 4024 Sigebergeusi;
3016 3959 3144 4026 quin
3187 3966 3241 4013 et
3281 3956 3637 4027 fragmentum
3666 3972 3767 4013 ms.
3797 3956 4013 4014 Codicis

739 4043 866 4096 item
899 4040 1233 4094 Trevirensis
1265 4038 1543 4105 Ecclesiae,
1586 4045 1641 4092 et
1683 4038 1824 4091 aliud
1867 4054 1966 4094 ms.
2004 4039 2359 4113 fragmentum
2402 4044 2672 4101 Cosanum
2718 4051 2881 4103 relert
2928 4048 2979 4101 in
3030 4051 3273 4104 manibus
3321 4064 3381 4105 se
3422 4052 3695 4106 habuisse.
3743 4050 4012 4109 Praeterea

732 4134 1014 4200 exemplar
1057 4144 1212 4185 suum
1254 4128 1476 4183 contulit
1521 4142 1640 4182 cum
1675 4128 1840 4184 Editis
1868 4128 2191 4197 Calaritano,
2227 4133 2451 4202 Veneto,
2478 4137 2763 4193 Parisiensi
2804 4139 2857 4191 in
2891 4138 3220 4193 Bibliotheca
3254 4140 3489 4205 Patrum,
3524 4138 3741 4211 Ceorgii
3776 4140 4008 4198 Fabricii

731 4230 787 4283 in
820 4226 998 4282 Poetis
1028 4225 1226 4291 Sacris,
1270 4224 1575 4293 addiditque
1604 4235 1755 4280 vetus
1785 4243 1886 4283 ms.
1918 4240 1971 4281 et
2006 4243 2142 4283 rarae
2169 4240 2307 4285 notre
2332 4230 2585 4288 Friderici
2615 4233 2957 4304 ’l‘iliobrogte,
2978 4242 3034 4288 et
3072 4233 3269 4288 librum
3300 4250 3398 4288 ms.
3434 4235 3702 4291 Theodori
3729 4236 4012 4299 Pulmanni

731 4315 1101 4386 Craneburgii,
1140 4316 1208 4367 ab
1253 4313 1367 4381 ipso
1395 4313 1679 4368 Theodoro
1706 4328 1826 4369 cum
1873 4318 2104 4387 antiquis
2155 4319 2301 4375 libris
2330 4322 2615 4392 diligenter
2651 4324 2925 4392 collatum,
2974 4339 3037 4380 ac
3068 4325 3394 4394 descriptum
3437 4342 3527 4385 an.
3558 4328 3715 4395 1570,
3741 4339 3797 4385 et
3829 4335 4009 4389 varius

730 4413 997 4469 lectiones
1044 4407 1110 4462 ad
1153 4407 1442 4477 marginem
1488 4409 1769 4477 expressit.
1818 4410 1965 4466 Hauc
2011 4420 2189 4469 autem
2232 4414 2532 4472 Editionem
2583 4431 2735 4471 suam
2784 4418 3066 4473 Browerus
3112 4435 3233 4473 cunt
3282 4420 3591 4475 elucttbrata
3637 4437 3667 4476 a
3715 4438 3837 4480 sese
3885 4425 4008 4484 Vita

731 4503 1030 4569 Fottuuati,
1080 4511 1189 4556 tum
1236 4502 1455 4570 prolixis
1497 4501 1639 4557 uotis
1687 4504 1984 4570 exornavit,
2038 4514 2195 4575 atque
2238 4507 2405 4574 auxit,
2446 4518 2503 4563 ut
2547 4524 2675 4565 vere
2717 4510 2762 4566 is
2804 4509 2872 4566 de
2900 4509 3192 4567 Fortunato
3242 4519 3426 4565 nostro
3473 4514 3733 4583 prmclare
3786 4519 4013 4577 meritus

733 4594 839 4650 dici
870 4604 923 4648 et
956 4590 1140 4645 haberi
1185 4588 1643 4677 possit.iBroweri
1690 4593 1967 4662 exemplar
2017 4610 2138 4648 cum
2178 4595 2296 4651 Vita
2329 4596 2605 4655 Fortunati
2654 4615 2904 4657 recusum
2956 4603 3054 4657 fuit
3100 4604 3294 4659 deinde
3342 4605 3580 4676 Lugduni
3627 4623 3715 4663 an.
3756 4609 3913 4677 1677,
3957 4611 4010 4668 in

731 4682 1057 4738 Bibliotheca
1100 4687 1335 4771 veterum
1367 4676 1601 4771 Patrum,
1646 4682 1913 4734 nonnullis
1963 4690 2140 4737 tamen
2182 4686 2391 4742 mendis
2428 4688 2509 4758 (ut
2549 4692 2663 4760 ipse
2698 4706 2764 4749 ex
2810 4692 3094 4749 collatione
3140 4710 3263 4750 cum
3314 4698 3609 4768 exemplari
3639 4676 4008 4771 Brou'eriano,

733 4775 877 4830 edito
909 4769 1189 4840 blognntia‘:
1219 4782 1360 4822 anno
1393 4766 1547 4834 ltiti,
1578 4783 1903 4838 cognoscere
1934 4772 2127 4842 potui),
2166 4777 2613 4847 typographorum
2646 4780 2876 4847 incuria,
2913 4785 3109 4850 passim
3142 4766 3492 4851 respersum;
3865 4842 3878 4853 ,

804 4865 971 4922 Porro
995 4861 1095 4916 etsi
1128 4860 1460 4913 Broweriana
1495 4859 1672 4915 Editio
1700 4862 1911 4916 cmleris
1942 4864 2186 4918 omnibus
2211 4881 2328 4935 quae
2355 4867 2422 4920 ad
2454 4868 2582 4923 illud
2619 4884 2785 4939 usque
2818 4881 3027 4940 tempus
3058 4873 3371 4940 prodierant
3400 4875 3607 4931 felicior
3634 4885 3689 4933 et
3712 4877 4009 4936 absolutior

730 4955 932 5023 fuerit,
983 4959 1138 5010 erant
1185 4959 1360 5006 tamen
1408 4951 1582 5006 adhuc
1635 4953 1887 5007 nonnulla
1932 4968 2051 5023 qua:
2098 4956 2272 5010 eidem
2335 4956 2606 5023 addenda,
2662 4966 2754 5014 aut
2808 4959 3138 5015 emendanda
3169 5002 3183 5025 ,
3257 4970 3348 5017 aut
3398 4967 3695 5019 accuratius
3742 4970 4005 5037 notanda,

728 5048 1066 5105 Videbantur.
1108 5042 1237 5097 Nam
1279 5053 1332 5097 et
1370 5043 1603 5122 carmina
1647 5050 1911 5114 quaedam,
1948 5060 2067 5115 quae
2101 5045 2342 5101 Broweri
2380 5054 2541 5102 atate
2588 5055 2742 5103 erant
2781 5049 2979 5118 ignota,
3008 5060 3099 5104 aut
3140 5058 3287 5105 certe
3323 5050 3377 5106 in
3422 5052 3538 5119 ejus
3572 5069 3758 5108 manus
3785 5057 4007 5113 minime

730 5146 1110 5211 pervenerant,
1151 5142 1330 5202 postea
1367 5135 1419 5189 iu
1465 5135 1633 5190 lucem
1662 5136 1925 5205 prodiere,
1958 5150 2099 5206 quin,
2140 5136 2238 5192 hac
2264 5135 2386 5191 illac
2426 5136 2614 5191 alienis
2661 5136 2715 5192 in
2745 5138 3000 5207 operibus
3033 5138 3303 5207 dispersa,
3334 5140 3629 5208 colligenda
3679 5142 3909 5212 fuerant,
3946 5161 4006 5201 ac

735 5232 1090 5287 Broweriauze
1133 5229 1361 5285 Editioni
1415 5226 1738 5290 attexenda;
1792 5234 1900 5280 tum
1953 5227 2241 5297 pleraque,
2297 5226 2473 5281 soluta
2524 5226 2721 5294 scripta
2778 5227 3065 5288 oratione,
3113 5242 3228 5295 qu:e
3279 5226 3568 5284 Browerus
3612 5230 3844 5287 Editioni
3892 5247 4004 5289 suae

733 5322 1067 5395 adjnngenda
1097 5337 1202 5377 non
1231 5319 1462 5385 censuit,
1492 5319 1702 5373 cieteris
1733 5316 2008 5372 Fortunati
2036 5317 2299 5385 Operibus
2325 5316 2523 5370 merito
2552 5313 2799 5371 addenda
2830 5314 3169 5379 videbantur,
3204 5324 3262 5370 ut
3288 5326 3571 5386 quotquot,
3599 5319 3711 5373 sive
3742 5322 4002 5389 carmine,

733 5417 847 5473 sive
886 5430 1063 5485 prosa,
1091 5414 1156 5470 ab
1190 5415 1381 5469 eodem
1424 5410 1728 5468 elucubrata
1772 5406 2093 5477 accepimus,
2124 5414 2429 5476 uuo'opere
2476 5405 2724 5460 universa
2753 5402 3354 5471 comprehenderentur.
3400 5404 3520 5460 Jam
3549 5421 3678 5462 vero
3718 5419 3858 5464 notae
3897 5411 4005 5467 illa:

734 5506 928 5576 quibus
982 5504 1120 5559 idem
1171 5503 1454 5556 Browerus
1502 5497 1747 5556 Venantii
1796 5496 2074 5552 Fortunati
2134 5497 2331 5565 scripta
2386 5495 2624 5551 ornanda
2673 5503 2727 5552 et
2777 5494 3085 5550 illustranda
3150 5496 3476 5553 existimavit
3532 5502 3783 5569 quamvis
3830 5501 4004 5558 doctae

735 5600 1049 5667 plerumque
1093 5604 1148 5650 et
1192 5595 1435 5655 eruditae,
1478 5591 1674 5645 eaedem
1724 5599 1900 5644 tamen
1944 5604 2045 5657 qua
2088 5586 2306 5640 nimium
2355 5586 2598 5656 prolixre,
2644 5600 2749 5656 qua
2784 5599 2913 5640 vero
2952 5601 3154 5641 manete
3198 5596 3254 5640 et
3290 5586 3509 5655 jejuna),
3561 5598 3670 5654 aut,
3701 5598 4002 5658 temporum

737 5690 1086 5744 notntttlorum
1126 5702 1330 5754 errore,
1374 5700 1435 5740 ac
1473 5682 1871 5755 perturbatione
1909 5693 2110 5746 rerum,
2152 5676 2299 5732 falsa:
2338 5675 2606 5731 interdum
2644 5689 2709 5729 ac
2747 5674 3043 5743 mendosae,
3078 5675 3296 5730 alterius
3339 5691 3554 5731 manum
3590 5688 3643 5733 et
3674 5679 3999 5751 diligentiam

736 5784 1118 5837 elltuailnbanl.

807 5826 962 5929 Hisce
986 5872 1167 5941 itaque
1193 5868 1262 5925 de
1291 5866 1465 5924 causis
1494 5864 1884 5921 illustrissimus
1914 5869 1968 5918 et
1997 5856 2476 5916 reverendissimus
2502 5857 2681 5928 (quem
2714 5856 2960 5927 superius
2985 5857 3425 5928 commemoravi)
3458 5858 3705 5919 Nicotaus
3736 5865 4003 5919 Antonius
