4236 6560
218 445 283 499 13
1676 432 2061 492 PRAIFATIO.
3452 431 3518 492 η

222 554 560 611 Jnstiuianus
588 567 781 609 novam
814 552 1045 622 Operum
1078 550 1353 607 Fortunati
1384 549 1682 605 Editioncm
1721 548 2113 617 procrrrandam
2145 544 2374 611 censuit,
2408 552 2571 615 atque
2601 542 2654 598 id
2691 543 2930 599 muneris
2960 542 3091 599 mihi
3139 541 3509 616 demandavit,

216 648 619 714 qualescunque
659 645 875 699 demum
924 642 990 697 ad
1031 642 1159 697 illud
1206 640 1588 709 perliciendum
1630 640 1769 694 vires
1817 638 2010 694 aderre
2053 639 2341 708 potuerim.
2397 636 2535 691 llinc
2567 636 2711 691 enim
2760 651 2881 691 cum
2934 636 3180 693 utilitatis
3220 630 3511 706 plurimum

213 755 272 794 at:
324 739 551 801 fructus,
605 744 664 790 ut
714 751 873 805 supra
927 735 1099 800 irrrrui,
1149 734 1214 787 ad
1269 734 1583 805 religionem
1637 730 2087 795 confirmandam,
2138 738 2190 783 et
2245 729 2386 783 illius
2439 726 2699 795 temporis
2747 728 3065 780 memoriam
3113 726 3514 797 illustrandam,

211 834 275 886 ad
331 833 541 885 litteras
592 830 825 895 denique
877 828 1021 894 ipsas
1066 825 1360 890 ornandus,
1420 831 1800 894 proventurum
1855 819 2213 885 existimavit,
2263 828 2377 871 tum
2434 817 2701 870 Patavinae
2753 814 3011 869 Ecclesiae
3064 822 3249 888 (quam
3302 818 3515 888 egregia

212 925 580 979 sollicitudine
627 938 687 973 ac
720 920 995 990 diligentia
1050 918 1219 987 pascit
1269 925 1324 971 et
1369 916 1530 984 regit)
1560 930 1667 968 non
1718 913 1999 967 mininrum
2050 908 2264 963 decoris
2306 915 2361 962 et
2405 904 2620 959 lutrrinis
2665 918 3011 958 accessurum
3057 913 3139 959 est
3186 906 3508 975 arbitratus,

212 1016 367 1084 cujus
421 1015 486 1065 ad
545 1011 823 1066 diceresim
882 1010 1111 1078 pertinet
1169 1006 1675 1077 Duplavilisquam,
1710 1004 1948 1058 nativum
1992 1014 2113 1057 esse
2166 998 2443 1056 Fortunati
2500 995 2673 1051 solum
2731 995 3033 1051 certissima
3087 1005 3141 1052 et
3194 998 3512 1068 gravissima

224 1116 575 1162 monumenta
610 1106 691 1173 (ut
722 1104 965 1173 ejusdem
998 1102 1050 1157 in
1088 1100 1199 1155 Vita
1233 1097 1606 1166 ostendemus)
1638 1095 1979 1151 confirmant.

284 1198 457 1260 Nunc,
492 1208 547 1250 ut
578 1195 774 1250 laboris
802 1194 904 1247 uici
939 1202 994 1248 et
1023 1192 1201 1262 operis
1233 1190 1372 1262 quod
1408 1191 1459 1245 in
1488 1185 1855 1254 conferendis,
1885 1184 2241 1252 illustrandis,
2271 1180 2534 1251 augendis
2562 1176 2810 1233 Venantii
2844 1177 3056 1247 scriptis
3114 1180 3273 1248 posui
3296 1178 3518 1235 reddam

212 1288 475 1343 rationem
526 1286 799 1354 aliquam,
851 1299 912 1337 ac
960 1282 1246 1353 quamdam
1302 1282 1466 1336 totius
1520 1279 1781 1340 liditjonis
1833 1294 1993 1350 quam
2048 1293 2165 1332 sum
2222 1288 2508 1346 aggressus
2559 1270 2751 1326 faciem
2799 1285 2894 1325 seu
2945 1272 3168 1324 formam
3220 1274 3289 1326 ob
3331 1274 3521 1329 oculos

212 1393 428 1447 ponant,
476 1375 803 1431 Br'eweriaz.i
850 1376 1065 1443 quidem
1114 1374 1478 1443 exemplaris,
1528 1387 1590 1425 ac
1641 1371 1845 1426 laboris
1892 1369 2151 1440 quidquid
2215 1377 2330 1423 erat
2379 1364 2723 1422 retinendum
2771 1378 2834 1420 ac
2885 1364 3252 1428 servandum,
3298 1366 3517 1423 retinui.

213 1470 323 1526 lioc
369 1486 500 1525 sane
542 1484 636 1538 per
664 1483 749 1523 me.
786 1468 857 1521 cl.
891 1469 1001 1520 viro
1042 1467 1130 1531 sit,
1180 1475 1235 1519 ut
1274 1468 1378 1519 erit
1420 1480 1655 1532 semper,
1689 1480 1792 1518 non
1827 1462 2027 1531 vulgari
2074 1460 2237 1525 laudi,
2265 1458 2404 1526 quod
2448 1466 2525 1511 tot
2558 1454 2833 1510 Fortunati
2882 1464 3150 1527 poemata,
3197 1470 3318 1525 qua;
3358 1466 3514 1510 antea

212 1561 452 1615 omnium
492 1559 543 1613 in
582 1560 914 1630 ignoratione
950 1557 1304 1611 versabantur
1345 1558 1395 1610 in
1432 1566 1673 1610 veterum
1710 1553 2152 1608 bibliothecarum
2199 1547 2417 1604 latebris
2457 1556 2511 1602 et
2550 1545 2778 1601 occultis
2809 1547 3111 1600 recessibus
3155 1546 3514 1619 investigarit,

211 1650 621 1712 emendaverit,
655 1648 955 1717 protulerit,
988 1662 1213 1715 quteque
1260 1646 1373 1715 jam
1428 1645 1639 1701 fuerant
1690 1646 1835 1699 edita
1889 1646 1954 1699 ad
2009 1658 2139 1697 mss.
2196 1642 2452 1696 Codicum
2502 1640 2877 1695 auctoritatem
2932 1647 2987 1692 et
3043 1639 3201 1693 fidem
3258 1640 3518 1709 probarit,

211 1741 577 1811 eaStigaverit,
624 1738 942 1794 correxerit.
976 1738 1338 1805 Quamobrem
1373 1736 1773 1791 Browerianum
1808 1736 2103 1802 exemplar,
2138 1730 2280 1802 quod
2320 1731 2387 1796 is,
2436 1738 2492 1784 ιιι
2541 1729 2789 1798 Superius
2832 1728 2967 1792 dixi,
3012 1727 3075 1782 ad
3111 1729 3329 1798 optima:
3377 1740 3522 1783 nottn

212 1830 438 1887 Codices
479 1844 611 1885 mss.
637 1839 913 1898 exegerat,
949 1829 1001 1882 in
1042 1838 1281 1882 nostram
1326 1828 1463 1881 hanc
1508 1828 1807 1883 Editionetu
1853 1828 2113 1895 integrum
2159 1823 2552 1885 transtulimus,
2585 1820 2685 1876 rati
2717 1834 2901 1875 eorum
2931 1822 3186 1876 Codicum
3238 1821 3518 1887 lectiones,

211 1938 347 1994 quas
397 1922 499 1992 ipsi
556 1924 607 1975 in
664 1920 910 1975 manibus
956 1919 1159 1975 habere
1208 1935 1313 1974 non
1360 1918 1652 1987 potuimus,
1706 1916 1837 1971 satis
1885 1916 1935 1969 in
1991 1915 2081 1968 illo
2131 1913 2351 1967 indicari
2402 1920 2455 1967 et
2503 1910 2765 1979 exprimi;
2812 1910 2856 1964 si
2900 1910 3026 1980 quid
3062 1925 3188 1965 vero
3237 1910 3337 1964 fuit
3376 1911 3521 1980 quod

214 2016 394 2069 minus
441 2014 711 2083 placeret,
761 2021 813 2065 et
860 2010 1079 2065 aliunde
1128 2009 1322 2063 melius
1371 2009 1735 2077 suppleretur,
1790 2004 2077 2058 maluimus
2120 2002 2381 2057 adnotare
2429 2015 2587 2069 quam
2643 2000 2989 2055 Broweriano
3043 2001 3093 2054 in
3144 2009 3319 2067 textu,
3367 2015 3524 2055 secus

212 2116 373 2176 atque
421 2106 625 2159 editum
672 2102 885 2166 fuerat,
937 2099 1138 2170 aliquid
1190 2100 1492 2154 immutare.
1547 2097 1806 2164 Quocirca
1860 2093 2035 2147 Edrtio
2080 2093 2193 2146 lrzec
2248 2102 2428 2145 nostra
2478 2090 2675 2157 duplex
2725 2091 2887 2144 veluti
2939 2090 3214 2159 exemplar
3261 2090 3519 2157 continet,

213 2208 265 2252 et
294 2197 438 2266 quod
469 2200 697 2267 primum
732 2194 1018 2248 Browerus
1048 2191 1237 2257 edidit,
1269 2199 1323 2244 et
1348 2190 1490 2259 quod
1520 2200 1617 2240 nos
1648 2185 1771 2253 ipsi,
1806 2184 2055 2238 meliores
2092 2184 2354 2237 lectiones
2380 2179 2689 2247 indicando,
2720 2178 3092 2248 adiunximus.

284 2309 475 2363 Omnia
523 2305 789 2377 siquidem
823 2303 1099 2358 Fortunati
1133 2304 1328 2372 Opera,
1362 2316 1480 2369 qure
1526 2298 1699 2369 prirrro
1730 2297 2001 2351 volumine
2046 2295 2412 2359 continentur,
2460 2308 2580 2348 cum
2627 2293 2796 2346 tribus
2841 2306 2974 2347 mss.
3015 2289 3187 2345 Codd.
3224 2290 3520 2361 Vaticanis,

212 2399 338 2453 olim
387 2397 729 2451 bibliothecae
760 2394 1033 2462 l'ulatinre,
1079 2403 1132 2447 et
1174 2394 1237 2445 iis
1282 2390 1526 2458 integris,
1572 2404 1729 2457 quam
1775 2387 2042 2454 potuimus
2084 2385 2366 2453 diligenter
2414 2382 2761 2450 ccutulimus,
2809 2398 2942 2453 quos
2980 2382 3123 2438 circa
3171 2398 3366 2437 nonum
3410 2383 3521 2441 fere

212 2487 491 2553 saeculum,
538 2495 628 2538 aut
671 2486 960 2548 decimum,
1010 2492 1259 2536 exaratos
1309 2482 1472 2534 fuisse
1518 2479 1868 2548 conjecimus.
1909 2477 2047 2543 Quin
2091 2484 2143 2530 et
2184 2492 2251 2530 ex
2294 2476 2483 2530 lacer-is
2526 2476 2847 2542 derosisque
2888 2476 3236 2542 membranis,
3289 2476 3333 2530 si
3378 2477 3520 2548 quod

215 2576 491 2632 Fortunati
537 2590 721 2643 poema
760 2582 847 2627 aut
896 2572 1061 2625 fctum
1102 2571 1266 2624 alium
1311 2585 1419 2639 pra:
1458 2584 1518 2623 se
1558 2568 1701 2625 ferre
1737 2571 1865 2625 visas
1905 2578 2050 2635 sunt,
2096 2567 2353 2637 quidquid
2387 2568 2595 2622 varium
2645 2568 2694 2621 iu
2738 2566 2969 2623 lectione
3006 2568 3102 2622 fuit
3129 2571 3520 2638 excerpsimus,

213 2681 274 2720 ac
320 2668 432 2719 suis
476 2665 611 2719 locis
661 2662 848 2717 sedulo
898 2662 1339 2729 subscripsimus.
1390 2660 1522 2712 Cum
1556 2668 1736 2714 autem
1788 2660 1840 2713 in
1892 2660 2061 2713 tribus
2112 2660 2175 2713 iis
2222 2672 2355 2727 quos
2404 2658 2825 2714 commemoravi
2877 2675 3007 2713 mss.
3054 2658 3225 2715 Codd.
3276 2662 3521 2721 omnibus

213 2756 655 2811 desiderarentur
706 2766 923 2806 carmen
980 2752 1010 2804 6
1053 2751 1090 2803 ι.
1124 2765 1244 2815 vrtt,
1288 2759 1342 2803 et
1389 2759 1616 2819 quatuor
1663 2750 1786 2804 libri
1831 2749 1897 2804 de
1934 2748 2049 2804 Vita
2100 2752 2269 2803 sant-ti
2321 2750 2555 2815 Martini,
2611 2753 2727 2805 haec
2774 2752 2928 2805 nobis
2978 2753 3341 2822 suppeditavit
3388 2756 3522 2815 alius

212 2862 321 2903 non
354 2846 624 2901 inferioris
657 2843 988 2913 antiquitatis
1014 2841 1199 2897 Codex
1241 2846 1365 2895 item
1398 2840 1739 2895 bibliodreca:
1773 2839 2044 2895 Vaticana
2079 2840 2145 2894 ad
2175 2855 2335 2909 quem
2365 2840 2482 2908 ipsa
2516 2840 2764 2896 conferre
2798 2844 3093 2908 potuimus.

288 2958 431 3025 Quin
476 2958 635 3011 etiam
667 2954 983 3010 Calaritanae
1010 2952 1275 3007 Editionis
1318 2952 1613 3021 exemplar,
1658 2952 1796 3021 quod
1831 2949 2063 3007 Venetiis
2102 2953 2310 3007 editum
2357 2961 2468 3023 est,
2513 2962 2564 3008 ut
2605 2960 2853 3022 superius
2891 2956 3147 3025 diximus,
3181 2972 3324 3013 anno
3357 2958 3521 3033 i578,

214 3066 311 3122 per
352 3051 595 3105 ha-redes
626 3048 809 3103 Jacobi
847 3046 1131 3109 Simbenii,
1170 3045 1233 3099 ad
1270 3045 1503 3099 Broweri
1536 3044 1808 3112 exemplar
1848 3042 2039 3098 iterum
2072 3044 2419 3109 contulimus,
2460 3059 2687 3113 quaeque
2727 3046 2793 3098 ab
2824 3059 2891 3100 eo
2931 3046 3110 3100 minus
3146 3048 3523 3108 animadversa

215 3158 277 3199 ac
307 3153 486 3198 notata
517 3141 747 3202 fuerant,
776 3154 895 3194 cum
925 3138 1253 3207 caeteroquin
1298 3136 1454 3205 digna
1500 3134 1963 3188 animadversione
2009 3133 2163 3188 nobis
2194 3135 2305 3187 visa
2347 3134 2484 3200 sint,
2527 3133 2925 3199 adnotavimus,
2957 3149 3081 3190 cum
3132 3135 3202 3190 ab
3234 3137 3526 3198 innumeris

214 3251 384 3308 prope
418 3236 629 3289 mendis
662 3234 855 3304 quibus
888 3233 973 3285 illa
1007 3238 1176 3284 scatet
1206 3229 1386 3285 Editio
1423 3227 1709 3295 diligenter
1746 3224 1936 3279 eadem
1973 3224 2412 3279 secretissemus.
2452 3222 2634 3292 Neque
2660 3237 2808 3290 vero,
2846 3238 2891 3278 at
2931 3223 2984 3279 in
3014 3224 3116 3279 ulla
3151 3225 3399 3285 Editioae
3421 3229 3523 3285 alia

216 3327 427 3381 varium
461 3324 664 3395 aliqrrid
699 3321 1025 3385 invenimus,
1057 3318 1432 3390 negligendum
1458 3317 1883 3372 existimavimus

289 3417 413 3473 Jam
447 3430 576 3470 vero
628 3428 747 3480 quae
787 3413 851 3466 ad
881 3409 1122 3465 notitiam
1156 3419 1393 3464 nostram
1430 3407 1708 3479 pervenire
1742 3416 2050 3477 potuerunt,
2098 3417 2343 3474 poemata
2374 3406 2677 3477 Fortunati,
2706 3423 2933 3481 queque
2964 3410 3190 3466 deerant
3220 3409 3273 3467 in
3307 3411 3527 3470 Browe—

220 3513 371 3567 riaua
405 3508 674 3573 Editione,
702 3505 823 3560 huic
846 3515 1044 3559 nostra:
1076 3503 1445 3573 adjunximus.
1498 3500 1574 3556 lta
1602 3500 1637 3555 I.
1674 3516 1734 3567 ιι,
1768 3515 1818 3555 c.
1855 3500 1943 3565 10,
1976 3500 2301 3555 attexuimus
2350 3500 2611 3571 hymnum
2641 3516 2670 3555 a
2704 3502 3004 3559 Fortunato
3038 3513 3222 3561 nostro
3267 3506 3527 3575 scriptum

221 3603 273 3658 in
303 3611 553 3657 sauctrrm
588 3600 901 3671 Dionysium
932 3605 1247 3668 martyrem,
1298 3597 1532 3666 primum
1561 3594 1923 3648 Paris'ensem
1958 3592 2264 3661 pontificem
2288 3636 2302 3661 ,
2357 3609 2517 3665 quem
2560 3595 2730 3651 edidit
2774 3598 2844 3653 cl.
2877 3597 3155 3654 Dnbletius
3190 3600 3241 3655 in
3273 3601 3528 3672 Antiqui-

222 3698 423 3751 latibus
476 3690 984 3763 San-Dionysiauis.
1013 3690 1230 3747 Eidem
1265 3689 1301 3743 l.
1353 3703 1389 3742 ιι
1437 3688 1749 3757 adjunctum
1797 3692 1880 3742 est
1925 3700 2141 3741 carmen
2190 3684 2223 3738 8
2271 3686 2322 3741 in
2365 3701 2582 3742 sacrum
2630 3688 2989 3758 baptismum,
3041 3699 3097 3746 et
3140 3688 3173 3744 9
3218 3690 3271 3747 in
3312 3692 3527 3753 laudem

219 3790 551 3853 chrismatis,
586 3788 713 3842 item
763 3790 959 3856 scripta
992 3799 1021 3838 a
1054 3784 1371 3851 Fortunato,
1427 3782 1501 3835 uti
1554 3783 1666 3834 suis
1714 3777 1845 3833 locis
1875 3778 2290 3843 adnotavimus;
2341 3787 2449 3833 tum
2502 3794 2719 3835 carmen
2752 3780 2854 3848 2|,
2908 3784 3165 3851 scriptum
3206 3784 3258 3840 in
3310 3785 3526 3845 laudem

220 3887 395 3940 sancit
430 3882 713 3948 Martialis,
746 3880 900 3950 primi
933 3877 1264 3933 Lemovicini
1294 3875 1556 3945 episc0pi,
1604 3872 1747 3945 quod
1778 3872 1844 3928 ad
1889 3872 1989 3927 hoc
2028 3886 2197 3941 usque
2247 3880 2456 3940 tempus
2504 3870 2793 3945 Florentia:
2835 3873 2887 3927 in
2933 3872 3295 3931 Laurentiana
3339 3878 3510 3936 blblio

223 3980 379 4033 theca
413 3988 691 4030 exaratum
726 3976 777 4028 in
806 3973 1003 4028 Codice
1033 3972 1215 4027 saeculi
1244 3986 1318 4027 ιιι
1365 3970 1596 4025 ineuntis
1627 3968 1861 4033 delituit,
1903 3979 1967 4020 ac
1997 3966 2228 4036 primum
2260 3964 2447 4019 Romae
2486 3964 2688 4019 editum
2726 3976 2807 4020 est
2838 3980 2926 4019 an.
2963 3964 3125 4035 1783,
3157 3967 3211 4023 in
3242 3966 3529 4027 Anecdotit

222 4070 352 4137 litt.,
383 4070 493 4125 vol.
532 4070 617 4130 IV.
648 4070 944 4121 excudente
979 4066 1212 4119 Antonio
1244 4064 1527 4133 Fulgor.io.
1567 4061 1834 4116 Praeterea
1866 4057 2001 4114 duos
2045 4058 2293 4129 hymnos,
2342 4058 2534 4128 quibus
2571 4057 2806 4113 Ecclesia
2860 4058 3027 4113 utitur
3056 4060 3108 4115 in
3156 4060 3330 4117 Fesﬁs
3358 4064 3531 4123 beata

221 4162 400 4216 “alia,
426 4160 671 4230 vilginis,
705 4173 930 4229 quorum
961 4173 1098 4210 unus
1130 4156 1315 4222 incipit
1352 4158 1512 4222 Quem
1541 4163 1698 4216 terra,
1734 4163 1918 4223 pontus
1946 4170 1967 4221 ;
1998 4154 2210 4217 (ethera,
2246 4152 2382 4206 alter
2421 4166 2548 4206 vero
2578 4150 2701 4222 Ave,
2731 4153 2885 4205 maris
2912 4154 3097 4221 Stella,
3146 4169 3213 4211 ex
3244 4156 3527 4228 Hymnarlc

222 4253 293 4307 cl.
321 4255 472 4307 card.
508 4252 722 4304 'l‘onrasi
756 4250 1164 4319 exscripsimus,
1223 4248 1272 4301 in
1300 4262 1404 4318 quo
1431 4248 1529 4301 sub
1560 4247 1774 4301 nomine
1812 4248 2054 4302 \‘enantii
2094 4245 2370 4301 Fortunati
2404 4246 2691 4314 leguntur;
2742 4254 2795 4299 et
2824 4245 2918 4304 lib.
2953 4260 3065 4312 vttt,
3098 4247 3197 4302 sub
3226 4263 3383 4320 capp,
3412 4247 3449 4304 4
3476 4259 3531 4308 οι

222 4348 277 4416 5,
311 4347 661 4401 inseruitnus.
700 4344 885 4398 Eidem
922 4342 1059 4396 libro
1088 4341 1390 4395 addidimus
1432 4355 1647 4394 carmen
1679 4348 1733 4405 ε,
1761 4338 1903 4409 quod
1935 4338 1989 4393 itr
2021 4354 2127 4391 uno
2158 4336 2290 4393 Cod.
2319 4335 2438 4390 Vat.
2474 4336 2718 4391 exstabat
2748 4335 2811 4390 ad
2844 4337 3043 4392 calcem
3071 4336 3303 4408 Operum
3340 4340 3522 4399 Fortu-

223 4442 374 4505 nati;
417 4439 560 4506 quod
591 4438 711 4505 quia
753 4437 948 4508 Stylum
980 4448 1031 4489 ct
1062 4436 1296 4489 indolem
1330 4434 1604 4487 Furtunali
1638 4433 1805 4499 ipsius
1850 4434 1902 4487 in
1945 4432 2232 4487 scribendo
2264 4446 2456 4500 sapere
2502 4432 2673 4486 visum
2707 4441 2809 4497 est,
2857 4432 2911 4487 in
2965 4443 3198 4491 nostram
3230 4436 3367 4501 hanc
3396 4439 3531 4496 Edi-

224 4532 432 4589 tiouem
464 4531 720 4585 duximus
748 4528 1199 4583 transferendum.
1250 4531 1565 4595 Quanquam
1600 4525 1725 4579 illud
1760 4524 1999 4592 pluribus
2039 4522 2248 4578 mendis
2278 4538 2342 4577 ex
2378 4521 2647 4593 imperitia
2690 4526 3096 4580 amanuensium
3128 4540 3407 4601 aspersrgn
3441 4532 3532 4588 vix

225 4624 506 4681 emendari
541 4638 697 4690 posse
726 4622 1004 4675 videbatur
1030 4635 1045 4686 ;
1076 4634 1137 4673 ac
1168 4632 1377 4686 revera,
1409 4616 1653 4685 quamvis
1682 4622 1936 4685 pleraque
1971 4614 2261 4685 integritati
2308 4628 2417 4669 su.e
2447 4619 2692 4670 restituta
2740 4630 2768 4667 ιι
2799 4630 2883 4668 me
2917 4616 3043 4681 sint,
3077 4616 3259 4676 adhuc
3282 4630 3407 4676 sunt
3436 4621 3534 4677 ali-

224 4734 328 4790 qua
361 4716 555 4784 quibus
586 4712 915 4781 corrigendis
947 4712 1089 4765 nulla
1117 4710 1426 4779 conjectura
1465 4710 1575 4776 pro!
1600 4708 1753 4761 altilis
1786 4707 1963 4762 atferri
1995 4706 2184 4775 potuit.
2222 4704 2374 4775 ltern,
2415 4721 2465 4761 c.
2498 4708 2529 4763 9
2563 4707 2598 4762 l.
2632 4725 2663 4763 χ
2691 4708 2994 4766 addidimus
3021 4725 3238 4768 carmen
3270 4715 3530 4786 scriptum

224 4810 275 4864 in
312 4808 525 4863 laudem
555 4805 881 4859 Cbildeberti
914 4808 1075 4873 regis,
1101 4802 1242 4873 quod
1275 4800 1345 4855 cl.
1382 4798 1725 4855 Mabilionins
1755 4798 1995 4853 ediderat
2024 4808 2262 4852 veterum
2296 4799 2542 4854 Analect.
2578 4808 2617 4855 t.
2649 4798 2689 4865 Ι,
2735 4816 2855 4873 pag.
2890 4801 3017 4869 360,
3049 4812 3102 4859 et
3132 4803 3185 4858 in
3212 4804 3317 4861 fine
3347 4806 3441 4863 lib.
3476 4824 3535 4866 xt

224 4902 569 4959 adtcxuimus
611 4911 800 4968 poema
846 4898 1150 4961 recitatum,
1191 4893 1267 4949 uti
1310 4892 1537 4958 videtur,
1578 4906 1608 4945 a
1653 4891 1943 4946 Fortunato
1982 4891 2035 4944 in
2065 4898 2329 4946 conventu
2368 4891 2683 4947 monialium
2716 4908 2862 4948 mon.
2908 4893 3138 4961 Pictam,
3174 4897 3309 4953 lorte
3347 4913 3413 4953 eo
3443 4899 3534 4958 die

227 5012 339 5065 quo
380 4995 668 5065 episcopus
709 4993 1050 5061 inauguratus
1088 4998 1170 5045 est
1204 5006 1216 5041 :
1245 4986 1387 5059 quod
1430 4985 1584 5041 nobis
1615 4984 1975 5055 suppeditavit
2021 4985 2210 5040 derosa
2254 4984 2479 5052 scheda,
2508 4985 2717 5059 adjecta
2758 4988 2849 5042 uni
2892 5003 2922 5044 e
2949 4986 3120 5045 Codd.
3154 4990 3296 5059 Vat.,
3327 4993 3403 5049 uti
3432 5009 3532 5051 suo

225 5090 349 5146 loco
377 5086 749 5141 indicavimus.

304 5179 491 5234 Altera
530 5192 657 5231 vero
691 5175 955 5230 Editronts
993 5182 1191 5229 nostra:
1230 5186 1353 5243 pars
1395 5171 1769 5242 complectitur
1797 5170 1943 5225 \‘itas
1984 5180 2314 5238 sanctorum,
2344 5186 2474 5241 quas
2507 5186 2534 5225 a
2568 5172 2864 5232 Fortunato
2905 5177 3246 5235 elucubratas
3294 5187 3533 5239 veterum

229 5269 566 5335 testimonia,
598 5284 659 5324 ac
687 5266 809 5338 styli
839 5266 1075 5322 affinitas
1104 5264 1491 5336 prodiderunt;
1522 5280 1747 5335 qumque
1777 5264 2033 5318 hactenus
2066 5264 2240 5319 varios
2270 5264 2412 5334 apud
2458 5274 2780 5324 tractatores
2809 5268 3090 5339 dispersa,
3129 5288 3271 5327 nunc
3300 5273 3531 5344 primum

232 5361 403 5434 (quod
450 5362 664 5431 quidem
708 5371 807 5430 ego
844 5358 1034 5429 sciam)
1079 5374 1198 5414 cum
1244 5356 1455 5413 caeteris
1490 5354 1765 5410 Fortunati
1807 5356 2070 5424 Operibus
2112 5357 2349 5413 collecta
2400 5358 2454 5414 in
2501 5360 2679 5417 lucem
2723 5363 3009 5433 prodeunt.
3060 5365 3259 5421 [larum
3306 5366 3440 5424 alias
3466 5384 3534 5425 ex

237 5456 387 5515 Aetis
429 5466 740 5511 sanctorum
788 5452 993 5507 ordinis
1039 5455 1209 5508 sancti
1248 5449 1521 5507 Benedicti
1575 5450 1923 5520 sumpsimus,
1975 5451 2105 5507 alias
2153 5452 2515 5523 Bollandistte,
2572 5458 2688 5513 sive
2736 5467 2985 5515 auctores
3034 5460 3158 5525 alii,
3210 5462 3362 5517 nobis
3401 5478 3533 5534 sup-

240 5549 584 5622 peditarunt,
633 5544 706 5597 uti
757 5544 865 5597 suis
907 5542 1037 5598 locis
1078 5543 1360 5613 diligenter
1407 5541 1781 5597 indicavimus.
1833 5542 1971 5610 Quin
2022 5554 2069 5599 et
2114 5543 2455 5601 doetiss'nras
2507 5561 2697 5619 notas,
2748 5552 2943 5621 quibus
2990 5554 3206 5608 easdem
3258 5565 3440 5611 auctas
3480 5563 3537 5612 et

239 5651 463 5699 ornatas
511 5654 536 5692 τι
577 5635 782 5692 ςΙυιαίςε.
831 5634 1135 5691 l'lditoribtts
1166 5636 1489 5697 imeninrus,
1520 5634 1852 5689 sabscribere
1888 5637 2058 5690 visum
2109 5649 2217 5703 rst;
2263 5641 2466 5707 aliquas
2513 5648 2669 5695 etiam
2710 5644 2777 5700 de
2816 5658 3023 5714 nostro,
3053 5649 3138 5703 tibi
3172 5660 3532 5718 opportunum

244 5737 545 5790 videbatur.
575 5730 894 5800 adjecrrnusi
922 5729 1236 5786 Addidimus
1279 5739 1333 5784 et
1366 5729 1495 5782 Acta
1530 5730 1795 5798 passionis
1840 5732 2007 5785 sancti
2041 5732 2273 5801 Dionysii
2304 5749 2537 5802 episeop.
2577 5736 2917 5806 l‘arisiensis,
2951 5757 3070 5809 qua:
3097 5742 3265 5798 edidit.
3307 5745 3376 5797 cl.
3430 5744 3534 5801 Bo.

245 5836 468 5899 squetus
512 5843 561 5880 rn
599 5826 797 5880 tlistor.
850 5824 993 5881 Eccl.
1027 5824 1234 5891 Galliae,
1267 5838 1317 5891 p.
1348 5823 1409 5890 2,
1434 5837 1488 5877 ct
1518 5840 1617 5877 una
1665 5825 1979 5893 protulimus
2034 5826 2265 5882 rationes
2294 5828 2487 5898 quibus
2518 5831 2793 5889 Adrianus
2839 5834 3080 5892 Valesius
3110 5839 3367 5895 adversus
3394 5838 3535 5896 Lau-

246 5920 427 5977 noium
461 5917 752 5975 ostendere
775 5925 999 5972 conatur
1030 5918 1192 5971 fuisse
1214 5913 1302 5971 illa
1332 5931 1362 5971 a
1390 5913 1686 5973 Fortunato
1716 5915 2051 5973 elucubrata.

320 6014 605 6071 Postremo
637 6013 755 6068 loco
785 6010 1059 6081 posuimus
1088 6009 1426 6083 Symbolum,
1474 6010 1631 6084 vulgo
1661 6009 2105 6080 Athanasianum,
2158 6028 2219 6071 ac
2270 6016 2522 6089 scriptam
2552 6019 2606 6075 in
2637 6018 2765 6079 illud
2812 6022 3208 6095 expositionem
3249 6039 3411 6098 quam
3456 6025 3528 6084 cl.
