4236 6548
744 439 818 496 15
1283 435 1795 492 I’ROLEGOMENA
1837 436 1929 492 AD
1973 436 2294 493 VENANTII
2341 437 2498 493 NON.
2540 435 2746 492 CLEM.
2793 434 3187 491 FOHTUNATI
3228 435 3484 491 OPERA.
3975 436 4040 489 l6

743 548 1065 606 Muratorius
1093 547 1298 602 Anecd.
1331 555 1369 601 t.
1402 546 1464 613 ll,
1501 563 1620 620 pag.
1667 548 1795 616 212,
1847 549 2086 617 protulit,
2143 566 2208 605 ex
2260 553 2670 605 membranaceo
2715 548 2912 603 Codice
2956 546 3296 603 bibliotheca:
3343 548 3718 604 Ambrostaurc
3744 557 3974 613 erutam,
4006 561 4040 603 e

743 640 941 714 quibus
972 641 1286 694 alterutrum
1314 639 1428 707 ipse
1461 641 1752 694 Fortunato
1780 650 1968 694 nostro
2015 643 2414 696 attribneudum
2457 643 2592 696 forte
2621 651 2824 706 censet,
2865 654 2928 696 ac
2975 649 3247 694 momenta
3286 642 3480 710 quibus
3529 641 3672 696 ident
3725 640 4036 708 opinionem

748 753 903 796 suam
938 747 1117 792 tuetur
1138 738 1438 801 attulimus,
1468 747 1522 790 et
1547 736 1672 806 quid
1707 738 2032 792 sentiremus
2061 737 2162 806 ipsi
2190 739 2544 792 ostendimus.

818 833 971 902 Quod
1003 846 1129 886 vero
1153 831 1346 885 attinet
1375 830 1440 884 ad
1481 839 1640 884 notas
1692 829 1928 884 Broweri
1960 831 2012 884 in
2063 841 2303 900 poemata
2353 832 2656 899 Fortunati,
2710 841 2829 886 erat
2875 830 3090 900 quidem
3124 831 3178 883 in
3210 830 3388 883 animo
3424 829 3660 898 integras
3690 828 3912 884 eas-lem
3940 829 4036 884 ad-

747 927 879 983 dere
909 923 1030 978 huic
1081 931 1280 978 nostra:
1328 923 1601 987 Editioni;
1651 921 1743 976 sed
1789 937 1908 975 cum
1944 923 2108 977 nimia
2141 939 2324 978 earum
2375 933 2429 978 et
2459 939 2600 992 saepe
2657 923 2859 976 inutilis
2903 923 3179 992 prolixitas
3228 923 3538 986 absterruit,
3595 933 3706 976 tnnt
3737 937 3952 977 errores
3981 922 4033 977 in

747 1032 885 1086 quos
917 1015 1183 1071 interdum
1229 1015 1408 1082 lapsus
1451 1013 1893 1083 deprehenditur,
1938 1014 2006 1065 ah
2034 1013 2126 1067 illo
2155 1015 2382 1067 consilio
2428 1029 2524 1068 nos
2555 1016 2709 1082 plane
2753 1024 3072 1066 avocarunt.
3123 1011 3302 1066 Satius
3351 1011 3529 1079 itaque
3561 1011 3818 1064 duximus
3849 1027 3880 1066 e
3904 1014 4033 1066 Bro-

747 1123 897 1163 wcro
925 1124 988 1162 ea
1017 1108 1245 1175 seligere
1270 1120 1386 1174 qua:
1435 1105 1502 1158 ah
1529 1119 1713 1160 errore
1743 1111 1895 1158 erant
1935 1115 2158 1167 remota,
2201 1113 2254 1156 et
2283 1119 2402 1172 quae
2448 1104 2514 1156 ad
2546 1104 2717 1156 lucem
2745 1101 2976 1170 aliquam
3019 1100 3179 1154 rebus
3212 1099 3540 1154 aliercndam
3570 1114 3868 1166 Opportuna
3920 1101 4030 1155 visa

746 1209 892 1264 sunt,
916 1214 945 1251 a
978 1198 1076 1252 viri
1103 1199 1171 1251 cl.
1204 1196 1502 1251 eruditione
1549 1194 1806 1264 profecta,
1831 1210 1989 1263 quain
2021 1193 2318 1261 promiscue
2347 1192 2527 1246 omnia
2573 1190 2855 1260 subjicere.
2887 1189 3090 1256 Quibus
3131 1197 3309 1242 autem
3343 1189 3393 1241 in
3425 1189 3559 1242 locis
3585 1190 3700 1243 sive
3741 1190 4032 1244 Browerus

744 1290 877 1357 ipse,
910 1300 1000 1344 aut
1023 1289 1284 1358 quispiam
1325 1289 1458 1341 alius
1491 1286 1597 1339 falli
1628 1285 1767 1339 visus
1797 1292 1898 1349 est,
1943 1283 2201 1352 judicium
2231 1293 2492 1347 nostrum,
2527 1290 2582 1334 ut
2609 1279 2898 1350 potuimus,
2926 1276 3352 1342 declaravimus,
3398 1277 3646 1331 eamdem
3688 1293 3936 1346 operam,
3984 1279 4030 1334 si

745 1378 868 1448 quid
899 1378 980 1432 vel
1015 1379 1138 1446 ipsi,
1171 1389 1228 1431 ut
1255 1378 1517 1437 homines,
1549 1374 1856 1427 hallucinati
1887 1375 2162 1439 lueriruus,
2194 1373 2335 1427 bono
2366 1373 2544 1426 animo
2578 1373 2644 1424 ab
2664 1371 2782 1425 aliis
2811 1380 3210 1436 exspectantes.

817 1463 895 1519 Ac
928 1467 1184 1534 quidquid
1215 1465 1280 1519 ad
1311 1463 1590 1518 Fortunati
1625 1464 1788 1532 ipsius
1817 1464 1987 1532 Opera
2017 1464 2328 1518 illustranda
2361 1466 2630 1532 pertinere
2682 1470 2913 1530 poterat,
2962 1472 3018 1515 et
3047 1462 3110 1515 ad
3141 1461 3422 1516 scientiam
3473 1473 3707 1517 ucstram
3759 1466 4027 1532 pervenit,

745 1555 983 1623 undique
1016 1554 1309 1618 hausimus,
1335 1562 1389 1608 et
1417 1556 1804 1620 excerpsimus,
1855 1554 2182 1620 singulorum
2215 1556 2428 1607 nomina
2455 1569 2484 1607 a
2515 1555 2710 1622 quibus
2743 1553 2966 1606 mutuati
2999 1567 3184 1606 sumus
3223 1553 3424 1622 aliquid
3456 1554 3682 1609 lideliter
3713 1572 3776 1609 ae
3805 1558 3920 1611 sine
3952 1561 4030 1611 in-

749 1645 888 1700 vitlia
919 1646 1271 1700 ascribentes.
1305 1647 1470 1710 Quam
1500 1645 1564 1697 ad
1594 1658 1704 1697 rem
1736 1643 1898 1711 Greg.
1935 1643 2062 1696 'l‘nr.
2097 1644 2148 1696 in
2183 1645 2383 1711 primis,
2415 1654 2598 1697 nostro
2630 1645 2918 1697 Fortunato
2963 1657 3195 1707 cna-vus,
3230 1652 3337 1696 tum
3369 1643 3457 1695 alii
3489 1659 3669 1697 rerum
3701 1645 4026 1700 Gallicarum

745 1738 1037 1805 scriptorcs
1072 1752 1313 1804 magnam
1340 1750 1494 1803 opem
1529 1734 1680 1788 nobis
1709 1736 2022 1787 attulerunt.
2061 1734 2342 1786 Brovverus
2373 1735 2531 1787 etiam
2563 1734 2627 1786 ad
2652 1733 2953 1786 Germaniae
2982 1732 3118 1796 loca,
3144 1747 3371 1800 quorum
3400 1733 3642 1784 meminit
3672 1732 4024 1803 Fortunatus,

745 1827 974 1883 notanda
1006 1835 1059 1882 et
1087 1826 1410 1896 deSIguattda
1446 1827 1728 1895 plurimunt
1760 1824 2051 1894 adjutnenti
2084 1825 2307 1877 contulit
2339 1842 2352 1887 ;
2405 1823 2556 1892 cujus
2583 1822 2910 1885 auctoritati,
2958 1821 3100 1889 quod
3135 1820 3224 1874 ille
3254 1820 3316 1873 iis
3346 1819 3474 1888 ipsis
3504 1820 3556 1874 in
3601 1821 3730 1875 locis
3759 1837 3879 1876 cum
3934 1823 4020 1877 illa

740 1917 1014 1970 scribebat
1043 1924 1368 1980 versaretur,
1399 1915 1683 1984 plurimum
1717 1915 2016 1979 tribuimus,
2045 1923 2202 1982 atque
2236 1915 2354 1969 ideo
2385 1931 2488 1969 non
2513 1913 2877 1969 dubitavimus
2907 1915 3110 1981 integra
3132 1912 3373 1980 ejusdem
3399 1913 3703 1968 testimonia
3731 1915 4025 1986 aliquando

740 2005 1075 2060 exscribere.

815 2093 909 2146 llic
935 2103 1111 2147 autem
1143 2101 1259 2147 erat
1305 2093 1450 2148 locus
1482 2093 1708 2148 fortasse
1736 2103 1792 2148 ut
1820 2109 1880 2148 ea
1914 2095 2340 2163 expenderemus
2371 2111 2490 2164 qua:
2521 2097 2574 2150 in
2607 2095 2866 2165 Operihus
2894 2095 3170 2150 Fortunati
3199 2097 3361 2151 duota
3388 2096 3654 2150 tnterdum
3686 2107 3742 2152 et
3789 2098 4022 2155 obscura

741 2194 1026 2238 occurrunt
1053 2202 1068 2250 ;
1099 2185 1192 2239 sed
1225 2185 1506 2238 maluimus
1555 2185 1763 2254 singula
1789 2185 1900 2240 suis
1932 2186 1982 2238 in
2016 2186 2144 2240 locis
2170 2201 2424 2240 revocare
2469 2187 2534 2240 ad
2566 2201 2791 2242 examen
2816 2229 2830 2253 ,
2881 2200 2946 2239 ac
2973 2185 3101 2253 quid
3130 2185 3199 2241 de
3229 2185 3359 2255 ipsis
3399 2189 3724 2240 sentiremus
3753 2189 4018 2257 proferre,

742 2293 900 2347 quam
934 2277 1058 2330 inde
1087 2277 1321 2346 legentes
1354 2277 1687 2340 abstrahere,
1721 2288 1774 2331 et
1804 2278 1880 2330 ad
1902 2279 2013 2332 loca
2043 2278 2147 2330 alia
2176 2278 2485 2333 amandare.

813 2367 944 2422 lllttd
975 2369 1148 2436 potius
1176 2367 1530 2436 indagandum
1567 2367 1726 2422 modo
1758 2367 1982 2433 videtur,
2033 2384 2275 2436 quamam
2303 2385 2366 2421 ex
2408 2367 2488 2421 his
2510 2383 2630 2436 qua:
2662 2381 2690 2418 a
2725 2366 3016 2420 Fortunato
3065 2365 3371 2420 elucubrata
3405 2367 3710 2434 accepimus
3757 2367 4021 2436 Operihus

741 2460 997 2525 temporis
1033 2455 1225 2526 injuria
1257 2458 1531 2522 deperdita
1561 2455 1690 2520 sint,
1715 2469 1808 2511 aut
1836 2471 2082 2526 quamam
2111 2457 2339 2512 diversis
2372 2458 2538 2510 titulis
2569 2464 2756 2510 ornata
2780 2471 2809 2509 a
2841 2456 3132 2521 veteribus,
3164 2457 3265 2510 alia
3293 2457 3537 2523 cuiquam
3566 2457 3735 2511 videri
3767 2471 4012 2526 possunt.

743 2563 900 2616 quam
934 2563 1053 2614 qua:
1085 2548 1135 2600 iit
1166 2548 1410 2600 manibus
1435 2546 1545 2615 jam
1583 2546 1863 2612 habemus,
1919 2547 2041 2599 licet
2075 2563 2178 2599 llOll
2211 2547 2396 2599 iisdetn
2425 2556 2729 2619 επιγραφαῖς
2778 2547 3055 2614 inscripta.
3092 2546 3288 2599 Paulus
3343 2545 3625 2608 Diaconus,
3672 2546 3810 2600 llist.
3847 2549 4015 2616 Long.

739 2638 832 2692 lib.
871 2653 929 2704 ll,
963 2653 1112 2692 num.
1153 2639 1241 2701 15,
1273 2646 1454 2691 narrat
1488 2637 1715 2708 hymnos
1745 2637 2071 2706 singularum
2107 2638 2450 2690 l'estivitatunt
2491 2654 2518 2686 ιι
2550 2636 2839 2688 Fortunato
2870 2638 3032 2690 luisse
3073 2635 3450 2698 concinnatus;
3481 2649 3544 2686 ac
3573 2635 3918 2701 Tritheinins,
3965 2639 4016 2693 in

739 2727 831 2784 lib.
873 2728 940 2780 de
981 2727 1240 2794 Scriptor.
1291 2726 1702 2788 ecclesiasticis,
1754 2736 1939 2779 texens
1969 2726 2252 2779 elenchum
2284 2725 2514 2793 0pcrnnt
2546 2724 2837 2788 Fortunati,
2879 2727 3104 2795 hymnos
3153 2741 3336 2778 Lxxvu
3389 2738 3688 2790 enumerat,
3741 2728 4017 2792 colligatos

736 2830 896 2868 unutn
931 2816 982 2868 in
1013 2816 1288 2876 Volutnen,
1316 2831 1450 2882 quos
1489 2815 1556 2867 ab
1585 2815 1700 2884 ipso
1733 2816 2022 2868 Fortunato
2054 2815 2284 2880 scriptos
2314 2814 2476 2866 luisse
2505 2827 2891 2868 commemorat
2919 2834 2929 2867 :
2963 2831 3186 2884 quorum
3223 2817 3449 2883 primum
3484 2815 3628 2883 ponit
3659 2818 3808 2870 illum
3843 2823 3932 2887 qui
3962 2825 4013 2876 in

743 2917 922 2961 nostra
958 2907 1197 2961 Editione
1225 2918 1397 2962 exstat
1427 2923 1544 2975 cap.
1577 2906 1608 2957 5
1642 2907 1730 2958 lib.
1764 2922 1876 2970 \‘lll,
1929 2906 2122 2973 quique
2154 2905 2338 2973 incipit
2363 2904 2617 2972 Agnoscat
2666 2920 2814 2958 omne
2841 2909 3106 2968 siccatum,
3137 2917 3241 2958 etc.
3274 2907 3342 2957 At
3371 2921 3468 2957 nos
3499 2921 3794 2973 perpaucos
3825 2913 4011 2960 adum-

743 2999 866 3052 dum
897 3000 1122 3068 hymnos
1146 3016 1282 3068 quos
1321 2998 1533 3067 quidem
1561 3014 1590 3050 a
1624 2996 1889 3050 Venantio
1933 2997 2266 3062 conscriptos
2299 2995 2605 3048 noverimus
2654 2994 2932 3058 habemus,
2963 3004 3120 3060 atque
3153 2994 3270 3047 illos
3317 2994 3514 3061 passim
3555 2995 3829 3058 dispersos
3876 2997 4013 3050 inter

737 3099 930 3144 etetcra
962 3091 1237 3144 Fortunati
1293 3094 1486 3156 Opera,
1521 3098 1576 3140 ut
1603 3091 1817 3140 eosdem
1859 3086 2075 3140 minime
2119 3099 2237 3138 esse
2275 3081 2619 3152 judicattdum
2651 3083 2720 3136 sit
2746 3082 2814 3136 de
2844 3083 3034 3151 quibus
3064 3083 3254 3136 Paulus
3289 3083 3431 3136 Diae.
3466 3091 3518 3136 et
3550 3083 3877 3136 'l'rithetnius
3925 3085 4012 3137 lo-

733 3194 985 3250 quuntm.
1030 3184 1290 3248 Quocirca
1333 3189 1594 3235 vetustate
1624 3180 1741 3232 illos
1772 3179 1976 3233 deletos
2029 3177 2190 3230 fuisse
2243 3174 2584 3243 judicandum
2615 3182 2716 3236 est,
2770 3181 2860 3224 aut
2907 3173 3199 3239 incognitos
3226 3170 3398 3224 adhuc
3430 3171 3636 3236 uspiam
3665 3172 3867 3239 jacere,
3921 3183 4013 3228 aut

736 3288 864 3327 vero
897 3273 1015 3327 illos
1045 3274 1230 3328 alienis
1277 3274 1377 3326 sub
1408 3271 1712 3324 nominibus
1745 3267 2026 3323 venditari.
2082 3267 2364 3318 Brtmerus
2406 3274 2582 3315 tamen
2617 3260 2761 3312 nullo
2792 3260 2950 3314 modo
2980 3259 3268 3313 assentitur
3319 3268 3395 3312 tot
3424 3275 3449 3310 a
3485 3259 3749 3313 Venantio
3775 3263 4012 3317 conscri-

735 3375 856 3434 ptos
887 3365 1112 3434 hymnos
1143 3365 1306 3418 luisse
1337 3374 1467 3432 quot
1491 3369 1733 3415 recenset
1763 3358 2106 3420 Trithemius,
2141 3371 2261 3407 cum
2295 3351 2552 3412 universi,
2595 3352 2688 3412 ait,
2724 3364 2860 3416 quos
2894 3349 3136 3403 Ecclesia
3166 3365 3258 3417 per
3290 3365 3487 3401 annum
3517 3349 3724 3411 recitat,
3759 3366 3887 3415 xui,
3921 3360 4012 3406 aut

729 3467 835 3506 non
868 3455 1033 3506 multo
1067 3454 1264 3522 plures,
1297 3453 1419 3516 sitit,
1450 3466 1674 3519 quorum
1710 3450 1990 3518 plerosque
2020 3446 2085 3499 ad
2116 3461 2240 3498 suos
2270 3453 2516 3496 auctores
2561 3451 2674 3494 toto
2719 3442 2920 3495 referre
2971 3441 3117 3503 licet,
3171 3455 3466 3508 perpaucos
3517 3442 3582 3494 ad
3637 3442 4006 3500 Fortunatam.
4039 3501 4050 3506 _

731 3539 958 3594 Perinde
987 3550 1144 3607 atque
1176 3557 1280 3594 non
1313 3552 1554 3607 tempore
1586 3537 1734 3591 Pauli
1785 3535 1996 3590 Diaconi
2027 3535 2222 3600 passim
2259 3534 2309 3586 iit
2361 3533 2531 3588 Gallia
2579 3532 2762 3601 hymni
2797 3534 2976 3602 plures
3005 3547 3034 3584 a
3069 3531 3332 3586 Venantio
3384 3544 3566 3588 nostro
3596 3535 3893 3591 clucubrati
3942 3540 4008 3594 ad

728 3641 1035 3684 sanctorum
1059 3630 1188 3684 festa
1240 3629 1560 3683 celebranda
1608 3637 1661 3680 ct
1692 3627 1944 3690 deinceps
1973 3622 2214 3676 adhiberi
2247 3624 2538 3690 potuerint,
2569 3637 2792 3688 quorutn
2826 3621 2877 3675 in
2911 3621 3108 3682 locum,
3141 3630 3197 3674 ut
3222 3637 3364 3688 sa-pe
3393 3622 3471 3687 lit,
3517 3621 3605 3676 alii
3639 3623 3846 3678 suffecti
3877 3627 4006 3694 sint,

726 3729 842 3774 aut.
869 3719 938 3771 ab
965 3718 1080 3770 aliis
1111 3719 1350 3786 castigati
1381 3726 1431 3769 et
1457 3715 1760 3778 restanrati,
1797 3713 1900 3767 dici
1949 3711 2222 3766 Fortunati
2253 3712 2390 3780 apud
2422 3713 2702 3780 plerosque
2727 3712 3004 3777 desierint,
3039 3713 3130 3782 qui
3153 3713 3363 3767 collecti
3395 3730 3424 3767 a
3469 3717 3720 3784 quopiam
3753 3733 3917 3771 unttm
3952 3720 4006 3774 itt

729 3809 1022 3874 voluntem,
1053 3811 1116 3862 ad
1146 3809 1430 3862 'l‘rithemii
1463 3824 1629 3876 usque
1659 3815 1871 3860 aetatem
1903 3804 2311 3873 permanserint.
2343 3801 2500 3856 Certe
2536 3803 2761 3871 hymnus
2790 3803 3018 3870 scriptus
3049 3819 3076 3855 a
3110 3802 3404 3857 Fortunato
3435 3803 3486 3857 in
3531 3814 3775 3859 sanctum
3811 3806 4006 3878 Diony-

726 3898 867 3951 Itium
889 3912 1178 3968 martyrem
1211 3899 1299 3964 (ile
1333 3914 1436 3966 qtto
1464 3911 1621 3962 supra
1656 3896 1814 3948 locuti
1843 3896 2073 3961 smnus),
2105 3895 2458 3962 conseriptus,
2493 3902 2547 3946 ut
2579 3893 2809 3953 videtur,
2837 3894 2902 3946 ad
2937 3909 3088 3946 nsunt
3125 3894 3375 3948 Ecclesia:
3405 3896 3746 3963 Parisieusis,
3779 3899 3822 3952 is
3848 3899 4003 3955 dein.

729 4004 859 4058 ceps
883 3992 1177 4052 obsoletos,
1209 3999 1262 4042 et
1289 4001 1586 4057 expunctus
1615 4005 1678 4040 ev
1714 3988 2032 4056 hymnorum
2063 3989 2326 4056 catalogo,
2359 3988 2606 4040 omnibus
2637 3989 2866 4054 ignotus,
2903 3989 3082 4042 tanditt
3109 3988 3278 4057 jacnit
3319 3991 3370 4042 in
3403 3992 3626 4060 pulvere
3656 4008 3719 4047 ac
3763 3996 4001 4051 tenebris

727 4080 902 4145 quoad
935 4082 1062 4132 clar.
1103 4077 1380 4130 [)nbletius
1418 4093 1537 4130 eum
1569 4088 1802 4138 erueret,
1835 4089 1992 4143 atque
2021 4077 2202 4133 ederet
2237 4081 2286 4131 in
2325 4079 2498 4147 Autiq.
2547 4078 3043 4148 San-Dionysianis.
3092 4079 3221 4135 Item
3255 4094 3496 4138 vetustus
3520 4084 3699 4140 Codex
3729 4087 3797 4141 cl.
3848 4089 3994 4145 card.

730 4164 944 4218 Tantasi
975 4167 1106 4217 iluos
1136 4165 1364 4234 hymnos
1393 4165 1622 4229 scriptos
1650 4165 1700 4216 in
1735 4167 1944 4218 laudem
1979 4167 2147 4220 beata:
2203 4167 2374 4221 Maria:
2404 4169 2644 4237 virginis,
2697 4183 2758 4224 ac
2787 4180 3046 4239 perpetuo
3085 4187 3180 4226 usu
3213 4173 3281 4227 ab
3334 4174 3572 4229 Ecclesia
3619 4189 3902 4248 usurpatos
3945 4189 3999 4237 et

738 4267 995 4320 retentos,
1032 4255 1306 4310 Fortunati
1331 4271 1451 4309 esse
1479 4255 1729 4333 ostendit,
1764 4264 1822 4308 ut
1851 4271 2010 4324 supra
2033 4256 2281 4309 diximus.

800 4362 1094 4428 Sigiheitos
1129 4363 1310 4420 etiam,
1345 4361 1396 4412 in
1429 4361 1517 4414 lib.
1553 4361 1618 4414 ile
1648 4363 1844 4429 Seript.
1882 4363 2117 4429 Eccles.,
2165 4379 2282 4432 cap.
2333 4365 2433 4432 45,
2466 4369 2789 4422 mentionem
2820 4371 2942 4424 iacit
2969 4371 3318 4442 lloiloeperici
3354 4375 3654 4445 Fortunati,
3689 4384 3829 4451 quod
3863 4401 3993 4454 opu.

738 4458 942 4505 scu't.m
975 4455 1230 4505 incertum
1265 4462 1344 4503 est
1375 4463 1547 4503 tttrtnn
1593 4467 1657 4503 ne
1687 4455 1925 4522 perierit,
1975 4468 2039 4505 an
2074 4470 2234 4506 unum
2266 4455 2333 4508 sit
2363 4472 2426 4508 ex
2461 4454 2522 4508 iis
2553 4458 2764 4525 aliquod
2816 4477 2930 4526 qua:
2962 4472 3193 4527 esstant,
3247 4475 3299 4517 et
3355 4466 3405 4519 in
3450 4469 3642 4535 quibus
3675 4472 3998 4530 Fortunatus

730 4546 840 4610 ipse
867 4551 966 4598 iter
996 4547 1162 4598 ullum
1195 4562 1370 4604 stituit,
1403 4548 1481 4597 vel
1516 4563 1597 4611 qtt-
1623 4546 1653 4596 il
1680 4563 1744 4598 ex
1785 4546 1929 4598 Italia
1966 4546 2015 4598 itt
2051 4545 2293 4612 Galliam,
2323 4549 2403 4601 \el
2438 4565 2528 4615 per
2554 4549 2779 4602 Galliam
2809 4552 3056 4621 quopiam
3087 4565 3174 4608 aut
3200 4555 3565 4626 Germaniam,
3621 4567 3994 4631 contenderat,

726 4635 1003 4686 describit.
1054 4635 1179 4685 Illud
1211 4635 1377 4700 ipsuttt
1413 4633 1815 4701 llmloej‘mrieon
1850 4633 2084 4686 indicare
2113 4636 2318 4688 videtur
2352 4637 2545 4691 Paulus
2574 4639 2857 4704 Diaconos,
2908 4657 3027 4696 eum
3055 4646 3284 4700 allirmat
3333 4653 3525 4718 srcpius
3556 4654 3714 4707 citato
3745 4657 3860 4710 loco
3896 4659 3996 4713 Ve-

725 4730 963 4778 nentiurn
997 4727 1106 4778 suis
1139 4728 1188 4778 in
1213 4727 1537 4777 carmit..bus
1575 4727 1692 4789 iter,
1725 4741 1830 4794 quo
1862 4724 1911 4775 in
1941 4725 2160 4778 Galliam
2194 4728 2462 4794 prol'eCtns
2491 4739 2594 4790 est,
2637 4745 2875 4783 narrare.
2907 4730 3017 4785 Nisi
3066 4733 3112 4786 is
3142 4736 3276 4788 forte
3312 4738 3452 4792 illam
3497 4744 3750 4798 carminis
3783 4756 3992 4813 partem

728 4819 892 4869 voluit
928 4821 1144 4870 innuero
1175 4832 1277 4882 qna
1309 4817 1646 4882 Fortunatus,
1698 4817 1787 4869 lib.
1823 4831 1870 4867 tv
1909 4815 2034 4868 Vita.-
2063 4818 2230 4869 sancti
2281 4816 2508 4884 Martini,
2554 4818 2735 4873 libello
2765 4835 2881 4883 suo,
2933 4836 3090 4889 quem
3117 4838 3147 4876 e
3177 4822 3342 4878 Callia
3394 4828 3611 4884 mittens
3665 4833 3714 4886 in
3762 4831 3988 4896 Italiam,

725 4917 936 4974 poetico
963 4921 1112 4959 more
1139 4905 1442 4973 alloipiitnr,
1479 4907 1575 4958 iter
1603 4907 1739 4971 quod
1775 4916 1956 4960 tenere
1987 4905 2145 4960 debet
2174 4908 2425 4974 ostendit,
2457 4924 2518 4963 ea
2551 4909 2662 4979 ipsa
2693 4911 2804 4965 loca
2838 4927 2932 4980 per
2957 4928 3073 4982 qua
3102 4914 3214 4982 ipse
3242 4931 3304 4971 ex
3355 4918 3498 4972 Italia
3529 4919 3580 4974 in
3611 4921 3836 4978 Calliam
3872 4942 3993 4994 per-

729 5013 859 5068 gens
892 5010 1177 5051 transierat
1205 5013 1460 5050 conversa
1492 4999 1694 5050 ratione
1720 5009 2167 5052 eommonstrans.
2218 5001 2294 5052 Ac
2343 5002 2577 5069 profecto
2608 5005 2818 5056 nomina
2851 5005 3121 5058 civitatum
3153 5021 3214 5059 ac
3245 5009 3520 5077 regionum
3554 5028 3672 5080 qua:
3703 5015 3814 5069 illic
3842 5033 3988 5072 com-

726 5101 1089 5144 memorantur
1122 5091 1202 5142 his
1233 5100 1352 5154 apte
1383 5090 1707 5157 respondent
1738 5105 1852 5157 qua!
1876 5089 2068 5144 Paulus
2102 5101 2399 5159 percenset.
2439 5093 2530 5147 Vel
2584 5094 2908 5150 Trithemius
2955 5110 3217 5155 memorat
3246 5102 3670 5173 llodoeporicum
3703 5107 3984 5168 Fortunati

723 5197 845 5236 cum
878 5182 978 5234 hoc
1009 5180 1158 5234 tit:th
1185 5198 1197 5232 :
1237 5177 1645 5249 Hodueporicum
1673 5182 1763 5232 vite
1791 5197 1919 5243 ww,
1969 5183 2088 5234 (Iber
2133 5199 2170 5246 t,
2205 5193 2362 5250 atque
2393 5183 2521 5237 illud
2548 5199 2574 5236 a
2609 5186 2700 5238 lib.
2733 5202 2783 5239 tv
2831 5185 2968 5240 Vitae
2997 5191 3169 5243 sancti
3197 5191 3403 5245 Martini
3437 5194 3649 5249 videtur
3676 5201 3980 5270 sejungere.

723 5271 910 5326 Potest
939 5272 1125 5340 aliquis
1149 5271 1404 5338 suspicari
1440 5271 1839 5338 lloiioeporicon
1874 5271 2021 5328 illud.
2055 5273 2119 5326 de
2147 5289 2251 5341 quo
2282 5271 2604 5327 Trithemins
2633 5284 2688 5328 et
2729 5274 3053 5345 Sigibertus,
3099 5293 3218 5333 esse
3245 5294 3459 5335 carmen
3489 5283 3554 5336 lt)
3580 5283 3671 5338 lib.
3707 5303 3760 5351 χ,
3793 5287 3845 5342 in
3876 5306 3983 5359 quo

725 5363 768 5418 is
798 5365 1001 5434 prolixe
1031 5364 1127 5416 iter
1176 5383 1276 5430 mr-
1307 5363 1488 5416 Menas
1517 5374 1847 5431 pervenerat,
1879 5363 1942 5415 ad
1971 5362 2370 5417 Childebertutn
2417 5379 2618 5433 regem,
2669 5374 2720 5418 et
2752 5365 2871 5419 inde
2903 5367 3172 5435 digressus
3205 5384 3306 5422 una
3337 5384 3456 5424 cum
3504 5374 3644 5442 regia
3678 5375 3874 5431 familia
3924 5391 3978 5435 et

723 5456 996 5518 comitatu,
1031 5454 1405 5524 Mosellamque
1436 5464 1487 5508 et
1513 5455 1644 5507 alios
1673 5454 1862 5506 ﬂuvios
1894 5454 2181 5520 ingressus,
2230 5453 2631 5520 circumpositas
2665 5455 2822 5509 urbes
2870 5466 2927 5510 et
2951 5457 3143 5523 oppida
3179 5457 3515 5523 lustraverat,
3551 5475 3763 5517 enarrat
3793 5484 3802 5517 :
3858 5483 3978 5536 qua:

725 5547 957 5615 suspicio
983 5547 1118 5598 haud
1145 5546 1351 5600 videtur
1373 5561 1490 5600 esse
1514 5544 1878 5613 itttprobztttda.
1904 5544 2181 5597 Broweros
2205 5553 2352 5613 putat
2376 5544 2592 5598 indicari
2617 5558 2645 5596 a
2669 5543 2962 5598 Trithemio
2987 5560 3200 5599 carmen
3221 5545 3287 5599 27
3309 5549 3342 5600 l.
3363 5563 3438 5612 ιι,
3455 5550 3592 5617 quod
3614 5561 3697 5604 est
3720 5555 3975 5624 scriptum

723 5636 788 5690 ad
820 5640 1093 5705 Agnetem.
1129 5649 1173 5689 et
1212 5637 1434 5705 Radeg.,
1466 5637 1710 5706 quodque
1739 5636 2040 5690 inscribitur
2071 5640 2131 5688 de
2172 5637 2348 5687 itinere
2395 5652 2502 5687 suo.
2553 5636 2866 5704 Quanquam
2921 5634 3112 5688 mirum
3145 5635 3388 5704 cuiquam
3437 5637 3602 5692 videri
3652 5651 3821 5708 potest
3868 5655 3974 5700 tam

728 5730 882 5781 bra-'0
914 5744 1123 5782 curuum
1157 5730 1274 5782 libri
1307 5728 1517 5783 nomine
1541 5729 1764 5781 censeri.
1821 5727 1882 5778 At
1915 5728 2174 5782 tiirrrblus.
2228 5728 2278 5778 iit
2309 5726 2444 5779 Hist.
2479 5725 2543 5779 ile
2576 5727 2775 5789 l'0etis,
2825 5724 2950 5776 dial.
2981 5723 3032 5789 5,
3068 5724 3367 5792 llodoepor.
3404 5725 3547 5780 Fort.
3595 5731 3807 5785 videtur
3845 5748 3973 5788 con-

723 5820 945 5876 fundere
973 5841 1089 5875 eum
1122 5834 1364 5892 poemate
1407 5822 1544 5884 omni
1591 5823 1700 5888 ipse
1734 5820 1943 5887 :cripsi‘.
1972 5819 2033 5871 a~l
2067 5817 2325 5871 J'tsltttunt
2359 5819 2483 5882 imp.
2537 5827 2583 5868 et
2619 5815 2783 5881 Soph.
2817 5820 2973 5883 .\ug.,
3007 5818 3220 5868 nomine
3270 5815 3624 5883 Railcguuilis.
3683 5820 3811 5873 Nam
3848 5839 3970 5876 eum

721 5909 765 5965 ἐξ
801 5912 936 5966 inter
963 5913 1134 5980 (.lpera
1159 5912 1435 5967 Fortunati
1469 5911 1822 5967 recensuisset
1863 5926 2072 5962 cannon
2118 5910 2178 5961 ,ις
2213 5909 2392 5961 liscui.
2433 5908 2700 5972 l‘!mriug.,
2725 5908 2899 5960 -ιώοΙιι
2937 5924 3057 5961 eam
3090 5909 3365 5979 scripsisse
3414 5908 3827 5977 "adornari-imm
3879 5918 3972 5967 rin~
