4236 6570
187 440 238 493 1?
1648 430 2038 488 PHAiFA'l'lU.
3415 417 3487 476 18

187 565 284 602 sutr
305 555 373 600 mt
407 551 667 602 Justmum
690 553 949 618 jttntoretn
991 551 1118 617 imp.
1147 559 1193 603 et
1230 549 1295 601 ad
1327 548 1577 617 Sep/tiam
1603 547 1914 616 Augustam.
1948 542 2086 609 Quin
2117 550 2169 596 et
2205 539 2441 604 Vossius,
2475 539 2542 594 de
2576 537 2710 593 llist.
2746 540 2891 600 Lat..
2920 537 3013 592 lib.
3043 551 3100 603 tt,
3134 545 3187 591 et
3215 535 3266 590 Ι.
3298 535 3482 590 Alber.

193 638 418 703 Fabric”
453 640 502 694 in
535 642 667 696 ltibl.
702 643 814 695 Lat.
848 640 1037 696 medim
1066 649 1120 695 et
1150 639 1347 694 infimre
1379 637 1574 695 aetatis.
1619 637 1760 691 idem
1812 651 2028 691 carmen
2061 635 2228 690 citant
2275 634 2376 687 sub
2406 632 2596 687 eodem
2648 631 2820 697 titulo,
2855 641 2912 684 ut
2940 630 3201 698 suspicari
3238 629 3397 684 liceat
3429 626 3488 682 in

189 728 502 795 quibusdam
533 731 657 784 Mss.
691 732 816 785 illud
853 733 1130 784 inventum
1165 728 1349 792 fuisse,
1378 728 1778 798 Ilodoeporicon
1818 727 2150 796 inscriptum.
2206 727 2286 780 Att
2320 725 2456 780 forte
2478 724 2620 795 quod
2670 723 2804 778 illud
2851 734 3101 792 tanquam
3150 723 3250 776 vite
3302 732 3489 776 comes

191 818 368 874 datum
402 819 464 873 iis
498 831 666 887 esset,
697 836 832 890 quos
861 820 1205 890 Radegundis
1233 822 1376 875 misit
1404 820 1950 889 Constantinopolim,
1997 818 2195 889 gratias
2219 817 2429 873 Justino
2457 830 2510 874 et
2541 817 2714 887 Soph.
2765 817 2938 886 Augg.
2972 827 3187 870 acturos
3220 831 3314 885 pro
3344 814 3489 884 ligno

188 917 385 962 saneta:
415 912 612 976 erucis,
645 912 819 968 eidem
852 911 1164 983 ltadegundi
1205 912 1366 966 dorno
1395 912 1580 978 niisso,
1616 921 1668 966 et
1697 911 2004 967 deierantes
2047 912 2359 966 munuscula
2388 951 2405 978 ,
2459 912 2534 966 uti
2567 911 2733 967 refert
2763 908 3093 964 Baudonivia
3123 910 3175 963 in
3209 908 3330 962 Vita
3355 921 3492 960 san-

191 1008 285 1052 cta:
316 996 687 1070 Radegundis,
717 1017 864 1056 num.
895 1003 1008 1055 :10?

259 1111 403 1166 Idem
434 1113 704 1180 Giraldus,
736 1118 788 1172 in
810 1117 1016 1172 Histor.
1049 1118 1117 1174 de
1149 1118 1345 1184 Poetis,
1382 1119 1509 1173 dial.
1559 1119 1612 1180 5,
1641 1121 1872 1188 itemque
1900 1117 2130 1181 Platina,
2164 1119 2214 1172 in
2244 1117 2337 1172 lib.
2387 1118 2454 1173 de
2489 1116 2624 1173 Vitis
2656 1118 2999 1181 Pontificum,
3049 1114 3102 1170 in
3158 1114 3276 1169 Vita
3326 1115 3496 1170 Joan.

194 1203 273 1267 lll,
307 1204 638 1260 mentionem
673 1209 873 1262 faciunt
904 1209 1022 1265 libri
1055 1212 1118 1265 de
1154 1211 1328 1282 Regna
1359 1209 1708 1281 gubernando,
1739 1226 1895 1280 quem
1930 1214 2077 1264 aiunt
2106 1209 2421 1266 Venanlium
2475 1212 2756 1281 scripsisse
2797 1209 2864 1264 ad
2907 1209 3237 1278 Sigibertum
3283 1219 3490 1276 regem.

199 1294 270 1348 En
307 1293 531 1349 Platinm
557 1300 716 1353 verba
747 1319 756 1351 :
792 1298 1113 1355 Fortunatus
1156 1302 1228 1354 ttir
1257 1303 1535 1370 singularis
1567 1303 1865 1356 litteratura:
1905 1312 1948 1356 et
1979 1303 2281 1373 eloquentiw
2321 1304 2499 1358 Gallos
2527 1307 2596 1357 ad
2623 1305 2872 1358 mitiorem
2920 1303 3115 1358 cultum
3137 1302 3330 1373 redegit
3358 1300 3495 1355 scri-

198 1385 290 1451 ptis
321 1395 369 1438 et
401 1391 650 1455 exemplo.
703 1391 783 1444 Ad
817 1391 1133 1464 Sigibertttm
1185 1395 1338 1458 enim,
1389 1410 1565 1449 eorum
1611 1412 1802 1464 regem,
1849 1395 2080 1449 libellum
2109 1398 2171 1450 de
2202 1399 2532 1465 gubernando
2576 1397 2752 1468 Regna
2779 1399 3093 1466 perscripsit.
3128 1399 3213 1452 Att
3243 1397 3380 1451 forte
3406 1391 3495 1449 hic

201 1476 330 1528 liber
362 1487 446 1531 est
473 1494 690 1535 carmen
718 1480 751 1533 Ξ
788 1483 878 1535 lib.
915 1501 983 1545 \l,
1019 1485 1070 1538 iu
1099 1500 1205 1554 quo
1239 1485 1595 1549 Fortunatus.
1629 1487 1880 1556 Sigiberti
1911 1488 2134 1544 virtutes
2166 1489 2412 1554 laudans,
2460 1491 2697 1544 ostendit
2725 1492 2894 1559 qualis
2937 1493 2980 1546 is
3027 1505 3146 1545 esse
3177 1491 3369 1544 debeat
3395 1486 3492 1559 qui

199 1583 316 1623 cum
345 1569 573 1638 imperio
598 1575 806 1629 ueteris
838 1577 1130 1645 praesidet?
1157 1577 1308 1644 Quod
1337 1578 1381 1633 si
1405 1579 1537 1633 alius
1570 1578 1658 1632 ille
1688 1579 1898 1635 libellus
1929 1591 2030 1646 est,
2078 1587 2136 1633 ut
2162 1579 2502 1635 verisimilius
2533 1580 2763 1642 videtur,
2799 1590 2890 1634 aut
2920 1581 3084 1634 latere
3110 1577 3284 1634 adhuc
3309 1575 3495 1633 dicen-

201 1656 292 1711 dus
325 1669 430 1725 est,
459 1673 549 1716 aut
583 1665 803 1731 periisse
837 1675 1117 1721 vetustate.

270 1773 390 1829 Jam
427 1791 556 1831 vero
587 1781 756 1833 sancti
787 1781 1030 1836 Severini
1065 1782 1264 1849 Vitam,
1297 1784 1532 1852 episcopi
1577 1784 1982 1855 llurdcgalensis
2009 1786 2099 1852 (de
2124 1801 2230 1856 quo
2258 1785 2482 1849 Gregor.
2516 1785 2742 1848 Turon.,
2775 1785 2870 1839 lib.
2901 1785 2970 1840 de
2996 1785 3176 1838 Gloria
3209 1784 3493 1847 Confess.,

208 1881 321 1936 cap.
379 1869 476 1939 45)
530 1886 557 1924 a
596 1871 888 1927 Fortunato
918 1879 1172 1943 scriptam
1207 1876 1388 1940 fuisse,
1418 1877 1566 1931 te5tis
1599 1889 1680 1932 est
1711 1879 1854 1932 idem
1883 1877 2173 1948 Gregorius
2207 1879 2288 1931 bis
2325 1877 2502 1932 verbis
2529 1894 2543 1930 :
2578 1874 2752 1930 Vitam
2783 1878 2937 1944 huius
2970 1877 3165 1948 (sancti
3196 1873 3491 1944 Severini),

204 1971 378 2030 postea
433 1983 587 2036 quam
647 1957 756 2022 hare.
806 1971 1126 2039 scripsimus,
1187 1988 1216 2024 a
1267 1969 1560 2028 Fortunato
1594 1974 1887 2043 presbytero
1913 1974 2161 2040 scriptam
2185 1972 2540 2045 cognovimus.
2575 1971 2721 2027 Hanc
2743 1983 2923 2027 autem
2956 1973 3129 2026 Vitam
3159 1971 3492 2041 deperditam

204 2069 326 2112 esse
365 2059 653 2116 Browerus
684 2079 804 2130 eap.
865 2062 898 2115 5
951 2064 1084 2119 Vitae
1116 2064 1417 2131 Fortunati,
1445 2076 1500 2122 et
1528 2065 1617 2121 alii
1649 2066 1942 2133 affirmant,
1979 2081 2076 2122 nec
2100 2079 2201 2135 ego
2245 2075 2513 2137 repertam
2557 2082 2586 2120 a
2617 2067 2868 2137 quopiam
2899 2076 2992 2121 aut
3021 2065 3222 2121 editam
3254 2063 3498 2121 invenire

204 2155 373 2222 potui.

274 2266 463 2334 Neque
513 2285 641 2325 vero
692 2271 931 2327 dubitem
982 2273 1334 2328 Fortunatum
1365 2275 1514 2343 plura
1549 2277 1831 2345 scripsisse
1862 2278 1988 2344 alia,
2014 2281 2127 2332 sive
2153 2279 2399 2346 metrica,
2434 2281 2546 2338 sive
2567 2281 2737 2337 soluta
2768 2280 3034 2343 oratione,
3068 2293 3186 2347 quze
3217 2284 3312 2331 aut
3341 2275 3497 2345 plane

206 2360 521 2415 interierint
545 2373 830 2429 vetustate,
857 2374 948 2419 aut
970 2364 1196 2421 fortasse
1229 2367 1433 2432 uspiam
1465 2369 1853 2438 delitescentia,
1882 2385 1944 2424 ac
1975 2373 2230 2435 tenebris,
2262 2374 2479 2444 situque
2511 2373 2704 2438 obsita,
2736 2374 2957 2428 alterius
2989 2370 3265 2442 diligentia
3296 2379 3500 2424 etcura

206 2451 471 2518 inducent
502 2457 794 2524 aliquando
829 2455 1191 2526 proferentur,
1236 2460 1396 2529 idque
1440 2476 1504 2516 ex
1540 2461 1773 2517 hominis
1805 2462 2018 2533 ingenio
2065 2473 2116 2516 et
2143 2462 2389 2518 facundia
2420 2463 2671 2533 coujicio.
2706 2466 2881 2533 Atque
2932 2463 3131 2517 utinam
3161 2458 3506 2517 clarissimus

207 2558 259 2601 et
290 2550 700 2606 eruditissimus
729 2557 809 2607 vir
846 2552 1127 2620 Philippus
1160 2553 1443 2619 Labbzeus,
1495 2571 1525 2610 e
1556 2556 1814 2611 societate
1839 2555 1990 2624 Jesu,
2035 2555 2336 2613 Editionem
2369 2557 2515 2611 illam
2547 2572 2698 2612 suam
2730 2557 2965 2626 Operum
2999 2555 3304 2621 Fortunati,
3341 2569 3502 2624 quam

206 2644 488 2713 pollicitus
538 2645 737 2711 fuerat,
786 2647 1108 2704 confecisset
1146 2659 1234 2704 aut
1269 2650 1620 2718 prodidisset!
1660 2651 1878 2706 minime
1908 2651 2130 2706 dubium
2156 2661 2240 2706 est
2264 2652 2392 2722 quin
2421 2653 2635 2707 caneris
2663 2651 2913 2707 omnibus
2935 2652 3147 2706 auctior
3178 2661 3230 2705 et
3262 2652 3504 2706 ornatior

207 2735 421 2791 fuisset.
453 2735 522 2790 Ut
555 2737 696 2791 enim
721 2738 764 2793 is
790 2747 1015 2794 testatur
1047 2740 1099 2795 in
1134 2743 1348 2798 dissert.
1375 2745 1443 2799 de
1473 2743 1671 2814 Seript.
1701 2744 1934 2809 Eccles.,
1961 2754 1999 2800 t.
2033 2743 2102 2815 ll,
2131 2753 2318 2815 postea
2349 2759 2510 2814 quam
2539 2743 2906 2814 Christophori
2936 2745 3173 2799 Broweri
3205 2743 3508 2800 Editionetu

206 2838 696 2883 commemorasset
729 2846 744 2884 :
781 2829 892 2885 Nos
945 2835 1124 2886 eadem
1179 2835 1350 2889 omnia
1408 2836 1671 2904 Opuscula
1721 2834 2036 2903 Fortunati,
2087 2838 2307 2908 infinitis
2338 2839 2483 2903 locis,
2517 2839 2703 2908 partim
2734 2855 2794 2892 ea:
2824 2839 3030 2906 aptimte
3051 2845 3186 2892 nota:
3208 2837 3513 2904 Codicibus,

207 2922 403 2990 partim
459 2939 524 2977 ea:
565 2926 717 2981 certis
768 2929 1076 2994 coniecturis
1117 2932 1406 2995 emendata,
1438 2940 1592 3001 atque
1633 2930 1782 2986 editis
1811 2931 2067 2998 auctiora,
2098 2930 2240 3001 prelo
2256 2931 2595 2999 jamdudum,
2622 2946 2735 2984 cum
2757 2947 2812 2984 se
2842 2930 3040 2985 dederit
3071 2931 3292 2996 occasio,
3329 2939 3515 3000 parata

207 3016 484 3072 habemus.
536 3019 701 3091 Cujus
758 3023 994 3094 inempto
1053 3025 1179 3094 quid
1229 3025 1523 3094 obstiterit,
1569 3026 1710 3081 haud
1760 3026 1918 3082 facile
1969 3035 2052 3081 est
2086 3025 2357 3093 divinare;
2395 3040 2494 3081 nec
2523 3041 2651 3081 vero
2680 3025 2834 3096 cujus
2862 3027 2912 3080 in
2938 3040 3149 3090 manus,
3184 3024 3374 3081 eodem
3408 3025 3516 3082 vita

208 3109 428 3180 functo,
492 3118 845 3183 pervenerint
891 3134 954 3175 ea
1012 3135 1129 3189 quae
1180 3119 1296 3190 ipse
1337 3121 1488 3190 prelo
1513 3135 1573 3176 se
1604 3131 1788 3190 parata
1829 3122 1938 3192 jam
1975 3120 2227 3176 habuisse
2251 3121 2557 3190 profitetur,
2588 3120 2832 3190 quamvis
2863 3136 3078 3177 omnem
3111 3121 3519 3176 adhibuerimua

207 3201 584 3276 diligentiam,
642 3210 859 3280 assequi
906 3213 1198 3281 potuimus.
1257 3213 1310 3266 In
1342 3230 1459 3270 eam
1483 3229 1632 3285 spem
1664 3229 1983 3270 veneramus
2007 3229 2115 3285 quo
2141 3214 2232 3270 ille
2255 3214 2307 3268 in
2332 3215 2451 3269 loco
2476 3214 2785 3270 decesserat
2807 3215 2994 3271 eadem
3023 3216 3256 3272 fortasse
3289 3215 3518 3286 reperiri

210 3313 401 3370 posse.
459 3301 510 3356 Is
541 3318 668 3359 vero
701 3303 923 3362 Parisiis
951 3307 1083 3361 obiit
1112 3322 1204 3363 an.
1246 3308 1407 3364 1667.
1440 3309 1568 3373 Sed,
1595 3324 1718 3364 cum
1768 3308 1961 3364 litteris
1990 3307 2129 3362 datis
2157 3305 2641 3379 inquisivissemus,
2667 3317 2722 3362 et
2742 3308 2808 3364 ad
2830 3323 2948 3363 eam
2980 3322 3098 3364 rem
3124 3323 3285 3379 opera
3319 3309 3509 3364 fuisse-

210 3409 335 3449 mus
400 3395 486 3450 nsi
545 3397 833 3453 admodum
885 3399 952 3453 Β.
981 3399 1041 3453 Ρ.
1069 3400 1131 3455 ι).
1168 3400 1408 3466 Patertii,
1443 3399 1756 3456 monasterii
1784 3399 1955 3454 sancti
1984 3395 2239 3453 Germani
2270 3413 2299 3452 a
2331 3397 2506 3453 Pratis
2529 3397 2951 3463 bibliothecarii,
2984 3399 3028 3452 is
3061 3398 3338 3464 reapondit
3371 3399 3519 3453 hisce

211 3489 402 3543 verbis
441 3506 453 3541 :
496 3489 669 3556 Quant
701 3491 731 3542 ὰ
757 3489 809 3542 la
838 3509 1116 3562 promesse,
1155 3510 1252 3561 que
1274 3493 1332 3562 ﬁt
1353 3493 1392 3546 il
1421 3512 1454 3565 y
1476 3510 1507 3547 a
1526 3496 1642 3564 plus
1669 3494 1792 3548 d‘un
1823 3493 1975 3548 siecle
1998 3493 2044 3547 le
2078 3491 2144 3547 P.
2177 3491 2366 3559 Labbe,
2398 3495 2462 3546 de
2483 3493 2680 3547 donner
2710 3509 2808 3547 une
2836 3491 3048 3547 Edition
3069 3493 3133 3547 de
3160 3492 3438 3562 Fortunat,
3462 3497 3521 3567 je

210 3599 274 3638 ne
317 3584 547 3638 connois
600 3601 768 3638 aucun
819 3589 1004 3656 vestige
1033 3590 1095 3641 de
1118 3604 1211 3642 son
1241 3588 1448 3641 travail.
1480 3585 1596 3658 J‘ay
1633 3587 1709 3641 eté
1740 3587 1966 3658 pendant
1995 3587 2130 3641 deus:
2159 3601 2252 3638 aus
2299 3585 2346 3639 le
2375 3583 2698 3653 Depositaire
2726 3585 2816 3639 des
2844 3586 3150 3640 manuscrits
3182 3587 3270 3641 des
3321 3586 3354 3640 5
3385 3587 3525 3642 Mai-

211 3695 338 3734 sons
368 3680 468 3733 des
507 3678 736 3735 Jésnites
764 3682 826 3734 de
861 3681 1014 3736 Paria
1036 3683 1141 3736 lors
1172 3684 1235 3737 de
1266 3684 1378 3738 leur
1411 3685 1726 3738 destruction
1756 3692 1802 3736 et
1831 3682 1894 3735 de
1925 3682 1975 3734 la
2003 3691 2145 3735 vente
2175 3681 2239 3733 de
2268 3681 2404 3734 leurs
2436 3679 2575 3733 biens
2605 3688 2651 3733 et
2677 3678 2824 3745 eﬂ‘ets
2869 3679 3150 3744 mobiliers,
3186 3697 3247 3734 en
3276 3678 3436 3746 I762,
3479 3689 3527 3735 et

208 3776 261 3845 je
302 3772 394 3840 u’y
425 3788 497 3842 ay
528 3772 642 3827 rien
680 3773 854 3827 trouve
883 3775 1105 3828 d‘aucun
1137 3775 1227 3830 des
1255 3783 1471 3829 travaux
1498 3774 1774 3830 litteraires
1803 3774 1874 3826 du
1909 3772 1978 3827 P.
2017 3771 2207 3827 Labbe.
2237 3771 2305 3826 Jé
2348 3789 2409 3827 ne
2441 3774 2574 3836 souis
2604 3789 2671 3827 ou
2701 3781 2816 3827 tosta
2839 3771 2913 3828 les
2936 3776 3142 3840 paoiers
3170 3784 3359 3830 auront
3376 3776 3531 3839 passd

211 3879 370 3926 apres
403 3878 470 3916 aa
500 3872 634 3916 mort
666 3879 727 3916 en
760 3860 919 3918 1667.

287 3987 488 4054 Atque
543 3984 658 4039 haec
704 3983 772 4039 de
803 3983 1021 4053 scriptis
1075 3983 1355 4039 Fortunati
1405 3998 1527 4053 quae
1556 3982 1752 4036 amissa
1780 3980 1902 4050 jure
1929 3978 2230 4050 meritoque
2261 3978 2703 4048 conquerendum
2732 3988 2834 4035 est.
2864 3978 3017 4048 Quod
3041 3993 3168 4035 vero
3187 3979 3256 4034 ad
3280 3979 3522 4048 ejusdem

215 4078 572 4143 doctrinam,
625 4086 679 4132 et
721 4077 1012 4147 ingenium,
1065 4087 1121 4133 et
1147 4078 1201 4132 in
1232 4076 1521 4132 scribendo
1547 4075 1882 4141 facultatem,
1918 4074 2130 4139 attinet,
2163 4086 2269 4128 non
2301 4074 2521 4128 omnino
2552 4072 2761 4128 videtur
2797 4074 2900 4128 hoc
2929 4073 3047 4128 loco
3075 4074 3530 4145 praetereundum,

217 4177 355 4231 licet
387 4172 540 4227 alias
586 4179 834 4226 occurret
863 4171 1088 4226 mentio.
1122 4169 1256 4224 Cum
1291 4170 1470 4238 itaque
1501 4166 1816 4236 tbeologicis
1837 4167 1888 4221 iu
1921 4165 2083 4221 rebus
2107 4173 2228 4234 apte
2258 4164 2504 4220 eruditus
2532 4176 2585 4220 et
2613 4165 2803 4220 doctus
2835 4165 3044 4220 videtur
3075 4167 3237 4236 (quod
3269 4166 3319 4220 iu
3347 4167 3531 4234 primis

219 4265 534 4337 Expositio
557 4264 799 4335 ejusdem
829 4263 882 4318 in
907 4263 1220 4319 Orationem
1252 4261 1589 4317 Dominicant
1619 4259 1902 4326 declarat),
1929 4266 2041 4311 tttm
2069 4254 2378 4310 Grmcorutn
2410 4262 2465 4311 et
2486 4253 2798 4309 Latinorum
2829 4267 3128 4322 poetarum,
3164 4256 3281 4311 sive
3309 4256 3536 4314 aliorum

214 4359 604 4427 scriptorum,
664 4357 716 4411 in
771 4356 1003 4411 lectione
1048 4356 1296 4426 apprime
1323 4363 1568 4407 versatus
1597 4351 1764 4406 fuisse
1789 4349 2112 4412 ostenditur,
2146 4347 2236 4418 qui
2270 4345 2584 4408 Homerum,
2613 4345 2989 4408 Menandrum,
3018 4345 3264 4411 Aratum,
3295 4345 3536 4415 Sappho,

220 4455 590 4524 Pyndarum,
619 4451 856 4519 itemque
883 4448 1167 4513 Catonem,
1203 4446 1584 4519 Pythagoram,
1616 4443 1996 4515 Chrysippum,
2024 4441 2326 4504 Platonem,
2356 4437 2672 4494 Cleanthem
2699 4456 2712 4504 ;
2744 4455 2810 4494 ex
2841 4438 3047 4494 Latinis
3079 4455 3206 4494 vero
3233 4440 3536 4512 Virgilium,

228 4549 568 4613 lloratinrn,
595 4544 866 4611 Ovidium,
902 4543 1158 4606 Tullium,
1192 4542 1320 4596 citet
1343 4539 1678 4603 nominatim,
1706 4545 1758 4591 et
1779 4537 2106 4591 celebriores
2135 4534 2273 4588 inter
2305 4532 2524 4587 Latinos
2557 4531 2882 4603 Graecosque
2909 4531 3094 4588 Patres
3125 4543 3540 4601 commemoret,

219 4659 477 4716 quorum
515 4639 763 4696 omnium
795 4635 1086 4693 identidem
1115 4636 1352 4704 leporem
1389 4647 1449 4687 ac
1473 4631 1774 4687 doctrinam
1808 4629 1861 4682 in
1885 4626 2171 4683 scribendo
2201 4635 2420 4680 secutus
2442 4638 2560 4678 esse
2582 4633 2637 4677 et
2658 4628 2991 4691 eXpressisse
3017 4621 3220 4686 aliquid
3253 4625 3544 4692 deprehen-

221 4714 403 4799 ditur.
442 4736 593 4793 lllud
623 4743 801 4788 autem
835 4731 1058 4787 offendit
1088 4727 1403 4791 nonnullos,
1433 4724 1573 4794 quod
1600 4725 1862 4778 falsorutn
1897 4721 2200 4783 numinum,
2234 4732 2352 4788 qua:
2385 4731 2529 4771 eatea
2547 4715 2816 4783 quondam
2847 4714 3137 4782 antiquitas
3161 4717 3538 4782 venerabatur,

224 4833 467 4892 nomina
494 4843 610 4885 non
641 4824 902 4882 dubitarit
932 4820 1218 4892 aliquando
1248 4833 1526 4887 usurpare.
1561 4818 1637 4872 Ac
1665 4816 1772 4886 jam
1805 4817 1944 4871 inter
1974 4821 2174 4870 cetera
2203 4811 2446 4881 ejusdem
2475 4809 2711 4863 carmina
2747 4808 2956 4878 insigne
2985 4818 3068 4864 est
3095 4808 3144 4862 id
3177 4811 3393 4877 generis
3418 4810 3548 4864 illud

224 4928 379 5001 quod
446 4929 642 4980 exstat
701 4917 796 4973 lib.
853 4932 923 4981 vt,
972 4931 1090 4983 cap.
1149 4913 1206 4979 2,
1241 4912 1292 4966 in
1316 4926 1422 4981 quo
1453 4912 1620 4976 idem,
1649 4924 1850 4965 canens
1879 4905 2281 4980 epithalamium
2309 4900 2560 4973 Sigiberti
2591 4901 2884 4957 Austrasite
2906 4902 3070 4973 regis,
3103 4910 3157 4957 ct
3190 4903 3552 4958 Brunicbildis

226 4996 477 5097 nuptiis,
517 5015 842 5087 Cupidinem
870 5028 934 5068 ac
957 5011 1246 5076 Venerem,
1278 5009 1488 5079 poetico
1512 5022 1662 5063 more
1688 5050 1702 5074 ,
1737 5005 1972 5070 inducit,
2003 5004 2246 5074 praprias
2278 4999 2556 5065 utriusque
2589 4997 2774 5097 laudes
2800 4996 3158 5051 celebrantes.
3187 4996 3380 5053 Verum
3403 5008 3458 5052 et
3488 5015 3554 5054 eo

226 5091 507 5189 ιετίψοιιε
561 5110 841 5168 scribebat
886 5109 1214 5164 Fortunatus
1260 5120 1367 5170 quo
1408 5104 1583 5158 minus
1624 5111 1738 5157 erat
1771 5100 1992 5171 periculi
2019 5115 2086 5153 ne
2118 5094 2365 5189 homines
2385 5093 2621 5189 deorum-
2641 5091 2905 5189 ejusmodi
2939 5107 3125 5148 errore
3153 5092 3554 5189 deciperentur,

233 5185 460 5286 ubique
499 5205 806 5262 Gallzarum
848 5198 1152 5254 Christiana
1185 5194 1466 5266 religione,
1495 5193 1752 5263 piissimis
1792 5194 2088 5286 principum
2119 5188 2261 5245 curis
2289 5201 2353 5242 ac
2382 5185 2680 5286 diligentia,
2713 5185 3091 5286 e-larorumque
3120 5186 3432 5256 pontificum
3465 5188 3559 5286 doc

233 5277 425 5367 ctrina
447 5313 510 5361 et
537 5297 854 5360 virtutibus,
875 5293 1131 5356 florente;
1156 5288 1444 5345 etminime
1468 5287 1658 5342 mirum
1676 5300 1798 5340 esse
1823 5284 1981 5340 debet
2007 5281 2357 5338 Fortunatum
2376 5278 2646 5342 eumdem,
2668 5277 2844 5333 adhuc
2868 5277 3144 5348 juvenem,
3170 5292 3231 5333 ea
3255 5281 3555 5347 praesertim

237 5410 291 5464 in
316 5421 381 5462 re
413 5414 556 5474 quae
583 5393 828 5452 festivius
856 5387 1117 5444 orationis
1146 5399 1316 5458 genus
1336 5384 1604 5454 postulare
1623 5381 1925 5449 videbatur,
1957 5379 2117 5451 paulo
2141 5378 2363 5433 liberius
2386 5377 2544 5448 genio
2567 5373 2878 5474 indulsisse,
2906 5383 2961 5431 et
2989 5377 3290 5474 ornamenti
3321 5390 3390 5474 ac
3413 5375 3560 5443 lepo-

238 5504 324 5559 ris
355 5467 544 5556 causa
576 5488 878 5552 induxisse,
908 5485 1035 5540 olim
1065 5482 1292 5537 ethnicis
1335 5479 1508 5551 poetis
1535 5477 1841 5543 familiaria,
1865 5476 2088 5531 deorum
2119 5471 2385 5542 colloquia
2412 5490 2425 5536 ;
2453 5470 2542 5542 qui
2576 5469 2833 5525 maturior
2851 5478 3008 5525 aetate
3036 5481 3086 5525 et
3119 5469 3346 5525 consilio
3366 5467 3560 5534 factus,

242 5611 360 5654 non
417 5586 609 5648 modo
662 5598 694 5638 a
742 5580 893 5650 nugis
944 5578 1050 5632 illis
1081 5575 1421 5638 abstinuerit,
1448 5570 1541 5628 sed
1574 5571 1733 5626 etiam
1766 5568 2100 5639 gravioribus
2121 5564 2311 5620 studiis
2340 5562 2606 5617 dediderit
2630 5576 2750 5654 sese
2776 5562 3014 5654 penitus,
3046 5574 3108 5616 ac
3131 5574 3319 5618 versus
3349 5559 3563 5614 nonnisi

243 5650 410 5754 ἔξω,
446 5693 510 5740 et
537 5679 617 5734 ab
649 5673 840 5730 amicis
873 5670 1151 5726 lacessitus
1182 5668 1261 5737 (ut
1287 5665 1402 5735 ipse
1425 5663 1492 5718 de
1519 5677 1579 5719 se
1612 5660 1894 5733 profitetur
1927 5659 2018 5714 lib.
2051 5673 2114 5726 tt,
2141 5671 2260 5726 cap.
2299 5656 2407 5725 15),
2433 5650 2837 5720 conscripserit.

328 5801 492 5860 Idem
531 5806 650 5849 non
683 5787 951 5856 vulgarem
978 5780 1217 5836 historia:
1246 5786 1302 5834 et
1320 5775 1655 5847 geographia:
1686 5771 1962 5829 scientiam
1994 5785 2100 5840 prre
2122 5783 2181 5826 se
2207 5769 2330 5833 fert,
2367 5784 2468 5822 non
2496 5767 2668 5822 solum
2694 5765 2836 5837 quod
2864 5775 3068 5837 spectat
3099 5767 3162 5819 ad
3194 5780 3284 5820 eas
3317 5765 3564 5835 regiones

248 5857 395 5970 (1,,”
427 5893 562 5949 ίυςε
595 5879 926 5955 peragravit,
959 5886 1200 5944 quasque
1223 5883 1459 5942 praesens
1486 5880 1814 5937 cognoscere
1844 5865 2036 5970 potuit,
2061 5861 2156 5965 sed
2184 5861 2347 5916 etiam
2374 5858 2552 5964 quoad
2583 5858 2702 5912 illas
2733 5873 2865 5964 quas
2895 5857 3008 5925 ipse
3028 5857 3252 5970 adieratL
3266 5870 3566 5970 nuanuam,

257 5947 686 6054 :t't—Ilisipanizr,
705 5947 976 6039 totiusque
999 5962 1256 6020 Orientis.
1283 5962 1418 6018 Hinc
1441 5968 1519 6015 tot
1541 5957 1817 6013 fluminum
1844 5954 2238 6028 descriptiones
2256 5968 2316 6007 ac
2343 5952 2614 6008 civitatum
2642 5952 2857 6006 nomina
2886 5960 2936 6003 et
2961 5951 3197 6022 gentium
3223 5947 3573 6009 barbararum,
