4236 6600
697 389 764 448 19
1233 385 1741 444 ΡΒΟΒΕΟΟΜΕΝᾹ
1783 386 1874 439 AD
1920 380 2243 439 VENANTll
2282 378 2370 436 HO

2299 378 2440 436 lON.
2486 378 2689 434 CLEu.
2736 372 3131 433 Felt'l‘UNATl
3171 370 3425 429 OPEitA.
3899 355 3972 417 20

696 517 854 562 senes
884 517 1077 573 resque
1104 511 1291 573 geStae,
1316 511 1372 556 et
1396 501 1447 555 id
1478 514 1643 571 genus
1671 500 1796 563 alia,
1820 512 1940 567 quae
1969 495 2216 550 eumdem
2246 502 2303 548 ut
2331 495 2383 549 in
2410 494 2654 559 historia,
2686 492 2758 547 ita
2781 501 2833 546 et
2865 492 2916 545 in
2938 486 3260 561 geographia
3278 527 3293 554 ,
3314 499 3421 540 non
3448 481 3609 538 modo
3635 494 3741 535 uou
3765 475 3976 533 rudem:

696 595 795 651 sed
823 592 984 650 etiam
1014 594 1228 648 ductum
1263 592 1428 647 fuisse
1458 603 1510 647 et
1530 592 1796 646 eruditum
1827 588 2136 644 ostendunt.

771 686 907 755 Quid
957 701 1084 742 vero
1126 685 1193 741 de
1243 686 1478 756 physicis
1506 684 1699 739 studiis
1727 682 1940 739 dicam?
1976 682 2027 736 in
2055 680 2245 752 quibus
2278 679 2450 749 ipsum
2479 693 2583 733 non
2616 677 2964 732 mediocriter
3006 673 3354 730 esercitatum
3389 669 3554 725 fuisse
3584 675 3638 718 et
3665 675 3769 717 tam
3801 658 3967 756 variat

702 754 1015 844 herbarum,
1063 754 1341 845 arborum,
1395 779 1654 847 lapidum,
1696 790 2049 847 gemmarum,
2081 783 2408 839 aru.uatum,
2453 773 2685 841 produnt
2715 770 2924 838 species
2954 783 3017 823 ac
3052 767 3287 827 numina,
3322 765 3516 833 quibus
3545 759 3737 813 crehru
3770 754 3980 847 utitur}

700 878 753 921 et
785 869 852 923 ah
883 868 999 939 ipso
1021 867 1356 936 investigata:
1382 868 1729 936 quaesitaeque
1757 865 2046 920 identidem
2074 880 2253 919 rerum
2288 863 2609 918 naturalium
2642 876 2839 922 causa},
2872 858 3325 929 quemadmodum
3356 857 3438 926 (ut
3466 854 3568 906 alia
3594 860 3799 902 taceam
3827 837 3972 911 loca)

701 958 796 1014 lib.
850 974 900 1012 tv
934 958 1067 1014 Vita:
1094 960 1263 1013 sancti
1296 958 1535 1027 Martini,
1576 973 1792 1014 causam
1821 958 2118 1026 inquirens,
2154 967 2429 1025 poetarum
2463 971 2631 1018 mure,
2665 970 2766 1025 qua
2793 955 3001 1008 ratione
3029 953 3308 1013 Martinus,
3335 949 3468 1004 ca'lla
3501 947 3761 1009 inclusus,
3795 953 3983 994 mona-

701 1052 860 1108 chum
889 1052 955 1106 ad
981 1051 1182 1119 fucum,
1206 1053 1405 1107 nudato
1434 1050 1668 1121 inguine,
1698 1050 1977 1105 sedentem
2001 1052 2315 1119 conspicere
2342 1059 2396 1106 et
2416 1051 2702 1119 obiurgare
2727 1048 2988 1117 potuerit,
3024 1046 3139 1100 lttec
3171 1044 3377 1115 profert
3413 1060 3424 1095 :

826 1161 948 1220 Ouid
973 1162 1063 1213 luit
1084 1162 1215 1213 hoc?
1247 1164 1378 1215 docti
1406 1178 1492 1214 vos
1513 1164 1684 1222 dicite,
1706 1175 1893 1224 qureso,
1917 1162 2166 1221 sophistae.
2520 1160 2579 1224 iit
2603 1160 2738 1224 s'etit
2762 1158 3031 1224 incolumis,
3056 1157 3223 1224 rapido
3246 1167 3512 1216 suspensus
3533 1154 3580 1201 in
3604 1152 3704 1224 ictu
3725 1162 3739 1207 ;

828 1214 1025 1289 ilartini
1052 1236 1163 1275 antu
1184 1230 1350 1275 oculos
1375 1229 1559 1289 paries,
1583 1214 1894 1289 quasi'lintea
1926 1214 2043 1286 luci,
2518 1222 2707 1289 Ifotiilis
2731 1230 2816 1270 aut
2832 1223 2972 1289 aries
2992 1214 3238 1269 oculorum
3266 1225 3318 1289 et.
3336 1214 3575 1289 marmora
3601 1214 3798 1289 transit,

828 1288 926 1351 Aut
943 1293 1078 1350 quasi
1106 1290 1183 1337 lilo
1206 1276 1802 1351 agiles'contex'it'aranea
1824 1287 1968 1346 telas,
2028 1276 2041 1286 ”
2520 1286 2701 1351 tjtariur
2722 1298 2774 1334 ac
2800 1286 2929 1351 visus
2954 1297 3042 1351 per
3061 1279 3504 1351 cii_i_it-t:tobs_tat:ula
3531 1276 3724 1351 pergit“?

828 1344 971 1412 ﬂetia'
997 1350 1072 1399 vel
1097 1344 1350 1412 ιιυιιιςνμιιι·
1376 1363 1482 1397 rara
1504 1351 1737 1400 foramina
1763 1349 1854 1397 lilis
1871 1353 1894 1397 ἶ)
1955 1344 1987 1412 λ
2070 1410 2079 1412 _
2522 1348 2773 1407 l’ennigvr
2797 1360 2855 1393 an
2880 1346 3032 1395 claDSi
3057 1345 3272 1412 volitavit
3296 1344 3352 1412 ad
3380 1355 3459 1412 ora
3496 1344 3736 1412 nituistir,

832 1396 971 1460 Unde
998 1396 1073 1461 hic
1095 1396 1378 1462 taiiiﬁte'uuis
1400 1396 2086 1473 structurapateseitrhiulea‘?
2523 1412 2593 1460 Ac
2617 1396 2948 1473 pervopertutu
2967 1409 3213 1469 aperit,et
3238 1409 3283 1473 in
3313 1408 3381 1453 int
3398 1406 3436 1473 in
3466 1410 3663 1473 nuntius
3687 1396 3865 1473 intrat?

829 1473 906 1523 Αριι
928 1489 983 1523 se
1002 1460 1119 1523 saxa
1141 1477 1318 1529 lemttl,
1346 1460 1400 1524 ac
1416 1460 1629 1525 reddunt
1651 1460 1797 1523 scissa
1822 1460 2108 1534 fenestram,
2523 1474 2594 1521 An
2618 1460 2732 1532 quia
2760 1460 2921 1519 lumen
2944 1460 3066 1527 erat,
3094 1460 3247 1534 totum
3274 1471 3388 1516 loris
3412 1468 3543 1534 intus
3564 1460 3808 1534 habebat?

832 1537 934 1586 Seu
956 1538 1063 1586 duri
1091 1538 1274 1596 lapidi-5
1297 1524 1430 1586 lento
1452 1524 1507 1585 se
1529 1538 1717 1593 glutine
1741 1534 1972 1584 solvunt?
2095 1524 2107 1534 ’
2530 1524 2689 1584 cuni.-
2712 1534 2920 1596 sudente
2949 1524 3071 1591 lucri,
3102 1532 3237 1579 \eluv
3266 1544 3323 1596 an
3351 1531 3548 1596 spiritus
3580 1524 3711 1596 iwat‘i
3818 1586 3848 1596 ﬂ

830 1599 903 1648 An
927 1611 1032 1648 casa
1058 1588 1279 1648 materne
1300 1601 1453 1645 vitreo
1474 1588 1775 1659 se'margiue
1800 1598 1998 1657 pandit?

2532 1588 3471 1656 Pandite,durtiluqui,Vcomprehendtte
3493 1588 3652 1659 cIauSa
3683 1588 3871 1643 diserti,

839 1663 913 1711 An
940 1662 1197 1721 sjieculare
1216 1662 1369 1720 dedit,
1393 1674 1490 1720 quo
1509 1654 1702 1709 ευιιειιῖς
1722 1654 1908 1708 lumine
1927 1660 2132 1710 transit?
2532 1660 2622 1718 Qui
2650 1660 2886 1716 numeris,
2913 1654 3102 1717 utentis,
3128 1658 3316 1704 ratione
3341 1654 3563 1714 ιιοιυςιιε,
3592 1659 3642 1699 et
3666 1661 3773 1697 ore.

834 1723 908 1773 An
930 1723 1084 1772 levior
1107 1725 1270 1785 paries
1293 1723 1514 1775 revoluto
1536 1724 1686 1772 cessit
1704 1724 1753 1772 in
1773 1735 1908 1781 arcu,

787 1826 1044 1891 Quamvis
1086 1835 1267 1882 autem
1318 1842 1407 1894 eo,
1440 1843 1547 1899 quo
1574 1828 1705 1892 dixi,
1733 1829 1950 1897 ingenio
1977 1845 2040 1886 ac
2061 1829 2305 1886 doctrina
2343 1838 2489 1885 esset
2521 1828 2865 1889 Fortunatus,
2898 1825 3115 1879 minime
3142 1833 3319 1878 ta-nen
3350 1823 3478 1877 illud
3513 1815 3858 1873 inticiaudum
3881 1818 3984 1878 est,

720 1916 969 1972 eumdem
1025 1918 1165 1972 vitiis
1196 1918 1463 1973 interdum
1510 1921 1782 1974 nonnullis
1812 1922 1862 1975 in
1894 1923 2179 1977 scribendo
2210 1923 2504 1978 laborasse.
2538 1923 2694 1990 Nam,
2729 1930 2785 1974 ut
2814 1921 3066 1973 barbaras
3096 1918 3339 1971 omittam
3371 1927 3420 1971 et
3454 1916 3536 1967 vix
3572 1914 3786 1966 Latinas
3824 1921 3991 1962 voces

714 2008 905 2077 quibus
930 2010 1097 2063 utitur
1139 2010 1432 2080 aliquando
1468 2012 1719 2080 (quarum
1749 2013 2053 2069 elenchum
2073 2016 2358 2070 Browerus
2388 2012 2579 2077 texuit,
2609 2013 2673 2065 ad
2703 2021 3007 2066 extremum
3028 2026 3056 2063 a
3084 2009 3238 2063 nobis
3263 2009 3385 2061 huic
3416 2005 3646 2058 Editioni
3671 2015 3869 2055 nostra:
3897 1999 3984 2052 ad-

713 2098 1053 2168 jiciendum),
1085 2099 1226 2155 idem
1256 2101 1520 2157 obscurus
1554 2119 1789 2174 persaepe
1817 2115 1865 2159 et
1892 2106 2161 2175 implexus
2192 2118 2295 2174 est,
2328 2122 2389 2162 ac
2419 2106 2653 2161 maxime
2681 2122 2798 2157 cum
2831 2107 2998 2157 soluti
3032 2103 3222 2155 scribit
3252 2112 3517 2165 oratione,
3550 2098 3732 2152 saeculi
3756 2095 3838 2149 sui
3866 2093 3995 2147 vitia

721 2196 909 2259 refert,
960 2198 1145 2266 longas
1202 2199 1406 2254 ducetis
1457 2202 1725 2269 periodos,
1758 2203 1977 2257 minime
2010 2206 2262 2267 naturali,
2298 2202 2392 2258 sed
2422 2202 2581 2257 nimis
2611 2201 2901 2255 artiliciusu
2929 2198 3131 2252 ambitu
3159 2206 3213 2251 et
3236 2205 3450 2257 ornatu,
3477 2194 3563 2261 qui
3596 2201 3738 2247 totus
3762 2188 3812 2242 in
3846 2190 3988 2242 luxu-

723 2290 869 2344 riosa
919 2305 982 2344 ac
1007 2291 1342 2345 redt.ndaute
1376 2292 1659 2347 verborum
1689 2296 1865 2365 copia,
1889 2296 1955 2349 ad
1983 2297 2350 2365 grandiluqme
2373 2296 2689 2362 eloijueutia:
2713 2293 2946 2361 specii-nt
2975 2304 3343 2345 euunextirum
3384 2302 3444 2341 ac
3474 2285 3739 2340 interdum
3773 2278 3981 2352 syllaba

726 2395 843 2437 tum
879 2382 1143 2449 parilitate
1173 2384 1274 2437 sibi
1301 2386 1737 2453 respondentium
1779 2388 2055 2451 consistit;
2089 2387 2231 2441 unde
2260 2396 2316 2441 et
2348 2388 2646 2439 obscuritas
2672 2386 2905 2454 gignitur
2933 2384 3183 2447 Orationi,
3217 2391 3271 2436 et
3302 2382 3353 2433 in
3385 2379 3569 2433 e'tdetu
3595 2377 3833 2430 ornanda
3868 2371 3976 2426 deli

724 2470 1020 2525 eatioribus
1077 2471 1296 2527 auribus
1344 2472 1567 2530 minime
1614 2475 1827 2530 ferenda
1870 2476 2155 2531 curiositas
2184 2490 2247 2530 ac
2276 2475 2552 2529 sedulitas.
2602 2476 2704 2528 Sed
2733 2474 2841 2543 jam
2868 2474 2991 2537 huc,
3020 2482 3075 2525 ut
3104 2473 3237 2534 dixi,
3271 2485 3557 2525 eumnnme
3583 2468 3691 2522 fere
3714 2468 3902 2520 vitium
3925 2469 4006 2517 est

728 2568 1029 2630 temporum
1066 2563 1299 2632 illorum,
1346 2572 1404 2619 ut
1446 2581 1513 2623 ex
1551 2565 1781 2622 aliorum
1809 2568 2024 2637 scriptis
2048 2569 2134 2636 qui
2158 2570 2347 2622 eadem
2374 2581 2475 2635 qua
2503 2565 2826 2620 Fortunatus
2854 2574 3012 2619 artato
3039 2564 3337 2617 ﬂoruerunt
3368 2561 3599 2631 perspici
3634 2566 3827 2629 putest.
3863 2557 4009 2611 Idem

728 2659 907 2709 tamen
932 2654 985 2707 in
1009 2653 1439 2725 expositionibus
1462 2672 1595 2726 quas
1614 2656 1828 2729 scripsit
1852 2661 1903 2712 iu
1933 2659 2245 2730 Symbolum
2268 2670 2323 2715 et
2356 2661 2666 2713 Orationem
2700 2658 3029 2712 Dominiram
3059 2659 3212 2726 (quas
3236 2657 3303 2721 is,
3325 2656 3435 2726 jam
3462 2664 3675 2709 creatus
3697 2654 4011 2722 cpiscopus,

727 2753 985 2806 recitasse
1032 2749 1097 2805 ad
1143 2752 1393 2820 pepulutn
1440 2752 1698 2825 videtur),
1742 2754 1951 2823 planior
1976 2769 2041 2811 ae
2077 2755 2282 2810 facilior
2308 2766 2419 2821 est;
2476 2756 2710 2825 itemque
2737 2756 2790 2810 in
2817 2754 2951 2809 Vitis
2990 2764 3296 2807 sanctorum
3331 2770 3434 2807 non
3466 2754 3606 2807 idem
3638 2751 3929 2806 artilicium
3960 2758 4014 2803 et

727 2841 1096 2896 curiositatem
1131 2841 1186 2896 in
1214 2842 1444 2897 texenda
1475 2844 1719 2898 oratione
1750 2844 2002 2900 allectare
2027 2847 2326 2912 consuevit,
2355 2861 2515 2918 quam
2545 2848 2596 2900 in
2624 2846 2887 2917 epistolis,
2908 2846 3047 2903 forte
3066 2863 3250 2904 eorum
3275 2847 3449 2917 gustui
3479 2845 3754 2916 indulgens
3776 2844 3844 2899 ad
3870 2858 4006 2914 quos

726 2934 1022 3001 scribebat,
1053 2937 1295 2993 studiose
1317 2936 1578 2993 adhibere
1608 2939 2050 3007 deprehenditur.

804 3027 928 3084 Suis
947 3042 1079 3084 vero
1108 3030 1160 3084 in
1189 3030 1517 3086 carminibus
1545 3029 1686 3086 idem
1718 3030 1879 3086 modo
1911 3032 2110 3087 cultior
2138 3040 2193 3087 et
2221 3032 2522 3102 elegantior
2548 3046 2708 3094 quam
2739 3040 2800 3087 ut
2822 3043 2952 3089 astas
2980 3033 3033 3087 in
3083 3048 3243 3101 quam
3274 3032 3535 3088 inciderat
3565 3030 3708 3087 l‘erre
3739 3029 4017 3099 videatur,

731 3121 895 3177 modo
940 3122 1203 3192 agrestior
1249 3132 1303 3178 et
1357 3122 1678 3191 incomptior
1720 3133 1834 3190 est;
1880 3123 2022 3194 quod
2070 3125 2301 3179 maxime
2354 3127 2406 3178 in
2444 3124 2511 3178 iis
2540 3123 2804 3179 accidisse
2829 3125 3157 3180 carminibus
3190 3125 3475 3181 dicendum
3508 3135 3589 3180 est
3618 3138 3738 3193 qua:
3767 3132 3858 3176 aut
3889 3120 4016 3175 aliis

733 3212 999 3272 distentus
1023 3213 1251 3285 negotiis
1280 3214 1361 3286 (ut
1387 3216 1440 3271 in
1465 3215 1705 3285 ejusdem
1734 3215 1854 3271 Vita
1886 3217 2116 3289 dicetur)
2148 3232 2317 3287 prepe
2341 3215 2478 3271 ludit
2501 3232 2569 3272 ex
2593 3226 2853 3287 tempore,
2888 3226 2981 3271 aut
3006 3234 3125 3287 qute
3153 3219 3444 3274 oscitanter
3483 3219 3726 3273 scribens
3755 3215 3819 3270 ad
3856 3214 4017 3270 lami-

731 3307 1079 3377 liarissimos,
1134 3310 1210 3364 uti
1241 3307 1562 3380 Gregorium
1594 3309 1983 3379 Turonenscm,
2019 3313 2289 3381 perpolire
2331 3313 2583 3383 neglexit.
2615 3311 2877 3366 Caeterum
2904 3312 2956 3367 in
2979 3312 3202 3383 singulis
3234 3312 3368 3367 mira
3402 3312 3643 3380 ejusdem
3669 3310 3722 3365 in
3757 3310 3907 3380 pocsi
3936 3306 4019 3363 fa-

734 3400 911 3456 cultas
958 3409 1119 3470 atque
1166 3402 1395 3458 facilitas
1414 3402 1736 3470 ostenditur,
1766 3417 1830 3458 ac
1854 3410 1982 3458 tunc
2001 3404 2236 3459 maxime
2264 3418 2385 3459 cum
2411 3404 2643 3473 regionis
2669 3404 2919 3472 alicujus,
2952 3415 3040 3459 aut
3066 3405 3202 3474 agri,
3234 3415 3325 3458 aut
3355 3405 3608 3471 ﬂuminis,
3638 3403 3798 3456 situm
3824 3417 3885 3456 ac
3917 3415 4016 3456 na-

734 3500 910 3547 turam
957 3490 1235 3559 describit,
1280 3507 1440 3562 quam
1483 3491 1794 3563 ingeniosus
1852 3495 1988 3562 ipse,
2045 3503 2101 3549 et
2150 3495 2401 3564 elegans,
2456 3495 2792 3566 lestivusque
2833 3497 2945 3551 est!
2982 3506 3206 3567 utsrepe
3237 3496 3288 3551 in
3331 3495 3574 3565 ejusdem
3608 3493 3937 3550 carminibus
3968 3500 4024 3547 et

734 3584 1019 3654 descriptos
1067 3585 1330 3638 vinearum
1376 3585 1606 3651 ordines,
1638 3594 1693 3641 et
1720 3597 1987 3641 vernantes
2034 3587 2247 3655 ﬂoribus
2269 3602 2495 3659 campos,
2538 3598 2594 3643 et
2617 3589 2947 3657 ﬂat-arcentes
2976 3588 3147 3641 aristis
3178 3597 3389 3657 segetes,
3423 3596 3470 3640 et
3504 3589 3810 3653 ﬂuctuantes
3840 3583 4025 3638 herbas

732 3673 915 3743 comis,
946 3687 1003 3734 et
1028 3678 1263 3746 perennis
1290 3694 1441 3748 aqua
1467 3678 1656 3748 fontes,
1683 3695 1787 3734 non
1815 3681 1987 3734 solum
2016 3680 2219 3751 legere,
2252 3679 2346 3736 sed
2376 3680 2538 3735 etiam
2564 3679 2734 3735 oculis
2765 3695 2991 3736 cernere
3014 3679 3265 3735 videaris.
3289 3680 3440 3748 Quod
3465 3680 3509 3732 si
3541 3677 3611 3746 is,
3636 3688 3768 3734 testu
3799 3677 4023 3748 ingenii,

734 3783 833 3826 seu
858 3768 1035 3840 potius
1064 3784 1248 3824 rerum
1274 3784 1409 3841 quas
1443 3770 1683 3825 carmine
1713 3769 2105 3837 complectitur,
2149 3770 2431 3840 majestate
2457 3772 2733 3840 abreptus,
2764 3773 2971 3827 numeri
3006 3771 3291 3840 aliquando
3320 3780 3376 3826 et
3402 3771 3769 3825 communium
3797 3785 4028 3837 poeseos

736 3859 918 3931 legum
968 3858 1335 3937 obliviscitur,
1356 3860 1459 3915 huc
1486 3861 1563 3916 illi
1594 3861 1679 3915 vel
1700 3876 1823 3916 cum
1851 3862 2062 3916 caeteris
2091 3859 2202 3917 fere
2230 3861 2549 3917 Christianis
2582 3865 2751 3930 poetis
2775 3877 3061 3917 commune
3081 3876 3187 3929 eSt,
3220 3871 3276 3917 ut
3297 3865 3533 3929 Aratori,
3567 3875 3622 3917 ut
3650 3861 3896 3928 Sedulio,
3929 3863 4021 3932 qui

741 3952 909 4008 rebus
949 3953 1140 4025 magis,
1194 3960 1250 4007 et
1276 3965 1463 4008 eorum
1491 3951 1734 4022 dignitati
1764 3954 1827 4008 dc
1857 3953 2049 4024 quibus
2078 3954 2333 4023 agebant,
2356 3970 2517 4025 quam
2548 3955 2809 4021 numeris,
2839 3970 2988 4011 more
3015 3965 3293 4022 poetarum
3327 3956 3687 4025 ethnicorum,
3722 3957 3825 4011 sibi
3855 3955 4029 4012 inser-

742 4042 998 4099 viendum
1029 4042 1449 4099 arbitrabantur.
1482 4044 1658 4113 Atque
1698 4045 1812 4099 haec
1841 4043 1908 4100 de
1938 4044 2128 4114 Operis
2156 4047 2323 4101 nostri
2357 4047 2653 4116 proposito,
2676 4046 2847 4115 deque
2879 4048 3117 4116 scriptis,
3148 4058 3206 4103 et
3234 4047 3476 4118 ingenio,
3509 4062 3571 4103 ac
3598 4048 3864 4117 doctrina,
3893 4047 3949 4102 Fr
3972 4063 4028 4103 r-

742 4137 915 4193 tunati
937 4137 1072 4192 satis
1091 4136 1235 4192 dicta
1257 4134 1532 4191 existimo.

821 4235 888 4291 Ut
925 4244 1107 4290 autem
1157 4235 1243 4289 vel
1285 4249 1471 4290 eorum
1519 4232 1847 4288 mentionem
1890 4233 2123 4304 aliquam
2167 4233 2356 4286 faciam
2392 4234 2474 4302 qui
2506 4234 2572 4287 de
2596 4233 2696 4287 liae
2730 4233 2977 4287 Editiune
3010 4236 3266 4302 βττιιωιιι-(ε
3296 4235 3469 4288 meriti
3514 4242 3660 4300 sunt,
3689 4245 3737 4288 et
3766 4235 3830 4288 ad
3861 4235 4030 4301 ipsam

744 4327 1109 4389 inchoandam
1156 4336 1248 4381 aut
1279 4326 1661 4394 perliciendum
1692 4326 1809 4394 opis
1838 4335 1893 4380 et
1920 4325 2212 4394 adjumciiti
2244 4326 2442 4394 aliquid
2467 4326 2769 4387 contulere,
2804 4327 3004 4394 primas
3028 4339 3175 4380 certe
3205 4326 3250 4379 is
3273 4327 3372 4380 sini
3403 4328 3658 4392 munirat,
3685 4342 3841 4394 quem
3873 4341 4031 4394 ~upc-

747 4426 861 4483 rius
908 4422 1351 4487 commemoravi,
1411 4420 1802 4476 illustrissimus
1853 4435 1914 4474 ac
1944 4420 2428 4475 revcrundissimus
2475 4421 2723 4473 Nicolai-s
2756 4421 3019 4474 Antonius
3051 4421 3365 4483 Justiniaui,
3399 4424 3684 4473 ι”έιιυ-ςιςιιις
3717 4420 4025 4486 epist-opus,

754 4516 998 4587 hujusce,
1048 4515 1120 4567 uti
1163 4511 1418 4582 diximus,
1454 4512 1716 4566 Editimiis
1746 4513 2092 4579 procuranda:
2124 4523 2306 4565 auctor
2338 4521 2391 4566 et
2429 4510 2664 4579 adjutur.
2714 4510 2843 4564 item
2870 4510 3260 4565 illustrissimus
3303 4528 3366 4565 ac
3392 4527 3560 4565 revcrt
3583 4510 3872 4565 uilissimus
3905 4510 4032 4565 Ste-

759 4612 963 4680 phanus
1004 4604 1221 4676 Boigia,
1274 4618 1443 4659 sacra:
1465 4605 1894 4673 congregationis
1924 4604 1992 4659 de
2032 4604 2372 4672 l‘ropag-tnda
2405 4604 2536 4657 Fide
2566 4619 2595 4657 a
2625 4604 2867 4667 secretis,
2900 4604 2979 4657 vir
3008 4604 3338 4660 clarissimus
3368 4617 3422 4659 et
3454 4604 3874 4667 eruditissimus,
3908 4618 4032 4660 cum

753 4717 842 4760 me
868 4716 1012 4771 saepe
1032 4700 1166 4769 jmit
1191 4697 1438 4765 consilio,
1476 4707 1584 4752 tum
1612 4698 1715 4752 duo
1742 4697 1975 4751 carmina
2009 4698 2257 4751 iudicati:
2278 4712 2394 4764 qua:
2422 4697 2602 4753 lit-inv.
2636 4696 2866 4751 Editioui
2897 4696 3100 4758 addidi,
3135 4698 3227 4751 lib.
3258 4712 3316 4765 ll,
3340 4714 3494 4767 capp.
3526 4696 3560 4751 8
3590 4709 3643 4753 et
3670 4699 3723 4754 tl.
3751 4697 4035 4754 Postremo

759 4794 1092 4852 clarissimus
1139 4802 1191 4848 et
1227 4791 1568 4846 doctissimus
1600 4791 1680 4844 vir
1708 4790 2035 4844 Ranthaldus
2064 4790 2128 4843 de
2172 4789 2422 4844 Azz'uiiis
2449 4789 2759 4857 advocatus,
2795 4790 3089 4845 Tarvisina:
3119 4790 3373 4846 Ecclesiae
3423 4792 3735 4858 cauonicus,
3783 4792 4032 4860 quaedam

765 4893 1111 4942 monumenta
1162 4882 1291 4937 mihi
1344 4882 1729 4951 benignissime
1782 4881 2216 4949 communicavit,
2271 4882 2343 4935 uti
2376 4896 2475 4937 suo
2529 4881 2647 4936 loco
2706 4882 3076 4937 indicabimus.
3125 4882 3245 4937 .lam
3299 4897 3427 4939 vero
3456 4882 3694 4939 sodalitii
3724 4882 3893 4937 nostri
3922 4897 4038 4938 mo-

757 4978 919 5035 uachi
972 4992 1123 5033 suam
1169 4975 1301 5031 mihi
1352 4975 1720 5044 sedulitatem,
1761 4990 2007 5046 cperam,
2036 4974 2390 5046 diligentiam,
2419 4974 2559 5030 hanc
2584 4975 2883 5031 liditioncm
2908 4976 3213 5047 adornanti,
3247 4991 3392 5048 smpe
3421 4976 3794 5033 amantissime
3825 4976 4037 5048 praesti—

755 5078 959 5128 ιεῐιιιιι.

3882 5197 4038 5217 ‘—

1045 5303 1362 5416 VITA
1434 5300 2077 5416 VENANTII
2156 5305 2464 5410 HON.
2547 5304 2936 5410 CLEM.
3020 5301 3771 5412 FORTUNATI

2015 5486 2299 5540 EPISCOPI
2336 5487 2789 5540 PlCTAVlENSlS.

839 5678 892 5734 ί.
918 5674 1211 5734 Venautius
1240 5669 1506 5728 Honorius
1532 5668 1929 5726 Clementianns
1987 5667 2309 5723 Fortunatus
2332 5706 2349 5734 ,
2461 5667 2617 5732 so'et,
2651 5665 2893 5736 quintum
2948 5661 3166 5715 sibimet
3217 5659 3358 5714 aliud
3405 5657 3696 5712 attribncre
3724 5655 3955 5722 videtur,
3988 5666 4045 5711 ut

768 5774 1053 5849 episcopus
1080 5770 1457 5837 Pictaviensis,
1490 5771 1696 5841 origine
1720 5784 1783 5823 ac
1810 5766 2023 5823 natione
2047 5765 2208 5819 Italus
2230 5766 2349 5817 fuit.
2460 5758 2849 5815 animadvertit
2877 5756 2962 5810 vir
2985 5754 3379 5810 eruditissimus
3402 5751 3561 5849 ΓΙιιςιιι.
3588 5748 4044 5849 ,Ιιιειῗρέιιιῖιὶνυιξ

778 5836 979 5925 l;r:eter
1003 5866 1114 5921 haec
1143 5874 1375 5935 quatuor
1408 5836 1646 5931 nomina,
1672 5862 1863 5932 quibus
1892 5861 2002 5918 fere
2025 5859 2202 5915 notior
2232 5871 2351 5912 esse
2463 5853 2515 5908 in
2565 5851 2742 5922 Opere
2781 5847 2928 5918 quod
2990 5847 3267 5917 inscripsit
3310 5860 3324 5895 ε
3365 5842 3570 5898 Νωιίλὶε
3620 5840 3751 5895 delle
3804 5836 3922 5896 Vite
3984 5841 4044 5896 ett
