4236 6574
222 400 286 456 21
1399 403 1548 460 VlTA
1592 402 1919 463 VENANTII
1965 407 2380 464 FORTUNATI.
3461 407 3534 461 ‘22

227 536 303 587 ορ.
327 534 376 570 τι
401 519 572 570 scritte
595 517 663 571 da
705 518 957 571 Letterari
992 520 1076 571 del
1115 517 1309 584 b'rittli,
1362 520 1473 575 vol.
1508 521 1547 585 Ι,
1583 536 1703 591 cap.
1744 522 1828 577 l2.
1860 525 1911 584 Α
1938 527 2049 579 nati
2070 526 2337 582 vocabulo
2367 534 2423 583 et
2444 540 2541 582 sua
2574 535 2631 582 et
2656 534 3023 599 consequente
3052 535 3209 581 aetate
3232 524 3392 580 fuerit
3419 524 3531 580 fere

228 611 532 679 lsiaamqne
583 611 827 666 scribens
874 611 1199 681 epitaphium
1254 612 1487 678 Leontii,
1539 614 1828 669 anterioris

226 708 465 774 episcopi
528 704 967 773 Burdonaicusis,
1020 706 1115 761 lib.
1151 722 1226 773 tv,
1277 722 1399 776 Cap.
1440 707 1496 774 9,
1549 711 1627 763 sic
1679 707 1829 763 illum

226 797 619 867 ahoquihu‘ad
653 813 1001 852 CXHTanu:

349 912 463 977 lber
488 914 571 960 tibi
596 925 738 977 ωλι-ιιι
767 917 926 972 uanis,
955 925 1062 960 Cllm
1086 920 1134 960 ιιι
1155 916 1395 962 merearis
1413 915 1593 977 opima,

412 976 632 1025 Carmina
659 976 967 1025 Theodosius
992 978 1199 1039 prtebet,
1221 990 1385 1026 amore
1411 984 1545 1027 tuus.

223 1078 335 1135 Nisi
370 1080 659 1135 dicendum
694 1081 922 1135 fortasse
973 1079 1324 1137 Fortunatum
1375 1084 1657 1152 scripsisse
1707 1099 1829 1139 car-

226 1188 347 1228 men
400 1174 528 1228 illud
560 1175 784 1229 alterius
822 1178 921 1230 sub
953 1193 1179 1245 persona
1215 1194 1275 1232 ac
1308 1179 1547 1241 nomine,
1596 1195 1827 1249 prmser-

227 1271 320 1324 tim
365 1286 488 1324 cum
540 1272 757 1325 aliunde
799 1287 905 1326 non
959 1282 1164 1327 constet
1210 1274 1460 1328 eumdem
1502 1274 1551 1328 id
1599 1274 1831 1329 tioiuinis

225 1376 423 1435 prmter
450 1383 508 1421 ea
536 1367 732 1437 quibus
758 1379 915 1421 notus
946 1378 1027 1423 est
1060 1369 1329 1423 habuisse.
1361 1368 1500 1424 Sane
1531 1370 1629 1422 hoc
1681 1369 1831 1423 facti-

226 1470 391 1516 tatum
426 1478 453 1517 ιι
488 1461 819 1529 Fortunato,
879 1474 936 1517 ιιι
987 1474 1234 1532 poemata
1295 1481 1388 1518 sua
1448 1465 1671 1519 alterius
1713 1480 1831 1531 per-

224 1570 372 1610 senm
410 1556 682 1610 interdum
739 1558 1135 1622 eoa—.modarct,
1170 1573 1233 1613 ex
1286 1559 1527 1628 pluribus
1584 1559 1827 1626 ejusdem

224 1648 560 1703 carminibus
602 1649 905 1719 intelligere
954 1666 1272 1718 possumus;
1337 1666 1397 1705 ac
1456 1666 1522 1706 ne
1577 1652 1829 1705 abeamus

228 1740 465 1809 longius,
512 1744 651 1808 quod
697 1742 941 1810 sequitur
1015 1759 1137 1796 mox
1189 1745 1409 1797 citatum
1452 1759 1690 1807 carmen,
1736 1746 1828 1801 lib.

228 1846 318 1897 tv,
374 1848 494 1901 cap.
530 1835 605 1896 9,
665 1834 923 1900 Scriptum
986 1836 1036 1889 in
1096 1836 1255 1890 fimus
1304 1835 1507 1891 Leontii
1559 1836 1828 1907 junioris,

224 1929 465 1996 cpiscopi
524 1930 649 1982 item
708 1928 1171 1997 Bttrdegalensis,
1234 1930 1371 1984 haud
1433 1934 1601 1985 multo
1677 1890 1981 1997 setosi}?2

231 2020 604 2079 concluditur.
640 2021 946 2087 Plat-utinm,
1007 2021 1215 2076 Leontii
1274 2024 1547 2089 quondam
1603 2024 1830 2091 uxoris,

226 2114 446 2168 inducta
483 2129 711 2182 persona
751 2131 811 2167 ac
845 2115 1078 2179 nomine,
1112 2114 1214 2169 hoc
1242 2115 1402 2169 tuoth
1433 2134 1443 2169 :

354 2228 496 2278 Fune
530 2230 568 2275 is
594 2230 819 2283 otia-ium,
840 2245 884 2276 ιιι
906 2232 1001 2277 moi
1021 2230 1234 2278 ςιιιτιηιιιιι
1262 2234 1456 2290 amoris,

417 2292 586 2340 Dolens
613 2294 767 2341 adhuc
792 2307 944 2341 cineri
972 2294 1053 2343 dat
1079 2293 1325 2343 l’lactdiua
1365 2298 1450 2344 tibi
1473 2295 1520 2343 ⁸.

301 2398 357 2451 2.
394 2397 456 2452 Ρ.
503 2398 923 2464 Christopboius
976 2400 1281 2463 Browerus,
1317 2401 1366 2455 in
1410 2401 1527 2455 Vita
1585 2400 1831 2470 Furtum,

223 2506 350 2557 cap.
401 2494 463 2557 l,
523 2503 707 2547 censet
756 2495 1004 2548 eumdem
1058 2510 1251 2548 nomen
1304 2493 1545 2548 i'enantii
1589 2510 1615 2549 a
1649 2505 1834 2550 sancto

231 2583 505 2638 Venantio
550 2587 888 2648 lliturircnsi,
947 2587 1034 2641 uni
1070 2601 1259 2652 magna
1305 2588 1573 2656 quondam
1620 2588 1671 2642 in
1710 2587 1834 2642 (Zal-

229 2676 313 2729 Iiss
346 2678 647 2731 sanctitatis
694 2678 849 2731 laude
883 2678 1080 2741 ﬂoruit,
1128 2690 1427 2732 animatum
1461 2680 1644 2744 fuisse,
1682 2678 1834 2733 item-

230 2786 341 2840 que
398 2788 595 2825 teotnen
632 2767 910 2823 Fortunati
966 2785 995 2824 a
1030 2784 1216 2825 Sancto
1272 2771 1607 2838 F-irttmato,
1670 2773 1837 2841 Aqui-

232 2866 457 2920 leiensis
491 2866 752 2921 Ecclesiae
781 2877 1042 2936 martyre,
1076 2882 1232 2936 quem
1265 2867 1357 2922 ille
1389 2867 1653 2937 prmcipua
1689 2882 1834 2922 sem—

231 2971 331 3024 per
361 2958 563 3025 pietate
592 2972 653 3012 ac
683 2957 947 3028 religione
992 2958 1152 3013 luerit
1183 2971 1521 3030 prosecutus.
1560 2960 1663 3017 Sed
1698 2960 1833 3024 thC,

231 3059 287 3104 et
317 3050 367 3103 id
397 3064 567 3122 genus
599 3051 722 3115 alia,
756 3067 876 3119 qtne
902 3053 1176 3106 curiosius
1203 3053 1495 3109 Browerus
1527 3055 1835 3125 investigat,

233 3144 380 3199 haud
407 3153 563 3199 vocnt
590 3143 835 3210 pluribus
863 3146 1170 3213 exquirere.

307 3236 365 3291 ὃ.
397 3237 567 3292 l‘orro
593 3252 656 3293 ex
691 3237 793 3292 hoc
825 3239 1104 3293 nominum
1129 3239 1323 3310 quibus
1352 3239 1677 3296 Fortunatus
1703 3257 1838 3310 prte-

231 3332 380 3386 ditus
414 3330 508 3385 luit
540 3347 792 3395 numero,
836 3340 963 3385 sunt
994 3332 1081 3401 qni
1129 3332 1423 3404 conjiciunt
1475 3333 1706 3403 (Lirut.,
1733 3331 1834 3388 loc.

229 3426 352 3489 cit.)
378 3430 631 3480 eunulem
664 3442 727 3479 ex
762 3425 936 3493 prisca
963 3424 1329 3481 iloinanorum
1362 3437 1522 3497 gente
1561 3442 1623 3482 ac
1671 3427 1839 3496 stirpe

228 3530 416 3575 ortum
449 3518 787 3584 luisse,cnm
841 3519 894 3574 id
948 3521 1224 3577 veteribus
1285 3520 1542 3575 Romanis
1598 3522 1841 3577 solemne

229 3615 420 3680 luerit,
458 3616 611 3685 plura
644 3614 745 3668 sibi
777 3615 1023 3680 nomina,
1060 3629 1181 3669 eum
1238 3616 1301 3669 ad
1361 3616 1576 3669 familiae
1606 3614 1836 3687 insigne,

231 3720 346 3763 tum
382 3707 451 3763 ad
486 3708 700 3763 virtutis
749 3708 977 3778 alicujus
1010 3718 1063 3764 et
1103 3708 1320 3763 habitus
1360 3707 1836 3778 signiﬁcationem,

232 3816 532 3871 usurpare,
563 3802 630 3857 de
661 3802 856 3870 quibus
910 3803 1192 3873 Appianus
1247 3802 1429 3871 Alex.,
1486 3801 1538 3855 in
1574 3800 1731 3856 Praef.
1774 3801 1840 3856 ad

234 3895 387 3949 Bella
432 3894 615 3958 Ro::i.,
652 3894 768 3951 lucc
819 3896 1046 3951 scribit:
1086 3895 1291 3950 Nomen
1345 3898 1468 3951 olim
1512 3896 1694 3964 cuique
1734 3896 1840 3950 Ro-

232 4006 392 4043 mano
418 4006 577 4041 unum
624 4000 755 4054 erat,
788 4001 842 4043 ιιι
872 3991 1070 4044 σανιενὶιι
1098 3990 1422 4055 hominibus;
1475 3999 1589 4057 post
1634 3991 1843 4043 accessit

228 4084 481 4144 alterunt,
516 4098 606 4135 nec
659 4083 733 4135 ita
773 4083 971 4135 dudum
1027 4092 1180 4136 etiam
1241 4085 1445 4136 tertium
1498 4092 1721 4148 captum
1768 4091 1842 4135 est

229 4175 357 4225 mliti
408 4177 737 4243 quibusdam,
785 4191 885 4241 quo
931 4176 1094 4245 magis
1123 4187 1522 4247 agnoscerentur
1547 4192 1611 4228 ex
1662 4174 1841 4245 aliqua

230 4280 356 4319 nutu
392 4270 651 4334 corporis,
702 4278 788 4322 aut
820 4269 1004 4322 rirtute
1046 4270 1249 4334 animi,
1311 4270 1741 4339 quemadmodum
1796 4280 1841 4324 et

230 4362 407 4415 (ἔναι’ιὶ
458 4364 656 4431 aliquot
706 4362 995 4416 nominibus
1048 4364 1299 4436 adjuncta
1350 4363 1600 4418 habebant
1653 4378 1837 4435 coquo-

232 4460 401 4509 mina.

303 4549 365 4602 4.
400 4546 516 4601 Etsi
548 4555 754 4610 autem,
782 4544 956 4600 adhuc
972 4554 1148 4601 stante
1178 4544 1337 4601 Rom.
1372 4559 1515 4616 rep.,
1543 4560 1664 4601 cum
1690 4544 1839 4615 plura

231 4637 595 4693 assumebant
625 4636 821 4708 singuli
866 4638 1104 4702 nomina,
1140 4640 1243 4694 hoc
1274 4639 1415 4706 quod
1462 4640 1636 4708 primo
1669 4654 1839 4708 poue-
1873 4667 1926 4728 ι)

234 4732 396 4786 batur
449 4732 571 4787 loco
622 4730 701 4801 (ut
753 4730 1133 4785 animadvertit
1165 4731 1245 4786 vel
1298 4731 1506 4802 Brow.)
1554 4743 1843 4788 vocaretur

234 4840 583 4893 pramomen,
616 4824 760 4893 quod
812 4826 939 4881 inde
997 4824 1271 4893 prottrium
1321 4835 1465 4880 esset
1523 4824 1699 4895 gentis
1752 4835 1845 4880 aut

234 4922 487 4985 familiae,
513 4918 729 4973 tertium
757 4932 1080 4989 cognomen,
1114 4927 1170 4974 et
1193 4916 1317 4973 huic
1348 4918 1617 4973 interdum
1652 4928 1843 4989 quarto

232 5015 357 5068 loco
389 5027 664 5083 agnomen
698 5012 1010 5078 adderetur,
1044 5010 1298 5067 citeriore
1347 5019 1525 5067 tamen
1577 5026 1694 5067 aevo
1727 5012 1844 5068 haec

232 5108 563 5178 promiscue
592 5106 843 5162 adhiberi
892 5115 1194 5176 cwpcruut,
1229 5121 1293 5161 ac
1325 5106 1643 5176 plerumque
1699 5108 1843 5177 quod

231 5204 431 5257 ultimo
486 5201 791 5271 ponebatur
836 5200 956 5254 loco
1001 5198 1348 5269 praenominis
1403 5200 1506 5254 vim
1570 5200 1838 5268 habebat,

230 5296 353 5351 sive
389 5308 504 5364 quo
532 5308 562 5347 a
594 5292 809 5349 czeteris
837 5292 1082 5361 ejusdem
1103 5293 1296 5348 domus
1318 5308 1381 5349 ac
1404 5292 1579 5364 gentis
1614 5294 1844 5349 homini-

230 5387 335 5441 bus
364 5387 568 5456 singuli
592 5386 1038 5442 seceruebantur.
1068 5387 1183 5452 Qua
1228 5386 1296 5441 de
1320 5402 1378 5442 re
1410 5388 1587 5455 legere
1621 5396 1845 5456 prtestat

230 5483 300 5537 cl.
338 5478 697 5536 Sirmondum
725 5519 739 5545 ,
792 5480 844 5534 in
898 5480 1031 5535 diss.
1062 5482 1276 5549 prensa
1306 5480 1407 5548 0p.
1440 5481 1647 5534 Sidonii
1680 5482 1844 5551 Apol-

232 5574 452 5638 linaris,
486 5572 538 5627 in
577 5586 683 5643 qua
716 5572 782 5627 de
814 5589 964 5629 more
1020 5574 1301 5631 interioris
1347 5578 1519 5630 ietat‘s
1559 5576 1841 5633 hominum

232 5669 285 5723 iu
319 5666 679 5723 assumendis
726 5666 979 5736 pluribus
1037 5668 1349 5724 nominibus
1393 5669 1612 5725 disserit
1645 5669 1841 5726 fusius.

232 5764 309 5819 Ex
364 5764 471 5817 hac
526 5763 640 5831 ipsa
689 5764 1081 5818 causuetn-tiue
1138 5764 1334 5818 tactum
1387 5773 1468 5818 est
1521 5771 1579 5818 ut
1613 5763 1698 5819 hic
1742 5779 1842 5820 no-

231 5865 380 5925 ster,
407 5856 661 5927 quamvis
690 5856 878 5909 multis
924 5854 1234 5910 noiniuibus
1260 5855 1329 5911 sit
1357 5854 1607 5925 insignis,
1650 5856 1845 5912 Fortu-

308 5975 333 6005 ³
371 5971 507 6030 Vide
534 5986 655 6044 quae
685 5971 917 6031 diximus
942 5971 994 6031 in
1023 5974 1165 6031 notis
1197 5971 1263 6029 ad
1285 5987 1393 6029 car.
1419 5974 1472 6040 9,
1502 5971 1543 6028 l.
1569 5988 1638 6027 ιν.

1935 629 2135 672 notior.

2007 712 2061 767 ὅ.
2097 712 2222 766 Erat
2263 719 2441 768 autem
2494 712 2673 769 eidem
2704 728 2883 779 soror,
2931 713 3141 769 Titiana
3175 712 3417 775 nomine,
3462 710 3532 763 de

1932 819 2034 874 qua
2063 804 2108 859 is
2135 808 2465 863 mentionem
2510 807 2638 864 facit
2692 807 2790 865 lib.
2823 822 2897 872 XI,
2931 822 3052 878 cap.
3084 806 3139 874 6,
3186 808 3433 862 scribens
3463 804 3531 857 ad

1946 900 2208 968 Agnetem
2239 899 2567 956 abbatissam
2615 902 2696 958 his
2728 902 2911 957 verbis
2945 917 2960 955 :

2119 992 2190 1041 'l'e
2212 995 2323 1042 mihi
2345 1007 2437 1043 non
2457 995 2563 1043 aliis
2588 996 2742 1044 oculis
2764 999 3027 1055 animoque
3050 993 3199 1045 fuisse

2183 1060 2335 1114 Quam
2356 1072 2493 1107 soror
2519 1072 2581 1107 ex
2604 1068 2745 1108 utero
2763 1070 2832 1117 tu,
2850 1061 3058 1120 ‘l‘i:i;ina,
3085 1059 3232 1108 l'ores.

1936 1136 2071 1193 ilinc
2102 1154 2259 1208 porro
2303 1142 2520 1209 coniicit
2558 1143 2630 1198 cl.
2665 1143 2831 1198 Liruti
2880 1142 3236 1197 Fortunatunt
3272 1142 3531 1199 habuisse

1934 1228 2151 1286 Patrem
2189 1226 2415 1301 'l'itium,
2464 1250 2561 1290 seu
2622 1235 2921 1303 Titianum,
2974 1250 3038 1291 ex
3091 1245 3275 1291 vetere
3326 1236 3537 1291 scilicet

1937 1326 2096 1381 llum.
2132 1344 2305 1395 more,
2350 1344 2454 1399 quo
2488 1330 2732 1384 solemne
2763 1341 2877 1385 erat
2908 1331 3109 1385 eisdem
3148 1332 3279 1385 tilias
3307 1341 3528 1398 paterno

1936 1436 2000 1477 ex
2040 1423 2257 1477 nomine
2316 1424 2627 1493 appellare;
2680 1434 2839 1494 atque
2872 1425 3018 1479 addit
3070 1425 3200 1479 illud
3249 1425 3525 1495 proprium

1934 1521 2149 1585 generis
2180 1532 2271 1571 seu
2322 1517 2538 1571 familiae
2591 1534 2657 1573 ex
2714 1534 2815 1588 qua
2861 1518 2904 1572 is
2936 1528 3084 1572 ortus
3132 1520 3301 1572 Inerat
3331 1533 3526 1571 nomen

1937 1611 2227 1663 exstitisse.
2263 1610 2366 1664 Sed
2394 1610 2581 1674 miror,
2606 1613 2647 1664 si
2684 1610 2817 1665 illud
2860 1624 2971 1665 erat
3002 1612 3278 1677 proprium
3314 1610 3530 1665 familia!

1937 1717 2261 1772 cognomen.
2296 1720 2359 1758 ex
2392 1704 2484 1757 illo
2508 1718 2753 1758 sororem
2785 1705 2961 1773 potius
2985 1720 3142 1772 quam
3179 1703 3531 1758 Fortunatutn

1938 1805 2183 1853 vocatum
2209 1797 2394 1857 luisse,
2425 1811 2525 1851 nec
2566 1797 2755 1851 saltem
2785 1799 2999 1867 utrique
3029 1799 3192 1852 luisse
3220 1811 3527 1851 commune.

1994 1891 2299 1943 uaniolnem
2335 1890 2633 1945 Sirmoudo
2684 1890 2958 1944 assentior
2986 1934 2998 1956 ,
3055 1891 3143 1958 qui
3177 1890 3342 1944 citato
3370 1904 3532 1957 supra

1942 1982 2061 2035 loco
2094 1998 2154 2035 ex
2195 1983 2517 2037 tcsumuniis
2558 1995 2808 2037 veterum
2845 1992 3319 2038 monumentorum
3354 1991 3536 2038 osten-

1938 2076 2009 2130 dit
2049 2079 2438 2145 p‘sterioribus
2473 2080 2686 2133 steculis
2738 2078 2875 2133 hanc
2930 2078 3381 2147 impoueudormn
3439 2093 3535 2133 no-

1940 2175 2141 2228 minum
2191 2173 2642 2228 consuetudinem
2695 2174 2929 2242 viguisse
2975 2190 2988 2227 :
3050 2172 3116 2228 L't
3166 2184 3271 2227 tum
3325 2173 3535 2244 prOpria

1938 2272 2203 2337 cujusque,
2251 2279 2356 2319 tnnt
2388 2268 2633 2338 adjuncta
2659 2308 2675 2333 ,
2726 2286 2814 2323 seu
2865 2270 3195 2339 cognomina,
3228 2284 3314 2321 seu
3345 2282 3537 2337 prono-

1939 2365 2076 2417 mina
2123 2364 2260 2433 (qua:
2290 2364 2457 2416 omnia
2509 2365 2561 2416 in
2608 2365 2826 2433 singulis
2866 2379 3025 2433 prope
3068 2362 3321 2432 capitibus
3370 2361 3535 2416 varia-

1942 2454 2127 2524 bant),
2159 2474 2187 2506 ιι
2216 2457 2513 2523 parentibus
2546 2462 2598 2509 ut
2624 2456 2938 2523 plurimum,
2980 2458 3330 2527 coquatisque.
3377 2455 3541 2523 patri-

1940 2548 2052 2613 bus,
2097 2548 2333 2615 pa'rnis,
2379 2547 2527 2611 aris,
2590 2547 2836 2615 proni-is,
2888 2547 3201 2615 reliquisque
3248 2545 3349 2611 aﬂ’e
3384 2548 3536 2611 tibus,

1940 2652 2396 2697 mntmn'entnr...
2449 2640 2628 2707 Neque
2671 2644 2802 2695 enim
2843 2652 2980 2695 certa
3009 2652 3054 2696 et
3100 2651 3255 2707 stata,
3311 2651 3362 2694 ut
3393 2642 3538 2706 olim,

1944 2739 2138 2810 generis
2161 2752 2205 2791 et
2238 2737 2448 2806 [ιιιιιὶιὶίιν
2478 2737 2728 2789 vocabula
2773 2737 2825 2789 in
2870 2752 2966 2789 usu
3006 2745 3128 2789 tunc.
3161 2739 3396 2805 fuerunt,
3430 2750 3543 2803 que

1943 2840 1989 2885 et
2050 2830 2300 2883 matribus
2350 2831 2644 2884 communia
2702 2839 2865 2884 essent
2904 2839 2952 2883 et
2998 2829 3067 2882 at!
3107 2838 3333 2897 posteros
3376 2837 3543 2881 trans-

1942 2923 2093 2988 irent,
2128 2933 2178 2976 ut
2212 2939 2326 2975 cum
2370 2922 2596 2977 Cornelii
2621 2933 2708 2976 au:
2739 2922 2874 2977 Julii
2898 2938 3071 2977 omnes
3107 2923 3406 2975 dicebantur
3456 2923 3545 2992 qui

1942 3035 1969 3071 ιι
2005 3027 2148 3087 gente
2179 3015 2420 3071 Cornelia
2452 3026 2542 3071 aut
2589 3015 2735 3070 Julia
2796 3016 2905 3069 nati
2957 3028 3143 3078 essent,
3178 3025 3225 3069 et
3277 3014 3547 3083 Scipiones

1946 3110 2090 3171 illnc,
2115 3117 2203 3160 aut
2227 3105 2515 3169 Cicerones,
2547 3108 2635 3177 qui
2668 3106 2721 3159 in
2751 3107 2901 3160 domo
2933 3117 2979 3161 et
3005 3106 3207 3173 familia
3238 3104 3543 3175 Scipionum

1942 3207 2032 3253 aut
2062 3198 2388 3267 CiCrTOIHHN,
2418 3202 2505 3254 sed
2557 3200 2878 3254 omniamox
2925 3216 3039 3253 cum
3090 3216 3274 3253 occasu
3322 3199 3540 3267 reipubl.

1869 3289 1915 3353 C
1946 3293 2139 3345 mutari
2179 3293 2364 3347 sensim
2414 3308 2473 3345 ac
2506 3292 2608 3346 labi
2657 3302 2937 3364 «cperunt,
2968 3304 3023 3347 ut
3068 3312 3361 3364 quanquam
3393 3296 3545 3350 initio

1945 3386 2142 3452 antiqui
2173 3386 2328 3439 moris
2381 3387 2558 3453 aliqua
2608 3387 2849 3440 Iiwserittt
2903 3389 3119 3459 rcstigia
3176 3390 3227 3441 in
3281 3390 3549 3459 gentilitiis

1947 3480 2261 3546 nominibus,
2319 3497 2491 3550 quisa
2523 3481 2789 3535 nonnullis
2837 3482 3051 3552 familiis
3105 3484 3546 3542 retinebantur...

1948 3576 2272 3645 postmodum
2304 3584 2472 3628 tamen
2505 3573 2600 3627 hoc
2642 3575 2811 3644 ipsum
2858 3592 3061 3646 quoque
3091 3576 3375 3646 neglectum
3424 3580 3548 3648 fuit,

1944 3668 2074 3720 adeo
2115 3677 2169 3719 ut
2201 3666 2401 3719 nullam
2449 3667 2653 3718 tandem
2694 3667 2925 3735 familia},
2962 3668 3163 3720 nullum
3194 3670 3394 3740 generis
3440 3686 3548 3723 cer-

1948 3767 2055 3809 tum
2089 3773 2271 3811 nomen
2301 3757 2475 3826 fuerit.
2513 3756 2642 3811 Filii
2681 3758 2836 3810 etiam
2866 3776 2895 3810 a
2942 3758 3171 3828 patribus
3201 3769 3247 3813 et
3298 3760 3547 3831 fratribus

1946 3850 2080 3903 inter
2109 3866 2180 3911 se,
2230 3849 2463 3904 omnibus
2494 3866 2627 3921 swpe
2673 3851 2983 3919 nominibus,
3008 3862 3098 3907 aut
3135 3853 3244 3921 fere
3292 3855 3545 3921 omnibus,

1947 3944 2306 4014 discreparint.

2020 4038 2071 4093 ϐ.
2112 4038 2263 4106 Quod
2308 4053 2441 4095 vero
2486 4040 2682 4095 attinet
2737 4038 2803 4095 ad
2856 4038 3079 4108 patriam
3130 4039 3445 4107 Fortunati,
3504 4039 3549 4096 is

1946 4129 2232 4185 Tarvisino
2264 4132 2314 4185 iu
2356 4147 2485 4201 agro
2513 4141 2669 4185 natus
2690 4142 2774 4187 est
2804 4147 2868 4186 eo
2896 4133 2948 4187 in
2981 4135 3098 4188 loco
3121 4133 3208 4202 qui
3237 4130 3544 4202 anlarilis,

1947 4222 2061 4279 sive
2115 4221 2420 4293 Duplal‘ilis,
2454 4233 2543 4278 aut
2600 4223 2918 4292 Duplavenis
2959 4224 3357 4289 nominabatur,
3390 4223 3548 4293 idque

1948 4328 2158 4373 constat
2190 4332 2256 4372 ex
2293 4320 2494 4384 apertis
2520 4332 2641 4373 cum
2688 4317 2971 4373 Fortunati
3003 4319 3195 4388 ipsius,
3246 4328 3355 4372 tum
3412 4318 3543 4371 alio«

1951 4428 2096 4476 rtiin,
2131 4410 2479 4465 testimoniis.
2540 4410 2587 4464 ls
2621 4422 2793 4477 certe,
2831 4412 2922 4466 lib.
2955 4428 3005 4467 tv
3040 4411 3172 4465 Vita:
3205 4412 3374 4465 sancti
3408 4410 3546 4466 Mar-

1952 4505 2069 4573 tini,
2098 4504 2293 4559 librum
2327 4518 2507 4568 suum,
2558 4520 2716 4574 quem
2749 4522 2816 4560 ex
2843 4503 3014 4559 Gallia
3051 4505 3100 4559 in
3138 4504 3339 4559 Italiam
3372 4506 3547 4559 mitte-

1954 4599 2066 4664 bat,
2099 4598 2379 4670 alloquens
2442 4598 2657 4669 poetico
2716 4614 2890 4667 more,
2942 4614 3000 4654 se
3054 4597 3314 4669 Duplavili
3362 4608 3543 4653 natum

1952 4708 2072 4750 esse
2107 4705 2351 4760 testatur,
2388 4694 2467 4748 his
2501 4696 2717 4750 verbis:

2047 4790 2150 4849 Qua
2177 4803 2286 4839 mea
2309 4789 2539 4839 Tarvisus
2564 4790 2770 4849 residet,
2794 4790 2833 4838 si
2853 4788 3065 4839 molliter
3091 4791 3263 4849 intras,

2048 4852 2293 4903 lllustrem
2312 4853 2494 4900 sociam
2518 4852 2755 4907 Felicem,
2777 4864 2963 4913 animo,
2988 4856 3209 4913 require.

2045 4916 2145 4966 Per
2167 4916 2399 4966 Cenetam
2423 4916 2672 4976 gradiens,
2698 4923 2749 4964 et
2767 4918 2948 4965 amicos
2973 4916 3364 4978 [luptaxilensem

2046 4978 2157 5043 Qua?
2177 4980 2336 5028 natale
2360 4980 2515 5027 solum
2544 4987 2617 5025 est
2644 4978 2760 5025 mihi
2789 4980 3178 5038 sanguine,smle
3206 4989 3480 5043 parentum,

2051 5042 2206 5090 Prolis
2229 5044 2367 5101 origo
2392 5051 2602 5101 patrum,
2629 5049 2807 5095 mater,
2833 5054 2984 5095 soror.
3011 5044 3128 5090 crdo
3152 5052 3332 5100 nepotu
3356 5061 3403 5102 ιι,

2046 5105 2178 5164 Quos
2202 5104 2307 5153 colo
2332 5105 2500 5163 cordo,
2526 5103 2638 5161 tide,
2666 5104 2909 5165 breviter,
2936 5111 3070 5164 peto,
3092 5106 3244 5152 redde
3271 5108 3497 5166 salutem,

1951 5192 2152 5247 Paulus
2193 5205 2406 5259 quoque
2430 5190 2721 5251 DiacOuus,
2755 5189 2848 5244 lib.
2883 5204 2920 5243 ιι
2954 5188 3089 5244 llist.
3125 5189 3389 5260 Longob.,
3420 5205 3543 5261 cap.

1959 5286 2041 5354 15,
2071 5286 2320 5341 eumdem
2354 5296 2536 5340 uatum
2580 5284 2845 5351 Duplavili
2872 5284 3075 5340 diserte
3125 5287 3426 5353 prolitctur,
3459 5284 3543 5339 in-

1951 5380 2183 5449 quiens:
2222 5377 2560 5443 Fortunatus,
2595 5387 2746 5432 natus
2785 5376 2993 5445 quidem
3049 5378 3101 5429 in
3146 5377 3257 5430 loco
3288 5378 3374 5445 qui
3437 5376 3546 5431 Du-

1950 5476 2155 5543 plarilis
2195 5474 2383 5527 dicitur
2414 5474 2535 5541 fuit,
2580 5473 2667 5541 qui
2700 5470 2843 5525 locus
2887 5471 3026 5525 haud
3059 5471 3204 5542 longe
3234 5488 3264 5523 ιι
3293 5469 3548 5526 Cenitensi

1949 5577 2118 5623 castro
2161 5567 2235 5620 vel
2274 5564 2579 5620 Turrisiana
2621 5566 2777 5619 distat
2818 5565 3041 5620 ciritate.

2023 5662 2079 5717 7.
2110 5661 2294 5731 Itaque
2324 5660 2653 5716 Fortunatus
2684 5659 2971 5715 Tarvisino
2999 5660 3054 5713 itt
3100 5675 3229 5728 agro
3262 5669 3419 5714 natus
3461 5668 3545 5713 est

1955 5754 2245 5823 Duplavili,
2278 5754 2392 5810 sive
2422 5754 2511 5809 ille
2545 5769 2710 5823 pagus
2752 5762 2845 5808 aut
2899 5753 3153 5823 oppiduni
3213 5751 3391 5817 fuerit,
3427 5753 3539 5809 sive

1951 5848 2188 5920 regionis
2218 5856 2419 5905 tractus
2453 5845 2671 5918 aliquis,
2702 5845 2771 5903 ad
2820 5845 3029 5903 l’lavint
3067 5844 3289 5902 ﬂuvium
3348 5862 3546 5916 expor-
