4236 6574
768 415 844 471 23
1308 408 1817 466 PROLEGOMENA
1862 407 1952 461 AD
2000 404 2323 462 VENANTII
2366 403 2526 460 "0N.
2570 401 2776 460 Ωιι-τη.
2823 402 3221 459 FORTI'NATI
3263 401 3507 458 OPERA.
3979 403 4053 463 24

769 536 968 593 rectus,
1000 540 1028 579 a
1058 538 1164 597 quo
1207 526 1370 581 etiam
1420 538 1615 579 nomen
1653 522 1864 578 videtur
1916 522 2212 591 accepisse.
2246 519 2353 576 HO-
2386 525 2436 584 Α
2466 534 2621 575 suum
2648 522 2950 591 alloquens,
2980 519 3150 589 inquit
3178 538 3190 575 :

769 622 960 691 dieque
987 618 1052 675 iis
1075 619 1125 673 in
1152 617 1283 673 locis
1324 631 1514 688 pagus,
1540 617 1655 671 sive
1683 615 1967 686 Oppidum,
2012 614 2183 684 jacet,
2208 612 2353 683 quod

771 710 980 783 vulgari
1050 723 1304 765 sermone
1373 706 1769 763 Valdebiadena
1848 704 2176 762 nominatur.
2241 700 2357 760 Hoc

768 798 871 863 sibi
921 805 1279 862 Fortunatam
1346 814 1587 861 nostrum
1640 812 1702 858 ut
1752 804 1924 859 civem
1968 816 2123 856 suum
2167 808 2220 857 et
2272 800 2356 854 in-

771 900 1017 971 digenam
1043 898 1304 966 vindicat,
1335 896 1845 953 honestissimorum
1891 895 2134 949 virorum
2181 892 2357 950 domi-

767 992 971 1048 cilium.

846 1083 898 1139 8.
946 1081 1257 1149 Cluverius,
1285 1090 1325 1138 t.
1377 1081 1398 1137 l
1444 1080 1559 1136 Ital.
1599 1081 1795 1153 antiq.,
1852 1096 1974 1151 cap.
2023 1080 2115 1149 18,
2174 1086 2358 1136 censet

770 1175 1105 1245 Duplavilem
1129 1191 1197 1231 eo
1235 1175 1287 1229 in
1315 1175 1431 1230 loco
1465 1174 1630 1231 fuisse
1656 1177 1740 1229 ubi
1772 1192 1930 1242 nunc,
1967 1175 2165 1244 inquit.
2199 1176 2353 1246 Oppi-

768 1266 892 1320 dum
916 1266 969 1319 in
994 1268 1129 1320 edito
1173 1266 1284 1320 loco
1313 1268 1628 1336 conspicitur
1648 1268 1716 1320 ad
1756 1267 1933 1321 laevam
1961 1269 2128 1322 amnis
2159 1268 2352 1338 ripam,

767 1360 968 1429 uulgari
994 1360 1342 1429 appellatione
1394 1360 1454 1414 ὃ.
1488 1359 1795 1415 Salvadore.
1829 1359 1937 1416 Sed
1988 1361 2070 1416 vir
2100 1362 2355 1416 eruditis-

764 1454 954 1520 simus,
983 1466 1489 1524 oruattssttnusque,
1522 1470 1705 1510 comes
1732 1455 2060 1511 Rambalbus
2082 1456 2150 1512 de
2173 1460 2350 1512 Ληο-

766 1544 908 1610 niis,
961 1546 1254 1601 Tarvisinre
1314 1547 1573 1603 Ecclesia:
1622 1548 1912 1604 canonicos
1966 1549 2169 1619 (quem
2220 1551 2352 1605 alias

766 1637 1055 1706 laudavi),
1109 1640 1159 1692 itt
1230 1638 1448 1693 dissert.
1510 1640 1562 1695 in
1617 1656 1721 1710 qua
1781 1640 1916 1697 Ven.
1993 1639 2350 1698 Fortunatttnt

764 1729 933 1799 patria
974 1729 1312 1786 Tarvi~inum
1342 1746 1465 1787 esse
1493 1734 1730 1789 ostendit
1759 1735 2054 1804 (quamque
2087 1734 2216 1789 mihi
2247 1736 2345 1789 be-

764 1824 1101 1894 nignissime,
1138 1835 1193 1879 ut
1217 1828 1378 1881 etiam
1412 1828 1536 1895 alia,
1568 1828 1978 1900 commodavit),
2008 1829 2347 1899 gravissimis

763 1921 1051 1974 momentis
1081 1921 1277 1975 evincit
1327 1921 1657 1989 Duplavilem
1707 1921 1847 1976 haud
1906 1922 2145 1992 potuisse
2201 1936 2351 1978 eant-

762 2010 883 2066 dem
907 2027 1028 2068 esse
1045 2027 1107 2067 ac
1124 2013 1377 2082 oppidum
1402 2013 1529 2068 illttd
1543 2013 1612 2069 de
1626 2029 1731 2083 quo
1749 2015 2059 2081 Cluverius,
2082 2029 2203 2070 eum
2221 2014 2354 2069 For-

763 2114 996 2167 tunatus.
1032 2105 1122 2159 ubi
1153 2105 1289 2161 libro
1317 2121 1416 2161 suo
1446 2107 1549 2161 iter
1586 2122 1653 2161 ex
1690 2106 1862 2163 Gallia
1895 2109 1947 2162 itt
1977 2107 2182 2162 Italiam
2206 2122 2354 2162 com-

769 2205 1056 2260 tnottstrat,
1090 2212 1153 2250 ex
1189 2197 1431 2267 Aquileia
1462 2197 1842 2263 Concordiam,
1881 2211 2039 2269 atque
2066 2200 2190 2254 inde
2220 2198 2354 2254 Tar-

765 2287 978 2352 visintn,
1009 2297 1118 2341 tum
1175 2288 1435 2343 Cettetatn
1487 2300 1542 2344 et
1601 2289 1973 2359 liuplavilem,
2031 2292 2350 2347 veniendum

762 2383 1034 2448 ostendat,
1068 2384 1339 2438 Patavium
1375 2400 1560 2440 versus
1617 2388 1997 2455 prolieiscenti,
2038 2397 2093 2443 ttt
2127 2388 2353 2457 proinde

763 2473 1080 2542 Duplavilis,
1134 2478 1299 2544 patria
1335 2475 1639 2541 Fortunati,
1675 2492 1778 2533 non
1809 2489 1951 2534 esset
1998 2479 2175 2535 media
2208 2479 2350 2533 Tar-

761 2564 951 2619 visium
984 2564 1126 2621 inter
1150 2581 1211 2622 ac
1239 2567 1524 2634 Cenetam,
1558 2567 1652 2625 sed
1701 2571 1838 2624 ultra
1869 2568 2151 2637 Cenetam,
2196 2571 2351 2625 Pata-

763 2660 907 2714 vium
938 2675 1147 2725 versus,
1188 2662 1288 2716 iter
1316 2663 1517 2732 agenti,
1570 2662 1874 2733 cujusntodi
1926 2679 2030 2718 non
2063 2673 2148 2720 est
2199 2664 2352 2735 Oppi-

760 2749 887 2805 dum
920 2750 1047 2806 illud
1076 2750 1138 2808 S.
1165 2752 1481 2820 Salvadore,
1514 2754 1657 2824 quod
1692 2746 1995 2826 utrumque,
2041 2756 2350 2812 Tarvisiunt

760 2843 966 2899 scilicet
1015 2860 1077 2899 ac
1132 2847 1388 2902 Cenetam
1419 2890 1434 2911 ,
1492 2848 1874 2903 intermedium
1921 2850 2083 2917 jacet.
2148 2848 2351 2906 Deinde

757 2932 898 2990 istud
930 2936 1183 3004 oppidum
1216 2936 1418 2992 nullum
1449 2946 1567 2993 erat
1617 2940 1815 2993 szeculo
1840 2954 1893 2992 Vl
1934 2950 1988 2994 et
2029 2940 2094 2994 ad
2143 2955 2345 2994 annum

758 3040 927 3097 usque
975 3025 1114 3081 1245
1169 3029 1317 3083 solus
1366 3045 1429 3085 ac
1488 3030 1735 3086 desertus
1783 3031 1981 3087 montis
2023 3033 2195 3087 clivus
2226 3048 2349 3103 per-

758 3118 978 3173 mansit.
1011 3117 1273 3184 Quocirca
1302 3118 1523 3178 minime
1553 3121 1599 3176 is
1622 3120 1830 3177 dubitat
1861 3124 1988 3193 quin
2021 3124 2344 3194 Duplavilis,

757 3226 813 3265 tn
860 3225 963 3280 qua
997 3211 1174 3267 natale
1223 3210 1497 3267 Fortunati
1558 3212 1756 3280 solum,
1801 3214 1989 3271 eadem
2015 3216 2086 3270 sit
2115 3231 2179 3272 ac
2223 3232 2344 3287 qua:

762 3302 1159 3362 Valdehiadena
1187 3307 1344 3378 vulgo
1372 3308 1699 3379 appellatur,
1744 3311 1917 3380 posita
1974 3311 2027 3366 in
2059 3311 2346 3369 'l‘arvisino

757 3410 910 3466 agro,
952 3411 1073 3452 cum
1122 3407 1175 3453 et
1225 3399 1524 3455 similitudo
1576 3402 1807 3456 nominis
1858 3402 1940 3474 (ut
1986 3419 2051 3457 ex
2110 3403 2347 3471 antiquis

763 3492 1128 3548 monumentis
1158 3507 1275 3562 qua:
1334 3494 1401 3548 ab
1446 3495 1562 3562 ipso
1610 3496 1954 3562 proferuntur
2003 3498 2173 3566 magis
2219 3511 2348 3552 con-

760 3585 904 3652 stat)
960 3585 1081 3640 huic
1134 3587 1415 3643 sententiae
1464 3589 1752 3646 admodum
1808 3591 1986 3648 lavere
2041 3591 2347 3661 deprehen-

757 3677 937 3733 datur.

826 3771 878 3824 9.
916 3774 979 3824 At
1009 3770 1163 3826 .Ioan.
1196 3771 1462 3843 Josepbus
1506 3773 1677 3829 Lirttti
1710 3790 1831 3830 cum
1884 3777 2182 3832 assentitur
2218 3777 2344 3833 Citt-

758 3866 908 3919 verio
937 3864 1034 3919 liae
1068 3867 1119 3919 itt
1152 3881 1230 3933 re,
1257 3877 1368 3923 tum
1404 3867 1534 3922 illud
1559 3868 1627 3923 de
1675 3882 1773 3921 suo
1804 3869 1973 3935 addit,
2008 3868 2341 3939 Duplavilem

758 3958 971 4014 nonnisi
1006 3960 1204 4015 avitum
1256 3971 1350 4016 aut
1410 3972 1692 4033 paternum
1750 3962 2028 4018 Fortunati
2080 3963 2340 4033 pra-dium

762 4051 947 4115 fuisse,
976 4051 1027 4104 in
1056 4052 1199 4120 quod
1230 4052 1347 4123 ejus
1375 4064 1645 4120 parentes,
1670 4064 1760 4108 aut
1802 4055 1911 4121 avi,
1940 4056 2086 4110 cives
2116 4056 2199 4129 (ut
2231 4056 2345 4125 ipse

760 4144 1032 4217 opinatur)
1066 4144 1457 4215 Aquileienses,
1484 4157 1843 4212 secesserant,
1895 4163 1999 4218 quo
2045 4148 2251 4214 Attilae,
2281 4161 2345 4203 ac

759 4247 1085 4293 cacterorunt
1120 4238 1499 4304 Barbarorum,
1545 4240 1633 4309 qui
1681 4240 1793 4294 suis
1830 4255 1973 4309 saepe
2015 4240 2343 4318 exercitibus

756 4330 1062 4400 Aquileiam
1125 4330 1469 4397 infestarunt,
1532 4333 1922 4389 immanitatem
1976 4343 2029 4389 et
2070 4348 2343 4389 armorum

755 4421 991 4479 furorem
1016 4423 1371 4480 declinarent.

838 4516 921 4570 10.
964 4516 1070 4572 Sed
1123 4516 1264 4572 haud
1324 4519 1437 4573 scio
1489 4529 1746 4590 quantum
1798 4521 1919 4575 huic
1951 4520 2205 4591 singulari
2242 4520 2342 4576 viri

769 4609 1094 4679 eceteroquin
1127 4609 1425 4665 doctissimi
1456 4612 1696 4679 Opinioni
1730 4613 2071 4669 tribuendum
2102 4615 2193 4679 sit,
2217 4628 2337 4669 cum

761 4710 872 4757 tam
906 4700 1187 4772 perspicue
1210 4700 1260 4756 in
1285 4702 1445 4757 allato
1467 4706 1714 4773 superius
1737 4706 1974 4760 carmine
1995 4705 2340 4775 Fortunatus,

755 4810 865 4850 non
886 4795 1057 4849 solum
1081 4793 1363 4850 Tarvisum
1387 4812 1534 4849 suam
1568 4812 1688 4851 esse
1714 4797 1876 4862 dicat,
1908 4807 1961 4851 et
1991 4799 2181 4851 amicos
2205 4798 2345 4853 inter

755 4885 1151 4954 Duplavilcnses
1197 4894 1370 4943 notate
1417 4888 1581 4943 solum
1622 4903 1743 4944 esse
1787 4889 1889 4944 sibi
1938 4892 2188 4963 sanguine
2228 4890 2346 4944 sede

755 4973 1084 5044 Parculum,
1125 4978 1220 5033 sed
1269 4979 1426 5033 etiam
1471 4981 1635 5048 prolis
1689 4981 1935 5050 originem
1972 4992 2208 5050 patrum,
2239 4996 2344 5052 quo

756 5068 900 5123 haud
928 5072 1043 5126 scio
1081 5085 1150 5124 an
1190 5071 1491 5126 evidentius
1543 5072 1741 5142 aliqttid
1785 5072 1851 5128 ad
1902 5076 2131 5142 patriam
2161 5076 2343 5143 cujus-

770 5177 873 5233 que
897 5162 1168 5233 regionem
1211 5161 1547 5217 indicandam
1593 5163 1761 5232 pos.~it
1810 5165 2054 5234 proferri.

834 5257 923 5311 Η.
979 5255 1108 5311 lllud
1142 5266 1318 5312 tamen
1351 5256 1490 5312 haud
1523 5256 1720 5311 invitus
1750 5257 1892 5323 dem,
1922 5258 2170 5314 eumdem
2202 5258 2341 5314 haud

760 5349 853 5405 diu
877 5357 1096 5419 paterna
1131 5351 1182 5402 in
1214 5349 1376 5404 domo
1407 5365 1468 5404 ae
1498 5352 1721 5422 regione
1741 5349 2065 5414 subsedisse,
2100 5351 2189 5420 qui
2229 5352 2339 5421 pri-

760 5442 947 5497 mmvis
1002 5441 1071 5494 ah
1120 5444 1274 5496 annis
1321 5441 1549 5509 spatium
1629 5442 1885 5509 temporis
1940 5441 2198 5510 aliquod,
2257 5442 2342 5498 vel

759 5535 1042 5607 Aquileiae,
1088 5534 1477 5604 potentissima!
1528 5535 1796 5604 quondam
1854 5532 2105 5598 civitatis,
2144 5534 2342 5590 vixisse

759 5627 1209 5698 deprehendatur,
1252 5636 1309 5681 ut
1340 5627 1453 5696 ipse
1484 5626 1549 5682 de
1576 5642 1636 5682 se
1668 5626 1895 5680 allirmat
1916 5668 1931 5692 ,
1980 5626 2077 5681 lilt.
2111 5641 2161 5679 tv
2207 5625 2341 5679 Vitae

760 5721 932 5776 sancti
990 5720 1223 5786 Martini,
1257 5719 1406 5774 hisee
1456 5719 1676 5786 verbis,
1726 5719 1916 5787 quibus
1967 5718 2093 5772 item
2149 5717 2339 5771 lilirutn

833 5868 857 5893 ει
896 5857 1028 5910 \‘ide
1065 5857 1234 5910 \‘itant
1265 5856 1441 5909 Rulini
1490 5855 1761 5926 pra-lixam
1794 5854 2032 5923 ejusdem
2060 5854 2159 5925 0p.
2197 5853 2336 5909 Edit.

764 5931 863 5986 Ver
887 5946 955 5984 in.
992 5928 1148 5988 172‘s,
1183 5928 1217 5983 Ι.
1253 5942 1287 5994 t,
1323 5943 1375 5981 n.

2582 612 2677 680 ᾼιιι
2700 611 3067 680 Aquileiensem
3092 614 3131 680 si
3157 612 3281 680 forte
3305 615 3572 680 accesseris
3594 615 3795 680 urbem,

2587 676 2836 725 Cassianos
2860 675 3047 724 Domini
3073 678 3273 723 nimium
3302 678 3558 725 veni-reris
3582 675 3797 728 amicos}

2582 739 2651 801 ᾼε
2677 736 2922 801 Fortunati
2940 739 3494 801 ltenedictam‘ntartyris
3521 752 3711 801 urnam,

2584 800 2967 862 Pontilicemque
2992 803 3123 861 pittttt
3151 799 3352 848 l‘aulum
3375 806 3637 863 cupienter
3661 799 3831 863 adora,

2584 863 2675 921 Qui
2702 876 2781 911 me
2803 865 3046 924 printtevis
3068 864 3285 913 converti
3306 865 3504 923 Optabat
3524 866 3585 912 ab
3608 868 3765 913 anuis.

2530 945 2618 998 12.
2662 944 2815 1000 llisee
2845 945 3130 1013 postremis
3179 960 3211 999 e
3236 944 3415 999 verbis
3445 945 3605 1001 int‘ert
3630 946 3786 1002 Joan.
3809 947 4039 1017 Joseph.

2457 1037 2627 1092 Liruti
2659 1038 3004 1092 Fortunatum
3030 1036 3291 1106 Aquileiae
3318 1051 3348 1091 a
3375 1035 3560 1103 Paulo,
3583 1039 3702 1109 ejus
3735 1040 3880 1095 urbis
3905 1056 4042 1109 pon-

2457 1130 2617 1195 tiﬁce,
2668 1129 2988 1199 baptismum
3037 1129 3330 1198 accepisse,
3382 1129 3524 1199 quod
3571 1133 3856 1187 sententia
3907 1145 4045 1199 sua,

2455 1238 2558 1295 qua
2590 1222 2737 1277 illum
2787 1223 2959 1277 civem
3014 1221 3414 1291 Aquileiensem
3464 1224 3713 1294 Opinatur
3759 1225 3947 1291 fuisse,
3990 1228 4046 1283 in

2458 1318 2641 1387 primis
2672 1315 2950 1385 Sullragari
3002 1318 3314 1372 arbitratur.

2532 1409 2615 1465 lii.
2648 1409 2865 1473 \‘etum,
2912 1418 2966 1463 ut
3012 1408 3142 1463 illud
3190 1408 3460 1472 omittam,
3493 1427 3561 1465 ex
3595 1426 3660 1468 eo
3685 1412 3825 1481 quod
3849 1412 4047 1471 Paulus

2454 1510 2660 1570 Optaret
2692 1500 3041 1555 Fortunatum
3071 1516 3101 1555 a
3125 1503 3394 1571 primaevis
3422 1504 3579 1559 annis
3607 1506 3871 1571 converti,
3903 1506 4046 1563 haud

2455 1610 2612 1663 posse
2634 1593 2883 1649 concludi
2913 1594 2995 1648 vel
3026 1594 3190 1650 fuisse
3211 1610 3552 1661 conversum,
3592 1597 3719 1652 illud
3753 1599 3881 1652 mihi
3912 1599 4048 1654 mul-

2455 1695 2510 1739 to
2539 1688 2885 1741 verisimilius
2917 1687 3148 1751 videtur,
3183 1688 3427 1754 Paulum,
3461 1688 3855 1757 Aquileiensetn
3886 1692 4045 1746 Anti-

2453 1776 2657 1841 stitem,
2689 1776 2742 1832 id
2774 1786 2990 1846 Optasse
3046 1780 3241 1847 potius,
3289 1787 3345 1832 ut
3368 1779 3532 1846 idem,
3566 1794 3693 1848 puer
3720 1783 3916 1850 adhuc,
3964 1783 4048 1839 vel

2384 1895 2432 1953 Β
2462 1872 2795 1938 adulescens,
2830 1872 3050 1943 abjectis
3080 1882 3393 1928 caeterarum
3434 1889 3613 1929 rerum
3664 1890 3832 1942 curis,
3862 1890 4049 1931 mona-

2462 1966 2649 2019 sticam
2674 1965 2834 2019 vitam
2867 1965 3127 2033 Aquileia:
3149 1966 3581 2035 amplecteretur,
3629 1983 3748 2022 cum
3774 1977 3950 2023 tamen
3980 1968 4048 2033 is,

2457 2058 2529 2111 ob
2584 2057 2728 2111 illam
2778 2056 2915 2112 forte
2940 2071 3176 2127 causam,
3227 2059 3369 2129 quod
3420 2058 3727 2115 Ravennam
3784 2060 4050 2129 proﬁcisci

2455 2151 2735 2219 cogitaret,
2795 2159 2849 2204 ut
2878 2164 2939 2203 ea
2968 2150 3021 2203 in
3055 2149 3210 2215 urbe,
3265 2160 3511 2221 tanquam
3536 2153 3883 2208 scientiarum
3931 2167 4051 2208 om-

2456 2245 2602 2298 niunt
2635 2244 2847 2314 Lycaeo,
2875 2242 3067 2298 studiis
3117 2244 3419 2300 litterarum
3454 2245 3606 2301 daret
3631 2262 3871 2317 Operam,
3905 2247 4048 2303 votis

2456 2336 2724 2405 pontiticis
2775 2336 2994 2391 minime
3031 2335 3438 2406 obsequendum
3479 2337 3771 2394 censuerit.
3802 2339 3963 2394 Certe
3994 2337 4050 2394 id

2454 2439 2571 2486 erat
2629 2430 2885 2484 usitatum
2941 2430 3007 2482 iis
3056 2428 3407 2497 temporibus,
3466 2440 3525 2483 ut
3569 2429 3660 2500 qui
3711 2430 4049 2485 tnonastiecn

2453 2525 2891 2593 amplecteretur,
2923 2520 2969 2574 is
2995 2519 3266 2575 diceretur
3295 2521 3561 2576 converti.
3593 2521 3690 2588 Ac,
3714 2533 3774 2575 ut
3801 2523 4048 2577 omittam

2452 2617 2626 2670 sancti
2678 2616 2878 2671 Bened.
2926 2616 3072 2689 c.58
3122 2614 3278 2687 lleg.,
3315 2625 3370 2672 et
3417 2616 3837 2688 sanctiGregor.
3867 2618 4048 2689 magni

2455 2709 2786 2775 testimonia,
2820 2708 2914 2763 lib.
2942 2723 3000 2773 tt,
3032 2709 3187 2777 epist.
3240 2707 3273 2761 4
3303 2717 3357 2763 et
3388 2706 3459 2763 60
3491 2708 3635 2763 Edit.
3686 2708 3880 2774 Paris.,
3910 2708 4051 2764 Bau-

2452 2800 2689 2863 donivia,
2721 2814 2902 2855 cornva
2945 2798 3261 2867 Fortunato,
3307 2814 3371 2855 ac
3400 2800 3824 2856 sanctimonialis
3855 2817 4045 2856 tnona-

2450 2894 2598 2947 sterii
2624 2892 2997 2956 Pictaviensis,
3017 2892 3070 2947 in
3101 2891 3218 2947 Vita
3240 2891 3407 2946 beatae
3427 2890 3793 2961 lladegundis,
3812 2908 3961 2947 num.
3985 2891 4041 2959 5,

2450 2987 2529 3043 sic
2576 2986 2645 3043 de
2686 2989 2800 3056 ipsa
2843 2988 3119 3059 loquitur:
3172 2987 3477 3058 Postquam,
3546 2987 3741 3059 inquit,
3805 2998 4048 3059 aperante

2451 3078 2627 3133 divina
2656 3082 2901 3150 potentia,
2930 3097 2962 3133 a
2990 3096 3107 3150 rege
3134 3091 3334 3136 terreno
3360 3082 3621 3145 discessit,
3648 3082 3786 3152 quod
3809 3097 3906 3136 sua
3931 3092 4048 3136 vota

2452 3174 2748 3243 poscebant,
2768 3175 2892 3228 dum
2924 3174 3150 3229 Suadas
3172 3175 3227 3228 itt
3258 3174 3407 3235 villa.
3435 3190 3592 3243 quam
3616 3173 3665 3228 ei
3693 3190 3783 3229 rex
3809 3174 4044 3239 dederat,

2375 3263 2423 3327 C
2453 3264 2712 3331 resideret,
2746 3266 2799 3318 in
2837 3265 3005 3333 primo
3047 3281 3185 3319 anno
3241 3265 3587 3319 conversionis
3618 3280 3761 3332 sua,
3788 3274 3895 3321 etc.
3926 3265 4047 3322 1am

2451 3372 2580 3411 vero
2606 3366 2809 3413 certum
2840 3366 2923 3412 est
2951 3356 3359 3429 Radegundem,
3414 3356 3719 3413 Christiana
3761 3356 3815 3413 in
3845 3357 4046 3428 pietate

2452 3451 2519 3506 ab
2547 3462 2782 3507 extrema
2813 3452 3041 3522 pueritia
3068 3451 3375 3517 educatam,
3401 3465 3526 3506 cum
3557 3465 3587 3504 a
3620 3450 3860 3508 Clotario
3890 3466 4040 3521 rege,

2450 3544 2675 3616 conjuge
2696 3560 2818 3612 suo,
2863 3546 3225 3611 discessisset,
3261 3555 3320 3601 ut
3348 3545 3485 3602 inira
3525 3545 3733 3602 dicetur
3760 3545 4038 3614 (Furtum,

2449 3638 2502 3691 in
2539 3636 2652 3691 Vita
2671 3638 2731 3693 8.
2766 3638 2927 3704 Rath,
2947 3655 3000 3693 u.
3033 3637 3147 3707 12),
3173 3636 3456 3694 conleSIim
3483 3636 3795 3711 Noviomagt
3823 3656 3853 3693 a
3886 3638 4044 3695 beato

2451 3727 2704 3784 Medardo
2752 3729 3009 3801 episeopo
3086 3729 3443 3786 monastieum
3502 3730 3680 3786 velum
3734 3732 4036 3801 accepisse,

2449 3830 2608 3892 atque
2640 3821 2724 3877 hic
2757 3823 2983 3899 proinde
3022 3838 3193 3879 annus
3245 3828 3356 3895 ejus
3380 3825 3727 3879 conuersionis
3778 3826 3983 3894 primus
4013 3839 4043 3880 ι

2452 3914 2776 3970 Baudonivia
2830 3917 3153 3986 appellatur.
3230 3916 3380 3972 llaud
3449 3932 3608 3973 secus
3682 3915 4036 3984 Fortunatus,

2449 4008 2540 4063 lib.
2574 4025 2648 4079 tv,
2690 4025 2808 4080 cap.
2854 4011 2944 4076 9.3,
2993 4012 3213 4082 loquens
3256 4012 3327 4068 de
3377 4012 3610 4083 quodam
3658 4011 3892 4081 Juliano,
3948 4013 4039 4084 qui

2447 4110 2601 4155 antea
2649 4110 3003 4157 mercaturam
3058 4110 3393 4170 exercuerat,
3446 4111 3583 4170 tum,
3614 4102 3714 4158 hac
3740 4102 3949 4170 relicta,
3980 4117 4042 4158 se

2424 4199 2620 4248 totum
2680 4193 2788 4248 Deo
2834 4203 3261 4259 consecraverat,
3332 4204 3480 4264 parta
3537 4194 3778 4251 tribuens
3828 4195 4038 4268 egenis,

2448 4285 2617 4357 inquit
2650 4307 2659 4338 :

2574 4399 2813 4449 Mereatur
2837 4400 3097 4462 quondam,
3126 4400 3502 4451 contersnsllne
3528 4401 3689 4459 beato,

2669 4462 2847 4521 Raptus
2870 4464 2930 4509 ah
2955 4464 3042 4509 hoc
3064 4463 3241 4510 mundo
3261 4465 3461 4511 crimine
3487 4462 3611 4510 liber
3638 4464 3797 4512 homo.

2573 4521 2781 4587 Collegit
2807 4526 3023 4579 nimium,
3050 4525 3138 4572 sed
3163 4526 3332 4581 Sparsit
3363 4526 3624 4583 egentibus
3640 4538 3833 4587 aurum,

2669 4585 2927 4634 l'rmmittit
2944 4595 3143 4635 cunctas
3156 4598 3275 4647 quas
3294 4594 3593 4647 sequeretur
3612 4599 3753 4649 Opes.

2525 4696 2613 4751 M.
2655 4695 2781 4751 Erat
2804 4705 2980 4751 autem
3010 4698 3319 4767 percelebre
3344 4698 3599 4767 Aquileia:
3616 4699 4028 4766 monasterium,

2450 4787 2535 4844 vel
2568 4788 2681 4856 ipsa
2712 4788 2886 4843 Ruﬁni
2916 4796 3097 4856 aetate,
3152 4789 3240 4857 qui
3301 4791 3600 4847 monachus
3630 4792 3770 4848 ineo
3799 4791 4032 4860 vixerat,

2449 4898 2572 4938 cum
2608 4883 2832 4945 interea,
2888 4882 2934 4936 si
2991 4897 3163 4936 ttnum‘
3205 4882 3542 4939 Vercellense
3583 4884 3843 4954 excipias,
3891 4886 4037 4942 aliud

2451 4976 2563 5028 fere
2608 4974 2661 5028 in
2691 4972 2839 5028 Italia
2893 4983 3038 5028 esset
3097 4975 3300 5028 nullum
3344 4986 3391 5028 ι.
3433 4974 3699 5031 Credibile
3746 4978 3927 5047 itaque
3952 4988 4039 5034 est

2447 5066 2514 5121 ad
2542 5069 2644 5120 hoc
2669 5065 3014 5135 Aquileiense
3060 5068 3440 5122 monasterium
3474 5067 3823 5124 Fortunatam
3852 5081 3976 5124 tunc
4004 5084 4038 5125 a

2450 5158 2616 5214 Paulo
2644 5160 2923 5213 invitatum
2968 5159 3153 5226 fuisse,
3203 5176 3309 5230 quo
3348 5159 3485 5216 forte
3507 5171 3560 5215 et
3592 5162 3737 5217 clero
3770 5160 3886 5232 (qui
3919 5162 4036 5217 fere

2448 5265 2664 5319 semper
2713 5248 3018 5319 adjunctam
3079 5260 3205 5306 tunc
3261 5250 3515 5321 temporis
3566 5253 3877 5310 monasticae
3910 5254 4038 5310 vita:

2450 5342 2839 5411 professionem
2908 5342 3163 5411 habebat)
3217 5344 3435 5409 ascitus,
3500 5344 3700 5414 majora
3774 5345 4036 5415 deinceps

2449 5438 2777 5511 Aquileiensi
2824 5439 3076 5496 Ecclesiae
3119 5440 3321 5505 ofﬁcia,
3372 5456 3468 5511 pro
3515 5442 3603 5495 illa
3634 5457 3737 5511 qua
3764 5449 3883 5496 erat
3912 5441 4037 5499 vitta

2445 5533 2772 5603 innocentia,
2805 5543 2856 5588 et
2878 5534 3073 5602 ingenii
3104 5535 3239 5599 acie,
3270 5543 3548 5604 pra-staret
3585 5531 3633 5588 ι».

2520 5629 2607 5682 15.
2650 5626 2986 5696 Quanquam,
3019 5642 3139 5682 cum
3186 5627 3312 5682 illud
3358 5628 3743 5691 animadverto,
3788 5625 4035 5691 Paulum.

2445 5720 2560 5774 sive
2584 5718 2864 5772 Paulinum
2890 5718 2981 5786 (de
3006 5733 3111 5787 quo
3139 5719 3284 5787 plura
3311 5718 3564 5790 Ugltellus
3588 5719 3638 5773 in
3662 5717 3820 5773 Italia
3845 5716 4036 5791 Sacra)

2520 5854 2541 5886 "
2593 5853 2719 5909 Vide
2751 5852 2937 5918 Rttin.,
2979 5852 3031 5907 in
3058 5852 3208 5924 pra-l.
3252 5856 3348 5925 0p.
3382 5857 3437 5911 S.
3472 5856 3630 5925 (ὦτος.
3657 5853 3811 5917 Tun,
3834 5871 3886 5910 tt.
3915 5852 4009 5913 55.
