4236 6548
178 374 240 430 '25
1323 374 1360 430 ν
1376 376 1483 431 I'I‘A
1528 376 1564 430 Υ
1578 373 1855 431 ΕΝᾹΝΤΙΙ
1902 375 2131 432 FORTU
2144 376 2323 431 NATI.
3408 379 3481 436 90

180 493 533 564 Aquileiensis
585 492 840 549 Ecclesim
900 492 1083 549 sedem
1115 506 1220 547 non
1270 501 1398 547 ante
1430 502 1615 547 tenere
1648 506 1763 543 co»
1798 497 1844 551 Λ
1873 492 2027 557 alius,
2062 493 2612 559 certe'l‘lieodericus,
2648 494 2890 563 quamvis
2914 494 3182 551 interdum
3212 509 3390 551 saevus
3412 511 3476 554 ac

179 592 315 657 pisse
344 605 506 660 quam
562 604 704 644 anno
734 588 862 655 558,
899 589 982 643 vel
1035 586 1163 653 559,
1219 586 1373 642 lat-ile
1405 586 1664 652 adducor,
1717 594 1773 640 ut

177 684 415 749 credam,
450 683 797 739 Fortunatum
830 699 934 739 non
969 694 1075 738 tam
1102 684 1387 738 immatura
1419 689 1577 736 astate
1606 679 1773 750 Aqui-

178 778 291 831 leia:
348 788 739 832 commoratum
803 778 969 832 fuisse
1040 778 1087 831 “.
1147 776 1276 831 Nam
1338 777 1381 830 si
1440 776 1552 845 ipse
1614 783 1771 828 natus

176 870 412 924 creditur
453 871 593 925 circa
655 885 853 923 annum
902 869 1031 934 .‘iStt,
1059 868 1280 939 jamque
1334 882 1501 922 senex
1536 865 1767 920 Pictavis

176 964 323 1028 ttbzit,
354 965 556 1018 sarculo
589 965 820 1032 septimo
846 964 1015 1017 ferme
1070 964 1308 1026 ineunte,
1364 962 1408 1015 is
1451 959 1766 1030 vigesimum

176 1066 445 1121 octavum,
484 1068 575 1111 aut
606 1057 1089 1127 undetrigesimum
1140 1066 1337 1131 annum
1370 1056 1585 1124 agebat,
1621 1068 1767 1115 eum,

174 1151 269 1205 sub
314 1151 540 1205 Paulino
583 1152 855 1222 pontiﬁce,
891 1151 1152 1222 Aquileiae
1184 1150 1458 1203 habitabat
1490 1148 1513 1184 ι’
1562 1189 1575 1201 .
1609 1146 1765 1215 Quod

173 1246 213 1300 si
240 1245 383 1300 idem
434 1255 635 1309 narrat,
690 1245 830 1315 quod
885 1246 1140 1312 prinuvris
1165 1247 1228 1297 ab
1258 1244 1407 1297 annis
1436 1257 1496 1297 se
1526 1240 1763 1295 invitarit

174 1335 368 1390 Paulus
419 1346 479 1389 ut
529 1348 961 1401 converteretur,
1022 1346 1114 1389 aut
1174 1335 1226 1389 id
1282 1346 1435 1402 poeta
1483 1334 1768 1401 scripsisse

172 1429 430 1485 dicendus
457 1441 540 1485 est
568 1448 634 1484 eo
664 1441 904 1497 spectato
939 1440 1181 1500 tempore
1209 1430 1454 1498 quoillos
1487 1428 1552 1482 de
1589 1425 1767 1481 sancti

172 1522 375 1576 Martini
406 1522 519 1576 Vita
554 1526 719 1579 libros
750 1524 1150 1587 conscribebat,
1186 1534 1311 1577 ante
1340 1538 1540 1576 annum
1576 1520 1768 1573 videli-

168 1628 247 1673 cet
274 1619 380 1673 S76
424 1628 470 1684 ε,
512 1632 603 1671 aut
633 1635 760 1672 vero
798 1619 1012 1682 l'aulus,
1059 1628 1349 1687 antequam
1403 1616 1767 1685 Aquileiensis

170 1713 401 1780 pontifex
428 1724 569 1767 esset
598 1722 832 1777 creatus,
862 1729 982 1765 eum
1017 1713 1161 1767 idem
1193 1722 1369 1766 tamen
1414 1710 1551 1763 forte
1584 1711 1767 1764 Eccle-

167 1806 256 1857 sim
274 1804 424 1858 illius
451 1805 702 1870 clericus,
729 1816 818 1859 aut
841 1804 1137 1859 monachus
1158 1814 1324 1867 esset,
1349 1803 1414 1857 ad
1434 1818 1615 1872 parem
1642 1804 1766 1856 vitae

1879 586 2191 653 vehemens,
2221 600 2342 641 eum
2371 586 2543 640 doctis
2573 586 2876 641 hominibus
2901 587 3046 653 favit,
3068 595 3177 642 tum
3198 586 3310 655 ipse
3339 588 3479 644 litte-

1876 695 2055 733 rarmu
2077 682 2504 735 studiosissimus
2529 681 2645 735 fuit.
2676 681 2742 735 Ut
2766 683 2908 736 enim
2938 681 2982 735 is
3004 683 3071 737 de
3088 697 3146 736 se
3174 683 3477 750 proﬁtetur,

1876 772 2119 827 scribens
2171 774 2234 826 ad
2293 774 2669 827 Cassiodorum
2704 790 2718 828 :
2754 771 2949 826 Gratus
2991 785 3063 827 est
3115 775 3258 828 nobis
3299 790 3477 829 eorum

1875 879 2348 935 setllpt’I'GSpCt‘HtS,
2407 867 2706 935 quinostris
2765 866 2974 929 animis,
3032 866 3272 938 gloriosis
3317 868 3479 919 actio-

1876 960 2039 1021 nibus,
2074 961 2392 1022 insederunt,
2424 960 2667 1026 quoniam
2724 967 3025 1026 perpetuum
3060 956 3283 1010 obsidem
3312 957 3469 1009 dede-

1876 1053 2209 1105 ruutamoris
2237 1052 2337 1115 sui,
2372 1052 2458 1119 qui
2510 1051 2649 1119 apud
2702 1068 2794 1105 nos
2844 1052 3043 1118 probati
3096 1060 3219 1104 sunt
3267 1052 3473 1105 studere

1875 1151 2049 1203 virtuti
2094 1150 2286 1222 (Epist.
2340 1150 2431 1216 :28,
2461 1151 2499 1205 Ι.
2529 1150 2632 1218 ιιι).
2692 1150 2945 1219 Ejusdem
2997 1165 3123 1206 vero
3155 1152 3205 1205 in
3235 1150 3476 1205 colendis

1875 1244 2173 1298 litterarum
2209 1245 2399 1300 studiis
2449 1246 2783 1315 diligentiam
2816 1256 2869 1299 et
2897 1244 3271 1299 assiduitatem
3304 1241 3475 1298 Atha-

1876 1335 2092 1400 laricus,
2125 1340 2211 1405 qui
2244 1337 2389 1390 illum
2422 1338 2473 1391 in
2508 1353 2676 1406 regno
2716 1338 2949 1403 excepit,
2996 1332 3356 1397 commendat,
3393 1334 3476 1390 his

1875 1429 2057 1483 verbis
2109 1431 2353 1484 scribens
2409 1430 2473 1484 ad
2533 1432 2782 1485 eumdem
2838 1430 3217 1485 Cassiodormu
3273 1447 3285 1482 :
3346 1428 3474 1483 Cum

1873 1535 2000 1577 esset
2050 1526 2253 1593 publica
2304 1541 2428 1578 cura
2469 1537 2743 1592 vacuatus,
2798 1526 3073 1578 sententias
3107 1525 3474 1590 prudentuma

1872 1620 1974 1672 tuis
2028 1620 2218 1687 fabulis
2266 1620 2517 1688 erigebat,
2570 1630 2625 1673 ut
2677 1622 2829 1690 [actis
2879 1623 3101 1687 propriis
3154 1636 3207 1673 se
3244 1626 3473 1686 wquaret

1871 1712 2114 1779 antiquis.
2150 1712 2431 1767 Stellarum
2459 1730 2663 1775 cursus,
2687 1715 2843 1765 inuris
2865 1718 3032 1778 sinus,
3064 1713 3284 1775 fontium
3313 1711 3472 1762 mira-

1873 1805 2012 1868 cuiu,
2068 1805 2281 1858 rimutor
2327 1806 2681 1867 acutissimus,
2734 1804 3040 1873 inquirebat,
3071 1813 3145 1866 ut,
3176 1820 3348 1857 rerum
3378 1818 3471 1855 na-

169 1903 425 1956 rationetn
449 1904 878 1971 amplectendam
906 1902 1278 1964 Fortunatam,
1303 1898 1477 1952 adhuc
1509 1914 1755 1966 puerum,
1793 1890 1839 1948 B
1871 1898 1998 1947 luris
2071 1898 2366 1964 diligentius
2444 1899 2797 1969 perscrutatis,
2854 1898 3064 1968 quidam
3147 1908 3469 1967 purpuratus

168 1997 243 2049 vel
266 1997 692 2061 adolescentem,
726 1998 983 2053 dicendus
1011 1998 1287 2052 invitasse.

242 2088 323 2141 16.
364 2089 549 2155 Neque
582 2100 759 2144 tamen
792 2090 844 2143 in
876 2104 941 2144 eo
971 2103 1289 2159 repugnent,
1334 2086 1593 2154 Aquileia:
1626 2084 1761 2137 For-

168 2194 405 2237 tunatam
442 2185 493 2238 in
529 2187 725 2253 pietate
755 2194 806 2240 et
837 2201 1022 2239 earum
1056 2198 1233 2237 rerum
1280 2182 1503 2235 scicntia
1542 2196 1661 2249 qua:
1695 2176 1759 2230 ad

164 2276 445 2331 colendam
488 2278 805 2344 religionem
859 2277 1129 2346 pertinent
1190 2275 1452 2343 prolicere
1501 2270 1758 2341 potuisse,

164 2383 222 2423 ac
252 2369 462 2424 l'aulini
497 2386 663 2436 opera
692 2370 756 2423 ad
788 2388 907 2425 eain
939 2386 1049 2424 rem
1095 2385 1249 2422 usum
1294 2366 1524 2421 fortasse
1569 2365 1753 2420 fuisse.

162 2462 307 2528 Quod
348 2477 479 2517 vero
520 2462 636 2531 ejus
686 2464 760 2517 rei
814 2461 1063 2516 iudiciuin
1115 2461 1243 2515 illud
1302 2459 1503 2529 profert
1545 2458 1754 2511 clariss.

165 2554 356 2620 Liruii,
411 2556 554 2622 quod
607 2555 882 2625 Expositio
934 2554 1199 2625 Sytnboli,
1261 2568 1418 2623 quam
1448 2551 1615 2606 edidit
1644 2551 1759 2619 ipse

166 2651 515 2717 Fortunatus,
549 2650 708 2719 plane
739 2651 1026 2706 sententiis
1054 2659 1311 2718 congruat
1342 2664 1460 2701 cum
1487 2646 1573 2701 illa
1598 2660 1757 2715 quam

164 2744 413 2809 Ruliuus,
474 2745 834 2814 Aquileiensis
866 2743 1126 2799 Ecclesia:
1169 2742 1451 2813 presbyter
1479 2756 1541 2796 ac
1572 2756 1759 2795 mona-

160 2840 311 2905 chus,
346 2850 474 2895 ante
505 2840 772 2902 ediderat,
802 2838 851 2892 id
880 2838 1009 2891 mihi
1034 2838 1313 2892 declarare
1339 2838 1553 2891 videtur
1581 2835 1759 2903 potius

162 2944 241 3004 (ut
264 2935 445 2988 dicam
479 2950 577 2987 suo
602 2933 743 2999 loco)
777 2932 1150 2995 Fortunatum,
1185 2947 1305 2984 cum
1339 2929 1456 2999 ejus
1485 2929 1537 2983 in
1569 2942 1758 2982 manus

160 3028 246 3083 illa
291 3026 477 3082 Ruiini
527 3026 803 3097 Expositio
847 3024 1087 3095 Symboli
1117 3023 1378 3087 venisset,
1416 3021 1658 3077 eamdem
1689 3021 1756 3075 ad

162 3118 422 3174 Ecclesiae
457 3117 806 3173 Pictaviensis
838 3116 1050 3185 plebem
1074 3116 1424 3170 erudiendam
1453 3128 1756 3168 accommo-

158 3214 315 3269 dasse
341 3228 505 3283 quam
538 3222 595 3265 ut
619 3210 741 3265 inde
766 3209 941 3265 evinci
990 3209 1159 3279 possit
1196 3220 1453 3278 utrosque
1482 3207 1671 3261 eadem
1703 3206 1755 3260 in

159 3306 403 3362 Ecclesia
468 3304 640 3373 prima
706 3301 1025 3358 Christianae
1098 3301 1373 3371 religionis
1450 3300 1756 3356 rudimenta

155 3400 454 3471 accepisse.
520 3396 827 3452 Prmsertim
873 3411 994 3450 cum
1056 3395 1369 3467 Symbolum
1412 3393 1759 3464 Aquileiense

157 3492 249 3564 (uti
300 3493 462 3547 testis
498 3500 583 3545 est
634 3489 882 3555 Ruﬁnus,
946 3488 1037 3543 lib.
1066 3503 1102 3554 ι,
1156 3488 1356 3542 lnvect.
1410 3489 1460 3540 in
1511 3496 1757 3541 sanctum

156 3584 572 3655 Hieronymum)
627 3598 693 3639 es
726 3581 981 3637 Ecclesia:
1032 3580 1176 3635 illius
1228 3580 1515 3635 traditione
1546 3589 1601 3634 et
1626 3594 1758 3633 con-

154 3679 448 3735 suetudine
499 3676 742 3741 haberet,
767 3687 812 3729 et
866 3676 1035 3729 carnis
1096 3674 1255 3743 hujus
1307 3674 1753 3739 resurrectionem,

154 3772 301 3840 cujus
332 3769 493 3825 verbi
522 3767 776 3825 indicium
809 3768 1010 3822 nullum
1045 3766 1097 3821 in
1126 3764 1388 3837 Symbolo
1416 3764 1557 3834 quod
1587 3778 1757 3832 expo-

154 3867 228 3920 nit
256 3864 617 3920 Fortunatus.

227 3962 309 4015 l'l.
354 3959 408 4014 Is
439 3958 623 4029 itaque
650 3958 733 4027 (ut
762 3971 827 4011 eo
856 3955 997 4011 unde
1042 3954 1357 4010 deileximus
1398 3949 1757 4020 revertamur)

158 4053 299 4109 Pauli
333 4055 606 4109 voluntati
632 4068 695 4108 ac
724 4056 863 4108 votis
895 4052 1116 4106 minime
1138 4050 1403 4121 acquievit
1428 4048 1497 4104 ob
1528 4064 1669 4115 eam,
1703 4058 1761 4102 ut

153 4148 281 4215 dixi,
346 4163 575 4203 causam
632 4146 1019 4211 verisimiliter,
1072 4146 1215 4215 quod
1294 4146 1407 4214 ipse
1463 4143 1607 4197 aliud
1659 4142 1759 4196 sibi

158 4242 492 4297 domicilium
555 4257 617 4295 ac
671 4243 879 4307 sedem,
934 4242 984 4295 in
1037 4256 1139 4308 qua
1199 4240 1500 4294 litterarum
1567 4237 1761 4292 studiis

159 4338 381 4393 liberius
429 4348 488 4392 et
535 4338 894 4405 Opportunins
964 4349 1157 4390 vacare
1216 4343 1418 4404 posset,
1476 4333 1757 4402 cogitaret.

157 4432 279 4486 Erat
305 4441 522 4495 autem,
554 4445 616 4486 ea
657 4438 834 4491 aetate,
867 4428 1144 4498 aptissima
1191 4428 1329 4482 inter
1358 4437 1581 4483 czeteras
1612 4425 1760 4478 illam

154 4524 216 4579 ad
247 4541 362 4580 rem
414 4525 707 4589 Ravenna,
751 4522 1104 4578 celeberrima
1152 4522 1365 4587 civitas,
1408 4521 1589 4591 inqua
1622 4518 1759 4590 jam-

156 4618 359 4686 pridem
394 4618 701 4682 llonorios,
733 4614 1039 4671 Occidentis
1083 4615 1299 4682 imper.,
1348 4612 1550 4682 regiam
1576 4611 1758 4666 sedem

156 4713 536 4775 constituerat,
575 4719 711 4774 tum,
743 4707 1002 4763 Romanis
1036 4708 1208 4773 victis,
1255 4722 1315 4762 ac
1344 4707 1512 4775 pulsis
1540 4706 1757 4771 imper.,

156 4806 394 4861 Uzloacer
426 4818 530 4859 rex
564 4801 881 4867 Gothorum,
908 4817 972 4856 ac
1002 4815 1212 4866 rursus,
1246 4799 1347 4855 hoc
1373 4800 1547 4869 pulso,
1578 4798 1759 4852 Theo-

156 4900 391 4966 dericus,
420 4898 733 4955 Gothorum
760 4910 862 4949 una
892 4904 948 4950 et
979 4894 1211 4949 Roman.
1249 4909 1364 4961 rex,
1398 4904 1451 4949 et
1481 4892 1569 4946 alii
1602 4891 1761 4947 dein-

156 5011 298 5065 ceps,
350 5010 451 5049 sua
498 4990 781 5047 domicilia
836 4990 1159 5047 habuerunt.
1204 4989 1391 5046 Solent
1442 5002 1568 5043 vero
1602 4987 1761 5056 regite

156 5090 395 5143 civitates
445 5101 576 5143 cum
618 5094 935 5139 czetcrarum
992 5098 1172 5138 rerum
1220 5083 1537 5152 opportunis
1589 5081 1763 5145 copiis

158 5182 450 5246 abundare,
484 5192 599 5234 tum
633 5182 746 5233 fere
770 5178 850 5233 vel
882 5178 1242 5233 litteratorum
1273 5176 1547 5230 hominum
1575 5189 1764 5228 nume-

160 5292 213 5329 ra
236 5292 293 5330 ac
317 5276 682 5331 scientiarum
743 5271 951 5326 cultura
995 5269 1205 5325 caeteris
1251 5268 1598 5333 antecellere,
1630 5280 1763 5337 quos

162 5369 406 5424 nimirutn
443 5381 642 5438 regum
693 5364 1004 5427 liberalitas,
1035 5372 1088 5417 et
1119 5362 1382 5417 honorum
1431 5358 1678 5427 ambitio,
1712 5367 1766 5413 et

162 5462 440 5517 commoda
474 5461 583 5515 alia
615 5474 681 5514 ex
711 5458 964 5514 omnibus
992 5456 1106 5512 fere
1136 5456 1295 5511 terris
1321 5469 1599 5510 accersere
1630 5468 1762 5509 con-

164 5564 473 5618 sueverant,
526 5552 832 5622 pra-serum
865 5564 992 5605 vero
1021 5548 1067 5605 si
1096 5548 1142 5602 is
1173 5548 1262 5618 qui
1286 5562 1467 5603 rerum
1500 5561 1763 5602 summam

166 5660 301 5706 tenet
335 5666 445 5704 non
479 5647 699 5702 alienus
729 5661 757 5700 a
790 5644 983 5700 litteris
1026 5642 1290 5699 videatur.
1324 5642 1391 5697 At
1423 5641 1468 5697 si
1500 5641 1765 5711 quispiam

231 5824 254 5849 ι
298 5812 438 5879 Lege
492 5808 743 5874 Pagium,
795 5806 859 5861 ad
900 5820 987 5879 an.
1021 5806 1147 5869 .559,
1180 5823 1231 5859 ιι.
1266 5805 1321 5879 9,
1357 5814 1411 5859 et
1443 5804 1666 5879 Murat.,
1700 5806 1765 5861 ad

168 5878 461 5967 πιιλζιὸυνρι
496 5882 639 5936 ὅῗυ;
680 5880 899 5933 l'attl'tm
928 5877 1099 5941 D.ac.,
1130 5880 1163 5933 l.
1202 5893 1258 5942 ιι,
1294 5878 1361 5932 de
1398 5877 1531 5931 Bell.
1568 5878 1718 5950 Long
1752 5922 1764 5944 ,

168 5972 210 6009 ρ.
240 5954 324 6009 ἐξ».

1870 1990 2124 2045 rideretur
2156 2010 2261 2046 esse
2289 1994 2650 2063 pliilosOpltus.
2698 1994 2956 2059 Quocirca
2997 1994 3217 2048 minime
3266 1992 3469 2047 miran-

1870 2084 1994 2137 dum
2050 2096 2134 2141 est
2186 2087 2285 2140 sub
2347 2088 2543 2141 talibus
2616 2088 2832 2157 regibus
2893 2088 3240 2141 scientiarum
3291 2087 3465 2142 studia

1870 2176 2137 2233 Ravenna.-
2200 2182 2250 2235 in
2309 2183 2498 2250 primis
2554 2183 2823 2248 ﬂeruiSse,
2892 2198 3062 2251 eaque
3131 2180 3354 2250 publicis
3409 2180 3465 2235 in

1867 2274 2159 2342 gymnasiis
2185 2274 2444 2342 przcclare
2496 2276 2812 2339 constituta,
2842 2276 2923 2329 vel
2951 2277 3014 2327 ad
3050 2274 3300 2328 citeriora
3328 2284 3466 2326 tem-

1869 2380 1993 2432 pora
2021 2367 2300 2434 pervenire
2331 2368 2592 2434 potuisse,
2615 2368 2680 2419 ad
2705 2383 2822 2436 quae
2848 2367 3167 2419 addiscenda
3193 2366 3460 2431 homines,

1866 2456 2163 2512 litterarum
2196 2459 2396 2528 cupidi,
2439 2460 2672 2529 undique
2698 2465 3066 2515 convenirent.

1942 2550 2027 2605 18.
2066 2550 2179 2605 llnc
2210 2553 2388 2619 itaque
2411 2569 2469 2606 se
2498 2553 2822 2607 Fortunatus
2855 2553 3103 2620 contulit,
3157 2551 3463 2621 tandemque

1868 2643 2048 2697 tandiu
2078 2656 2445 2699 commoratus
2467 2658 2566 2710 est,
2597 2646 2771 2715 quoad
2807 2646 3026 2700 uberem
3064 2646 3463 2713 prctiosamque

1865 2737 2165 2793 liberalium
2195 2740 2388 2793 artium
2440 2740 2827 2811 supellectilem
2880 2741 3002 2795 inde
3034 2748 3359 2809 exportaret.
3394 2739 3464 2794 Ut

1864 2835 2007 2887 enim
2040 2834 2108 2889 de
2135 2834 2250 2904 ipso
2297 2836 2486 2891 scribit
2539 2835 2731 2889 Paulus
2766 2835 2933 2900 Diac.-,
2996 2834 3085 2891 lib.
3120 2852 3178 2900 ll,
3211 2852 3332 2904 cap.
3368 2834 3456 2898 15,

1864 2925 2000 2981 Hist.
2034 2926 2202 2996 Long.
2232 2945 2245 2981 :
2282 2928 2555 2998 Ilavenua',
2610 2930 2803 2999 inquit,
2848 2930 3073 2983 nutritus
3101 2938 3145 2983 et
3196 2930 3378 2983 doctus
3408 2930 3463 2983 in

1862 3030 1971 3072 arte
2024 3025 2381 3090 grammatica,
2430 3023 2530 3075 sive
2562 3022 2838 3088 rhetorica,
2896 3040 2985 3076 seu
3028 3024 3178 3075 etiam
3228 3023 3462 3089 metrica,

1861 3116 2177 3170 clarissimus
2219 3117 2435 3170 exstitit.
2491 3115 2608 3186 Ipse
2637 3119 2823 3183 etiam,
2870 3118 3267 3173 modestissime
3310 3116 3377 3172 de
3403 3132 3463 3173 se

1864 3209 2114 3278 loquens,
2142 3210 2337 3277 quibus
2364 3211 2570 3265 artibus
2597 3212 2648 3265 in
2682 3209 2872 3281 primis
2919 3212 3191 3265 Ravennae
3239 3212 3464 3266 studue-

1866 3302 1954 3365 rit,
1987 3311 2169 3355 narrat
2198 3301 2288 3355 lib.
2325 3316 2359 3354 ι.
2393 3300 2461 3355 de
2496 3300 2610 3354 Vita
2652 3303 2822 3355 sancti
2857 3301 3064 3355 Martini
3116 3300 3197 3353 liis
3237 3299 3460 3356 verbis:

1957 3395 2045 3443 Ast
2068 3406 2163 3455 ego
2188 3406 2362 3443 sensus
2390 3395 2548 3454 inOpS,
2578 3392 2710 3442 Itala:
2734 3399 2881 3455 quota
2911 3395 3069 3455 portio
3093 3392 3306 3454 lingua?

1960 3457 2101 3505 che
2127 3457 2310 3517 gravis,
2336 3468 2570 3505 sermone
2597 3455 2740 3513 levis,
2768 3458 2957 3504 ratione
2994 3458 3302 3517 pigrescens,

1962 3519 2129 3581 Mente
2158 3520 2334 3577 hebes,
2364 3527 2469 3567 at'le
2493 3530 2684 3581 carens,
2709 3531 2796 3566 usu
2822 3518 2975 3575 rudis,
2998 3530 3087 3567 ore
3107 3530 3200 3566 nec
3224 3529 3430 3581 expers,

1958 3580 2115 3629 Parva
2144 3582 2472 3640 grammatica:
2501 3580 2722 3628 lambens
2742 3581 3025 3628 reﬂuamiua
3050 3587 3223 3640 guttae,

1958 3642 2132 3691 RhetOI
2150 3648 2234 3692 ica:
2263 3647 2500 3702 exiguum
2530 3643 2789 3702 pra-libans
2813 3643 3026 3704 gurgitis
3051 3642 3303 3703 haustum,

1956 3706 2077 3755 (Iole
2104 3719 2166 3755 ex
2191 3707 2416 3766 juridica,
2439 3707 2515 3753 cui
2547 3707 2617 3751 viv
2650 3706 2824 3764 rubigo
2843 3705 3071 3764 recessit,

1959 3768 2077 3827 Qum
2106 3782 2235 3829 prius
2259 3769 2489 3825 addidici,
2521 3768 2799 3819 itmlist‘eus.
2826 3776 2879 3815 et
2900 3769 2980 3816 cui
3006 3772 3192 3817 tantum

1957 3831 2157 3879 Artibus
2184 3847 2242 3877 ex
2268 3830 2362 3879 illis
2386 3830 2507 3878 odor
2534 3839 2607 3878 est
2632 3845 2676 3876 ιιι
2715 3830 2914 3877 naribus
2942 3830 3047 3878 istis
3076 3842 3087 3875 :

1963 3894 2070 3942 Non
2100 3901 2344 3954 pratexta
2364 3893 2485 3941 mihi
2513 3892 2675 3940 rutilat
2701 3902 2832 3951 loga,
2858 3892 3069 3955 penuula
3096 3890 3254 3955 nulla;

1961 3956 2064 4004 Jam
2091 3953 2200 4004 mea
2228 3956 2352 4002 nuda
2376 3955 2531 4004 iantes
2556 3963 2788 4015 superest
2811 3953 2873 4002 de
2901 3967 3120 4016 paupere
3145 3953 3335 4017 lingua.

1939 4062 2023 4115 tit.
2070 4060 2202 4114 llinc
2230 4060 2477 4127 apinatur
2512 4061 2817 4123 Rrowerus,
2853 4073 2903 4113 c.
2939 4058 2974 4111 Ξ).
3003 4058 3138 4114 Viue
3187 4059 3360 4125 Fort.,
3388 4070 3462 4114 ita

1866 4154 2011 4207 illum
2051 4152 2224 4205 leviter
2251 4150 2432 4204 litteris
2478 4152 2728 4203 imbutum
2774 4150 2955 4217 fuisse,
3006 4160 3060 4203 ut
3090 4166 3248 4219 neque
3291 4160 3463 4220 togam

1865 4256 2186 4313 prietextam,
2246 4244 2446 4314 publice
2498 4243 2625 4312 gesti
2700 4243 2923 4295 numeris
2973 4241 3194 4312 insigne,
3240 4258 3464 4312 unquam

1866 4342 2081 4407 adeptus
2107 4340 2194 4403 sit,
2224 4353 2383 4406 neque
2413 4337 2689 4405 pennulam
2720 4336 2938 4388 docendi
2981 4351 3137 4389 causa
3160 4337 3456 4402 sumpserit.

1868 4435 1935 4487 At
1966 4433 2135 4486 multo
2186 4431 2528 4484 verisimilius
2577 4440 2659 4484 est
2705 4429 3080 4492 Fortunatam,
3133 4443 3244 4497 pra:
3294 4429 3460 4482 animi

1865 4526 2129 4582 modestia
2158 4539 2219 4579 ac
2250 4523 2539 4594 propositae
2567 4524 2691 4577 vitae
2724 4523 2992 4587 instituto,
3038 4521 3179 4576 ultro
3220 4519 3288 4574 ab
3330 4520 3460 4585 illis,

1789 4640 1841 4701 ο
1866 4619 1909 4673 si
1941 4619 2223 4689 quierant,
2266 4616 2558 4671 honoribus
2600 4616 2946 4679 abstinuisse,
2974 4629 3133 4684 quam
3185 4614 3457 4668 hominem

1869 4728 1972 4766 non
2003 4712 2207 4781 vulgari
2239 4710 2458 4780 ingenio
2508 4723 2606 4764 nec
2638 4707 2897 4764 mediocri
2928 4708 3171 4762 doctrina
3196 4717 3459 4775 prmstan-

1866 4813 1970 4860 tem
1997 4804 2084 4858 illa
2119 4805 2381 4857 honorum
2410 4800 2661 4870 insignia,
2712 4816 2833 4871 qua:
2864 4800 3135 4870 plerisque
3185 4798 3460 4867 patebant,

1865 4913 1963 4967 pro
2010 4897 2252 4951 scientiae
2307 4896 2562 4952 tenuitate
2595 4902 2650 4948 et
2691 4894 2994 4949 litterarum
3042 4892 3220 4962 inopia
3245 4892 3459 4962 assequi

1868 5005 1973 5045 non
2009 4990 2275 5058 potuisse.
2319 4988 2625 5043 Praesertim
2655 5001 2785 5042 vero
2811 5001 2933 5043 cum
2987 4986 3204 5041 aliunde
3247 4995 3462 5041 constet

1873 5086 2123 5141 eumdem
2158 5083 2341 5139 Iaudes
2365 5098 2486 5138 suas
2517 5082 2846 5137 extenuandi
2887 5094 3104 5149 semper
3132 5079 3459 5135 studiosissi-

1868 5195 2013 5235 mum
2045 5179 2229 5246 iuisse,
2264 5186 2320 5232 ut
2353 5187 2635 5245 propterea
2673 5174 2970 5229 mirandum
3003 5188 3107 5227 non
3141 5171 3210 5225 sit
3234 5170 3285 5225 id
3314 5170 3457 5241 quod

1868 5288 1963 5329 suo
2015 5274 2244 5343 quodam
2318 5272 2565 5327 inStituto
2610 5281 2665 5327 et
2712 5270 2875 5325 animi
2924 5267 3189 5324 sententia
3235 5266 3460 5336 adipisci

1870 5366 2221 5435 neglexisset,
2254 5361 2319 5417 ad
2350 5363 2496 5417 illam
2521 5377 2639 5431 quae
2662 5362 2729 5417 de
2759 5363 2876 5429 ipso
2900 5368 3018 5414 erat
3040 5357 3237 5429 ingenii
3261 5356 3458 5412 iainatn

1869 5469 1925 5515 et
1956 5460 2212 5515 iloctrinre
2244 5456 2660 5511 imminuendam
2694 5455 3016 5510 traduxisse.

1941 5553 2121 5608 20.15
2188 5552 2349 5621 igitur
2410 5551 2679 5607 Ravenna:
2741 5566 2863 5606 cum
2938 5550 3305 5622 grammatica,
3361 5549 3466 5604 sire

1871 5650 2159 5713 rhctorirw,
2189 5649 2293 5703 sive
2320 5650 2543 5703 metriae
2569 5647 2757 5705 sedulo
2790 5662 3008 5719 operam
3042 5646 3277 5714 navavit,
3311 5647 3462 5715 cujus

1949 5805 1972 5842 ί)
2014 5806 2231 5860 Auctor.
2266 5806 2402 5860 llist.
2438 5806 2628 5862 Litter.
2661 5807 2917 5863 Francor.

1948 5890 1969 5915 ε
2016 5878 2153 5945 Lege
2193 5894 2311 5947 qua:
2368 5879 2739 5935 adnotavimus
2784 5882 2849 5935 ad
2882 5882 2916 5935 l.
2969 5896 3044 5945 tv,
3103 5879 3238 5935 Vita:
3295 5880 3466 5937 sancti

1877 5950 2107 6016 Martini,
2144 5965 2261 6019 pag.
2300 5952 2425 6004 470.
3238 5964 3243 5969 ‘
