4236 6560
170 440 239 499 29
1329 444 1490 500 VITA
1527 443 1854 501 VENANTII
1895 443 2315 504 FORTUNATI.
3387 452 3456 508 30

168 573 319 613 suum
375 570 583 625 votum,
614 560 867 622 Turonis.
914 560 979 615 ad
1012 562 1318 628 sepulcrum
1373 565 1543 617 sancti
1602 564 1755 617 Mart.
1788 566 1837 624 Α
1865 578 1984 618 esse
2015 565 2270 630 Felicem,
2304 566 2562 635 aequalem
2598 565 2912 637 Fortunato,
2936 578 3096 640 atque
3134 571 3272 628 adeo
3298 572 3453 640 juve-

169 654 495 707 exsolvisset
549 652 775 716 (Paulus
807 656 918 706 loco
947 656 1133 724 sa'pt'tts
1163 653 1365 724 citato).

234 746 327 807 29.
373 751 532 803 Addit
561 750 845 803 Brnwerus
890 750 1092 804 laudari
1130 751 1457 817 Sigihertum
1498 766 1526 804 a
1560 751 1764 804 Fortu-

169 850 294 895 nato
325 841 361 893 Ι.
409 858 465 905 tt,
501 857 551 895 c.
591 844 679 905 l7,
712 843 849 909 quod
885 843 929 895 is
962 844 1233 897 basilicam
1291 844 1459 896 sancti
1503 844 1760 913 Medaidi,

166 948 194 987 a
217 933 455 988 Clotario
487 944 718 1001 emptam
752 936 1094 997 exmditieari,
1129 952 1340 989 summo
1381 936 1559 989 studio
1609 952 1762 990 corn-

168 1027 338 1094 pleret
360 1038 522 1095 atque
543 1026 716 1080 eidem
748 1026 1014 1093 fastigium
1040 1030 1151 1094 jatn
1184 1026 1548 1096 imposuisset.
1581 1028 1759 1096 Ipsum

168 1120 308 1174 enim
332 1129 575 1174 sanctum
606 1120 912 1174 Medardum
948 1122 1237 1191 alloquitur
1268 1133 1421 1190 poeta
1468 1121 1533 1175 ad
1584 1129 1762 1176 extre-

170 1228 312 1266 mum
345 1216 625 1277 carminis,
662 1215 761 1266 hoc
790 1214 991 1268 modo:

291 1306 373 1370 En,
388 1315 468 1355 tua
489 1308 668 1367 templa
689 1308 803 1357 colit
828 1309 975 1356 nimio
996 1307 1277 1367 Sigibertus
1302 1320 1489 1370 amore,

360 1369 599 1418 Insislens
624 1373 762 1427 operi
788 1376 1037 1432 promptus
1060 1384 1228 1420 arnore
1256 1376 1341 1419 tui.

293 1432 511 1482 Cllllniltu
538 1434 742 1494 custodi,
770 1436 853 1495 qui
876 1434 1056 1487 templa
1083 1435 1129 1481 in
1149 1434 1358 1481 culmine
1385 1433 1545 1495 duxit,

358 1495 575 1557 l’rntege
594 1510 683 1559 pro
703 1499 892 1545 meritis
912 1499 996 1558 qui
1023 1498 1107 1546 tibi
1129 1496 1310 1559 templa
1335 1497 1489 1545 dedit.

170 1579 232 1632 At
259 1580 522 1635 credibile
547 1590 652 1648 est,
703 1582 893 1650 inquit,
929 1582 1251 1639 Sisibertnm
1286 1596 1392 1635 non
1426 1580 1596 1635 multo
1640 1588 1763 1649 post

166 1674 392 1731 Clotarii
442 1679 647 1732 obitum
680 1680 731 1733 in
762 1678 895 1733 illud
933 1677 1111 1747 aperis
1163 1676 1494 1738 incubuisse,
1551 1676 1619 1729 de
1659 1690 1763 1743 quo

168 1780 376 1836 patrem
412 1782 517 1825 tam
542 1772 829 1825 sollicitum
858 1779 912 1824 et
938 1768 1176 1839 ejusdem
1212 1767 1518 1837 perticiendi
1555 1766 1764 1821 studio-

167 1876 284 1915 sum
318 1872 568 1925 noverat,
602 1872 658 1917 et
687 1877 793 1931 quo
822 1862 873 1915 in
900 1862 1017 1916 loco
1050 1860 1258 1914 humari
1284 1859 1543 1913 voluerat.

1870 657 1959 710 nili
1992 666 2167 718 astate.
2195 658 2258 712 iis
2290 659 2625 728 temporibus
2652 671 2889 715 creatum
2920 662 3085 718 tuisse
3115 665 3450 722 Tarvisinum

1868 750 2197 818 episcopum,
2231 751 2421 820 quibus
2442 752 2507 806 ad
2537 753 2680 807 illum
2724 768 3034 820 supremum
3088 756 3306 814 honoris
3334 775 3455 831 gra-

1866 841 1992 896 dum
2023 844 2232 897 nonnisi
2265 854 2465 899 matura
2492 847 2602 914 jam
2632 854 2791 901 attate
2827 861 3083 902 ascensus
3126 851 3450 918 pedetentim

1867 949 1963 1003 per
1988 949 2177 989 omnes
2201 935 2464 992 bonorum
2493 940 2690 1008 gradus
2720 942 2959 1012 patebat,
2991 951 3049 997 ut
3096 943 3231 998 nihil
3275 946 3450 1001 dicant

1865 1024 1933 1081 de
1967 1028 2179 1082 illorum
2205 1038 2502 1098 temporum
2532 1032 2833 1103 disciplina,
2864 1036 3057 1102 quibus
3092 1052 3237 1108 saepe
3285 1040 3455 1095 virtus

1867 1119 2034 1187 magis
2062 1136 2220 1188 quam
2248 1133 2380 1175 tetas
2404 1124 2769 1191 spectabatur,
2809 1136 2865 1179 ut
2903 1128 3142 1197 pluribus
3187 1134 3456 1201 exemplis

1865 1228 2076 1283 possem
2108 1215 2414 1283 ostendere,
2473 1226 2531 1270 ut
2581 1217 2711 1273 illud
2768 1220 2928 1275 etiam
2961 1223 3278 1294 concedam,
3314 1225 3456 1281 Feli-

1864 1320 1980 1360 cem
2035 1307 2189 1375 plane
2235 1310 2495 1378 zequalem
2546 1308 2821 1365 Fortunati
2865 1311 3049 1380 fuisse,
3107 1314 3231 1370 hinc
3279 1318 3455 1387 potius

1864 1400 2129 1455 evincitur
2153 1402 2293 1456 hunc
2324 1402 2461 1457 ltaud
2485 1404 2554 1457 ita
2576 1404 2829 1472 juvenem
2864 1408 2914 1461 in
2948 1406 3147 1465 Gallias
3170 1426 3451 1481 migrasse,

1868 1501 1924 1546 ut
1956 1493 1998 1547 is
2025 1492 2094 1557 si,
2124 1503 2175 1545 ut
2203 1495 2460 1561 creditur,
2484 1512 2625 1551 anno
2652 1498 2866 1553 circiter
2891 1498 2994 1554 550
3022 1509 3177 1557 natus
3222 1513 3326 1570 est,
3360 1520 3457 1561 an-

1866 1602 1994 1640 num
2044 1596 2230 1657 ageret
2279 1589 2607 1655 trigesimum
2652 1590 2894 1659 quintum
2924 1634 2940 1660 ,
2988 1603 3082 1649 aut
3120 1596 3453 1666 trigesimum

1864 1690 2103 1743 sextum,
2134 1693 2254 1731 cum
2288 1678 2338 1731 in
2368 1678 2595 1733 Galliam
2620 1690 2702 1735 est
2731 1681 3025 1751 prolectus.

1938 1769 2028 1825 55.
2060 1770 2169 1824 Cur
2196 1781 2376 1826 autem
2432 1774 2533 1827 iter
2565 1772 2847 1830 Fortunali
2879 1777 2931 1831 itt
2980 1778 3206 1835 Galliam
3248 1782 3315 1837 ad
3362 1798 3453 1839 an.

1872 1866 1974 1921 567
2000 1868 2338 1922 referendum
2372 1870 2460 1933 sit,
2491 1869 2589 1924 hac
2619 1872 2828 1925 ratione
2860 1873 3194 1940 potissimum
3218 1878 3299 1932 vir
3320 1878 3451 1933 clar.

236 1952 331 2007 50.
370 1959 436 2008 At
461 1956 531 2010 cl.
559 1956 639 2008 vir
666 1953 822 2009 Joan.
850 1954 1116 2023 Josepltus
1140 1952 1307 2006 Liruti
1334 1967 1361 2004 a
1404 1951 1651 2005 llrnwero
1679 1950 1767 2003 ali-
1797 1934 1844 1994 Β
1873 1959 2085 2013 ducitur
2110 2002 2123 2025 ,
2171 1961 2312 2026 quod
2369 1971 2552 2016 narret
2599 1934 2927 2018 ιιόι-ιυιιειίιε
2975 1979 3036 2020 se
3090 1976 3227 2021 ωηο
3269 1984 3457 2023 novum

167 2047 293 2119 quid
319 2058 373 2102 et
401 2048 563 2115 I’agio
593 2048 862 2111 dissentit,
887 2047 1011 2101 dum
1040 2046 1149 2100 vult
1170 2046 1458 2099 adventum
1486 2045 1763 2098 Fortunati

166 2142 219 2197 in
249 2142 456 2196 liallias
478 2142 544 2195 ad
568 2157 657 2195 an.
683 2142 811 2206 567,
848 2142 1123 2196 minimum
1176 2156 1304 2195 vero
1356 2142 1421 2194 ad
1477 2138 1603 2204 366,
1647 2153 1765 2193 esse

167 2238 535 2293 relereudum.
565 2237 747 2307 Neque
769 2237 1002 2291 alienmn
1048 2245 1128 2291 est
1165 2237 1386 2303 hujusce
1418 2235 1760 2300 sententiam,

166 2346 327 2401 quam
361 2331 447 2383 νιιι
479 2331 599 2383 aliis
627 2345 966 2384 communem
991 2342 1111 2383 esse
1143 2326 1323 2394 video,
1360 2327 1539 2394 paucis
1563 2342 1765 2395 expen-

165 2424 314 2484 dere,
345 2438 466 2491 qua:
498 2423 561 2475 ad
605 2437 723 2477 eam
758 2437 870 2475 rem
899 2420 966 2476 dc
993 2436 1097 2489 qua
1140 2424 1349 2485 agimus
1398 2420 1764 2473 illustrandum

166 2520 387 2573 luminis
420 2518 621 2587 aliquid
672 2518 868 2572 alTei-re
892 2528 1139 2587 passunt.
1177 2518 1294 2584 Ipse
1346 2518 1509 2587 igitur
1558 2517 1766 2572 dubitat

166 2612 398 2681 primum
423 2622 676 2667 utrumne
706 2611 1031 2665 Fortunatus
1080 2611 1235 2677 paulo
1292 2620 1577 2679 antequam
1622 2609 1765 2664 Lon-

164 2704 390 2774 gobardi
450 2704 654 2758 Italiam
689 2703 1007 2757 invaderent
1029 2704 1080 2757 in
1114 2702 1316 2757 Gallias
1369 2703 1640 2772 prolicisci
1668 2718 1763 2771 po-

166 2799 349 2853 tuerit.
378 2796 509 2851 Nam
542 2810 687 2863 cum,
713 2797 903 2851 eodem
941 2797 1102 2850 Paulo
1133 2796 1368 2851 Diacono
1414 2806 1568 2862 teste,
1614 2796 1767 2853 Felix

164 2891 347 2946 socius
372 2890 678 2957 Fortunati,
708 2900 761 2944 et
786 2888 999 2957 quidem
1034 2889 1112 2960 (ut
1145 2889 1259 2958 ipse
1286 2889 1582 2955 existimat)
1607 2890 1765 2945 itine-

166 2986 242 3039 ris
273 2986 481 3049 socius,
509 2992 724 3039 creatus
748 2984 857 3053 jam
886 2983 1195 3039 Tarvisinus
1220 2983 1501 3053 episcopus
1522 3025 1536 3049 ,
1580 2984 1765 3038 Alboi-

165 3093 255 3143 no,
290 3079 407 3147 regi
458 3077 959 3147 Longobardorum,
993 3078 1060 3131 ad
1095 3077 1319 3145 PIavini,
1356 3088 1413 3131 ut
1432 3092 1589 3147 supra
1623 3076 1767 3131 dice-

167 3182 383 3235 bamus,
416 3172 737 3238 occurrerit,
770 3172 855 3225 vix
890 3171 1003 3224 ﬁeri
1039 3172 1210 3240 potuit
1245 3180 1303 3224 ut
1359 3180 1466 3224 tant
1518 3170 1766 3240 perbrevi

166 3264 341 3333 epatio
368 3262 521 3318 Felix
554 3262 654 3318 iret
678 3264 726 3317 in
757 3262 1007 3332 Galliant,
1036 3279 1097 3317 ac
1126 3264 1253 3318 inde
1277 3265 1327 3317 in
1354 3263 1555 3317 Italiam
1587 3278 1768 3317 rever—

168 3367 396 3423 teretur,
433 3367 544 3410 tnm
588 3366 801 3412 creatus
843 3356 1157 3411 Tarvisinns
1206 3357 1491 3423 episcopus
1536 3352 1767 3410 Alboino

166 3452 382 3507 obviam
416 3452 749 3521 procederet.
783 3450 1043 3518 Quocirca
1064 3452 1313 3518 opinatur
1350 3450 1575 3504 Paulum
1599 3449 1649 3503 in
1683 3463 1767 3502 re-

169 3546 268 3605 bus
290 3560 437 3599 asua
467 3544 767 3612 prmsertim
815 3552 974 3598 aetate
1006 3545 1228 3597 remotis
1285 3543 1570 3596 narrandis
1625 3556 1769 3612 saepe

168 3638 349 3691 minus
376 3637 717 3706 diligentem,
746 3636 828 3692 vel
858 3636 957 3690 hac
984 3636 1037 3691 iii
1062 3652 1121 3691 re
1147 3650 1177 3689 a
1210 3646 1512 3705 temporum
1544 3637 1770 3689 veritate

169 3732 426 3784 aberrare
460 3730 719 3797 potuisse.

241 3824 332 3878 51.
360 3822 495 3888 Sed,
521 3830 581 3876 ut
612 3821 747 3876 nihil
778 3821 867 3877 hic
898 3821 1116 3877 Paulum
1144 3820 1292 3876 Diae.
1321 3834 1539 3889 purgem
1584 3827 1639 3872 et
1676 3817 1772 3873 de-

180 3915 422 3977 lendam.
457 3928 604 3971 certe
623 3929 730 3969 non
759 3924 877 3971 erat
905 3930 999 3969 cur
1028 3913 1274 3968 laudatus
1297 3910 1526 3981 scriptor
1554 3921 1773 3981 propter

174 4025 291 4064 eam
326 4023 548 4063 causam
580 4022 740 4077 quam
792 4008 951 4062 aIIert
989 4006 1059 4061 de
1097 4006 1338 4074 ejusdem
1372 4004 1643 4072 diligentia
1684 4013 1772 4055 aut

178 4106 279 4160 lidc
306 4106 600 4159 dubitaret.
632 4103 786 4158 Nullo
806 4105 1002 4173 quippe
1030 4118 1095 4156 ex
1151 4099 1458 4155 testimoaio
1498 4108 1590 4151 aut
1634 4100 1777 4153 litte-

175 4216 355 4253 rarutn
393 4207 746 4252 monumento
775 4206 982 4251 constat
1018 4197 1298 4264 (quantum
1352 4191 1599 4260 equidem
1630 4205 1776 4245 asse-

177 4292 262 4360 qui
290 4293 468 4359 potui)
508 4290 741 4343 Felicem
780 4304 886 4341 una
933 4302 1057 4341 cum
1118 4285 1416 4339 Fortunato
1469 4282 1520 4336 in
1578 4280 1778 4335 Gallias

179 4390 480 4454 protectum
516 4382 725 4436 fuisse:
761 4398 866 4434 non
900 4379 1095 4433 Paulus
1127 4378 1394 4432 Diaconns
1426 4375 1475 4429 id
1523 4375 1776 4439 allirmat,

177 4478 301 4532 licet
336 4485 847 4543 narretutrnmque,
876 4472 1108 4526 Felicem
1155 4486 1216 4524 ac
1266 4469 1639 4533 Fartunatum,
1690 4481 1781 4519 ea-

179 4572 300 4625 dem
334 4568 619 4623 oculorum
651 4566 970 4638 atgritudtne
1010 4566 1239 4618 alllictos
1293 4562 1475 4624 fuisse,
1538 4571 1589 4616 et
1620 4562 1780 4615 simili

1875 2052 2105 2107 Pictavis
2150 2053 2335 2122 fuisse,
2394 2069 2515 2109 cum
2566 2056 2685 2110 illac
2734 2058 3040 2124 pertransiit
3071 2058 3453 2129 Gelesuintha,

1870 2143 2177 2213 Chilperico
2221 2156 2473 2214 nuptura.
2535 2148 2589 2201 ld
2640 2165 2769 2202 vero
2803 2165 2943 2204 anno
2989 2152 3211 2221 contigit
3241 2152 3366 2221 567,
3401 2164 3458 2210 ut

1871 2252 2032 2306 supra
2066 2238 2443 2295 indicavimus.
2490 2240 2560 2294 At
2587 2242 2767 2294 statim
2793 2250 2951 2311 atque
2986 2243 3307 2299 Fortunatus
3339 2261 3458 2315 per-

1869 2332 2016 2385 venit
2058 2331 2110 2385 in
2146 2331 2392 2396 Galliam,
2421 2333 2484 2387 ad
2519 2335 2689 2388 sancti
2731 2334 2941 2390 Martini
2973 2337 3276 2405 sepulcrum
3328 2354 3458 2409 per-

1871 2424 2081 2488 rexisse
2132 2423 2391 2478 dlecntltts
2438 2434 2541 2491 est,
2583 2425 2709 2479 inde
2768 2441 2893 2480 vero
2944 2428 3121 2482 statim
3184 2429 3457 2486 Pictavum

1870 2519 2101 2583 venisse,
2137 2518 2224 2588 qui
2259 2520 2341 2589 (ut
2375 2520 2441 2573 de
2473 2520 2589 2588 ipso
2617 2520 2803 2574 scribit
2848 2519 3043 2576 Paulus
3095 2522 3267 2591 Diae.)
3321 2533 3460 2591 post-

1869 2628 2025 2682 quam
2046 2610 2265 2665 Turonis
2286 2612 2437 2682 juxta
2469 2623 2640 2666 vatum
2684 2613 2948 2683 praprium
2977 2615 3198 2679 advenit,
3238 2614 3460 2670 Pictavi:

1873 2707 2220 2776 pertransiens
2251 2706 2356 2761 illic
2386 2707 2648 2761 habitavit.
2681 2708 2942 2776 Quocirca
2990 2708 3312 2764 Fortunatus
3337 2725 3462 2765 nun-

1871 2801 1971 2856 nisi
2003 2817 2091 2856 an.
2117 2800 2243 2866 567,
2272 2811 2364 2857 aut
2395 2802 2701 2869 mittimum,
2730 2818 2818 2857 an.
2849 2802 2969 2871 566,
3029 2805 3082 2859 in
3114 2804 3313 2861 Gallias
3339 2819 3461 2875 per-

1872 2896 2035 2950 venit.
2070 2895 2194 2949 Ilazc
2224 2895 2334 2950 ille.

1942 2986 2033 3043 54.
2066 2986 2261 3041 Verum
2293 3001 2397 3043 non
2447 2987 2608 3043 video
2656 3002 2752 3043 cur
2798 2988 2898 3044 hac
2946 2988 3097 3045 Pauli
3143 2989 3462 3046 auctoritate

1871 3079 2077 3135 moveri
2127 3080 2208 3133 vir
2260 3079 2329 3135 cl.
2380 3079 2596 3147 debeat,
2655 3081 2769 3149 qui,
2814 3081 2932 3149 ipso
2986 3089 3141 3147 teste,
3193 3081 3246 3136 in
3300 3081 3460 3139 rebus

1872 3170 2169 3226 referendis
2192 3171 2259 3226 ab
2287 3180 2445 3227 aetate
2476 3188 2572 3226 sua
2611 3173 2833 3227 remotis
2864 3189 3247 3244 nonnunquam
3277 3190 3462 3232 errore

1872 3269 2087 3334 labitur,
2117 3278 2177 3325 ut
2196 3271 2240 3325 si
2267 3272 2308 3323 is
2334 3270 2385 3323 in
2410 3268 2719 3324 deﬁniendo
2745 3277 2989 3339 tempore
3010 3286 3116 3340 quo
3138 3271 3460 3328 Fortunatus

1874 3364 1925 3417 in
1959 3362 2183 3416 Galliam
2241 3366 2512 3432 protectus
2562 3363 2780 3417 circiter
2834 3374 2918 3419 est
2965 3378 3149 3419 errare
3205 3365 3458 3433 potuerit,

1873 3453 2042 3507 multo
2071 3454 2238 3522 magis
2268 3455 2320 3508 in
2352 3454 2636 3509 statuendo
2663 3456 3001 3525 quandouam
3053 3456 3347 3519 Pictavum,
3406 3464 3463 3511 ut

1873 3548 1979 3602 illic
2012 3547 2297 3615 habitaret,
2325 3550 2680 3603 concesserit.
2734 3548 2839 3605 Sed
2887 3560 2944 3603 ut
2975 3549 3076 3604 hoc
3128 3550 3461 3617 omittamus,

1872 3655 1991 3696 cum
2024 3642 2154 3696 illuu
2186 3643 2443 3698 credibile
2493 3651 2597 3708 est,
2650 3642 3000 3697 Fortunatum
3053 3660 3158 3699 non
3207 3644 3467 3701 continuo

1872 3745 1994 3805 post
2020 3735 2303 3789 adventum
2336 3752 2489 3790 suum
2516 3740 2566 3791 in
2600 3735 2818 3791 Galliam
2853 3737 3085 3791 Turonis
3135 3737 3463 3806 perrexisse,

1873 3829 1965 3882 sed
1989 3829 2244 3897 temporis
2265 3830 2495 3899 spatium
2518 3830 2732 3899 aliquod
2760 3830 2895 3900 apud
2917 3826 3241 3900 Sigibertum
3261 3845 3464 3899 regem,

1873 3921 2069 3989 Mettis,
2092 3933 2181 3975 aut
2208 3921 2431 3977 nitentis
2461 3922 2677 3992 (quibus
2704 3925 2756 3976 in
2790 3922 3007 3977 urbibus
3030 3922 3288 3978 sedebant
3312 3937 3468 3993 reges

1878 4013 2199 4081 Austrasiaa)
2224 4014 2557 4077 substitisse,
2586 4014 2785 4082 quippe
2829 4014 2914 4067 cui
2942 4014 3348 4083 epithalamium
3378 4028 3470 4069 ce-

1877 4106 2026 4169 cinit,
2052 4116 2103 4159 et
2133 4124 2158 4159 a
2186 4122 2291 4175 quo
2317 4106 2549 4172 itineris,
2576 4106 2719 4175 quod
2752 4122 2843 4174 per
2875 4105 3105 4161 Galliam
3143 4119 3257 4161 erat
3285 4121 3469 4163 lusce-

1878 4210 2087 4268 pturus,
2124 4201 2374 4253 comitem
2417 4199 2498 4267 (ut
2528 4198 2664 4252 intra
2694 4198 2906 4254 dicetur
2937 4198 2977 4266 ),
3009 4208 3064 4252 et
3092 4199 3287 4254 ducem
3315 4212 3469 4254 acce-

1883 4291 1994 4360 pit;
2037 4300 2146 4344 lum
2171 4305 2233 4345 ex
2270 4291 2360 4345 illo
2391 4290 2540 4345 Pauli
2568 4291 2875 4347 testimonio
2903 4308 3007 4347 non
3035 4291 3246 4347 videtur
3274 4292 3468 4347 saltem

1881 4385 2180 4439 luculenter
2208 4383 2421 4440 ostendi
2453 4401 2612 4456 posse
2671 4385 3019 4441 Fortttttatum
3078 4390 3256 4439 Statim
3308 4396 3469 4455 atque

1880 4476 2112 4530 'I’uronis
2140 4477 2400 4532 abscessit
2452 4477 2724 4534 Pictavum
2771 4484 3005 4543 venisse,
3047 4492 3166 4532 cum
3203 4479 3254 4532 id
3292 4478 3467 4533 solum

1884 4570 2078 4624 Paulus
2102 4579 2399 4639 asseveret,
2429 4571 2701 4637 eumdem,
2735 4582 3078 4640 posteaquam
3109 4570 3339 4625 Turonis
3378 4585 3470 4623 vo-

182 4664 344 4719 modo
370 4679 438 4717 ex
470 4663 769 4733 patrocinio
816 4661 877 4714 D.
930 4658 1137 4713 Martini
1174 4658 1457 4723 liberatos;
1483 4656 1575 4710 sed
1608 4656 1780 4724 ροιὶιιε
1809 4681 1862 4741 D
1888 4673 1995 4717 tum
2027 4680 2179 4717 suum
2206 4664 2318 4733 jam
2346 4662 2668 4728 absolverat,
2703 4664 2997 4728 Pictavum,
3034 4662 3240 4717 itineris
3281 4676 3464 4728 causa,

178 4762 246 4815 de
300 4759 605 4814 Fortunato
647 4765 703 4810 et
733 4755 847 4822 ejus
868 4760 994 4807 voto
1041 4757 1091 4806 in
1122 4750 1347 4806 Galliam
1401 4748 1771 4819 proficiscendi

183 4855 255 4907 ita
282 4854 543 4921 loquitur,
576 4856 636 4903 ut
666 4847 897 4902 Felicem
955 4845 1111 4915 plane
1161 4846 1443 4912 seiungere
1495 4842 1772 4907 videatur;

185 4960 290 4999 non
327 4942 495 5012 Greg.
546 4940 899 5002 Turonensis,
957 4938 1078 4992 licet
1132 4936 1374 4991 eamdem
1436 4951 1549 4990 rem
1598 4943 1778 4989 narret

182 5052 344 5107 quam
376 5034 576 5089 Paulus
610 5032 781 5097 Diac.,
811 5031 901 5085 lib.
938 5029 1044 5085 ide
1076 5029 1261 5084 Mirac.
1291 5027 1462 5083 sancti
1513 5027 1693 5094 llIart.,
1724 5043 1773 5082 c.

184 5128 287 5195 15;
319 5136 601 5199 postremo
631 5140 737 5180 non
763 5123 1085 5179 Fortunatus
1138 5123 1250 5191 ipse
1279 5123 1331 5176 id
1380 5123 1587 5191 uSpiam
1644 5122 1779 5175 indi-

183 5234 291 5289 cat,
327 5222 454 5276 licet
486 5220 685 5289 sepius
712 5219 861 5275 locus
889 5218 940 5273 in
969 5217 1213 5288 ejusdem
1265 5217 1479 5285 scriptis
1528 5232 1591 5272 ac
1642 5227 1779 5271 tent-

190 5331 288 5385 pns
312 5315 365 5368 id
396 5313 737 5385 signiﬁcandi
772 5312 839 5382 (si
868 5312 1081 5380 quidem
1107 5321 1285 5364 actum
1319 5310 1612 5379 Contigerat
1639 5311 1658 5379 )
1705 5311 1785 5363 itt-

186 5409 431 5464 cidisset.
465 5407 739 5475 Quinimo,
766 5407 818 5460 in
850 5405 1075 5475 epistola
1119 5405 1182 5457 ad
1214 5404 1375 5472 Greg.
1403 5403 1557 5468 Tur.,
1603 5403 1695 5457 lib.
1744 5420 1780 5469 t,

187 5520 235 5560 c.
274 5506 326 5565 I,
360 5503 566 5556 nullmn
598 5515 656 5554 se
681 5500 931 5553 habuisse
964 5496 1174 5551 itineris
1204 5495 1309 5565 sui,
1342 5496 1483 5566 quod
1535 5512 1603 5550 ex
1639 5494 1782 5549 Italia

190 5598 241 5654 in
268 5598 498 5654 Galliam
554 5596 927 5656 comenderat,
980 5595 1205 5651 socium,
1252 5592 1384 5644 satis
1432 5590 1672 5643 declarat
1723 5590 1785 5641 iis

192 5694 371 5749 verbis
405 5710 417 5745 :
447 5690 587 5755 Quid
616 5691 748 5743 inter
782 5692 887 5743 Iiwc
918 5699 1149 5750 extensa,
1194 5687 1378 5739 viatica
1429 5684 1656 5738 consulte
1685 5684 1787 5737 dici

192 5788 647 5858 potuerit,ceusor
690 5784 797 5851 ipse
842 5797 1105 5849 "tonsura,
1167 5780 1249 5833 ubi
1298 5797 1398 5833 non
1459 5779 1663 5849 urgebat
1715 5777 1789 5831 vel

194 5895 351 5937 metu;
378 5880 704 5949 exjudicc...
743 5892 830 5929 nec
859 5875 1102 5929 invitabat
1136 5875 1282 5944 [arar
1307 5889 1370 5927 ex
1409 5875 1611 5936 comite,
1646 5881 1749 5924 etc.

258 5975 350 6034 52.
388 5970 550 6046 Quod
586 5984 721 6029 vero
776 5969 916 6030 idem
960 5968 1128 6042 addit,
1184 5967 1406 6027 ttiiuimc
1460 5964 1787 6027 credendum

1881 4760 2197 4818 accessisse,
2224 4767 2384 4825 atque
2435 4756 2543 4811 illic
2596 4757 2888 4822 habitasse,
2924 4755 3052 4824 quiti
3100 4765 3306 4809 certum
3356 4764 3467 4822 sta-

1880 4860 1991 4905 tuat
2016 4859 2224 4919 tempus
2251 4850 2391 4916 quod
2416 4854 2701 4919 utrumque
2742 4850 3062 4902 interluerit.
3094 4846 3210 4901 .Iam
3257 4862 3387 4901 vero
3417 4856 3467 4900 et

1882 4942 2009 4997 illud
2034 4944 2297 4997 incertum
2323 4952 2424 5005 est,
2458 4952 2717 5011 quantum
2773 4944 3032 5012 temporis
3061 4942 3289 4995 Turonis
3342 4956 3465 5010 per-

1881 5034 2163 5101 manserit,
2215 5050 2336 5090 cutn
2386 5050 2511 5106 erga
2542 5036 2711 5090 sancti
2746 5036 2955 5090 Martini
2997 5036 3207 5090 cineres
3257 5036 3468 5105 pietatis

1882 5142 1945 5183 ac
1999 5128 2273 5198 religionis
2303 5143 2489 5193 causa,
2540 5138 2654 5182 tum
2710 5128 2795 5182 vel
2844 5128 3181 5197 Eupltronii,
3232 5126 3470 5197 episcopi

1883 5223 2085 5278 Turon.
2120 5222 2227 5295 (cui
2251 5225 2363 5293 ipse
2386 5223 2856 5291 eoujunctissimus
2886 5222 3032 5293 fuit),
3065 5221 3255 5276 olliciis
3283 5229 3339 5276 et
3368 5221 3471 5275 hu-

1886 5318 2147 5371 manitate
2198 5317 2468 5369 detentus.
2504 5316 2818 5385 Quanquam
2860 5315 2985 5384 quid
3018 5314 3101 5369 vel
3133 5314 3259 5368 illud
3293 5315 3445 5382 prohi

1887 5410 1976 5464 bet
2006 5409 2285 5476 scripsisse
2314 5406 2664 5462 Fortunatum
2693 5422 2750 5462 se
2773 5418 2897 5461 tunc
2928 5423 3111 5460 novum
3141 5407 3320 5468 fuisse,
3351 5420 3474 5461 cum

1889 5504 2009 5557 illac
2030 5501 2379 5556 Gelesuintha
2407 5502 2733 5570 pertransiit,
2751 5518 2814 5556 eo
2836 5511 3078 5569 spectato
3104 5513 3346 5567 tempore
3368 5516 3474 5570 quo

1890 5595 2123 5649 funebre
2156 5610 2372 5648 raimen
2397 5594 2666 5649 scribebat
2698 5594 2747 5647 iit
2779 5592 2896 5663 ejus
2926 5605 3174 5661 mortem,
3197 5610 3317 5664 quae
3347 5608 3479 5649 sane

1891 5692 2163 5753 aliquanto
2192 5700 2313 5756 post
2343 5690 2537 5743 accidit
2564 5688 2585 5741 ?
2617 5688 2766 5755 Quod
2800 5704 2929 5743 vero
2962 5706 3214 5757 magnum
3251 5688 3333 5744 bis
3364 5704 3481 5742 mo-

1893 5795 2131 5836 mentum
2165 5781 2329 5842 addit,
2366 5782 2488 5835 illud
2523 5791 2622 5844 est,
2676 5782 2817 5850 quod
2850 5791 2972 5837 ante
3003 5799 3198 5836 annum
3233 5784 3334 5837 507
3384 5796 3479 5837 ne-

1895 5875 2132 5929 cessario
2161 5876 2210 5929 itt
2236 5873 2403 5928 Gallia
2440 5874 2759 5933 Fortunatus
2788 5878 2904 5945 luit,
2929 5878 3017 5948 qui
3066 5886 3119 5930 et
3150 5879 3360 5945 nuptias
3389 5876 3479 5931 Si-

1896 5967 2089 6038 gibcrli
2110 5983 2233 6030 cum
2256 5966 2622 6040 Brunichilde,
2647 5984 2733 6028 an.
2767 5970 2894 6043 566,
2918 5982 2974 6029 ut
3004 5972 3199 6043 sacpius
3219 5967 3477 6044 diximus,
