4236 6604
164 487 217 544 53
1308 464 1468 523 VITA
1507 454 1835 517 VENANTII
1878 448 2295 508 FORTUNATL
3371 447 3440 504 54

158 622 213 663 ει
243 596 435 671 ingenii
463 596 836 665 doctrinmque
861 591 999 646 fama
1032 588 1168 644 satis
1194 582 1458 654 insignem
1484 573 1736 645 etcogni-
1770 574 1818 630 Α
1849 568 2132 670 prudentia
2164 580 2226 619 ac
2266 561 2532 671 sermonis
2562 561 2848 665 suavitate,
2872 567 3238 664 praestantem.
3265 562 3435 630 Quam

160 708 300 841 Iulii.
348 785 431 840 Cl.
486 784 567 837 vir
622 782 778 837 .loan.
828 774 1094 844 Josephus
1143 769 1337 835 Liruti,
1379 777 1629 837 quazrens
1675 774 1741 815 ac

164 894 327 938 secum
358 877 635 932 admirans
664 889 768 944 qua
821 869 937 924 fieri
992 868 1199 923 ratione
1230 861 1461 933 potuerit
1495 868 1555 913 ut
1585 858 1632 912 is
1662 862 1743 909 tot

161 989 329 1041 regum
356 985 421 1024 ac
452 967 758 1039 principum
784 964 1022 1018 virorum
1070 958 1359 1012 amicitiam
1395 953 1548 1019 inire,
1581 960 1742 1021 alque

162 1079 332 1120 eorum
382 1061 598 1114 animos
644 1058 747 1112 sibi
801 1054 1075 1111 devincire
1127 1048 1395 1120 potuerit,
1449 1047 1744 1100 arbitratur

160 1174 264 1213 eam
295 1170 397 1224 qua
425 1164 541 1206 erat
576 1151 830 1221 prmditus
858 1145 1069 1218 generis
1100 1160 1163 1197 ac
1186 1141 1371 1210 stirpis
1404 1139 1740 1192 nobilitatem

160 1251 205 1306 in
228 1263 376 1301 causa
410 1245 574 1298 fuisse
600 1258 695 1297 cur
724 1243 788 1295 ad
815 1241 1119 1311 principum
1144 1247 1303 1301 atque
1335 1247 1520 1301 regqu
1553 1228 1745 1282 amici-

162 1344 251 1395 tias
280 1339 453 1391 facilis
479 1336 657 1390 eidem
693 1333 870 1387 aditus
902 1342 1086 1399 patere
1111 1325 1362 1396 potuerit.
1390 1326 1503 1390 Qua
1529 1323 1580 1373 in
1604 1334 1661 1373 re
1688 1326 1744 1372 ut

165 1435 237 1487 tel
285 1433 399 1498 ipse
450 1428 691 1497 aperiam
748 1425 891 1495 quod
951 1421 1148 1489 sentio,
1185 1419 1339 1488 plane
1366 1414 1586 1469 difficile
1614 1409 1745 1466 mihi

163 1528 359 1581 videtur
392 1524 666 1576 hominem
715 1520 806 1590 qui
856 1516 1067 1579 humili,
1119 1526 1217 1569 nec
1261 1511 1391 1565 satis
1440 1506 1639 1562 celebri
1696 1504 1745 1559 in

163 1622 271 1676 loco
303 1617 593 1688 (Duplavili
626 1615 797 1682 dico),
829 1622 1110 1682 paternam
1161 1609 1345 1663 sedem
1400 1592 1481 1658 ac
1503 1603 1745 1665 dotnum,

166 1715 304 1787 quin,
339 1723 395 1767 ut
452 1713 568 1782 ipse
624 1710 691 1765 de
737 1724 796 1764 se
846 1708 1145 1777 profitetur,
1194 1704 1457 1771 majorum
1489 1698 1749 1768 originem

174 1809 405 1869 haberet,
469 1803 675 1858 nullum
730 1800 1000 1868 publicum
1043 1797 1301 1867 gessisset
1358 1793 1747 1863 magistratum,

164 1901 358 1956 nullum
393 1908 601 1953 certoin
639 1894 860 1949 honoris
892 1908 953 1947 ac
1005 1891 1281 1957 dignitatis
1315 1888 1522 1955 insigne
1567 1885 1752 1939 fuisset

170 1992 388 2061 adeptus
422 1990 503 2061 (ut
533 1989 781 2057 superius
826 1984 1267 2049 declaravintus),
1324 1994 1427 2035 tam
1472 1980 1670 2035 claram
1699 1986 1754 2033 et
1780 1951 1833 2012 Β

164 2086 452 2157 gloriosam
486 2081 701 2151 generis
733 2079 1071 2133 nobilitatem
1097 2075 1331 2129 nancisci
1364 2074 1624 2141 potuiSse,
1650 2086 1766 2147 qua

166 2193 264 2233 non
310 2176 487 2230 solum
519 2174 572 2228 in
606 2173 777 2239 Italia,
812 2170 904 2225 sed
938 2170 1099 2224 etiam
1133 2168 1185 2223 in
1238 2165 1523 2221 Germania
1574 2172 1755 2217 extre-

167 2284 355 2339 maque
403 2267 578 2322 Gallia
631 2266 1032 2328 inclaresceret,
1070 2262 1366 2332 prarsertitn
1400 2274 1520 2313 eum
1573 2258 1754 2310 turbu-

167 2364 322 2419 lentis
352 2361 493 2417 adeo
518 2358 872 2430 temporibus,
906 2356 1102 2426 quibus
1129 2355 1237 2424 jam
1263 2352 1417 2408 bellis
1447 2365 1507 2405 ac
1535 2348 1753 2403 seditio-

163 2457 314 2512 nibus
342 2454 528 2509 omnia
563 2451 950 2512 miscehantur,
1005 2448 1088 2503 vel
1142 2447 1471 2501 nobiliurum
1517 2444 1751 2496 virorum

162 2550 363 2621 generi,
397 2550 501 2602 nisi
532 2562 758 2615 quorum
787 2559 951 2613 opera
998 2544 1050 2597 in
1105 2542 1260 2595 bellis
1312 2537 1754 2593 administrandis

168 2653 255 2697 aut
284 2641 525 2713 gerenda
555 2640 702 2693 domi
740 2653 853 2705 rep.
887 2635 1252 2706 praestitisset,
1290 2632 1523 2685 tenebrae
1555 2629 1751 2683 offundi

164 2735 318 2790 facile
348 2734 671 2803 potuissent.
703 2731 876 2783 Malim
910 2729 1092 2795 itaque
1140 2741 1259 2779 cum
1316 2724 1605 2777 llincmaro
1633 2740 1755 2776 sen—

168 2830 287 2895 tire,
323 2830 439 2897 qtti,
470 2828 520 2879 in
549 2825 701 2895 pra‘f.
730 2824 794 2876 ad
825 2823 1000 2876 Vitam
1030 2821 1198 2874 sancti
1235 2818 1458 2886 Remigii
1483 2818 1668 2870 scribit
1691 2817 1756 2869 de

164 2924 488 2985 Fortunato,
522 2918 664 2988 quod
698 2936 727 2970 a
758 2917 930 2969 multis
964 2913 1248 2981 potentibus
1280 2924 1324 2965 et
1373 2910 1756 2963 honorabilibus

162 3019 272 3069 ciris
304 3018 360 3069 in
386 3016 468 3068 Itis
499 3013 717 3067 Gallicis
768 3021 814 3065 et
855 3007 1075 3080 Belgicis
1116 3007 1405 3076 regionibus
1437 3022 1525 3070 per
1554 3006 1757 3058 dirersa

160 3109 267 3161 fora
291 3120 416 3161 tunc
449 3107 588 3170 vitw,
612 3123 671 3158 ac
692 3103 916 3157 scientia:
944 3117 1051 3154 sua:
1073 3099 1251 3152 merito
1273 3097 1607 3151 invitabatur.

226 3204 316 3258 45.
361 3202 634 3269 Quoniam
701 3212 827 3252 vero
886 3209 1075 3263 magna
1126 3203 1179 3247 et
1208 3192 1471 3260 praecipua
1506 3189 1755 3259 Sigiberti

167 3300 214 3352 in
242 3297 503 3352 eumdem
530 3292 879 3348 humanitatis
905 3305 967 3345 ac
996 3287 1366 3343 beneficentiae
1393 3285 1565 3338 officia
1592 3284 1759 3338 exsti-

160 3400 291 3457 tere,
324 3388 396 3443 de
430 3390 666 3455 ipsoque
691 3393 745 3439 et
781 3383 901 3447 fuit,
936 3389 991 3435 et
1021 3378 1119 3433 erit
1149 3378 1345 3447 sa'pius
1376 3391 1574 3440 sermo,
1619 3374 1757 3429 haud

159 3483 393 3537 alienum
428 3481 499 3534 sit
527 3479 597 3533 de
625 3476 814 3531 eodem
862 3476 1084 3542 ejusque
1124 3484 1310 3537 regno,
1347 3483 1446 3522 nec
1479 3485 1584 3521 tton
1616 3467 1761 3535 regia

157 3576 325 3644 stirpe
366 3588 434 3627 ac
484 3570 829 3639 cognatione,
881 3565 1077 3633 aliquid
1141 3562 1239 3617 hoc
1294 3561 1414 3615 loco
1463 3563 1662 3615 dicere.
1715 3558 1764 3613 Is

157 3665 338 3735 itaque
366 3664 519 3717 filius
546 3660 648 3715 fuit
669 3658 885 3714 Clotarii
914 3658 955 3723 l,
982 3657 1310 3712 Francorum
1335 3654 1495 3724 regis,
1525 3652 1763 3707 omnium

158 3773 251 3813 sua
306 3768 481 3814 :etate
538 3754 923 3825 potentissimi,
987 3750 1075 3821 qui
1137 3762 1253 3817 post
1300 3749 1553 3804 Clodovei
1600 3749 1766 3818 patris

161 3851 371 3907 obitum
418 3863 657 3919 regnare
713 3854 971 3913 coeperat,
1029 3852 1252 3912 paterno
1308 3856 1474 3912 regno
1503 3855 1683 3909 requas
1715 3843 1767 3894 in

161 3959 338 4013 partes
383 3944 569 3997 diviso
621 3956 743 3995 cum
795 3939 964 3992 tribus
1008 3934 1259 3990 fratribus
1309 3932 1487 4005 (Greg.
1545 3932 1767 3999 Turou.,

159 4042 194 4094 Ι.
219 4058 273 4095 ιιι
308 4041 462 4095 llist.
491 4037 728 4101 ‘Frauc.,
760 4052 807 4089 c.
844 4036 897 4104 'l)
921 4052 934 4099 ;
958 4032 1149 4103 quibus
1183 4031 1286 4084 vita
1308 4030 1525 4094 functis,
1556 4030 1770 4081 univer-

159 4150 275 4191 sum
305 4135 415 4190 sibi
448 4133 790 4188 Francorum
834 4129 1143 4196 imperium,
1203 4125 1396 4195 partim
1431 4120 1766 4184 litereditate,

162 4230 357 4295 partim
412 4227 595 4281 armis
647 4239 710 4278 ac
754 4220 1013 4293 potentia,
1070 4218 1453 4273 vindicaverat.
1496 4212 1614 4283 Ιβευ
1646 4228 1772 4268 vero

160 4322 438 4378 Clotarius
499 4319 745 4376 moriens
792 4322 1020 4387 quatuor
1067 4322 1183 4383 post
1234 4327 1293 4367 se
1344 4310 1481 4365 tilios
1534 4307 1770 4375 reliquit,

1845 674 1973 716 cum
2005 659 2375 727 impetrasset,
2404 655 2581 711 eidem
2613 656 2791 725 nupsit
2845 655 2987 725 regia
3040 668 3233 723 pompa
3265 664 3319 709 et
3347 670 3439 723 ap.

1852 764 2070 824 paratu,
2099 752 2370 819 totiusque
2400 749 2551 819 regni
2576 764 2699 802 cum
2725 764 2931 802 summa
2966 750 3146 803 laetitia
3174 763 3236 803 ac
3264 756 3446 818 gratu-

1848 845 2046 900 latione
2074 841 2253 914 (διες.
2291 842 2441 909 Tur.,
2475 842 2513 897 ι.
2545 857 2619 907 tv,
2647 856 2697 895 c.
2725 841 2841 911 27).
2878 840 3037 894 Hisce
3085 841 3287 910 nuptiis
3328 838 3445 910 epi-

1849 935 2167 991 thalamium
2186 934 2381 989 cecinit
2407 933 2753 998 Fortunatus,
2784 932 2851 987 de
2878 949 2987 1003 quo
3031 922 3215 999 snpra,
3258 948 3311 988 η.
3346 930 3438 999 54,

1850 1029 2013 1084 locuti
2044 1046 2262 1094 sumus;
2301 1028 2551 1098 idemque
2582 1027 2831 1083 scribens
2877 1028 2942 1080 ad
2996 1025 3297 1096 GogOnem,
3324 1041 3438 1081 rem

1851 1137 2036 1177 recens
2066 1132 2272 1192 gestant
2298 1121 2536 1175 declarat
2568 1122 2648 1175 his
2676 1120 2853 1175 verbis
2882 1139 2892 1172 :

1974 1212 2142 1274 Nuper
2158 1213 2219 1260 ab
2237 1212 2467 1274 Hispanis
2501 1226 2586 1273 per
2604 1211 2749 1260 multa
2776 1212 2990 1274 pericula
3016 1214 3182 1273 terris,

2036 1275 2255 1337 Egregie
2278 1276 2388 1335 regi
2424 1276 2595 1337 gaudia
2617 1289 2802 1324 summa
2828 1275 2985 1324 vehis.

1929 1357 2011 1413 53$.
2066 1357 2435 1426 Chilpericus,
2488 1357 2739 1427 Sigiberti
2797 1357 3003 1423 frater,
3051 1358 3173 1425 ejus
3222 1357 3437 1428 nuptias

1851 1452 2153 1518 aemulatus,
2211 1453 2355 1507 misit
2390 1462 2443 1506 et
2494 1452 2608 1520 ipse
2666 1454 2717 1506 iu
2771 1452 3084 1522 llispaniam
3139 1452 3228 1523 qui
3284 1451 3442 1508 Gele-

1851 1548 2146 1613 suintltam,
2195 1547 2557 1602 Brunichildis
2588 1562 2852 1613 sororem,
2902 1548 3005 1602 sibi
3055 1556 3318 1615 peterent,
3355 1547 3443 1601 cui

1854 1638 2101 1705 nuberet,
2133 1655 2291 1709 quam
2324 1654 2466 1693 anno
2491 1637 2603 1694 fere
2635 1649 2755 1708 post
2784 1655 2939 1708 quam
2973 1638 3273 1707 Sigibertus
3310 1638 3442 1692 Bru-

1856 1730 2143 1786 niehildem
2195 1731 2297 1784 sibi
2349 1733 2693 1799 copulaverat
2741 1731 2893 1785 duxit
2944 1747 3191 1796 uxorem,
3243 1729 3445 1787 Frede-

1855 1824 2049 1895 gunde,
2095 1824 2249 1894 cujus
2275 1823 2551 1878 amoribus
2583 1824 2887 1891 tenebatur,
2920 1824 3090 1881 intimi
3131 1826 3347 1897 generis
3378 1842 3442 1882 ac

1858 1917 2044 1971 servili
2071 1934 2135 1971 ex
2173 1918 2480 1972 conditione
2510 1919 2735 1972 muiiere
2779 1917 2998 1988 rejecta.
3032 1920 3101 1974 At
3143 1936 3249 1974 non
3280 1920 3447 1975 multo

1863 2023 2149 2082 post,cum
2179 2012 2546 2077 Gelesuintha,
2598 2011 2884 2081 Chilperici
2936 2012 3159 2080 perfidia
3214 2012 3441 2079 offensa,

1861 2108 2086 2162 reditum
2118 2108 2169 2162 in
2214 2107 2521 2175 lliSpauiam
2574 2116 2803 2176 pararet,
2844 2107 2962 2176 ejus
2989 2107 3168 2177 jussu,
3217 2108 3341 2161 dum
3394 2109 3445 2163 in

1862 2200 2057 2255 lectulo
2083 2200 2326 2265 cubaret,
2374 2200 2653 2253 interfecta
2683 2208 2802 2263 est;
2854 2212 3014 2267 atque
3073 2215 3271 2268 paucos
3327 2212 3443 2267 post

1859 2295 1973 2347 dies
1992 2294 2322 2362 Chilpericus
2349 2291 2753 2360 Fredegundem
2791 2288 3013 2361 recepit,
3051 2291 3203 2361 cujus
3249 2293 3444 2347 deinde

1861 2385 2045 2440 fraude
2095 2395 2148 2439 et
2186 2384 2389 2438 insidiis
2429 2399 2551 2439 cum
2584 2383 2905 2453 Sigibertus,
2959 2394 3068 2438 tum
3114 2384 3445 2453 Cliilpericus

1858 2479 2008 2545 ipse,
2065 2476 2227 2531 occisi
2281 2486 2422 2530 sunt.
2489 2474 2929 2543 Gelesnintham,
2983 2483 3441 2544 pertranseuntem

1860 2571 2109 2635 Pictavis,
2140 2569 2275 2623 vidit
2306 2568 2651 2630 Fortunatus,
2697 2584 2819 2623 cum
2866 2568 3040 2623 adhuc
3090 2584 3151 2623 ea
3209 2570 3262 2623 in
3312 2570 3445 2625 urbe

1860 2680 2030 2718 novus
2072 2671 2237 2730 esset,
2287 2670 2341 2716 et
2395 2660 2511 2730 ejus
2566 2660 2722 2715 funus
2769 2661 3173 2716 acerbissimum
3232 2661 3440 2731 lugubri

1861 2759 2101 2814 carmine
2124 2756 2408 2825 expressit,
2439 2755 2580 2825 quod
2610 2756 2789 2823 legere
2810 2765 2890 2808 est
2925 2755 2960 2807 Ι.
2997 2769 3072 2819 vt,
3103 2769 3151 2808 c.
3187 2756 3240 2810 7.

1935 2849 2024 2904 46.
2074 2848 2370 2917 Sigibcrtus
2422 2848 2599 2915 itaque
2648 2849 2731 2916 (ut
2760 2847 2827 2899 ad
2873 2847 2925 2901 id
2956 2848 3097 2903 unde
3127 2847 3447 2903 defleximus

1866 2943 2228 3013 revertamur)
2265 2940 2631 2996 nobilissimus
2661 2943 2723 2996 iis
2747 2942 3097 3011 temporibus,
3123 2958 3186 2997 ac
3211 2944 3445 3012 pruden-

1865 3038 2102 3092 tissimus
2134 3052 2221 3090 rex
2258 3036 2434 3105 (cujus
2460 3036 2688 3090 virtutes
2747 3035 2944 3105 passim
3002 3035 3279 3091 celebrant
3322 3036 3451 3091 For-

1865 3142 2081 3186 tunatus
2108 3142 2163 3186 et
2186 3132 2350 3203 Greg.
2385 3131 2542 3197 Tur.,
2576 3130 2771 3200 aliique
2804 3130 3006 3199 plures)
3038 3133 3285 3185 eumdem
3313 3130 3448 3186 For-

1866 3234 2132 3291 tunatum,
2164 3224 2217 3278 in
2246 3224 2474 3279 Galliam
2536 3224 2858 3290 venientem,
2914 3223 3306 3292 perhonoritice
3357 3240 3454 3279 ex-

1794 3323 1841 3388 ο
1874 3320 2053 3388 cepit,
2116 3332 2277 3389 atque
2305 3319 2379 3374 illi
2428 3319 2733 3389 Sigoaldum
2791 3320 3043 3373 comitem
3098 3334 3194 3388 pro
3214 3319 3359 3374 socio
3392 3334 3455 3375 ac

1868 3416 2007 3471 duce
2053 3414 2301 3470 itinerum
2332 3430 2452 3482 qua:
2484 3431 2576 3483 per
2605 3416 2832 3470 Galliam
2864 3414 3070 3485 agenda
3105 3415 3205 3482 ipsi
3241 3413 3458 3469 fuerant

1866 3510 2036 3573 dedit,
2065 3525 2173 3579 quo
2197 3508 2406 3563 scilicet
2433 3524 2651 3577 operam
2683 3524 2858 3576 suam,
2900 3519 2954 3563 et
2982 3508 3371 3573 assiduitatem,
3404 3519 3459 3564 et

1869 3603 2089 3658 tutelam
2141 3603 2337 3669 eidem,
2390 3604 2502 3658 sive
2542 3603 2789 3657 TUIOItOS
2836 3601 3076 3667 adeunti,
3129 3602 3243 3657 sive
3298 3602 3456 3657 urbes

1868 3695 2025 3763 alias,
2052 3709 2115 3749 ac
2145 3695 2391 3765 regiones
2420 3694 2603 3750 Galliae
2634 3694 2958 3764 peragranti,
3008 3702 3306 3764 praestaret.
3338 3693 3452 3748 Hoc

1871 3806 1935 3846 ex
1960 3792 2077 3860 ipso
2108 3791 2353 3844 novimus
2384 3789 2695 3853 Fortunato,
2725 3790 2841 3858 qui,
2875 3788 2911 3842 Ι.
2939 3802 2992 3855 x,
3017 3801 3066 3842 c.
3111 3786 3201 3852 20,
3255 3786 3325 3842 ad
3369 3787 3452 3843 Si-

1872 3884 2119 3956 goaldum
2145 3882 2329 3938 scribit
2361 3883 2445 3937 his
2467 3882 2645 3937 verbis
2680 3900 2691 3935 :

2000 3976 2201 4028 Finibus
2230 3976 2376 4027 italiae
2400 3990 2507 4025 cum
2531 3979 2737 4038 primum
2760 3977 2818 4024 ad
2838 3989 2991 4039 regna
3020 3978 3262 4039 venirem,

2059 4040 2131 4090 'l‘e
2157 4041 2273 4089 mihi
2295 4041 2543 4089 constituit
2564 4054 2650 4089 rex
2680 4040 2959 4099 Vigiberlus
2981 4052 3147 4099 Opem,

2000 4102 2171 4152 Tutior
2196 4110 2249 4152 ut
2266 4105 2519 4164 graderer,
2543 4110 2705 4150 tecum
2731 4102 3022 4157 comitando,
3049 4106 3225 4163 viator,

2059 4166 2221 4226 Atque
2248 4174 2502 4226 pararetur
2527 4165 2635 4214 hinc
2658 4176 2835 4226 equus,
2859 4164 2973 4212 inde
2990 4164 3147 4215 cibus.

2006 4227 2222 4289 lmplesti
2246 4228 2453 4276 officium
2473 4227 2721 4289 (etc.).....

1954 4315 2039 4369 47.
2069 4313 2327 4368 Eumdem
2372 4328 2499 4367 vero
2550 4312 2779 4366 Turonis
2835 4312 3154 4380 confestim,
3197 4327 3319 4369 cum
3370 4328 3465 4384 per

159 4414 587 4478 Cbaribertum,
641 4410 1052 4472 Guntramnttm,
1103 4405 1485 4473 Chilpericnm,
1538 4400 1775 4470 Sigiber-

163 4518 297 4571 tum,
331 4510 427 4578 qui
458 4521 695 4575 regnum
730 4505 868 4557 inter
900 4518 979 4564 se,
1006 4502 1145 4570 jacta
1177 4511 1341 4564 sorte,
1366 4497 1684 4559 diviserunt,
1714 4508 1775 4547 ac
1880 4501 2245 4555 venerandum
2273 4500 2577 4568 perrexisse
2599 4540 2613 4564 ,
2644 4499 2973 4555 credendum
3034 4509 3151 4567 est,
3202 4508 3261 4554 ut
3308 4516 3465 4571 quem

162 4603 439 4671 Sigiln-rtn
477 4600 569 4668 (ut
601 4595 783 4651 verbis
815 4604 930 4648 utar
954 4591 1217 4661 Gregorii,
1248 4589 1282 4643 l.
1311 4605 1357 4643 IV
1382 4587 1517 4641 llist.
1554 4586 1766 4644 Franc.,

1882 4590 2150 4647 Raveume
2175 4602 2278 4645 tam
2315 4594 2567 4659 praeclare
2598 4593 2664 4646 de
2705 4609 2763 4647 se
2793 4593 3042 4648 meritum
3087 4604 3344 4662 noverat,
3374 4609 3466 4648 cu-

163 4711 212 4750 ς.
246 4694 340 4765 ΞΞ)
394 4708 629 4765 regnum
689 4687 995 4743 Theuderici
1038 4684 1283 4757 (Clotarii
1327 4681 1528 4748 fratris)
1580 4679 1774 4747 obtigit,
1810 4699 1862 4760 Β
1886 4684 2082 4755 jusque
2104 4696 2263 4738 causa
2288 4685 2341 4738 in
2372 4684 2599 4738 Galliam
2622 4684 2932 4750 advenerat,
2954 4684 3068 4753 ejus
3098 4683 3309 4741 cineres
3331 4698 3470 4753 pre-

161 4788 438 4856 sedemque
467 4782 667 4835 habere
687 4779 1037 4833 Rhemensem.
1062 4776 1226 4831 ΡΟΙΊὈ
1252 4789 1437 4845 regum
1462 4770 1772 4838 Austrasiaa,
1887 4794 2014 4835 gens
2054 4779 2277 4845 coleret,
2328 4794 2390 4834 ac
2438 4788 2619 4835 votum
2647 4794 2800 4834 Suum
2853 4779 3180 4836 exsolveret.
3235 4778 3471 4834 Praei-at

162 4880 249 4949 qui
277 4877 522 4933 m'cmis
559 4872 850 4935 sedebam:
880 4868 1162 4939 imperium
1196 4867 1283 4921 νει
1334 4867 1383 4919 in
1435 4863 1776 4920 Germaniam
1890 4884 2015 4931 tunc
2054 4875 2310 4943 temporis
2369 4873 2617 4928 Ecclesiae
2664 4872 2960 4928 Turonensi
3009 4879 3035 4908 ἰ
3086 4872 3467 4941 Euphronius,

162 4973 319 5043 longe
346 4967 763 5043 procurrebat;
786 4964 854 5020 de
882 4980 988 5033 quo
1017 4965 1132 5032 lege
1177 4960 1351 5024 Fort.,
1412 4959 1506 5012 lib.
1541 4972 1613 5023 vt,
1641 4974 1687 5013 (ξ.
1717 4955 1766 5022 ’2,

1892 4983 2056 5038 nepos
2085 4970 2254 5023 sancti
2290 4968 2472 5037 Greg.,
2505 4968 2739 5039 episcopi
2784 4966 3160 5036 Lingonensis,
3216 4965 3297 5019 vir
3344 4980 3465 5020 cum

161 5077 211 5121 et
244 5067 438 5128 Ruin.,
480 5066 541 5118 in
581 5060 725 5115 notis
750 5058 814 5112 ad
847 5056 1010 5126 Greg.
1043 5056 1196 5118 Tur.,
1232 5056 1345 5109 LIV
1379 5052 1542 5116 “Nu
1574 5051 1739 5105 (1-9-3-
1888 5077 2086 5131 genere
2136 5060 2536 5126 nobilissimus,
2589 5069 2701 5113 tum
2760 5060 3046 5114 sanctitate
3098 5057 3464 5122 clarissimus,

230 5160 320 5213 44·
360 5159 593 5213 101⁸21Ὄὲὶ
627 5152 947 5222 δίῧίδθνίυεο
983 5165 1102 5204 cum
1141 5148 1335 5201 [mres
1364 5161 1488 5199 5"”5
1521 5157 1676 5215 "3885
1706 5143 1779 5195 Vi'
1895 5169 2052 5224 quem
2101 5153 2359 5223 deinceps
2408 5152 2708 5207 Fortunato
2733 5150 2989 5221 singulari
3021 5148 3392 5205 benevolentia
3419 5160 3474 5205 et

163 5254 329 5309 disset
385 5250 593 5306 infima
646 5254 702 5298 et
754 5242 933 5297 servili
981 5239 1286 5295 conditiOne
1318 5236 1635 5293 mulieribus
1686 5250 1780 5288 nu-
1893 5244 2144 5300 δηιίρίιίω
2176 5243 2568 5299 necessitudine
2600 5242 2764 5297 fuisse
2792 5243 3178 5311 cum-unciam,
3213 5248 3475 5295 ιεειεηιυτ

162 5347 358 5414 Nise.
404 5342 628 5398 οδιίιοε
658 5339 873 5407 εεηθτῑε
900 5349 963 5389 ac
1010 5331 1282 5403 ἀίειιίιθιίέ
1323 5348 1454 5393 Sil-Pi
1489 5330 1634 5403 Γιῖξζὶυ
1665 5330 1779 5397 ipse
1895 5338 2116 5407 hujusce
2167 5340 2234 5392 ad
2288 5338 2431 5391 illum
2466 5336 2677 5405 scriptae
2710 5334 2974 5405 epistolae,
3018 5334 3053 5386 Ι.
3095 5348 3176 5396 ttt,
3201 5346 3250 5387 c.
3283 5334 3307 5388 1
3337 5343 3390 5387 et
3415 5334 3470 5390 2.

165 5441 346 5495 animo
376 5446 436 5493 et
467 5431 720 5489 consilio
750 5443 971 5483 uxorem
1026 5425 1190 5494 regali
1222 5440 1251 5479 e
1284 5425 1451 5489 stirpe
1481 5421 1761 5502 ducendan

1894 5432 2156 5488 Entndem
2189 5434 2369 5503 itaque
2393 5441 2515 5487 tunc
2542 5431 2856 5487 convenisse
2886 5430 3206 5485 Fortunatus
3226 5470 3240 5495 ,
3270 5438 3323 5484 et
3352 5430 3468 5498 ejus

165 5535 398 5589 censuit.
438 5532 633 5595 Quam
681 5523 748 5577 ad
781 5538 892 5577 rem
937 5520 1139 5588 legatos
1167 5518 1312 5573 misit
1357 5516 1408 5570 in
1454 5514 1757 5582 Hispaniam

1895 5530 2145 5585 amicitia:
2176 5529 2521 5584 fundamenta
2550 5527 2795 5600 quaedam
2823 5525 3050 5596 jecisse,
3102 5541 3223 5597 qua:
3254 5534 3471 5595 postea,

166 5628 255 5697 qui
312 5618 781 5682 Brunichildem,
830 5611 1171 5681 Athanagildi
1230 5610 1370 5680 regis
1421 5609 1472 5663 in
1523 5606 1766 5677 HiSpani:

1898 5626 2099 5679 mutuis
2143 5623 2345 5678 officiis
2376 5622 2518 5676 culta
2550 5631 2603 5678 et
2629 5629 2807 5686 aucta,
2840 5634 2907 5675 eo
2939 5619 3202 5689 pervenit,
3255 5627 3313 5672 ut
3362 5616 3475 5687 ipse

168 5721 357 5785 filiam,
384 5717 496 5772 sibi
536 5719 796 5783 peterent
821 5707 886 5761 ad
919 5705 1154 5776 nuptias,
1184 5704 1410 5772 puellam
1442 5717 1564 5756 cum
1616 5701 1766 5756 form:

1898 5718 2047 5773 illum
2082 5716 2314 5787 parentis
2343 5715 2397 5769 in
2427 5716 2544 5769 loco
2570 5714 2814 5776 haberet,
2848 5712 3106 5767 dicendus
3134 5719 3238 5764 est.

169 5812 440 5883 c0rporis,
478 5818 602 5861 tum
635 5800 896 5856 industria
915 5807 970 5853 et
997 5813 1207 5851 morum
1237 5795 1546 5859 honestate,
1572 5792 1789 5847 consilii
1969 5812 2061 5866 48,
2089 5814 2290 5867 "Nerea
2308 5811 2540 5865 Turonis
2560 5810 2855 5877 digressus.
2885 5824 3029 5871 cum.
3056 5805 3264 5861 “meris
3290 5820 3471 5867 causa,

1882 4422 2060 4476 regem
2090 4407 2410 4476 Sigibertum
2445 4404 2611 4471 licuit,
2644 4405 2708 4459 ad
2737 4406 2905 4460 sancti
2926 4406 3133 4462 Martini
3153 4409 3456 4478 sepulcrum

239 5961 261 5985 ει
306 5949 447 6003 Μηιρ
507 5947 704 5999 Βιωγ.
755 5940 805 5993 in
848 5939 966 5993 Vita
1000 5939 1145 5993 Fort.
1200 5935 1347 6006 ponit
1404 5946 1527 5991 tunc
1580 5931 1837 6003 temporis
1876 5930 2105 5989 Turonis
2152 5932 2359 5987 sedisse
2411 5928 2747 5999 Gregorium.
2806 5929 2893 5996 qui
2955 5925 3170 5980 nonnisi
3230 5938 3316 5980 an.
3354 5925 3470 5978 573

175 6026 316 6083 illam
351 6021 551 6078 sedent
588 6024 679 6071 est
715 6012 960 6083 adeptus.
