  <div class='ocr_page' id='page_1' title='image "/cluster/home/n/w/nwhite01/storage/ocr_20150623/88-89/uc1.31175000868714/023.png"; bbox 0 0 4236 6548; ppageno 0'>
   <div class='ocr_carea' id='block_1_1' title="bbox 797 400 4085 476">
    <p class='ocr_par' dir='ltr' id='par_1_1' title="bbox 797 400 4085 476">
     <span class='ocr_line' id='line_1_1' title="bbox 797 400 4085 476; baseline 0.003 -11"><span class='ocrx_word' id='word_1_1' title='bbox 797 408 870 465; x_wconf 74' lang='grc'><strong>65</strong></span> <span class='ocrx_word' id='word_1_2' title='bbox 1332 400 1847 463; x_wconf 81' lang='lat' dir='ltr'><strong>PROLEGOMENA</strong></span> <span class='ocrx_word' id='word_1_3' title='bbox 1889 405 1983 462; x_wconf 80' lang='lat' dir='ltr'><strong>AD</strong></span> <span class='ocrx_word' id='word_1_4' title='bbox 2022 403 2355 464; x_wconf 76' lang='lat' dir='ltr'><strong>VENANTII</strong></span> <span class='ocrx_word' id='word_1_5' title='bbox 2394 405 2553 465; x_wconf 77' lang='lat' dir='ltr'><strong>BON.</strong></span> <span class='ocrx_word' id='word_1_6' title='bbox 2599 408 2805 466; x_wconf 79' lang='lat' dir='ltr'><strong>CLEM.</strong></span> <span class='ocrx_word' id='word_1_7' title='bbox 2849 408 3243 467; x_wconf 78' lang='lat' dir='ltr'><strong>FORTUNATI</strong></span> <span class='ocrx_word' id='word_1_8' title='bbox 3282 410 3538 473; x_wconf 81' lang='lat' dir='ltr'><strong>OPERA.</strong></span> <span class='ocrx_word' id='word_1_9' title='bbox 4009 414 4085 476; x_wconf 74' lang='grc'><strong>36</strong></span> 
     </span>
    </p>
   </div>
   <div class='ocr_carea' id='block_1_2' title="bbox 799 521 4086 599">
    <p class='ocr_par' dir='ltr' id='par_1_2' title="bbox 799 521 4086 599">
     <span class='ocr_line' id='line_1_2' title="bbox 799 521 4086 599; baseline 0.004 -21"><span class='ocrx_word' id='word_1_10' title='bbox 799 521 1082 579; x_wconf 78' lang='lat' dir='ltr'><strong>Pictavum</strong></span> <span class='ocrx_word' id='word_1_11' title='bbox 1110 521 1371 587; x_wconf 85' lang='lat' dir='ltr'><strong>venisset,</strong></span> <span class='ocrx_word' id='word_1_12' title='bbox 1402 538 1463 577; x_wconf 85' lang='lat' dir='ltr'><strong>ea</strong></span> <span class='ocrx_word' id='word_1_13' title='bbox 1492 523 1545 578; x_wconf 84' lang='lat' dir='ltr'><strong>in</strong></span> <span class='ocrx_word' id='word_1_14' title='bbox 1590 524 1721 579; x_wconf 87' lang='lat' dir='ltr'><strong>urbe</strong></span> <span class='ocrx_word' id='word_1_15' title='bbox 1762 523 2091 580; x_wconf 82' lang='lat' dir='ltr'><strong>domicilium</strong></span> <span class='ocrx_word' id='word_1_16' title='bbox 2121 538 2272 579; x_wconf 90' lang='lat' dir='ltr'><strong>suum</strong></span> <span class='ocrx_word' id='word_1_17' title='bbox 2321 540 2385 581; x_wconf 86' lang='lat' dir='ltr'><strong>ac</strong></span> <span class='ocrx_word' id='word_1_18' title='bbox 2413 532 2461 589; x_wconf 77' lang='grc' dir='ltr'><strong>Α</strong></span> <span class='ocrx_word' id='word_1_19' title='bbox 2490 526 2801 582; x_wconf 81' lang='lat' dir='ltr'><strong>exsolverat</strong></span> <span class='ocrx_word' id='word_1_20' title='bbox 2826 533 2968 599; x_wconf 79' lang='lat' dir='ltr'><strong>(qute</strong></span> <span class='ocrx_word' id='word_1_21' title='bbox 2993 543 3262 599; x_wconf 72' lang='lat' dir='ltr'><strong>prmcipua</strong></span> <span class='ocrx_word' id='word_1_22' title='bbox 3314 530 3488 586; x_wconf 85' lang='lat' dir='ltr'><strong>luerat</strong></span> <span class='ocrx_word' id='word_1_23' title='bbox 3515 546 3674 588; x_wconf 83' lang='lat' dir='ltr'><strong>causa</strong></span> <span class='ocrx_word' id='word_1_24' title='bbox 3718 548 3784 589; x_wconf 81' lang='lat' dir='ltr'><strong>ex</strong></span> <span class='ocrx_word' id='word_1_25' title='bbox 3814 531 3971 590; x_wconf 82' lang='lat' dir='ltr'><strong>Italia</strong></span> <span class='ocrx_word' id='word_1_26' title='bbox 4024 534 4086 592; x_wconf 87' lang='lat' dir='ltr'><strong>in</strong></span> 
     </span>
    </p>
   </div>
   <div class='ocr_carea' id='block_1_3' title="bbox 804 618 2389 677">
    <p class='ocr_par' dir='ltr' id='par_1_3' title="bbox 804 618 2389 677">
     <span class='ocr_line' id='line_1_3' title="bbox 804 618 2389 677; baseline 0.003 -3"><span class='ocrx_word' id='word_1_27' title='bbox 804 618 990 674; x_wconf 88' lang='lat' dir='ltr'><strong>sedem</strong></span> <span class='ocrx_word' id='word_1_28' title='bbox 1022 618 1320 674; x_wconf 84' lang='lat' dir='ltr'><strong>constituit.</strong></span> <span class='ocrx_word' id='word_1_29' title='bbox 1346 618 1399 672; x_wconf 85' lang='lat' dir='ltr'><strong>Id</strong></span> <span class='ocrx_word' id='word_1_30' title='bbox 1429 634 1551 673; x_wconf 91' lang='lat' dir='ltr'><strong>cum</strong></span> <span class='ocrx_word' id='word_1_31' title='bbox 1581 634 1646 673; x_wconf 85' lang='lat' dir='ltr'><strong>ex</strong></span> <span class='ocrx_word' id='word_1_32' title='bbox 1680 619 1827 674; x_wconf 78' lang='lat' dir='ltr'><strong>Pauli</strong></span> <span class='ocrx_word' id='word_1_33' title='bbox 1883 620 2098 674; x_wconf 90' lang='lat' dir='ltr'><strong>Diaconi</strong></span> <span class='ocrx_word' id='word_1_34' title='bbox 2145 625 2389 677; x_wconf 88' lang='lat' dir='ltr'><strong>testimo-</strong></span> 
     </span>
    </p>
   </div>
   <div class='ocr_carea' id='block_1_4' title="bbox 803 709 2383 784">
    <p class='ocr_par' dir='ltr' id='par_1_4' title="bbox 803 709 2383 784">
     <span class='ocr_line' id='line_1_4' title="bbox 803 709 2383 784; baseline 0.001 -17"><span class='ocrx_word' id='word_1_35' title='bbox 803 714 894 768; x_wconf 80' lang='lat' dir='ltr'><strong>n‘io</strong></span> <span class='ocrx_word' id='word_1_36' title='bbox 938 709 1218 777; x_wconf 85' lang='lat' dir='ltr'><strong>discimus,</strong></span> <span class='ocrx_word' id='word_1_37' title='bbox 1271 720 1380 766; x_wconf 87' lang='lat' dir='ltr'><strong>tum</strong></span> <span class='ocrx_word' id='word_1_38' title='bbox 1411 712 1527 780; x_wconf 85' lang='lat' dir='ltr'><strong>ipse</strong></span> <span class='ocrx_word' id='word_1_39' title='bbox 1557 712 1880 767; x_wconf 85' lang='lat' dir='ltr'><strong>Fortunatus</strong></span> <span class='ocrx_word' id='word_1_40' title='bbox 1904 714 1971 768; x_wconf 92' lang='lat' dir='ltr'><strong>de</strong></span> <span class='ocrx_word' id='word_1_41' title='bbox 1996 727 2055 769; x_wconf 89' lang='lat' dir='ltr'><strong>se</strong></span> <span class='ocrx_word' id='word_1_42' title='bbox 2079 714 2383 784; x_wconf 81' lang='lat' dir='ltr'><strong>proﬁtetur,</strong></span> 
     </span>
    </p>
   </div>
   <div class='ocr_carea' id='block_1_5' title="bbox 799 804 1572 870">
    <p class='ocr_par' dir='ltr' id='par_1_5' title="bbox 799 804 1572 870">
     <span class='ocr_line' id='line_1_5' title="bbox 799 804 1572 870; baseline 0 -11"><span class='ocrx_word' id='word_1_43' title='bbox 799 804 839 860; x_wconf 91' lang='lat' dir='ltr'><strong>l.</strong></span> <span class='ocrx_word' id='word_1_44' title='bbox 868 821 984 870; x_wconf 85' lang='lat' dir='ltr'><strong>vui,</strong></span> <span class='ocrx_word' id='word_1_45' title='bbox 1008 819 1059 860; x_wconf 93' lang='lat' dir='ltr'><strong>c.</strong></span> <span class='ocrx_word' id='word_1_46' title='bbox 1091 806 1143 866; x_wconf 75' lang='grc'><strong>1.</strong></span> <span class='ocrx_word' id='word_1_47' title='bbox 1177 805 1255 859; x_wconf 90' lang='lat' dir='ltr'><strong>s&#39;ic</strong></span> <span class='ocrx_word' id='word_1_48' title='bbox 1284 805 1530 860; x_wconf 83' lang='lat' dir='ltr'><strong>scribens</strong></span> <span class='ocrx_word' id='word_1_49' title='bbox 1560 823 1572 859; x_wconf 92' lang='lat'>:</span> 
     </span>
    </p>
   </div>
   <div class='ocr_carea' id='block_1_6' title="bbox 893 895 2198 959">
    <p class='ocr_par' dir='ltr' id='par_1_6' title="bbox 893 895 2198 959">
     <span class='ocr_line' id='line_1_6' title="bbox 893 895 2198 959; baseline 0.005 -13"><span class='ocrx_word' id='word_1_50' title='bbox 893 895 1185 959; x_wconf 75' lang='lat' dir='ltr'><strong>Fortunatus</strong></span> <span class='ocrx_word' id='word_1_51' title='bbox 1209 909 1307 959; x_wconf 75' lang='lat' dir='ltr'><strong>ego</strong></span> <span class='ocrx_word' id='word_1_52' title='bbox 1330 898 1441 947; x_wconf 71' lang='lat' dir='ltr'><strong>hinc</strong></span> <span class='ocrx_word' id='word_1_53' title='bbox 1466 899 1632 948; x_wconf 84' lang='lat' dir='ltr'><strong>humili</strong></span> <span class='ocrx_word' id='word_1_54' title='bbox 1659 911 1827 959; x_wconf 85' lang='lat' dir='ltr'><strong>prece,</strong></span> <span class='ocrx_word' id='word_1_55' title='bbox 1855 912 1975 950; x_wconf 86' lang='lat' dir='ltr'><strong>voce</strong></span> <span class='ocrx_word' id='word_1_56' title='bbox 1999 900 2158 951; x_wconf 81' lang='lat' dir='ltr'><strong>saluto</strong></span> <span class='ocrx_word' id='word_1_57' title='bbox 2184 915 2198 953; x_wconf 89' lang='lat'><strong>:</strong></span> 
     </span>
    </p>
   </div>
   <div class='ocr_carea' id='block_1_7' title="bbox 950 957 1899 1021">
    <p class='ocr_par' dir='ltr' id='par_1_7' title="bbox 950 957 1899 1021">
     <span class='ocr_line' id='line_1_7' title="bbox 950 957 1899 1021; baseline 0.003 -13"><span class='ocrx_word' id='word_1_58' title='bbox 950 957 1101 1008; x_wconf 65' lang='lat' dir='ltr'><strong>Italiae</strong></span> <span class='ocrx_word' id='word_1_59' title='bbox 1125 957 1347 1021; x_wconf 80' lang='lat' dir='ltr'><strong>genitum</strong></span> <span class='ocrx_word' id='word_1_60' title='bbox 1366 959 1543 1009; x_wconf 73' lang='lat' dir='ltr'><strong>Gallici</strong></span> <span class='ocrx_word' id='word_1_61' title='bbox 1568 957 1680 1009; x_wconf 79' lang='lat' dir='ltr'><strong>rura</strong></span> <span class='ocrx_word' id='word_1_62' title='bbox 1708 957 1899 1011; x_wconf 79' lang='lat' dir='ltr'><strong>tenent.</strong></span> 
     </span>
    </p>
   </div>
   <div class='ocr_carea' id='block_1_8' title="bbox 894 1019 2071 1084">
    <p class='ocr_par' dir='ltr' id='par_1_8' title="bbox 894 1019 2071 1084">
     <span class='ocr_line' id='line_1_8' title="bbox 894 1019 2071 1084; baseline 0.006 -16"><span class='ocrx_word' id='word_1_63' title='bbox 894 1019 1100 1084; x_wconf 77' lang='lat' dir='ltr'><strong>Pictavis</strong></span> <span class='ocrx_word' id='word_1_64' title='bbox 1126 1019 1481 1084; x_wconf 66' lang='lat' dir='ltr'><strong>residens,qua</strong></span> <span class='ocrx_word' id='word_1_65' title='bbox 1501 1035 1697 1071; x_wconf 88' lang='lat' dir='ltr'><strong>sanctus</strong></span> <span class='ocrx_word' id='word_1_66' title='bbox 1723 1024 1932 1074; x_wconf 81' lang='lat' dir='ltr'><strong>Hilarius</strong></span> <span class='ocrx_word' id='word_1_67' title='bbox 1956 1024 2071 1075; x_wconf 91' lang='lat' dir='ltr'><strong>olim</strong></span> 
     </span>
    </p>
   </div>
   <div class='ocr_carea' id='block_1_9' title="bbox 952 1082 2013 1148">
    <p class='ocr_par' dir='ltr' id='par_1_9' title="bbox 952 1082 2013 1148">
     <span class='ocr_line' id='line_1_9' title="bbox 952 1082 2013 1148; baseline 0.006 -16"><span class='ocrx_word' id='word_1_68' title='bbox 952 1082 1107 1133; x_wconf 77' lang='lat' dir='ltr'><strong>Natus</strong></span> <span class='ocrx_word' id='word_1_69' title='bbox 1130 1085 1179 1133; x_wconf 90' lang='lat' dir='ltr'><strong>iu</strong></span> <span class='ocrx_word' id='word_1_70' title='bbox 1201 1087 1323 1133; x_wconf 84' lang='lat' dir='ltr'><strong>urbe</strong></span> <span class='ocrx_word' id='word_1_71' title='bbox 1340 1082 1448 1148; x_wconf 82' lang='lat' dir='ltr'><strong>fuit,</strong></span> <span class='ocrx_word' id='word_1_72' title='bbox 1471 1094 1613 1135; x_wconf 85' lang='lat' dir='ltr'><strong>notus</strong></span> <span class='ocrx_word' id='word_1_73' title='bbox 1635 1088 1680 1134; x_wconf 91' lang='lat' dir='ltr'><strong>in</strong></span> <span class='ocrx_word' id='word_1_74' title='bbox 1699 1091 1822 1136; x_wconf 85' lang='lat' dir='ltr'><strong>urbe</strong></span> <span class='ocrx_word' id='word_1_75' title='bbox 1850 1087 2013 1138; x_wconf 77' lang='lat' dir='ltr'><strong>Pater.</strong></span> 
     </span>
    </p>
   </div>
   <div class='ocr_carea' id='block_1_10' title="bbox 798 1165 2386 1239">
    <p class='ocr_par' dir='ltr' id='par_1_10' title="bbox 798 1165 2386 1239">
     <span class='ocr_line' id='line_1_10' title="bbox 798 1165 2386 1239; baseline 0.006 -21"><span class='ocrx_word' id='word_1_76' title='bbox 798 1165 1049 1234; x_wconf 82' lang='lat' dir='ltr'><strong>Quinimo</strong></span> <span class='ocrx_word' id='word_1_77' title='bbox 1102 1167 1154 1221; x_wconf 89' lang='lat' dir='ltr'><strong>id</strong></span> <span class='ocrx_word' id='word_1_78' title='bbox 1216 1170 1470 1238; x_wconf 84' lang='lat' dir='ltr'><strong>deinceps</strong></span> <span class='ocrx_word' id='word_1_79' title='bbox 1519 1171 1855 1239; x_wconf 91' lang='lat' dir='ltr'><strong>promeruit,</strong></span> <span class='ocrx_word' id='word_1_80' title='bbox 1918 1182 1972 1225; x_wconf 91' lang='lat' dir='ltr'><strong>ut</strong></span> <span class='ocrx_word' id='word_1_81' title='bbox 2027 1171 2171 1227; x_wconf 90' lang='lat' dir='ltr'><strong>illius</strong></span> <span class='ocrx_word' id='word_1_82' title='bbox 2228 1172 2386 1228; x_wconf 86' lang='lat' dir='ltr'><strong>Urbis</strong></span> 
     </span>
    </p>
   </div>
   <div class='ocr_carea' id='block_1_11' title="bbox 797 1258 2387 1331">
    <p class='ocr_par' dir='ltr' id='par_1_11' title="bbox 797 1258 2387 1331">
     <span class='ocr_line' id='line_1_11' title="bbox 797 1258 2387 1331; baseline 0.005 -18"><span class='ocrx_word' id='word_1_83' title='bbox 797 1258 968 1328; x_wconf 88' lang='lat' dir='ltr'><strong>clero,</strong></span> <span class='ocrx_word' id='word_1_84' title='bbox 1011 1260 1257 1330; x_wconf 79' lang='lat' dir='ltr'><strong>quamvis</strong></span> <span class='ocrx_word' id='word_1_85' title='bbox 1303 1261 1537 1329; x_wconf 84' lang='lat' dir='ltr'><strong>advena,</strong></span> <span class='ocrx_word' id='word_1_86' title='bbox 1572 1262 1951 1331; x_wconf 88' lang='lat' dir='ltr'><strong>ascriberelur,</strong></span> <span class='ocrx_word' id='word_1_87' title='bbox 1986 1279 2048 1320; x_wconf 91' lang='lat' dir='ltr'><strong>ac</strong></span> <span class='ocrx_word' id='word_1_88' title='bbox 2078 1264 2387 1322; x_wconf 91' lang='lat' dir='ltr'><strong>sacerdotio</strong></span> 
     </span>
    </p>
   </div>
   <div class='ocr_carea' id='block_1_12' title="bbox 798 1351 2388 1429">
    <p class='ocr_par' dir='ltr' id='par_1_12' title="bbox 798 1351 2388 1429">
     <span class='ocr_line' id='line_1_12' title="bbox 798 1351 2388 1429; baseline 0.006 -22"><span class='ocrx_word' id='word_1_89' title='bbox 798 1351 1136 1423; x_wconf 75' lang='lat' dir='ltr'><strong>initiaretur,</strong></span> <span class='ocrx_word' id='word_1_90' title='bbox 1189 1358 1332 1429; x_wconf 87' lang='lat' dir='ltr'><strong>quod</strong></span> <span class='ocrx_word' id='word_1_91' title='bbox 1382 1370 1515 1413; x_wconf 83' lang='lat' dir='ltr'><strong>sane</strong></span> <span class='ocrx_word' id='word_1_92' title='bbox 1562 1364 1755 1428; x_wconf 79' lang='lat' dir='ltr'><strong>magno</strong></span> <span class='ocrx_word' id='word_1_93' title='bbox 1781 1368 1864 1413; x_wconf 90' lang='lat' dir='ltr'><strong>est</strong></span> <span class='ocrx_word' id='word_1_94' title='bbox 1894 1359 2036 1414; x_wconf 89' lang='lat' dir='ltr'><strong>illius</strong></span> <span class='ocrx_word' id='word_1_95' title='bbox 2071 1360 2290 1414; x_wconf 89' lang='lat' dir='ltr'><strong>virtutis</strong></span> <span class='ocrx_word' id='word_1_96' title='bbox 2324 1376 2388 1417; x_wconf 90' lang='lat' dir='ltr'><strong>ac</strong></span> 
     </span>
    </p>
   </div>
   <div class='ocr_carea' id='block_1_13' title="bbox 798 1443 2387 1521">
    <p class='ocr_par' dir='ltr' id='par_1_13' title="bbox 798 1443 2387 1521">
     <span class='ocr_line' id='line_1_13' title="bbox 798 1443 2387 1521; baseline 0.008 -24"><span class='ocrx_word' id='word_1_97' title='bbox 798 1443 921 1498; x_wconf 66' lang='lat' dir='ltr'><strong>vitae</strong></span> <span class='ocrx_word' id='word_1_98' title='bbox 952 1446 1275 1517; x_wconf 77' lang='lat' dir='ltr'><strong>integritatis</strong></span> <span class='ocrx_word' id='word_1_99' title='bbox 1305 1455 1361 1504; x_wconf 83' lang='lat' dir='ltr'><strong>et</strong></span> <span class='ocrx_word' id='word_1_100' title='bbox 1387 1450 1708 1505; x_wconf 67' lang='lat' dir='ltr'><strong>innocentia:</strong></span> <span class='ocrx_word' id='word_1_101' title='bbox 1738 1462 2075 1521; x_wconf 81' lang='lat' dir='ltr'><strong>argumento.</strong></span> <span class='ocrx_word' id='word_1_102' title='bbox 2104 1453 2223 1520; x_wconf 77' lang='lat' dir='ltr'><strong>Quo</strong></span> <span class='ocrx_word' id='word_1_103' title='bbox 2253 1468 2387 1511; x_wconf 87' lang='lat' dir='ltr'><strong>vero</strong></span> 
     </span>
    </p>
   </div>
   <div class='ocr_carea' id='block_1_14' title="bbox 797 1537 2385 1617">
    <p class='ocr_par' dir='ltr' id='par_1_14' title="bbox 797 1537 2385 1617">
     <span class='ocr_line' id='line_1_14' title="bbox 797 1537 2385 1617; baseline 0.007 -26"><span class='ocrx_word' id='word_1_104' title='bbox 797 1550 941 1593; x_wconf 86' lang='lat' dir='ltr'><strong>anno</strong></span> <span class='ocrx_word' id='word_1_105' title='bbox 991 1537 1345 1597; x_wconf 83' lang='lat' dir='ltr'><strong>Pictaviensis</strong></span> <span class='ocrx_word' id='word_1_106' title='bbox 1402 1540 1655 1598; x_wconf 67' lang='lat' dir='ltr'><strong>Ecclesiae</strong></span> <span class='ocrx_word' id='word_1_107' title='bbox 1711 1546 1994 1615; x_wconf 81' lang='lat' dir='ltr'><strong>presbyter</strong></span> <span class='ocrx_word' id='word_1_108' title='bbox 2063 1546 2235 1602; x_wconf 83' lang='lat' dir='ltr'><strong>lactus</strong></span> <span class='ocrx_word' id='word_1_109' title='bbox 2282 1548 2385 1617; x_wconf 87' lang='lat' dir='ltr'><strong>sit,</strong></span> 
     </span>
    </p>
   </div>
   <div class='ocr_carea' id='block_1_15' title="bbox 800 1630 2387 1705">
    <p class='ocr_par' dir='ltr' id='par_1_15' title="bbox 800 1630 2387 1705">
     <span class='ocr_line' id='line_1_15' title="bbox 800 1630 2387 1705; baseline 0.008 -23"><span class='ocrx_word' id='word_1_110' title='bbox 800 1630 940 1683; x_wconf 74' lang='lat' dir='ltr'><strong>lian&#39;d</strong></span> <span class='ocrx_word' id='word_1_111' title='bbox 972 1630 1041 1685; x_wconf 89' lang='lat' dir='ltr'><strong>ita</strong></span> <span class='ocrx_word' id='word_1_112' title='bbox 1086 1631 1243 1688; x_wconf 79' lang='lat' dir='ltr'><strong>facile</strong></span> <span class='ocrx_word' id='word_1_113' title='bbox 1282 1641 1364 1690; x_wconf 85' lang='lat' dir='ltr'><strong>est</strong></span> <span class='ocrx_word' id='word_1_114' title='bbox 1390 1643 1649 1691; x_wconf 80' lang='lat' dir='ltr'><strong>statuere.</strong></span> <span class='ocrx_word' id='word_1_115' title='bbox 1684 1634 1880 1691; x_wconf 84' lang='lat' dir='ltr'><strong>Paulus</strong></span> <span class='ocrx_word' id='word_1_116' title='bbox 1916 1636 2214 1705; x_wconf 83' lang='lat' dir='ltr'><strong>Diaconos,</strong></span> <span class='ocrx_word' id='word_1_117' title='bbox 2259 1637 2387 1695; x_wconf 92' lang='lat' dir='ltr'><strong>dum</strong></span> 
     </span>
    </p>
   </div>
   <div class='ocr_carea' id='block_1_16' title="bbox 797 1722 2389 1797">
    <p class='ocr_par' dir='ltr' id='par_1_16' title="bbox 797 1722 2389 1797">
     <span class='ocr_line' id='line_1_16' title="bbox 797 1722 2389 1797; baseline 0.006 -17"><span class='ocrx_word' id='word_1_118' title='bbox 797 1732 979 1780; x_wconf 86' lang='lat' dir='ltr'><strong>narrat</strong></span> <span class='ocrx_word' id='word_1_119' title='bbox 1021 1722 1090 1779; x_wconf 90' lang='lat' dir='ltr'><strong>de</strong></span> <span class='ocrx_word' id='word_1_120' title='bbox 1138 1725 1331 1780; x_wconf 88' lang='lat' dir='ltr'><strong>eodem</strong></span> <span class='ocrx_word' id='word_1_121' title='bbox 1384 1727 1526 1797; x_wconf 85' lang='lat' dir='ltr'><strong>quod</strong></span> <span class='ocrx_word' id='word_1_122' title='bbox 1583 1728 1852 1784; x_wconf 73' lang='lat' dir='ltr'><strong>novissime</strong></span> <span class='ocrx_word' id='word_1_123' title='bbox 1891 1730 1943 1784; x_wconf 84' lang='lat' dir='ltr'><strong>in</strong></span> <span class='ocrx_word' id='word_1_124' title='bbox 1971 1732 2145 1785; x_wconf 83' lang='lat' dir='ltr'><strong>eadem</strong></span> <span class='ocrx_word' id='word_1_125' title='bbox 2183 1733 2389 1789; x_wconf 78' lang='lat' dir='ltr'><strong>civitate</strong></span> 
     </span>
    </p>
   </div>
   <div class='ocr_carea' id='block_1_17' title="bbox 798 1812 2381 1894">
    <p class='ocr_par' dir='ltr' id='par_1_17' title="bbox 798 1812 2381 1894">
     <span class='ocr_line' id='line_1_17' title="bbox 798 1812 2381 1894; baseline 0.007 -25"><span class='ocrx_word' id='word_1_126' title='bbox 798 1812 1043 1883; x_wconf 87' lang='lat' dir='ltr'><strong>(scilicet</strong></span> <span class='ocrx_word' id='word_1_127' title='bbox 1072 1814 1339 1888; x_wconf 86' lang='lat' dir='ltr'><strong>Pictavis)</strong></span> <span class='ocrx_word' id='word_1_128' title='bbox 1375 1819 1599 1891; x_wconf 82' lang='lat' dir='ltr'><strong>primum</strong></span> <span class='ocrx_word' id='word_1_129' title='bbox 1640 1822 1924 1893; x_wconf 78' lang='lat' dir='ltr'><strong>presbyter,</strong></span> <span class='ocrx_word' id='word_1_130' title='bbox 1956 1823 2142 1879; x_wconf 86' lang='lat' dir='ltr'><strong>deinde</strong></span> <span class='ocrx_word' id='word_1_131' title='bbox 2182 1826 2381 1894; x_wconf 83' lang='lat' dir='ltr'><strong>episco-</strong></span> 
     </span>
    </p>
   </div>
   <div class='ocr_carea' id='block_1_18' title="bbox 2491 618 4086 691">
    <p class='ocr_par' dir='ltr' id='par_1_18' title="bbox 2491 618 4086 691">
     <span class='ocr_line' id='line_1_18' title="bbox 2491 618 4086 691; baseline 0.008 -18"><span class='ocrx_word' id='word_1_132' title='bbox 2491 618 2715 674; x_wconf 84' lang='lat' dir='ltr'><strong>Galliam</strong></span> <span class='ocrx_word' id='word_1_133' title='bbox 2763 622 3053 689; x_wconf 74' lang='lat' dir='ltr'><strong>veniendi),</strong></span> <span class='ocrx_word' id='word_1_134' title='bbox 3108 624 3282 676; x_wconf 84' lang='lat' dir='ltr'><strong>adhuc</strong></span> <span class='ocrx_word' id='word_1_135' title='bbox 3310 625 3609 678; x_wconf 61' lang='lat' dir='ltr'><strong>substiterit</strong></span> <span class='ocrx_word' id='word_1_136' title='bbox 3655 628 3707 679; x_wconf 91' lang='lat' dir='ltr'><strong>in</strong></span> <span class='ocrx_word' id='word_1_137' title='bbox 3741 626 3949 691; x_wconf 81' lang='lat' dir='ltr'><strong>Gallia,</strong></span> <span class='ocrx_word' id='word_1_138' title='bbox 3982 643 4086 685; x_wconf 90' lang='lat' dir='ltr'><strong>nec</strong></span> 
     </span>
    </p>
   </div>
   <div class='ocr_carea' id='block_1_19' title="bbox 2488 713 4088 785">
    <p class='ocr_par' dir='ltr' id='par_1_19' title="bbox 2488 713 4088 785">
     <span class='ocr_line' id='line_1_19' title="bbox 2488 713 4088 785; baseline 0.008 -18"><span class='ocrx_word' id='word_1_139' title='bbox 2488 713 2555 767; x_wconf 86' lang='lat' dir='ltr'><strong>ad</strong></span> <span class='ocrx_word' id='word_1_140' title='bbox 2578 729 2701 767; x_wconf 84' lang='lat' dir='ltr'><strong>suos</strong></span> <span class='ocrx_word' id='word_1_141' title='bbox 2732 715 3002 769; x_wconf 88' lang='lat' dir='ltr'><strong>remearit.</strong></span> <span class='ocrx_word' id='word_1_142' title='bbox 3041 714 3100 772; x_wconf 78' lang='grc' dir='ltr'><strong>Ρ.</strong></span> <span class='ocrx_word' id='word_1_143' title='bbox 3134 717 3439 783; x_wconf 78' lang='lat' dir='ltr'><strong>Browerus,</strong></span> <span class='ocrx_word' id='word_1_144' title='bbox 3465 733 3586 785; x_wconf 89' lang='lat' dir='ltr'><strong>cap.</strong></span> <span class='ocrx_word' id='word_1_145' title='bbox 3621 721 3655 774; x_wconf 71' lang='lat'><strong>2</strong></span> <span class='ocrx_word' id='word_1_146' title='bbox 3685 720 3751 774; x_wconf 91' lang='lat' dir='ltr'><strong>de</strong></span> <span class='ocrx_word' id='word_1_147' title='bbox 3782 720 3900 777; x_wconf 81' lang='lat' dir='ltr'><strong>Vita</strong></span> <span class='ocrx_word' id='word_1_148' title='bbox 3949 722 4088 779; x_wconf 73' lang='lat' dir='ltr'><strong>Fur-</strong></span> 
     </span>
    </p>
   </div>
   <div class='ocr_carea' id='block_1_20' title="bbox 2491 807 4084 877">
    <p class='ocr_par' dir='ltr' id='par_1_20' title="bbox 2491 807 4084 877">
     <span class='ocr_line' id='line_1_20' title="bbox 2491 807 4084 877; baseline 0.006 -16"><span class='ocrx_word' id='word_1_149' title='bbox 2491 808 2681 873; x_wconf 89' lang='lat' dir='ltr'><strong>tunati,</strong></span> <span class='ocrx_word' id='word_1_150' title='bbox 2716 807 2835 877; x_wconf 86' lang='lat' dir='ltr'><strong>ejus</strong></span> <span class='ocrx_word' id='word_1_151' title='bbox 2868 809 2945 863; x_wconf 89' lang='lat' dir='ltr'><strong>rei</strong></span> <span class='ocrx_word' id='word_1_152' title='bbox 2976 823 3192 864; x_wconf 90' lang='lat' dir='ltr'><strong>causam</strong></span> <span class='ocrx_word' id='word_1_153' title='bbox 3228 808 3391 865; x_wconf 85' lang='lat' dir='ltr'><strong>refert</strong></span> <span class='ocrx_word' id='word_1_154' title='bbox 3439 811 3490 865; x_wconf 92' lang='lat' dir='ltr'><strong>in</strong></span> <span class='ocrx_word' id='word_1_155' title='bbox 3548 811 3773 867; x_wconf 81' lang='lat' dir='ltr'><strong>bellicus</strong></span> <span class='ocrx_word' id='word_1_156' title='bbox 3818 815 4084 871; x_wconf 75' lang='lat' dir='ltr'><strong>tumultus</strong></span> 
     </span>
    </p>
   </div>
   <div class='ocr_carea' id='block_1_21' title="bbox 2489 900 4083 971">
    <p class='ocr_par' dir='ltr' id='par_1_21' title="bbox 2489 900 4083 971">
     <span class='ocr_line' id='line_1_21' title="bbox 2489 900 4083 971; baseline 0.009 -22"><span class='ocrx_word' id='word_1_157' title='bbox 2489 900 2682 967; x_wconf 90' lang='lat' dir='ltr'><strong>quibus</strong></span> <span class='ocrx_word' id='word_1_158' title='bbox 2728 900 2879 955; x_wconf 85' lang='lat' dir='ltr'><strong>Italia</strong></span> <span class='ocrx_word' id='word_1_159' title='bbox 2930 900 3405 971; x_wconf 78' lang='lat' dir='ltr'><strong>Langobardorum</strong></span> <span class='ocrx_word' id='word_1_160' title='bbox 3452 906 3620 958; x_wconf 89' lang='lat' dir='ltr'><strong>armis</strong></span> <span class='ocrx_word' id='word_1_161' title='bbox 3673 915 3798 959; x_wconf 88' lang='lat' dir='ltr'><strong>tunc</strong></span> <span class='ocrx_word' id='word_1_162' title='bbox 3844 906 4083 964; x_wconf 70' lang='lat' dir='ltr'><strong>maxime</strong></span> 
     </span>
    </p>
   </div>
   <div class='ocr_carea' id='block_1_22' title="bbox 2487 991 4077 1064">
    <p class='ocr_par' dir='ltr' id='par_1_22' title="bbox 2487 991 4077 1064">
     <span class='ocr_line' id='line_1_22' title="bbox 2487 991 4077 1064; baseline 0.009 -20"><span class='ocrx_word' id='word_1_163' title='bbox 2487 991 2686 1047; x_wconf 73' lang='lat' dir='ltr'><strong>afﬂicta</strong></span> <span class='ocrx_word' id='word_1_164' title='bbox 2727 1002 2828 1047; x_wconf 91' lang='lat' dir='ltr'><strong>est.</strong></span> <span class='ocrx_word' id='word_1_165' title='bbox 2861 992 2977 1059; x_wconf 88' lang='lat' dir='ltr'><strong>Quo</strong></span> <span class='ocrx_word' id='word_1_166' title='bbox 3005 1008 3133 1048; x_wconf 84' lang='lat' dir='ltr'><strong>sane</strong></span> <span class='ocrx_word' id='word_1_167' title='bbox 3165 1003 3408 1063; x_wconf 87' lang='lat' dir='ltr'><strong>tempore</strong></span> <span class='ocrx_word' id='word_1_168' title='bbox 3435 995 3761 1064; x_wconf 87' lang='lat' dir='ltr'><strong>Tarvisium,</strong></span> <span class='ocrx_word' id='word_1_169' title='bbox 3787 998 4077 1058; x_wconf 84' lang='lat' dir='ltr'><strong>Fortunati</strong></span> 
     </span>
    </p>
   </div>
   <div class='ocr_carea' id='block_1_23' title="bbox 2490 1085 4083 1163">
    <p class='ocr_par' dir='ltr' id='par_1_23' title="bbox 2490 1085 4083 1163">
     <span class='ocr_line' id='line_1_23' title="bbox 2490 1085 4083 1163; baseline 0.011 -26"><span class='ocrx_word' id='word_1_170' title='bbox 2490 1085 2689 1152; x_wconf 90' lang='lat' dir='ltr'><strong>patria,</strong></span> <span class='ocrx_word' id='word_1_171' title='bbox 2724 1095 2776 1140; x_wconf 84' lang='lat' dir='ltr'><strong>et</strong></span> <span class='ocrx_word' id='word_1_172' title='bbox 2805 1087 3117 1157; x_wconf 66' lang='lat' dir='ltr'><strong>propinquae</strong></span> <span class='ocrx_word' id='word_1_173' title='bbox 3148 1091 3416 1160; x_wconf 72' lang='lat' dir='ltr'><strong>regiones,</strong></span> <span class='ocrx_word' id='word_1_174' title='bbox 3450 1095 3634 1159; x_wconf 77' lang='lat' dir='ltr'><strong>posita:</strong></span> <span class='ocrx_word' id='word_1_175' title='bbox 3668 1095 3718 1147; x_wconf 91' lang='lat' dir='ltr'><strong>in</strong></span> <span class='ocrx_word' id='word_1_176' title='bbox 3743 1096 3913 1163; x_wconf 84' lang='lat' dir='ltr'><strong>ipsius</strong></span> <span class='ocrx_word' id='word_1_177' title='bbox 3932 1096 4083 1153; x_wconf 83' lang='lat' dir='ltr'><strong>Ger-</strong></span> 
     </span>
    </p>
   </div>
   <div class='ocr_carea' id='block_1_24' title="bbox 2488 1182 4083 1249">
    <p class='ocr_par' dir='ltr' id='par_1_24' title="bbox 2488 1182 4083 1249">
     <span class='ocr_line' id='line_1_24' title="bbox 2488 1182 4083 1249; baseline 0.008 -16"><span class='ocrx_word' id='word_1_178' title='bbox 2488 1182 2684 1234; x_wconf 68' lang='lat' dir='ltr'><strong>mania:</strong></span> <span class='ocrx_word' id='word_1_179' title='bbox 2735 1195 2831 1237; x_wconf 92' lang='lat' dir='ltr'><strong>ore</strong></span> <span class='ocrx_word' id='word_1_180' title='bbox 2862 1196 2923 1235; x_wconf 91' lang='lat' dir='ltr'><strong>ac</strong></span> <span class='ocrx_word' id='word_1_181' title='bbox 2952 1183 3217 1249; x_wconf 82' lang='lat' dir='ltr'><strong>lancibus,</strong></span> <span class='ocrx_word' id='word_1_182' title='bbox 3270 1184 3552 1241; x_wconf 86' lang='lat' dir='ltr'><strong>hostilibus</strong></span> <span class='ocrx_word' id='word_1_183' title='bbox 3584 1188 4000 1245; x_wconf 79' lang='lat' dir='ltr'><strong>excursionibus</strong></span> <span class='ocrx_word' id='word_1_184' title='bbox 4025 1198 4083 1247; x_wconf 91' lang='lat' dir='ltr'><strong>et</strong></span> 
     </span>
    </p>
   </div>
   <div class='ocr_carea' id='block_1_25' title="bbox 2487 1268 4080 1343">
    <p class='ocr_par' dir='ltr' id='par_1_25' title="bbox 2487 1268 4080 1343">
     <span class='ocr_line' id='line_1_25' title="bbox 2487 1268 4080 1343; baseline 0.008 -18"><span class='ocrx_word' id='word_1_185' title='bbox 2487 1268 2698 1340; x_wconf 87' lang='lat' dir='ltr'><strong>injuriis</strong></span> <span class='ocrx_word' id='word_1_186' title='bbox 2719 1270 2772 1326; x_wconf 92' lang='lat' dir='ltr'><strong>in</strong></span> <span class='ocrx_word' id='word_1_187' title='bbox 2806 1272 2991 1341; x_wconf 84' lang='lat' dir='ltr'><strong>primis</strong></span> <span class='ocrx_word' id='word_1_188' title='bbox 3020 1284 3258 1343; x_wconf 90' lang='lat' dir='ltr'><strong>patuere.</strong></span> <span class='ocrx_word' id='word_1_189' title='bbox 3296 1276 3343 1331; x_wconf 90' lang='lat' dir='ltr'><strong>ls</strong></span> <span class='ocrx_word' id='word_1_190' title='bbox 3389 1277 3596 1333; x_wconf 82' lang='lat' dir='ltr'><strong>interea</strong></span> <span class='ocrx_word' id='word_1_191' title='bbox 3644 1279 3745 1334; x_wconf 87' lang='lat' dir='ltr'><strong>sibi</strong></span> <span class='ocrx_word' id='word_1_192' title='bbox 3800 1278 3856 1335; x_wconf 92' lang='lat' dir='ltr'><strong>in</strong></span> <span class='ocrx_word' id='word_1_193' title='bbox 3907 1281 4080 1338; x_wconf 81' lang='lat' dir='ltr'><strong>Gallia</strong></span> 
     </span>
    </p>
   </div>
   <div class='ocr_carea' id='block_1_26' title="bbox 2490 1364 4084 1442">
    <p class='ocr_par' dir='ltr' id='par_1_26' title="bbox 2490 1364 4084 1442">
     <span class='ocr_line' id='line_1_26' title="bbox 2490 1364 4084 1442; baseline 0.008 -25"><span class='ocrx_word' id='word_1_194' title='bbox 2490 1364 2872 1420; x_wconf 88' lang='lat' dir='ltr'><strong>subsidendum</strong></span> <span class='ocrx_word' id='word_1_195' title='bbox 2916 1365 3091 1432; x_wconf 78' lang='lat' dir='ltr'><strong>duxit,</strong></span> <span class='ocrx_word' id='word_1_196' title='bbox 3145 1369 3353 1436; x_wconf 86' lang='lat' dir='ltr'><strong>donec,</strong></span> <span class='ocrx_word' id='word_1_197' title='bbox 3398 1384 3529 1439; x_wconf 88' lang='lat' dir='ltr'><strong>pace</strong></span> <span class='ocrx_word' id='word_1_198' title='bbox 3574 1380 3631 1426; x_wconf 92' lang='lat' dir='ltr'><strong>et</strong></span> <span class='ocrx_word' id='word_1_199' title='bbox 3687 1373 4084 1442; x_wconf 79' lang='lat' dir='ltr'><strong>tranquillitate</strong></span> 
     </span>
    </p>
   </div>
   <div class='ocr_carea' id='block_1_27' title="bbox 2489 1455 4083 1536">
    <p class='ocr_par' dir='ltr' id='par_1_27' title="bbox 2489 1455 4083 1536">
     <span class='ocr_line' id='line_1_27' title="bbox 2489 1455 4083 1536; baseline 0.008 -26"><span class='ocrx_word' id='word_1_200' title='bbox 2489 1455 2652 1512; x_wconf 62' lang='lat' dir='ltr'><strong>Italiae</strong></span> <span class='ocrx_word' id='word_1_201' title='bbox 2689 1458 2913 1525; x_wconf 88' lang='lat' dir='ltr'><strong>reddita,</strong></span> <span class='ocrx_word' id='word_1_202' title='bbox 2946 1470 3060 1514; x_wconf 92' lang='lat' dir='ltr'><strong>tuto</strong></span> <span class='ocrx_word' id='word_1_203' title='bbox 3091 1472 3365 1529; x_wconf 87' lang='lat' dir='ltr'><strong>paternam</strong></span> <span class='ocrx_word' id='word_1_204' title='bbox 3396 1464 3462 1517; x_wconf 88' lang='lat' dir='ltr'><strong>ad</strong></span> <span class='ocrx_word' id='word_1_205' title='bbox 3492 1465 3763 1534; x_wconf 79' lang='lat' dir='ltr'><strong>regionem</strong></span> <span class='ocrx_word' id='word_1_206' title='bbox 3792 1475 3959 1536; x_wconf 86' lang='lat' dir='ltr'><strong>atque</strong></span> <span class='ocrx_word' id='word_1_207' title='bbox 3986 1467 4083 1523; x_wconf 90' lang='lat' dir='ltr'><strong>do-</strong></span> 
     </span>
    </p>
   </div>
   <div class='ocr_carea' id='block_1_28' title="bbox 2490 1553 4082 1629">
    <p class='ocr_par' dir='ltr' id='par_1_28' title="bbox 2490 1553 4082 1629">
     <span class='ocr_line' id='line_1_28' title="bbox 2490 1553 4082 1629; baseline 0.008 -25"><span class='ocrx_word' id='word_1_208' title='bbox 2490 1565 2637 1605; x_wconf 88' lang='lat' dir='ltr'><strong>mum</strong></span> <span class='ocrx_word' id='word_1_209' title='bbox 2671 1553 2970 1624; x_wconf 82' lang='lat' dir='ltr'><strong>remigrare</strong></span> <span class='ocrx_word' id='word_1_210' title='bbox 2995 1562 3198 1623; x_wconf 86' lang='lat' dir='ltr'><strong>posset.</strong></span> <span class='ocrx_word' id='word_1_211' title='bbox 3220 1555 3361 1610; x_wconf 87' lang='lat' dir='ltr'><strong>Sane</strong></span> <span class='ocrx_word' id='word_1_212' title='bbox 3391 1556 3533 1612; x_wconf 88' lang='lat' dir='ltr'><strong>haud</strong></span> <span class='ocrx_word' id='word_1_213' title='bbox 3566 1557 3683 1628; x_wconf 88' lang='lat' dir='ltr'><strong>ipse</strong></span> <span class='ocrx_word' id='word_1_214' title='bbox 3712 1573 3871 1629; x_wconf 66' lang='lat' dir='ltr'><strong>aequo</strong></span> <span class='ocrx_word' id='word_1_215' title='bbox 3899 1562 4082 1617; x_wconf 90' lang='lat' dir='ltr'><strong>animo</strong></span> 
     </span>
    </p>
   </div>
   <div class='ocr_carea' id='block_1_29' title="bbox 2489 1642 4080 1720">
    <p class='ocr_par' dir='ltr' id='par_1_29' title="bbox 2489 1642 4080 1720">
     <span class='ocr_line' id='line_1_29' title="bbox 2489 1642 4080 1720; baseline 0.006 -21"><span class='ocrx_word' id='word_1_216' title='bbox 2489 1642 2543 1699; x_wconf 89' lang='lat' dir='ltr'><strong>in</strong></span> <span class='ocrx_word' id='word_1_217' title='bbox 2593 1644 2759 1700; x_wconf 83' lang='lat' dir='ltr'><strong>Gallia</strong></span> <span class='ocrx_word' id='word_1_218' title='bbox 2800 1648 3255 1715; x_wconf 84' lang='lat' dir='ltr'><strong>commorabatur,</strong></span> <span class='ocrx_word' id='word_1_219' title='bbox 3300 1664 3399 1704; x_wconf 90' lang='lat' dir='ltr'><strong>nec</strong></span> <span class='ocrx_word' id='word_1_220' title='bbox 3449 1662 3732 1720; x_wconf 84' lang='lat' dir='ltr'><strong>propterea</strong></span> <span class='ocrx_word' id='word_1_221' title='bbox 3778 1653 3994 1708; x_wconf 85' lang='lat' dir='ltr'><strong>videtur</strong></span> <span class='ocrx_word' id='word_1_222' title='bbox 4015 1669 4080 1710; x_wconf 82' lang='lat' dir='ltr'><strong>ex</strong></span> 
     </span>
    </p>
   </div>
   <div class='ocr_carea' id='block_1_30' title="bbox 2490 1740 4084 1813">
    <p class='ocr_par' dir='ltr' id='par_1_30' title="bbox 2490 1740 4084 1813">
     <span class='ocr_line' id='line_1_30' title="bbox 2490 1740 4084 1813; baseline 0.006 -20"><span class='ocrx_word' id='word_1_223' title='bbox 2490 1740 2653 1794; x_wconf 91' lang='lat' dir='ltr'><strong>animi</strong></span> <span class='ocrx_word' id='word_1_224' title='bbox 2685 1743 2962 1809; x_wconf 89' lang='lat' dir='ltr'><strong>proposito</strong></span> <span class='ocrx_word' id='word_1_225' title='bbox 3011 1743 3240 1797; x_wconf 85' lang='lat' dir='ltr'><strong>alienam</strong></span> <span class='ocrx_word' id='word_1_226' title='bbox 3294 1744 3567 1810; x_wconf 73' lang='lat' dir='ltr'><strong>regionem</strong></span> <span class='ocrx_word' id='word_1_227' title='bbox 3622 1744 3808 1813; x_wconf 76' lang='lat' dir='ltr'><strong>patria:</strong></span> <span class='ocrx_word' id='word_1_228' title='bbox 3857 1761 3922 1801; x_wconf 88' lang='lat' dir='ltr'><strong>ac</strong></span> <span class='ocrx_word' id='word_1_229' title='bbox 3969 1747 4084 1803; x_wconf 85' lang='lat' dir='ltr'><strong>suis</strong></span> 
     </span>
    </p>
   </div>
   <div class='ocr_carea' id='block_1_31' title="bbox 2487 1838 4079 1911">
    <p class='ocr_par' dir='ltr' id='par_1_31' title="bbox 2487 1838 4079 1911">
     <span class='ocr_line' id='line_1_31' title="bbox 2487 1838 4079 1911; baseline 0.004 -22"><span class='ocrx_word' id='word_1_230' title='bbox 2487 1840 2878 1906; x_wconf 86' lang='lat' dir='ltr'><strong>anteposuisse,</strong></span> <span class='ocrx_word' id='word_1_231' title='bbox 2911 1838 2999 1906; x_wconf 91' lang='lat' dir='ltr'><strong>qui</strong></span> <span class='ocrx_word' id='word_1_232' title='bbox 3022 1838 3263 1894; x_wconf 90' lang='lat' dir='ltr'><strong>scribens</strong></span> <span class='ocrx_word' id='word_1_233' title='bbox 3289 1840 3356 1894; x_wconf 87' lang='lat' dir='ltr'><strong>ad</strong></span> <span class='ocrx_word' id='word_1_234' title='bbox 3379 1840 3609 1910; x_wconf 87' lang='lat' dir='ltr'><strong>Lupum,</strong></span> <span class='ocrx_word' id='word_1_235' title='bbox 3647 1840 3737 1895; x_wconf 91' lang='lat' dir='ltr'><strong>lib.</strong></span> <span class='ocrx_word' id='word_1_236' title='bbox 3758 1855 3856 1909; x_wconf 89' lang='lat' dir='ltr'><strong>vu,</strong></span> <span class='ocrx_word' id='word_1_237' title='bbox 3874 1855 3997 1911; x_wconf 89' lang='lat' dir='ltr'><strong>cap.</strong></span> <span class='ocrx_word' id='word_1_238' title='bbox 4022 1840 4079 1911; x_wconf 87' lang='lat'><strong>9,</strong></span> 
     </span>
    </p>
   </div>
   <div class='ocr_carea' id='block_1_32' title="bbox 798 1908 3090 1997">
    <p class='ocr_par' dir='ltr' id='par_1_32' title="bbox 798 1908 3090 1997">
     <span class='ocr_line' id='line_1_32' title="bbox 798 1908 3090 1997; baseline 0.01 -38"><span class='ocrx_word' id='word_1_239' title='bbox 798 1922 896 1976; x_wconf 81' lang='lat' dir='ltr'><strong>pus</strong></span> <span class='ocrx_word' id='word_1_240' title='bbox 931 1908 1199 1964; x_wconf 77' lang='lat' dir='ltr'><strong>ordinatus</strong></span> <span class='ocrx_word' id='word_1_241' title='bbox 1240 1910 1336 1979; x_wconf 77' lang='lat' dir='ltr'><strong>sit,</strong></span> <span class='ocrx_word' id='word_1_242' title='bbox 1394 1911 1605 1967; x_wconf 90' lang='lat' dir='ltr'><strong>videtur</strong></span> <span class='ocrx_word' id='word_1_243' title='bbox 1636 1913 1702 1967; x_wconf 89' lang='lat' dir='ltr'><strong>ad</strong></span> <span class='ocrx_word' id='word_1_244' title='bbox 1733 1926 2032 1971; x_wconf 79' lang='lat' dir='ltr'><strong>extremum</strong></span> <span class='ocrx_word' id='word_1_245' title='bbox 2063 1917 2180 1987; x_wconf 83' lang='lat' dir='ltr'><strong>ejus</strong></span> <span class='ocrx_word' id='word_1_246' title='bbox 2209 1920 2387 1976; x_wconf 73' lang='lat' dir='ltr'><strong>relatis</strong></span> <span class='ocrx_word' id='word_1_247' title='bbox 2416 1914 2463 1976; x_wconf 84' lang='grc' dir='ltr'><strong>Β</strong></span> <span class='ocrx_word' id='word_1_248' title='bbox 2491 1927 2609 1984; x_wconf 76' lang='lat' dir='ltr'><strong>hch</strong></span> <span class='ocrx_word' id='word_1_249' title='bbox 2634 1930 2702 1984; x_wconf 90' lang='lat' dir='ltr'><strong>de</strong></span> <span class='ocrx_word' id='word_1_250' title='bbox 2733 1945 2789 1983; x_wconf 90' lang='lat' dir='ltr'><strong>se</strong></span> <span class='ocrx_word' id='word_1_251' title='bbox 2818 1930 3090 1997; x_wconf 80' lang='lat' dir='ltr'><strong>loquitur:</strong></span> 
     </span>
    </p>
   </div>
   <div class='ocr_carea' id='block_1_33' title="bbox 797 2001 2384 2083">
    <p class='ocr_par' dir='ltr' id='par_1_33' title="bbox 797 2001 2384 2083">
     <span class='ocr_line' id='line_1_33' title="bbox 797 2001 2384 2083; baseline 0.012 -31"><span class='ocrx_word' id='word_1_252' title='bbox 797 2007 1012 2067; x_wconf 87' lang='lat' dir='ltr'><strong>tempus</strong></span> <span class='ocrx_word' id='word_1_253' title='bbox 1042 2002 1091 2055; x_wconf 92' lang='lat' dir='ltr'><strong>id</strong></span> <span class='ocrx_word' id='word_1_254' title='bbox 1125 2001 1323 2057; x_wconf 78' lang='lat' dir='ltr'><strong>factum</strong></span> <span class='ocrx_word' id='word_1_255' title='bbox 1372 2004 1603 2062; x_wconf 77' lang='lat' dir='ltr'><strong>referre.</strong></span> <span class='ocrx_word' id='word_1_256' title='bbox 1659 2009 1729 2063; x_wconf 85' lang='lat' dir='ltr'><strong>At</strong></span> <span class='ocrx_word' id='word_1_257' title='bbox 1786 2024 1908 2064; x_wconf 92' lang='lat' dir='ltr'><strong>cum</strong></span> <span class='ocrx_word' id='word_1_258' title='bbox 1960 2010 2119 2083; x_wconf 79' lang='lat' dir='ltr'><strong>Greg.</strong></span> <span class='ocrx_word' id='word_1_259' title='bbox 2180 2013 2384 2071; x_wconf 92' lang='lat' dir='ltr'><strong>Turon.</strong></span> 
     </span>
    </p>
   </div>
   <div class='ocr_carea' id='block_1_34' title="bbox 796 2091 2386 2179">
    <p class='ocr_par' dir='ltr' id='par_1_34' title="bbox 796 2091 2386 2179">
     <span class='ocr_line' id='line_1_34' title="bbox 796 2091 2386 2179; baseline 0.011 -34"><span class='ocrx_word' id='word_1_260' title='bbox 796 2091 1147 2150; x_wconf 86' lang='lat' dir='ltr'><strong>Fortunatum</strong></span> <span class='ocrx_word' id='word_1_261' title='bbox 1179 2098 1291 2151; x_wconf 88' lang='lat' dir='ltr'><strong>suis</strong></span> <span class='ocrx_word' id='word_1_262' title='bbox 1322 2098 1376 2153; x_wconf 88' lang='lat' dir='ltr'><strong>in</strong></span> <span class='ocrx_word' id='word_1_263' title='bbox 1422 2098 1571 2156; x_wconf 90' lang='lat' dir='ltr'><strong>libris</strong></span> <span class='ocrx_word' id='word_1_264' title='bbox 1623 2103 1999 2175; x_wconf 78' lang='lat' dir='ltr'><strong>presbyterum</strong></span> <span class='ocrx_word' id='word_1_265' title='bbox 2035 2108 2236 2176; x_wconf 89' lang='lat' dir='ltr'><strong>passim</strong></span> <span class='ocrx_word' id='word_1_266' title='bbox 2291 2124 2386 2179; x_wconf 91' lang='lat' dir='ltr'><strong>ap-</strong></span> 
     </span>
    </p>
   </div>
   <div class='ocr_carea' id='block_1_35' title="bbox 794 2186 2383 2264">
    <p class='ocr_par' dir='ltr' id='par_1_35' title="bbox 794 2186 2383 2264">
     <span class='ocr_line' id='line_1_35' title="bbox 794 2186 2383 2264; baseline 0.013 -23"><span class='ocrx_word' id='word_1_267' title='bbox 794 2186 982 2256; x_wconf 85' lang='lat' dir='ltr'><strong>pellet,</strong></span> <span class='ocrx_word' id='word_1_268' title='bbox 1016 2188 1173 2245; x_wconf 89' lang='lat' dir='ltr'><strong>aliter</strong></span> <span class='ocrx_word' id='word_1_269' title='bbox 1204 2191 1418 2247; x_wconf 88' lang='lat' dir='ltr'><strong>videtur</strong></span> <span class='ocrx_word' id='word_1_270' title='bbox 1437 2192 1812 2264; x_wconf 86' lang='lat' dir='ltr'><strong>judicandum.</strong></span> <span class='ocrx_word' id='word_1_271' title='bbox 1834 2197 1966 2253; x_wconf 83' lang='lat' dir='ltr'><strong>Nam</strong></span> <span class='ocrx_word' id='word_1_272' title='bbox 1997 2199 2032 2255; x_wconf 93' lang='lat' dir='ltr'><strong>l.</strong></span> <span class='ocrx_word' id='word_1_273' title='bbox 2060 2218 2075 2254; x_wconf 92' lang='grc' dir='ltr'><strong>ι</strong></span> <span class='ocrx_word' id='word_1_274' title='bbox 2104 2202 2168 2256; x_wconf 88' lang='lat' dir='ltr'><strong>de</strong></span> <span class='ocrx_word' id='word_1_275' title='bbox 2195 2201 2383 2261; x_wconf 82' lang='lat' dir='ltr'><strong>Mirac.</strong></span> 
     </span>
    </p>
   </div>
   <div class='ocr_carea' id='block_1_36' title="bbox 791 2279 2387 2356">
    <p class='ocr_par' dir='ltr' id='par_1_36' title="bbox 791 2279 2387 2356">
     <span class='ocr_line' id='line_1_36' title="bbox 791 2279 2387 2356; baseline 0.012 -25"><span class='ocrx_word' id='word_1_276' title='bbox 791 2279 965 2334; x_wconf 87' lang='lat' dir='ltr'><strong>sancti</strong></span> <span class='ocrx_word' id='word_1_277' title='bbox 1001 2279 1248 2347; x_wconf 82' lang='lat' dir='ltr'><strong>Martini,</strong></span> <span class='ocrx_word' id='word_1_278' title='bbox 1305 2281 1496 2351; x_wconf 73' lang='lat' dir='ltr'><strong>c.15,</strong></span> <span class='ocrx_word' id='word_1_279' title='bbox 1557 2288 1805 2344; x_wconf 87' lang='lat' dir='ltr'><strong>eumdem</strong></span> <span class='ocrx_word' id='word_1_280' title='bbox 1860 2301 2043 2356; x_wconf 86' lang='lat' dir='ltr'><strong>aperte</strong></span> <span class='ocrx_word' id='word_1_281' title='bbox 2090 2311 2387 2351; x_wconf 79' lang='lat' dir='ltr'><strong>conservum</strong></span> 
     </span>
    </p>
   </div>
   <div class='ocr_carea' id='block_1_37' title="bbox 793 2374 2381 2463">
    <p class='ocr_par' dir='ltr' id='par_1_37' title="bbox 793 2374 2381 2463">
     <span class='ocr_line' id='line_1_37' title="bbox 793 2374 2381 2463; baseline 0.016 -37"><span class='ocrx_word' id='word_1_282' title='bbox 793 2388 985 2442; x_wconf 72' lang='lat' dir='ltr'><strong>suum,</strong></span> <span class='ocrx_word' id='word_1_283' title='bbox 1041 2374 1388 2434; x_wconf 75' lang='lat' dir='ltr'><strong>Fortunatam</strong></span> <span class='ocrx_word' id='word_1_284' title='bbox 1450 2384 1797 2453; x_wconf 72' lang='lat' dir='ltr'><strong>presbyterum</strong></span> <span class='ocrx_word' id='word_1_285' title='bbox 1826 2398 2000 2443; x_wconf 84' lang='lat' dir='ltr'><strong>vocat.</strong></span> <span class='ocrx_word' id='word_1_286' title='bbox 2035 2392 2101 2445; x_wconf 79' lang='lat' dir='ltr'><strong>At</strong></span> <span class='ocrx_word' id='word_1_287' title='bbox 2155 2390 2381 2463; x_wconf 80' lang='lat' dir='ltr'><strong>Gregor.</strong></span> 
     </span>
    </p>
   </div>
   <div class='ocr_carea' id='block_1_38' title="bbox 791 2464 2381 2557">
    <p class='ocr_par' dir='ltr' id='par_1_38' title="bbox 791 2464 2381 2557">
     <span class='ocr_line' id='line_1_38' title="bbox 791 2464 2381 2557; baseline 0.015 -39"><span class='ocrx_word' id='word_1_288' title='bbox 791 2464 997 2522; x_wconf 79' lang='lat' dir='ltr'><strong>Turon.</strong></span> <span class='ocrx_word' id='word_1_289' title='bbox 1032 2467 1199 2526; x_wconf 92' lang='lat' dir='ltr'><strong>libros</strong></span> <span class='ocrx_word' id='word_1_290' title='bbox 1231 2471 1298 2528; x_wconf 90' lang='lat' dir='ltr'><strong>de</strong></span> <span class='ocrx_word' id='word_1_291' title='bbox 1317 2473 1500 2530; x_wconf 80' lang='lat' dir='ltr'><strong>Mirac.</strong></span> <span class='ocrx_word' id='word_1_292' title='bbox 1523 2478 1695 2533; x_wconf 87' lang='lat' dir='ltr'><strong>sancti</strong></span> <span class='ocrx_word' id='word_1_293' title='bbox 1724 2477 1934 2536; x_wconf 83' lang='lat' dir='ltr'><strong>Martini</strong></span> <span class='ocrx_word' id='word_1_294' title='bbox 1961 2485 2381 2557; x_wconf 85' lang='lat' dir='ltr'><strong>conscripserat,</strong></span> 
     </span>
    </p>
   </div>
   <div class='ocr_carea' id='block_1_39' title="bbox 791 2559 2381 2635">
    <p class='ocr_par' dir='ltr' id='par_1_39' title="bbox 791 2559 2381 2635">
     <span class='ocr_line' id='line_1_39' title="bbox 791 2559 2381 2635; baseline 0.015 -25"><span class='ocrx_word' id='word_1_295' title='bbox 791 2564 1077 2628; x_wconf 89' lang='lat' dir='ltr'><strong>antequam</strong></span> <span class='ocrx_word' id='word_1_296' title='bbox 1110 2559 1439 2619; x_wconf 89' lang='lat' dir='ltr'><strong>Fortunatus</strong></span> <span class='ocrx_word' id='word_1_297' title='bbox 1478 2579 1607 2623; x_wconf 89' lang='lat' dir='ltr'><strong>suos</strong></span> <span class='ocrx_word' id='word_1_298' title='bbox 1660 2567 1784 2623; x_wconf 91' lang='lat' dir='ltr'><strong>illos</strong></span> <span class='ocrx_word' id='word_1_299' title='bbox 1834 2585 1888 2625; x_wconf 83' lang='lat' dir='ltr'><strong>tv</strong></span> <span class='ocrx_word' id='word_1_300' title='bbox 1943 2572 2010 2628; x_wconf 93' lang='lat' dir='ltr'><strong>de</strong></span> <span class='ocrx_word' id='word_1_301' title='bbox 2042 2574 2158 2629; x_wconf 75' lang='lat' dir='ltr'><strong>Vita</strong></span> <span class='ocrx_word' id='word_1_302' title='bbox 2211 2580 2381 2635; x_wconf 89' lang='lat' dir='ltr'><strong>sancti</strong></span> 
     </span>
    </p>
   </div>
   <div class='ocr_carea' id='block_1_40' title="bbox 795 2643 2382 2739">
    <p class='ocr_par' dir='ltr' id='par_1_40' title="bbox 795 2643 2382 2739">
     <span class='ocr_line' id='line_1_40' title="bbox 795 2643 2382 2739; baseline 0.016 -38"><span class='ocrx_word' id='word_1_303' title='bbox 795 2643 1006 2706; x_wconf 85' lang='lat' dir='ltr'><strong>Martini</strong></span> <span class='ocrx_word' id='word_1_304' title='bbox 1037 2652 1281 2710; x_wconf 81' lang='lat' dir='ltr'><strong>versibus</strong></span> <span class='ocrx_word' id='word_1_305' title='bbox 1310 2669 1579 2727; x_wconf 80' lang='lat' dir='ltr'><strong>exararet,</strong></span> <span class='ocrx_word' id='word_1_306' title='bbox 1611 2674 1733 2715; x_wconf 90' lang='lat' dir='ltr'><strong>cum</strong></span> <span class='ocrx_word' id='word_1_307' title='bbox 1767 2662 1819 2716; x_wconf 93' lang='lat' dir='ltr'><strong>in</strong></span> <span class='ocrx_word' id='word_1_308' title='bbox 1847 2663 2073 2732; x_wconf 88' lang='lat' dir='ltr'><strong>epistola</strong></span> <span class='ocrx_word' id='word_1_309' title='bbox 2108 2668 2208 2725; x_wconf 86' lang='lat' dir='ltr'><strong>illis</strong></span> <span class='ocrx_word' id='word_1_310' title='bbox 2239 2685 2382 2739; x_wconf 75' lang='lat' dir='ltr'><strong>prte-</strong></span> 
     </span>
    </p>
   </div>
   <div class='ocr_carea' id='block_1_41' title="bbox 788 2746 2383 2834">
    <p class='ocr_par' dir='ltr' id='par_1_41' title="bbox 788 2746 2383 2834">
     <span class='ocr_line' id='line_1_41' title="bbox 788 2746 2383 2834; baseline 0.012 -32"><span class='ocrx_word' id='word_1_311' title='bbox 788 2746 891 2803; x_wconf 77' lang='lat' dir='ltr'><strong>lixa</strong></span> <span class='ocrx_word' id='word_1_312' title='bbox 933 2748 1136 2804; x_wconf 82' lang='lat' dir='ltr'><strong>scribat</strong></span> <span class='ocrx_word' id='word_1_313' title='bbox 1169 2748 1452 2822; x_wconf 83' lang='lat' dir='ltr'><strong>Gregorio,</strong></span> <span class='ocrx_word' id='word_1_314' title='bbox 1484 2764 1565 2824; x_wconf 88' lang='lat' dir='ltr'><strong>ut,</strong></span> <span class='ocrx_word' id='word_1_315' title='bbox 1609 2769 1730 2810; x_wconf 86' lang='lat' dir='ltr'><strong>cum</strong></span> <span class='ocrx_word' id='word_1_316' title='bbox 1769 2759 2009 2830; x_wconf 77' lang='lat' dir='ltr'><strong>jussisset</strong></span> <span class='ocrx_word' id='word_1_317' title='bbox 2065 2778 2193 2834; x_wconf 77' lang='lat' dir='ltr'><strong>Opus</strong></span> <span class='ocrx_word' id='word_1_318' title='bbox 2248 2765 2383 2821; x_wconf 78' lang='lat' dir='ltr'><strong>illud</strong></span> 
     </span>
    </p>
   </div>
   <div class='ocr_carea' id='block_1_42' title="bbox 788 2841 2383 2915">
    <p class='ocr_par' dir='ltr' id='par_1_42' title="bbox 788 2841 2383 2915">
     <span class='ocr_line' id='line_1_42' title="bbox 788 2841 2383 2915; baseline 0.011 -20"><span class='ocrx_word' id='word_1_319' title='bbox 788 2843 926 2914; x_wconf 80' lang='lat' dir='ltr'><strong>quod</strong></span> <span class='ocrx_word' id='word_1_320' title='bbox 975 2841 1090 2914; x_wconf 86' lang='lat' dir='ltr'><strong>ipse</strong></span> <span class='ocrx_word' id='word_1_321' title='bbox 1119 2841 1416 2915; x_wconf 76' lang='lat' dir='ltr'><strong>Gregorius</strong></span> <span class='ocrx_word' id='word_1_322' title='bbox 1446 2844 1508 2900; x_wconf 84' lang='lat' dir='ltr'><strong>dc</strong></span> <span class='ocrx_word' id='word_1_323' title='bbox 1556 2847 1828 2906; x_wconf 81' lang='lat' dir='ltr'><strong>virtutibus</strong></span> <span class='ocrx_word' id='word_1_324' title='bbox 1854 2854 2017 2907; x_wconf 78' lang='lat' dir='ltr'><strong>sancti</strong></span> <span class='ocrx_word' id='word_1_325' title='bbox 2049 2852 2265 2911; x_wconf 77' lang='lat' dir='ltr'><strong>Martini</strong></span> <span class='ocrx_word' id='word_1_326' title='bbox 2292 2875 2383 2913; x_wconf 75' lang='lat' dir='ltr'><strong>ea:-</strong></span> 
     </span>
    </p>
   </div>
   <div class='ocr_carea' id='block_1_43' title="bbox 788 2937 2379 3018">
    <p class='ocr_par' dir='ltr' id='par_1_43' title="bbox 788 2937 2379 3018">
     <span class='ocr_line' id='line_1_43' title="bbox 788 2937 2379 3018; baseline 0.01 -28"><span class='ocrx_word' id='word_1_327' title='bbox 788 2937 1043 3003; x_wconf 78' lang='lat' dir='ltr'><strong>plicuerat</strong></span> <span class='ocrx_word' id='word_1_328' title='bbox 1067 2938 1312 2993; x_wconf 85' lang='lat' dir='ltr'><strong>versibus</strong></span> <span class='ocrx_word' id='word_1_329' title='bbox 1339 2938 1590 3007; x_wconf 81' lang='lat' dir='ltr'><strong>exprimi,</strong></span> <span class='ocrx_word' id='word_1_330' title='bbox 1646 2941 1751 2997; x_wconf 86' lang='lat' dir='ltr'><strong>sibi</strong></span> <span class='ocrx_word' id='word_1_331' title='bbox 1796 2943 1928 2999; x_wconf 91' lang='lat' dir='ltr'><strong>illud</strong></span> <span class='ocrx_word' id='word_1_332' title='bbox 1973 2949 2379 3018; x_wconf 79' lang='lat' dir='ltr'><strong>transmitteret,</strong></span> 
     </span>
    </p>
   </div>
   <div class='ocr_carea' id='block_1_44' title="bbox 787 3028 2371 3100">
    <p class='ocr_par' dir='ltr' id='par_1_44' title="bbox 787 3028 2371 3100">
     <span class='ocr_line' id='line_1_44' title="bbox 787 3028 2371 3100; baseline 0.009 -16"><span class='ocrx_word' id='word_1_333' title='bbox 787 3028 931 3100; x_wconf 91' lang='lat' dir='ltr'><strong>quod</strong></span> <span class='ocrx_word' id='word_1_334' title='bbox 962 3029 1200 3086; x_wconf 85' lang='lat' dir='ltr'><strong>carmine</strong></span> <span class='ocrx_word' id='word_1_335' title='bbox 1229 3030 1703 3100; x_wconf 87' lang='lat' dir='ltr'><strong>complecteretur.</strong></span> <span class='ocrx_word' id='word_1_336' title='bbox 1726 3033 1845 3090; x_wconf 83' lang='lat' dir='ltr'><strong>.lam</strong></span> <span class='ocrx_word' id='word_1_337' title='bbox 1880 3053 2010 3093; x_wconf 85' lang='lat' dir='ltr'><strong>vero</strong></span> <span class='ocrx_word' id='word_1_338' title='bbox 2043 3038 2371 3098; x_wconf 87' lang='lat' dir='ltr'><strong>Fortunatus</strong></span> 
     </span>
    </p>
   </div>
   <div class='ocr_carea' id='block_1_45' title="bbox 788 3119 2380 3197">
    <p class='ocr_par' dir='ltr' id='par_1_45' title="bbox 788 3119 2380 3197">
     <span class='ocr_line' id='line_1_45' title="bbox 788 3119 2380 3197; baseline 0.009 -24"><span class='ocrx_word' id='word_1_339' title='bbox 788 3119 1122 3175; x_wconf 87' lang='lat' dir='ltr'><strong>elucubravit</strong></span> <span class='ocrx_word' id='word_1_340' title='bbox 1151 3119 1316 3175; x_wconf 91' lang='lat' dir='ltr'><strong>libros</strong></span> <span class='ocrx_word' id='word_1_341' title='bbox 1346 3136 1399 3174; x_wconf 85' lang='lat' dir='ltr'><strong>tv</strong></span> <span class='ocrx_word' id='word_1_342' title='bbox 1424 3120 1491 3176; x_wconf 84' lang='lat' dir='ltr'><strong>de</strong></span> <span class='ocrx_word' id='word_1_343' title='bbox 1522 3121 1640 3177; x_wconf 84' lang='lat' dir='ltr'><strong>Vita</strong></span> <span class='ocrx_word' id='word_1_344' title='bbox 1670 3128 1839 3180; x_wconf 88' lang='lat' dir='ltr'><strong>sancti</strong></span> <span class='ocrx_word' id='word_1_345' title='bbox 1894 3127 2131 3197; x_wconf 85' lang='lat' dir='ltr'><strong>Martini,</strong></span> <span class='ocrx_word' id='word_1_346' title='bbox 2192 3140 2380 3188; x_wconf 88' lang='lat' dir='ltr'><strong>sancto</strong></span> 
     </span>
    </p>
   </div>
   <div class='ocr_carea' id='block_1_46' title="bbox 788 3212 2378 3293">
    <p class='ocr_par' dir='ltr' id='par_1_46' title="bbox 788 3212 2378 3293">
     <span class='ocr_line' id='line_1_46' title="bbox 788 3212 2378 3293; baseline 0.008 -25"><span class='ocrx_word' id='word_1_347' title='bbox 788 3212 1081 3280; x_wconf 87' lang='lat' dir='ltr'><strong>Germano,</strong></span> <span class='ocrx_word' id='word_1_348' title='bbox 1118 3213 1407 3268; x_wconf 84' lang='lat' dir='ltr'><strong>Parisiensi</strong></span> <span class='ocrx_word' id='word_1_349' title='bbox 1433 3214 1696 3285; x_wconf 86' lang='lat' dir='ltr'><strong>antistite,</strong></span> <span class='ocrx_word' id='word_1_350' title='bbox 1731 3216 1904 3273; x_wconf 87' lang='lat' dir='ltr'><strong>adhuc</strong></span> <span class='ocrx_word' id='word_1_351' title='bbox 1934 3221 2244 3290; x_wconf 87' lang='lat' dir='ltr'><strong>superstite,</strong></span> <span class='ocrx_word' id='word_1_352' title='bbox 2287 3223 2378 3293; x_wconf 90' lang='lat' dir='ltr'><strong>qui</strong></span> 
     </span>
    </p>
   </div>
   <div class='ocr_carea' id='block_1_47' title="bbox 789 3274 2454 3381">
    <p class='ocr_par' dir='ltr' id='par_1_47' title="bbox 789 3274 2454 3381">
     <span class='ocr_line' id='line_1_47' title="bbox 789 3274 2454 3381; baseline 0.01 -18"><span class='ocrx_word' id='word_1_353' title='bbox 789 3323 880 3364; x_wconf 86' lang='lat' dir='ltr'><strong>an.</strong></span> <span class='ocrx_word' id='word_1_354' title='bbox 913 3306 1016 3365; x_wconf 85' lang='lat'><strong>576</strong></span> <span class='ocrx_word' id='word_1_355' title='bbox 1045 3274 1357 3379; x_wconf 79' lang='lat' dir='ltr'><strong>supremum</strong></span> <span class='ocrx_word' id='word_1_356' title='bbox 1396 3310 1541 3369; x_wconf 85' lang='lat' dir='ltr'><strong>diem</strong></span> <span class='ocrx_word' id='word_1_357' title='bbox 1571 3274 1723 3381; x_wconf 77' lang='lat' dir='ltr'><strong>obiit,</strong></span> <span class='ocrx_word' id='word_1_358' title='bbox 1758 3316 1833 3371; x_wconf 93' lang='lat' dir='ltr'><strong>uti</strong></span> <span class='ocrx_word' id='word_1_359' title='bbox 1881 3274 2256 3377; x_wconf 75' lang='lat' dir='ltr'><strong>adnotavimus</strong></span> <span class='ocrx_word' id='word_1_360' title='bbox 2294 3274 2379 3378; x_wconf 50' lang='lat' dir='ltr'><strong>1ad</strong></span> <span class='ocrx_word' id='word_1_361' title='bbox 2406 3274 2454 3341; x_wconf 65' lang='grc' dir='ltr'>ϐ</span> 
     </span>
    </p>
   </div>
   <div class='ocr_carea' id='block_1_48' title="bbox 790 3404 2381 3485">
    <p class='ocr_par' dir='ltr' id='par_1_48' title="bbox 790 3404 2381 3485">
     <span class='ocr_line' id='line_1_48' title="bbox 790 3404 2381 3485; baseline 0.007 -25"><span class='ocrx_word' id='word_1_362' title='bbox 790 3404 885 3460; x_wconf 90' lang='lat' dir='ltr'><strong>lib.</strong></span> <span class='ocrx_word' id='word_1_363' title='bbox 925 3420 978 3459; x_wconf 84' lang='lat' dir='ltr'><strong>iv</strong></span> <span class='ocrx_word' id='word_1_364' title='bbox 1024 3405 1134 3462; x_wconf 76' lang='lat' dir='ltr'><strong>Vit.</strong></span> <span class='ocrx_word' id='word_1_365' title='bbox 1184 3407 1356 3462; x_wconf 88' lang='lat' dir='ltr'><strong>sancti</strong></span> <span class='ocrx_word' id='word_1_366' title='bbox 1410 3407 1639 3475; x_wconf 84' lang='lat' dir='ltr'><strong>Martini,</strong></span> <span class='ocrx_word' id='word_1_367' title='bbox 1687 3426 1803 3480; x_wconf 72' lang='lat' dir='ltr'><strong>pag.</strong></span> <span class='ocrx_word' id='word_1_368' title='bbox 1854 3411 1982 3468; x_wconf 66' lang='grc' dir='ltr'><strong>ΠΟ.</strong></span> <span class='ocrx_word' id='word_1_369' title='bbox 2043 3413 2125 3468; x_wconf 80' lang='lat' dir='ltr'><strong>Ex</strong></span> <span class='ocrx_word' id='word_1_370' title='bbox 2186 3416 2381 3485; x_wconf 85' lang='lat' dir='ltr'><strong>quibus</strong></span> 
     </span>
    </p>
   </div>
   <div class='ocr_carea' id='block_1_49' title="bbox 790 3496 2382 3579">
    <p class='ocr_par' dir='ltr' id='par_1_49' title="bbox 790 3496 2382 3579">
     <span class='ocr_line' id='line_1_49' title="bbox 790 3496 2382 3579; baseline 0.006 -27"><span class='ocrx_word' id='word_1_371' title='bbox 790 3496 1071 3560; x_wconf 80' lang='lat' dir='ltr'><strong>coniicitur</strong></span> <span class='ocrx_word' id='word_1_372' title='bbox 1120 3499 1237 3567; x_wconf 84' lang='lat' dir='ltr'><strong>jam</strong></span> <span class='ocrx_word' id='word_1_373' title='bbox 1269 3513 1339 3554; x_wconf 84' lang='lat' dir='ltr'><strong>ex</strong></span> <span class='ocrx_word' id='word_1_374' title='bbox 1373 3499 1468 3555; x_wconf 91' lang='lat' dir='ltr'><strong>illo</strong></span> <span class='ocrx_word' id='word_1_375' title='bbox 1501 3508 1742 3570; x_wconf 89' lang='lat' dir='ltr'><strong>tempore</strong></span> <span class='ocrx_word' id='word_1_376' title='bbox 1776 3501 2131 3558; x_wconf 76' lang='lat' dir='ltr'><strong>Fortunatum</strong></span> <span class='ocrx_word' id='word_1_377' title='bbox 2159 3508 2382 3579; x_wconf 78' lang='lat' dir='ltr'><strong>presby-</strong></span> 
     </span>
    </p>
   </div>
   <div class='ocr_carea' id='block_1_50' title="bbox 792 3589 2382 3669">
    <p class='ocr_par' dir='ltr' id='par_1_50' title="bbox 792 3589 2382 3669">
     <span class='ocr_line' id='line_1_50' title="bbox 792 3589 2382 3669; baseline 0.007 -26"><span class='ocrx_word' id='word_1_378' title='bbox 792 3596 965 3644; x_wconf 91' lang='lat' dir='ltr'><strong>terum</strong></span> <span class='ocrx_word' id='word_1_379' title='bbox 999 3589 1186 3645; x_wconf 80' lang='lat' dir='ltr'><strong>fuisse.</strong></span> <span class='ocrx_word' id='word_1_380' title='bbox 1238 3589 1376 3659; x_wconf 86' lang='lat' dir='ltr'><strong>Quin</strong></span> <span class='ocrx_word' id='word_1_381' title='bbox 1408 3591 1592 3648; x_wconf 85' lang='lat' dir='ltr'><strong>uthac</strong></span> <span class='ocrx_word' id='word_1_382' title='bbox 1639 3594 1693 3649; x_wconf 90' lang='lat' dir='ltr'><strong>in</strong></span> <span class='ocrx_word' id='word_1_383' title='bbox 1738 3609 1796 3650; x_wconf 91' lang='lat' dir='ltr'><strong>re</strong></span> <span class='ocrx_word' id='word_1_384' title='bbox 1844 3596 1984 3667; x_wconf 93' lang='lat' dir='ltr'><strong>quod</strong></span> <span class='ocrx_word' id='word_1_385' title='bbox 2024 3596 2200 3654; x_wconf 88' lang='lat' dir='ltr'><strong>sentio</strong></span> <span class='ocrx_word' id='word_1_386' title='bbox 2256 3615 2382 3669; x_wconf 87' lang='lat' dir='ltr'><strong>pro-</strong></span> 
     </span>
    </p>
   </div>
   <div class='ocr_carea' id='block_1_51' title="bbox 793 3681 2382 3759">
    <p class='ocr_par' dir='ltr' id='par_1_51' title="bbox 793 3681 2382 3759">
     <span class='ocr_line' id='line_1_51' title="bbox 793 3681 2382 3759; baseline 0.008 -23"><span class='ocrx_word' id='word_1_387' title='bbox 793 3683 984 3747; x_wconf 82' lang='lat' dir='ltr'><strong>feram,</strong></span> <span class='ocrx_word' id='word_1_388' title='bbox 1019 3681 1388 3738; x_wconf 81' lang='lat' dir='ltr'><strong>videturmilii</strong></span> <span class='ocrx_word' id='word_1_389' title='bbox 1437 3683 1762 3743; x_wconf 81' lang='lat' dir='ltr'><strong>Fortunatus</strong></span> <span class='ocrx_word' id='word_1_390' title='bbox 1811 3687 1923 3759; x_wconf 89' lang='lat' dir='ltr'><strong>jam</strong></span> <span class='ocrx_word' id='word_1_391' title='bbox 1982 3699 2108 3746; x_wconf 92' lang='lat' dir='ltr'><strong>tunc</strong></span> <span class='ocrx_word' id='word_1_392' title='bbox 2155 3692 2382 3749; x_wconf 74' lang='lat' dir='ltr'><strong>clericus</strong></span> 
     </span>
    </p>
   </div>
   <div class='ocr_carea' id='block_1_52' title="bbox 794 3774 2380 3853">
    <p class='ocr_par' dir='ltr' id='par_1_52' title="bbox 794 3774 2380 3853">
     <span class='ocr_line' id='line_1_52' title="bbox 794 3774 2380 3853; baseline 0.008 -25"><span class='ocrx_word' id='word_1_393' title='bbox 794 3774 982 3838; x_wconf 78' lang='lat' dir='ltr'><strong>fuisse,</strong></span> <span class='ocrx_word' id='word_1_394' title='bbox 1007 3789 1129 3829; x_wconf 90' lang='lat' dir='ltr'><strong>cum</strong></span> <span class='ocrx_word' id='word_1_395' title='bbox 1157 3777 1226 3831; x_wconf 89' lang='lat' dir='ltr'><strong>ab</strong></span> <span class='ocrx_word' id='word_1_396' title='bbox 1257 3775 1404 3831; x_wconf 88' lang='lat' dir='ltr'><strong>Italia</strong></span> <span class='ocrx_word' id='word_1_397' title='bbox 1436 3785 1520 3832; x_wconf 87' lang='lat' dir='ltr'><strong>est</strong></span> <span class='ocrx_word' id='word_1_398' title='bbox 1544 3778 1846 3847; x_wconf 78' lang='lat' dir='ltr'><strong>prolectus;</strong></span> <span class='ocrx_word' id='word_1_399' title='bbox 1876 3780 2033 3853; x_wconf 84' lang='lat' dir='ltr'><strong>idque</strong></span> <span class='ocrx_word' id='word_1_400' title='bbox 2056 3800 2121 3838; x_wconf 79' lang='lat' dir='ltr'><strong>ex</strong></span> <span class='ocrx_word' id='word_1_401' title='bbox 2151 3798 2215 3838; x_wconf 89' lang='lat' dir='ltr'><strong>eo</strong></span> <span class='ocrx_word' id='word_1_402' title='bbox 2245 3800 2380 3841; x_wconf 89' lang='lat' dir='ltr'><strong>con-</strong></span> 
     </span>
    </p>
   </div>
   <div class='ocr_carea' id='block_1_53' title="bbox 793 3867 2381 3947">
    <p class='ocr_par' dir='ltr' id='par_1_53' title="bbox 793 3867 2381 3947">
     <span class='ocr_line' id='line_1_53' title="bbox 793 3867 2381 3947; baseline 0.006 -28"><span class='ocrx_word' id='word_1_403' title='bbox 793 3867 937 3940; x_wconf 82' lang='lat' dir='ltr'><strong>jicio,</strong></span> <span class='ocrx_word' id='word_1_404' title='bbox 970 3868 1110 3938; x_wconf 88' lang='lat' dir='ltr'><strong>quod</strong></span> <span class='ocrx_word' id='word_1_405' title='bbox 1143 3870 1209 3923; x_wconf 88' lang='lat' dir='ltr'><strong>ab</strong></span> <span class='ocrx_word' id='word_1_406' title='bbox 1232 3869 1349 3939; x_wconf 86' lang='lat' dir='ltr'><strong>ejus</strong></span> <span class='ocrx_word' id='word_1_407' title='bbox 1378 3884 1558 3925; x_wconf 73' lang='lat' dir='ltr'><strong>coccvo</strong></span> <span class='ocrx_word' id='word_1_408' title='bbox 1592 3870 1755 3943; x_wconf 79' lang='lat' dir='ltr'><strong>Grcg.</strong></span> <span class='ocrx_word' id='word_1_409' title='bbox 1790 3872 1915 3929; x_wconf 84' lang='lat' dir='ltr'><strong>Tur.</strong></span> <span class='ocrx_word' id='word_1_410' title='bbox 1949 3872 2224 3947; x_wconf 79' lang='lat' dir='ltr'><strong>Presbyter</strong></span> <span class='ocrx_word' id='word_1_411' title='bbox 2264 3876 2381 3931; x_wconf 83' lang='lat' dir='ltr'><strong>Ita-</strong></span> 
     </span>
    </p>
   </div>
   <div class='ocr_carea' id='block_1_54' title="bbox 795 3961 2382 4041">
    <p class='ocr_par' dir='ltr' id='par_1_54' title="bbox 795 3961 2382 4041">
     <span class='ocr_line' id='line_1_54' title="bbox 795 3961 2382 4041; baseline 0.008 -26"><span class='ocrx_word' id='word_1_412' title='bbox 795 3961 927 4027; x_wconf 77' lang='lat' dir='ltr'><strong>licus</strong></span> <span class='ocrx_word' id='word_1_413' title='bbox 958 3964 1155 4031; x_wconf 87' lang='lat' dir='ltr'><strong>passim</strong></span> <span class='ocrx_word' id='word_1_414' title='bbox 1186 3964 1515 4034; x_wconf 87' lang='lat' dir='ltr'><strong>nominetur,</strong></span> <span class='ocrx_word' id='word_1_415' title='bbox 1548 3979 1706 4035; x_wconf 87' lang='lat' dir='ltr'><strong>quem</strong></span> <span class='ocrx_word' id='word_1_416' title='bbox 1739 3967 1950 4022; x_wconf 87' lang='lat' dir='ltr'><strong>titulum</strong></span> <span class='ocrx_word' id='word_1_417' title='bbox 1975 3968 2054 4024; x_wconf 91' lang='lat' dir='ltr'><strong>vel</strong></span> <span class='ocrx_word' id='word_1_418' title='bbox 2083 3969 2199 4039; x_wconf 88' lang='lat' dir='ltr'><strong>ejus</strong></span> <span class='ocrx_word' id='word_1_419' title='bbox 2223 3986 2382 4041; x_wconf 86' lang='lat' dir='ltr'><strong>opera</strong></span> 
     </span>
    </p>
   </div>
   <div class='ocr_carea' id='block_1_55' title="bbox 799 4056 1236 4126">
    <p class='ocr_par' dir='ltr' id='par_1_55' title="bbox 799 4056 1236 4126">
     <span class='ocr_line' id='line_1_55' title="bbox 799 4056 1236 4126; baseline 0.002 -17"><span class='ocrx_word' id='word_1_420' title='bbox 799 4069 909 4126; x_wconf 68' lang='lat' dir='ltr'><strong>prae</strong></span> <span class='ocrx_word' id='word_1_421' title='bbox 940 4071 999 4111; x_wconf 84' lang='lat' dir='ltr'><strong>se</strong></span> <span class='ocrx_word' id='word_1_422' title='bbox 1033 4056 1236 4110; x_wconf 80' lang='lat' dir='ltr'><strong>ferunt.</strong></span> 
     </span>
    </p>
   </div>
   <div class='ocr_carea' id='block_1_56' title="bbox 869 4148 2383 4223">
    <p class='ocr_par' dir='ltr' id='par_1_56' title="bbox 869 4148 2383 4223">
     <span class='ocr_line' id='line_1_56' title="bbox 869 4148 2383 4223; baseline 0.007 -22"><span class='ocrx_word' id='word_1_423' title='bbox 869 4148 958 4204; x_wconf 74' lang='grc'><strong>49.</strong></span> <span class='ocrx_word' id='word_1_424' title='bbox 989 4148 1157 4205; x_wconf 76' lang='lat' dir='ltr'><strong>Multo</strong></span> <span class='ocrx_word' id='word_1_425' title='bbox 1181 4164 1309 4204; x_wconf 88' lang='lat' dir='ltr'><strong>vero</strong></span> <span class='ocrx_word' id='word_1_426' title='bbox 1336 4148 1609 4206; x_wconf 79' lang='lat' dir='ltr'><strong>difﬁcilius</strong></span> <span class='ocrx_word' id='word_1_427' title='bbox 1631 4160 1715 4206; x_wconf 90' lang='lat' dir='ltr'><strong>est</strong></span> <span class='ocrx_word' id='word_1_428' title='bbox 1734 4159 1968 4208; x_wconf 89' lang='lat' dir='ltr'><strong>statuere</strong></span> <span class='ocrx_word' id='word_1_429' title='bbox 1991 4169 2223 4223; x_wconf 90' lang='lat' dir='ltr'><strong>quonam</strong></span> <span class='ocrx_word' id='word_1_430' title='bbox 2249 4164 2383 4213; x_wconf 86' lang='lat' dir='ltr'><strong>tem-</strong></span> 
     </span>
    </p>
   </div>
   <div class='ocr_carea' id='block_1_57' title="bbox 798 4242 2383 4317">
    <p class='ocr_par' dir='ltr' id='par_1_57' title="bbox 798 4242 2383 4317">
     <span class='ocr_line' id='line_1_57' title="bbox 798 4242 2383 4317; baseline 0.006 -22"><span class='ocrx_word' id='word_1_431' title='bbox 798 4257 928 4314; x_wconf 90' lang='lat' dir='ltr'><strong>pore</strong></span> <span class='ocrx_word' id='word_1_432' title='bbox 976 4243 1119 4297; x_wconf 87' lang='lat' dir='ltr'><strong>idem</strong></span> <span class='ocrx_word' id='word_1_433' title='bbox 1164 4242 1279 4311; x_wconf 89' lang='lat' dir='ltr'><strong>ipse</strong></span> <span class='ocrx_word' id='word_1_434' title='bbox 1324 4243 1554 4312; x_wconf 87' lang='lat' dir='ltr'><strong>hospitio</strong></span> <span class='ocrx_word' id='word_1_435' title='bbox 1595 4259 1720 4299; x_wconf 92' lang='lat' dir='ltr'><strong>usus</strong></span> <span class='ocrx_word' id='word_1_436' title='bbox 1748 4246 1907 4301; x_wconf 82' lang='lat' dir='ltr'><strong>fuerit</strong></span> <span class='ocrx_word' id='word_1_437' title='bbox 1959 4250 2251 4317; x_wconf 63' lang='lat' dir='ltr'><strong>Agricola),</strong></span> <span class='ocrx_word' id='word_1_438' title='bbox 2289 4267 2383 4305; x_wconf 89' lang='lat' dir='ltr'><strong>seu</strong></span> 
     </span>
    </p>
   </div>
   <div class='ocr_carea' id='block_1_58' title="bbox 798 4336 2384 4409">
    <p class='ocr_par' dir='ltr' id='par_1_58' title="bbox 798 4336 2384 4409">
     <span class='ocr_line' id='line_1_58' title="bbox 798 4336 2384 4409; baseline 0.005 -18"><span class='ocrx_word' id='word_1_439' title='bbox 798 4336 1127 4407; x_wconf 74' lang='lat' dir='ltr'><strong>Agroeculze,</strong></span> <span class='ocrx_word' id='word_1_440' title='bbox 1175 4337 1848 4409; x_wconf 73' lang='lat' dir='ltr'><strong>episcOpiCabillonensis,</strong></span> <span class='ocrx_word' id='word_1_441' title='bbox 1902 4342 2032 4407; x_wconf 88' lang='lat' dir='ltr'><strong>sive,</strong></span> <span class='ocrx_word' id='word_1_442' title='bbox 2090 4351 2149 4396; x_wconf 91' lang='grc' dir='ltr'><strong>ιιι</strong></span> <span class='ocrx_word' id='word_1_443' title='bbox 2197 4345 2384 4399; x_wconf 87' lang='lat' dir='ltr'><strong>verisi-</strong></span> 
     </span>
    </p>
   </div>
   <div class='ocr_carea' id='block_1_59' title="bbox 799 4429 2384 4498">
    <p class='ocr_par' dir='ltr' id='par_1_59' title="bbox 799 4429 2384 4498">
     <span class='ocr_line' id='line_1_59' title="bbox 799 4429 2384 4498; baseline 0.006 -13"><span class='ocrx_word' id='word_1_444' title='bbox 799 4432 979 4485; x_wconf 89' lang='lat' dir='ltr'><strong>milius</strong></span> <span class='ocrx_word' id='word_1_445' title='bbox 1030 4429 1264 4497; x_wconf 86' lang='lat' dir='ltr'><strong>videtur,</strong></span> <span class='ocrx_word' id='word_1_446' title='bbox 1320 4430 1691 4498; x_wconf 78' lang='lat' dir='ltr'><strong>Niverncnsis,</strong></span> <span class='ocrx_word' id='word_1_447' title='bbox 1743 4433 1882 4488; x_wconf 87' lang='lat' dir='ltr'><strong>sicut</strong></span> <span class='ocrx_word' id='word_1_448' title='bbox 1913 4436 2287 4494; x_wconf 89' lang='lat' dir='ltr'><strong>adnotavimus</strong></span> <span class='ocrx_word' id='word_1_449' title='bbox 2318 4440 2384 4495; x_wconf 79' lang='lat' dir='ltr'><strong>ad</strong></span> 
     </span>
    </p>
   </div>
   <div class='ocr_carea' id='block_1_60' title="bbox 800 4520 2383 4600">
    <p class='ocr_par' dir='ltr' id='par_1_60' title="bbox 800 4520 2383 4600">
     <span class='ocr_line' id='line_1_60' title="bbox 800 4520 2383 4600; baseline 0.007 -23"><span class='ocrx_word' id='word_1_450' title='bbox 800 4536 920 4592; x_wconf 89' lang='lat' dir='ltr'><strong>cap.</strong></span> <span class='ocrx_word' id='word_1_451' title='bbox 945 4520 1017 4574; x_wconf 72' lang='lat'><strong>9.4</strong></span> <span class='ocrx_word' id='word_1_452' title='bbox 1049 4520 1141 4577; x_wconf 89' lang='lat' dir='ltr'><strong>lib.</strong></span> <span class='ocrx_word' id='word_1_453' title='bbox 1167 4537 1221 4576; x_wconf 87' lang='lat' dir='ltr'><strong>tu</strong></span> <span class='ocrx_word' id='word_1_454' title='bbox 1248 4521 1346 4591; x_wconf 91' lang='lat' dir='ltr'><strong>0p.</strong></span> <span class='ocrx_word' id='word_1_455' title='bbox 1373 4521 1519 4577; x_wconf 80' lang='lat' dir='ltr'><strong>Fort.</strong></span> <span class='ocrx_word' id='word_1_456' title='bbox 1542 4524 1589 4579; x_wconf 92' lang='lat' dir='ltr'><strong>ls</strong></span> <span class='ocrx_word' id='word_1_457' title='bbox 1605 4525 1746 4580; x_wconf 90' lang='lat' dir='ltr'><strong>enim</strong></span> <span class='ocrx_word' id='word_1_458' title='bbox 1770 4528 2006 4583; x_wconf 86' lang='lat' dir='ltr'><strong>scribens</strong></span> <span class='ocrx_word' id='word_1_459' title='bbox 2026 4531 2090 4584; x_wconf 84' lang='lat' dir='ltr'><strong>ad</strong></span> <span class='ocrx_word' id='word_1_460' title='bbox 2112 4536 2383 4600; x_wconf 43' lang='lat' dir='ltr'><strong>enm&#39;lem,</strong></span> 
     </span>
    </p>
   </div>
   <div class='ocr_carea' id='block_1_61' title="bbox 2616 2018 3761 2083">
    <p class='ocr_par' dir='ltr' id='par_1_61' title="bbox 2616 2018 3761 2083">
     <span class='ocr_line' id='line_1_61' title="bbox 2616 2018 3761 2083; baseline 0.006 -15"><span class='ocrx_word' id='word_1_461' title='bbox 2616 2018 2765 2083; x_wconf 79' lang='lat' dir='ltr'><strong>Exsul</strong></span> <span class='ocrx_word' id='word_1_462' title='bbox 2784 2020 2844 2068; x_wconf 86' lang='lat' dir='ltr'><strong>ab</strong></span> <span class='ocrx_word' id='word_1_463' title='bbox 2871 2020 3000 2068; x_wconf 82' lang='lat' dir='ltr'><strong>Italia</strong></span> <span class='ocrx_word' id='word_1_464' title='bbox 3028 2033 3171 2081; x_wconf 88' lang='lat' dir='ltr'><strong>nono,</strong></span> <span class='ocrx_word' id='word_1_465' title='bbox 3201 2029 3337 2082; x_wconf 85' lang='lat' dir='ltr'><strong>puto,</strong></span> <span class='ocrx_word' id='word_1_466' title='bbox 3361 2023 3527 2073; x_wconf 84' lang='lat' dir='ltr'><strong>volvor</strong></span> <span class='ocrx_word' id='word_1_467' title='bbox 3547 2036 3595 2073; x_wconf 70' lang='lat' dir='ltr'><strong>in</strong></span> <span class='ocrx_word' id='word_1_468' title='bbox 3616 2037 3761 2083; x_wconf 85' lang='lat' dir='ltr'><strong>anno,</strong></span> 
     </span>
    </p>
   </div>
   <div class='ocr_carea' id='block_1_62' title="bbox 2675 2081 3571 2144">
    <p class='ocr_par' dir='ltr' id='par_1_62' title="bbox 2675 2081 3571 2144">
     <span class='ocr_line' id='line_1_62' title="bbox 2675 2081 3571 2144; baseline 0.007 -16"><span class='ocrx_word' id='word_1_469' title='bbox 2675 2081 2873 2131; x_wconf 84' lang='lat' dir='ltr'><strong>Littor;s</strong></span> <span class='ocrx_word' id='word_1_470' title='bbox 2898 2086 3081 2131; x_wconf 74' lang='lat' dir='ltr'><strong>Oceani</strong></span> <span class='ocrx_word' id='word_1_471' title='bbox 3105 2081 3421 2144; x_wconf 56' lang='lat' dir='ltr'><strong>coutigtianle</strong></span> <span class='ocrx_word' id='word_1_472' title='bbox 3454 2088 3571 2134; x_wconf 71' lang='lat' dir='ltr'><strong>salo.</strong></span> 
     </span>
    </p>
   </div>
   <div class='ocr_carea' id='block_1_63' title="bbox 2611 2141 4019 2214">
    <p class='ocr_par' dir='ltr' id='par_1_63' title="bbox 2611 2141 4019 2214">
     <span class='ocr_line' id='line_1_63' title="bbox 2611 2141 4019 2214; baseline 0.006 -21"><span class='ocrx_word' id='word_1_473' title='bbox 2611 2141 2852 2214; x_wconf 71' lang='lat' dir='ltr'><strong>Tempora</strong></span> <span class='ocrx_word' id='word_1_474' title='bbox 2874 2154 2943 2214; x_wconf 81' lang='lat' dir='ltr'><strong>tot</strong></span> <span class='ocrx_word' id='word_1_475' title='bbox 2967 2144 3181 2214; x_wconf 49' lang='lat' dir='ltr'><strong>fugiunt,</strong></span> <span class='ocrx_word' id='word_1_476' title='bbox 3204 2141 3254 2195; x_wconf 82' lang='lat' dir='ltr'><strong>et</strong></span> <span class='ocrx_word' id='word_1_477' title='bbox 3274 2150 3429 2194; x_wconf 82' lang='lat' dir='ltr'><strong>adhuc</strong></span> <span class='ocrx_word' id='word_1_478' title='bbox 3457 2164 3543 2209; x_wconf 76' lang='lat' dir='ltr'><strong>per</strong></span> <span class='ocrx_word' id='word_1_479' title='bbox 3560 2153 3735 2210; x_wconf 54' lang='lat' dir='ltr'><strong>scripta</strong></span> <span class='ocrx_word' id='word_1_480' title='bbox 3755 2157 4019 2214; x_wconf 81' lang='lat' dir='ltr'><strong>parentum</strong></span> 
     </span>
    </p>
   </div>
   <div class='ocr_carea' id='block_1_64' title="bbox 2673 2207 3709 2274">
    <p class='ocr_par' dir='ltr' id='par_1_64' title="bbox 2673 2207 3709 2274">
     <span class='ocr_line' id='line_1_64' title="bbox 2673 2207 3709 2274; baseline 0.006 -19"><span class='ocrx_word' id='word_1_481' title='bbox 2673 2207 2848 2255; x_wconf 69' lang='lat' dir='ltr'><strong>Nullus</strong></span> <span class='ocrx_word' id='word_1_482' title='bbox 2878 2209 2937 2255; x_wconf 78' lang='lat' dir='ltr'><strong>ab</strong></span> <span class='ocrx_word' id='word_1_483' title='bbox 2955 2209 3173 2257; x_wconf 81' lang='lat' dir='ltr'><strong>exclusis</strong></span> <span class='ocrx_word' id='word_1_484' title='bbox 3193 2225 3270 2258; x_wconf 86' lang='lat' dir='ltr'><strong>tne</strong></span> <span class='ocrx_word' id='word_1_485' title='bbox 3286 2207 3543 2261; x_wconf 59' lang='lat' dir='ltr'><strong>recreavit</strong></span> <span class='ocrx_word' id='word_1_486' title='bbox 3564 2207 3709 2274; x_wconf 61' lang='lat' dir='ltr'><strong>apert.</strong></span> 
     </span>
    </p>
   </div>
   <div class='ocr_carea' id='block_1_65' title="bbox 2485 2287 4077 2369">
    <p class='ocr_par' dir='ltr' id='par_1_65' title="bbox 2485 2287 4077 2369">
     <span class='ocr_line' id='line_1_65' title="bbox 2485 2287 4077 2369; baseline 0.006 -24"><span class='ocrx_word' id='word_1_487' title='bbox 2485 2287 2677 2345; x_wconf 82' lang='lat' dir='ltr'><strong>Adhuc</strong></span> <span class='ocrx_word' id='word_1_488' title='bbox 2703 2306 2829 2344; x_wconf 89' lang='lat' dir='ltr'><strong>vero</strong></span> <span class='ocrx_word' id='word_1_489' title='bbox 2860 2291 3223 2347; x_wconf 65' lang='lat' dir='ltr'><strong>miserabilius</strong></span> <span class='ocrx_word' id='word_1_490' title='bbox 3260 2311 3415 2348; x_wconf 86' lang='lat' dir='ltr'><strong>suum</strong></span> <span class='ocrx_word' id='word_1_491' title='bbox 3455 2295 3524 2351; x_wconf 89' lang='lat' dir='ltr'><strong>ab</strong></span> <span class='ocrx_word' id='word_1_492' title='bbox 3572 2296 3721 2352; x_wconf 83' lang='lat' dir='ltr'><strong>italia</strong></span> <span class='ocrx_word' id='word_1_493' title='bbox 3770 2298 4077 2369; x_wconf 75' lang='lat' dir='ltr'><strong>digressum</strong></span> 
     </span>
    </p>
   </div>
   <div class='ocr_carea' id='block_1_66' title="bbox 2488 2382 3652 2452">
    <p class='ocr_par' dir='ltr' id='par_1_66' title="bbox 2488 2382 3652 2452">
     <span class='ocr_line' id='line_1_66' title="bbox 2488 2382 3652 2452; baseline 0.006 -16"><span class='ocrx_word' id='word_1_494' title='bbox 2488 2382 2809 2437; x_wconf 83' lang='lat' dir='ltr'><strong>lamentatur</strong></span> <span class='ocrx_word' id='word_1_495' title='bbox 2839 2383 2932 2437; x_wconf 91' lang='lat' dir='ltr'><strong>lib.</strong></span> <span class='ocrx_word' id='word_1_496' title='bbox 2965 2401 3037 2452; x_wconf 72' lang='grc' dir='ltr'>ιι,</span> <span class='ocrx_word' id='word_1_497' title='bbox 3070 2401 3171 2452; x_wconf 89' lang='lat' dir='ltr'><strong>cap</strong></span> <span class='ocrx_word' id='word_1_498' title='bbox 3199 2387 3284 2449; x_wconf 84' lang='lat' dir='ltr'><strong>tt),</strong></span> <span class='ocrx_word' id='word_1_499' title='bbox 3318 2388 3398 2441; x_wconf 89' lang='lat' dir='ltr'><strong>liis</strong></span> <span class='ocrx_word' id='word_1_500' title='bbox 3429 2389 3652 2443; x_wconf 75' lang='lat' dir='ltr'><strong>verbis?</strong></span> 
     </span>
    </p>
   </div>
   <div class='ocr_carea' id='block_1_67' title="bbox 2580 2473 3880 2545">
    <p class='ocr_par' dir='ltr' id='par_1_67' title="bbox 2580 2473 3880 2545">
     <span class='ocr_line' id='line_1_67' title="bbox 2580 2473 3880 2545; baseline 0.008 -23"><span class='ocrx_word' id='word_1_501' title='bbox 2580 2473 2792 2545; x_wconf 70' lang='lat' dir='ltr'><strong>Tristius</strong></span> <span class='ocrx_word' id='word_1_502' title='bbox 2815 2486 2926 2545; x_wconf 72' lang='lat' dir='ltr'><strong>erro</strong></span> <span class='ocrx_word' id='word_1_503' title='bbox 2952 2476 3113 2545; x_wconf 74' lang='lat' dir='ltr'><strong>nimis,</strong></span> <span class='ocrx_word' id='word_1_504' title='bbox 3130 2479 3312 2545; x_wconf 64' lang='lat' dir='ltr'><strong>patrii}</strong></span> <span class='ocrx_word' id='word_1_505' title='bbox 3334 2491 3487 2539; x_wconf 67' lang='lat' dir='ltr'><strong>vagus</strong></span> <span class='ocrx_word' id='word_1_506' title='bbox 3511 2479 3654 2529; x_wconf 79' lang='lat' dir='ltr'><strong>exsul</strong></span> <span class='ocrx_word' id='word_1_507' title='bbox 3676 2482 3737 2529; x_wconf 80' lang='lat' dir='ltr'><strong>ab</strong></span> <span class='ocrx_word' id='word_1_508' title='bbox 3760 2483 3880 2545; x_wconf 88' lang='lat' dir='ltr'><strong>oris,</strong></span> 
     </span>
    </p>
   </div>
   <div class='ocr_carea' id='block_1_68' title="bbox 2640 2536 3826 2605">
    <p class='ocr_par' dir='ltr' id='par_1_68' title="bbox 2640 2536 3826 2605">
     <span class='ocr_line' id='line_1_68' title="bbox 2640 2536 3826 2605; baseline 0.008 -21"><span class='ocrx_word' id='word_1_509' title='bbox 2640 2536 2794 2596; x_wconf 87' lang='lat' dir='ltr'><strong>Quam</strong></span> <span class='ocrx_word' id='word_1_510' title='bbox 2819 2540 2881 2586; x_wconf 82' lang='lat' dir='ltr'><strong>sit</strong></span> <span class='ocrx_word' id='word_1_511' title='bbox 2898 2536 3168 2600; x_wconf 77' lang='lat' dir='ltr'><strong>Apolloniis</strong></span> <span class='ocrx_word' id='word_1_512' title='bbox 3186 2536 3448 2604; x_wconf 66' lang='lat' dir='ltr'><strong>naufragus</strong></span> <span class='ocrx_word' id='word_1_513' title='bbox 3474 2545 3652 2604; x_wconf 77' lang='lat' dir='ltr'><strong>hospes</strong></span> <span class='ocrx_word' id='word_1_514' title='bbox 3672 2546 3826 2605; x_wconf 79' lang='lat' dir='ltr'><strong>aquis.</strong></span> 
     </span>
    </p>
   </div>
   <div class='ocr_carea' id='block_1_69' title="bbox 2556 2619 4078 2701">
    <p class='ocr_par' dir='ltr' id='par_1_69' title="bbox 2556 2619 4078 2701">
     <span class='ocr_line' id='line_1_69' title="bbox 2556 2619 4078 2701; baseline 0.007 -24"><span class='ocrx_word' id='word_1_515' title='bbox 2556 2619 2649 2677; x_wconf 83' lang='lat' dir='ltr'><strong>5i.</strong></span> <span class='ocrx_word' id='word_1_516' title='bbox 2697 2621 2881 2692; x_wconf 73' lang='lat' dir='ltr'><strong>Neque</strong></span> <span class='ocrx_word' id='word_1_517' title='bbox 2921 2624 3083 2677; x_wconf 72' lang='lat' dir='ltr'><strong>altera</strong></span> <span class='ocrx_word' id='word_1_518' title='bbox 3118 2630 3489 2695; x_wconf 74' lang='lat' dir='ltr'><strong>prtetereunda</strong></span> <span class='ocrx_word' id='word_1_519' title='bbox 3517 2642 3678 2683; x_wconf 83' lang='lat' dir='ltr'><strong>causa</strong></span> <span class='ocrx_word' id='word_1_520' title='bbox 3708 2639 3791 2683; x_wconf 90' lang='lat' dir='ltr'><strong>est</strong></span> <span class='ocrx_word' id='word_1_521' title='bbox 3813 2629 3886 2684; x_wconf 94' lang='lat' dir='ltr'><strong>ob</strong></span> <span class='ocrx_word' id='word_1_522' title='bbox 3914 2644 4078 2701; x_wconf 89' lang='lat' dir='ltr'><strong>quam</strong></span> 
     </span>
    </p>
   </div>
   <div class='ocr_carea' id='block_1_70' title="bbox 2483 2712 4080 2793">
    <p class='ocr_par' dir='ltr' id='par_1_70' title="bbox 2483 2712 4080 2793">
     <span class='ocr_line' id='line_1_70' title="bbox 2483 2712 4080 2793; baseline 0.009 -25"><span class='ocrx_word' id='word_1_523' title='bbox 2483 2713 2528 2768; x_wconf 91' lang='lat' dir='ltr'><strong>is</strong></span> <span class='ocrx_word' id='word_1_524' title='bbox 2571 2712 2624 2769; x_wconf 90' lang='lat' dir='ltr'><strong>iu</strong></span> <span class='ocrx_word' id='word_1_525' title='bbox 2664 2714 2839 2769; x_wconf 85' lang='lat' dir='ltr'><strong>Gallia</strong></span> <span class='ocrx_word' id='word_1_526' title='bbox 2871 2720 3251 2787; x_wconf 75' lang='lat' dir='ltr'><strong>permanserit,</strong></span> <span class='ocrx_word' id='word_1_527' title='bbox 3282 2734 3382 2775; x_wconf 88' lang='lat' dir='ltr'><strong>nec</strong></span> <span class='ocrx_word' id='word_1_528' title='bbox 3425 2720 3493 2775; x_wconf 90' lang='lat' dir='ltr'><strong>ad</strong></span> <span class='ocrx_word' id='word_1_529' title='bbox 3535 2737 3664 2780; x_wconf 87' lang='lat' dir='ltr'><strong>suos</strong></span> <span class='ocrx_word' id='word_1_530' title='bbox 3709 2723 3943 2793; x_wconf 86' lang='lat' dir='ltr'><strong>amplius</strong></span> <span class='ocrx_word' id='word_1_531' title='bbox 3983 2739 4080 2782; x_wconf 80' lang='lat' dir='ltr'><strong>ro-</strong></span> 
     </span>
    </p>
   </div>
   <div class='ocr_carea' id='block_1_71' title="bbox 2482 2810 4065 2889">
    <p class='ocr_par' dir='ltr' id='par_1_71' title="bbox 2482 2810 4065 2889">
     <span class='ocr_line' id='line_1_71' title="bbox 2482 2810 4065 2889; baseline 0.009 -28"><span class='ocrx_word' id='word_1_532' title='bbox 2482 2822 2670 2864; x_wconf 90' lang='lat' dir='ltr'><strong>versus</strong></span> <span class='ocrx_word' id='word_1_533' title='bbox 2701 2811 2792 2863; x_wconf 90' lang='lat' dir='ltr'><strong>sit.</strong></span> <span class='ocrx_word' id='word_1_534' title='bbox 2827 2810 2973 2866; x_wconf 88' lang='lat' dir='ltr'><strong>llanc</strong></span> <span class='ocrx_word' id='word_1_535' title='bbox 3005 2822 3181 2867; x_wconf 88' lang='lat' dir='ltr'><strong>autem</strong></span> <span class='ocrx_word' id='word_1_536' title='bbox 3213 2813 3330 2884; x_wconf 85' lang='lat' dir='ltr'><strong>ipse</strong></span> <span class='ocrx_word' id='word_1_537' title='bbox 3356 2816 3511 2871; x_wconf 89' lang='lat' dir='ltr'><strong>nobis</strong></span> <span class='ocrx_word' id='word_1_538' title='bbox 3534 2816 3775 2873; x_wconf 82' lang='lat' dir='ltr'><strong>declarat</strong></span> <span class='ocrx_word' id='word_1_539' title='bbox 3809 2819 3910 2876; x_wconf 91' lang='lat' dir='ltr'><strong>lib.</strong></span> <span class='ocrx_word' id='word_1_540' title='bbox 3939 2835 4065 2889; x_wconf 84' lang='lat' dir='ltr'><strong>vm,</strong></span> 
     </span>
    </p>
   </div>
   <div class='ocr_carea' id='block_1_72' title="bbox 2483 2902 2995 2971">
    <p class='ocr_par' dir='ltr' id='par_1_72' title="bbox 2483 2902 2995 2971">
     <span class='ocr_line' id='line_1_72' title="bbox 2483 2902 2995 2971; baseline 0.008 -16"><span class='ocrx_word' id='word_1_541' title='bbox 2483 2914 2603 2971; x_wconf 88' lang='lat' dir='ltr'><strong>cap.</strong></span> <span class='ocrx_word' id='word_1_542' title='bbox 2632 2902 2685 2969; x_wconf 76' lang='lat' dir='ltr'><strong>i,</strong></span> <span class='ocrx_word' id='word_1_543' title='bbox 2711 2902 2995 2970; x_wconf 86' lang='lat' dir='ltr'><strong>inquiens:</strong></span> 
     </span>
    </p>
   </div>
   <div class='ocr_carea' id='block_1_73' title="bbox 2580 2992 3791 3066">
    <p class='ocr_par' dir='ltr' id='par_1_73' title="bbox 2580 2992 3791 3066">
     <span class='ocr_line' id='line_1_73' title="bbox 2580 2992 3791 3066; baseline 0.009 -24"><span class='ocrx_word' id='word_1_544' title='bbox 2580 2992 2833 3066; x_wconf 69' lang='lat' dir='ltr'><strong>Mat-tinum</strong></span> <span class='ocrx_word' id='word_1_545' title='bbox 2859 2997 3216 3066; x_wconf 77' lang='lat' dir='ltr'><strong>cupiens,_voto</strong></span> <span class='ocrx_word' id='word_1_546' title='bbox 3252 2997 3567 3066; x_wconf 74' lang='lat' dir='ltr'><strong>lladegundis</strong></span> <span class='ocrx_word' id='word_1_547' title='bbox 3592 3003 3791 3066; x_wconf 61' lang='lat' dir='ltr'><strong>subest,</strong></span> 
     </span>
    </p>
   </div>
   <div class='ocr_carea' id='block_1_74' title="bbox 2637 3057 3695 3127">
    <p class='ocr_par' dir='ltr' id='par_1_74' title="bbox 2637 3057 3695 3127">
     <span class='ocr_line' id='line_1_74' title="bbox 2637 3057 3695 3127; baseline 0.01 -24"><span class='ocrx_word' id='word_1_548' title='bbox 2637 3057 2789 3115; x_wconf 82' lang='lat' dir='ltr'><strong>Quam</strong></span> <span class='ocrx_word' id='word_1_549' title='bbox 2811 3061 2985 3119; x_wconf 70' lang='lat' dir='ltr'><strong>genuit</strong></span> <span class='ocrx_word' id='word_1_550' title='bbox 3006 3058 3132 3109; x_wconf 74' lang='lat' dir='ltr'><strong>cmlo</strong></span> <span class='ocrx_word' id='word_1_551' title='bbox 3151 3068 3279 3110; x_wconf 86' lang='lat' dir='ltr'><strong>terra</strong></span> <span class='ocrx_word' id='word_1_552' title='bbox 3301 3057 3512 3127; x_wconf 64' lang='lat' dir='ltr'><strong>&#39;l‘or&#39;inga</strong></span> <span class='ocrx_word' id='word_1_553' title='bbox 3538 3078 3695 3116; x_wconf 89' lang='lat' dir='ltr'><strong>sacro.</strong></span> 
     </span>
    </p>
   </div>
   <div class='ocr_carea' id='block_1_75' title="bbox 2484 3140 4079 3227">
    <p class='ocr_par' dir='ltr' id='par_1_75' title="bbox 2484 3140 4079 3227">
     <span class='ocr_line' id='line_1_75' title="bbox 2484 3140 4079 3227; baseline 0.01 -31"><span class='ocrx_word' id='word_1_554' title='bbox 2484 3140 2540 3197; x_wconf 89' lang='lat' dir='ltr'><strong>id</strong></span> <span class='ocrx_word' id='word_1_555' title='bbox 2565 3150 2683 3208; x_wconf 61' lang='grc' dir='ltr'><strong>θείς</strong></span> <span class='ocrx_word' id='word_1_556' title='bbox 2730 3156 2849 3197; x_wconf 92' lang='lat' dir='ltr'><strong>cum</strong></span> <span class='ocrx_word' id='word_1_557' title='bbox 2890 3157 2956 3198; x_wconf 86' lang='lat' dir='ltr'><strong>co</strong></span> <span class='ocrx_word' id='word_1_558' title='bbox 2999 3147 3224 3200; x_wconf 81' lang='lat' dir='ltr'><strong>consilio</strong></span> <span class='ocrx_word' id='word_1_559' title='bbox 3248 3148 3301 3203; x_wconf 92' lang='lat' dir='ltr'><strong>in</strong></span> <span class='ocrx_word' id='word_1_560' title='bbox 3351 3149 3580 3204; x_wconf 73' lang='lat' dir='ltr'><strong>Galliam</strong></span> <span class='ocrx_word' id='word_1_561' title='bbox 3637 3152 3912 3223; x_wconf 82' lang='lat' dir='ltr'><strong>venisset,</strong></span> <span class='ocrx_word' id='word_1_562' title='bbox 3970 3171 4079 3227; x_wconf 90' lang='lat' dir='ltr'><strong>quo</strong></span> 
     </span>
    </p>
   </div>
   <div class='ocr_carea' id='block_1_76' title="bbox 2485 3236 4079 3320">
    <p class='ocr_par' dir='ltr' id='par_1_76' title="bbox 2485 3236 4079 3320">
     <span class='ocr_line' id='line_1_76' title="bbox 2485 3236 4079 3320; baseline 0.011 -30"><span class='ocrx_word' id='word_1_563' title='bbox 2485 3238 2656 3290; x_wconf 89' lang='lat' dir='ltr'><strong>sancti</strong></span> <span class='ocrx_word' id='word_1_564' title='bbox 2677 3236 2883 3291; x_wconf 83' lang='lat' dir='ltr'><strong>Martini</strong></span> <span class='ocrx_word' id='word_1_565' title='bbox 2914 3240 3220 3308; x_wconf 91' lang='lat' dir='ltr'><strong>sepulcrum</strong></span> <span class='ocrx_word' id='word_1_566' title='bbox 3248 3241 3522 3311; x_wconf 84' lang='lat' dir='ltr'><strong>inviseret,</strong></span> <span class='ocrx_word' id='word_1_567' title='bbox 3544 3259 3606 3300; x_wconf 90' lang='lat' dir='ltr'><strong>ac</strong></span> <span class='ocrx_word' id='word_1_568' title='bbox 3630 3262 3740 3301; x_wconf 70' lang='lat' dir='ltr'><strong>suae</strong></span> <span class='ocrx_word' id='word_1_569' title='bbox 3770 3264 3899 3320; x_wconf 80' lang='lat' dir='ltr'><strong>erga</strong></span> <span class='ocrx_word' id='word_1_570' title='bbox 3924 3249 4079 3307; x_wconf 90' lang='lat' dir='ltr'><strong>illum</strong></span> 
     </span>
    </p>
   </div>
   <div class='ocr_carea' id='block_1_77' title="bbox 2489 3329 4075 3416">
    <p class='ocr_par' dir='ltr' id='par_1_77' title="bbox 2489 3329 4075 3416">
     <span class='ocr_line' id='line_1_77' title="bbox 2489 3329 4075 3416; baseline 0.012 -35"><span class='ocrx_word' id='word_1_571' title='bbox 2489 3329 2668 3398; x_wconf 88' lang='lat' dir='ltr'><strong>pietati</strong></span> <span class='ocrx_word' id='word_1_572' title='bbox 2700 3330 3031 3388; x_wconf 78' lang='lat' dir='ltr'><strong>satisfaceret</strong></span> <span class='ocrx_word' id='word_1_573' title='bbox 3067 3374 3081 3400; x_wconf 93' lang='lat'><strong>,</strong></span> <span class='ocrx_word' id='word_1_574' title='bbox 3126 3333 3492 3406; x_wconf 75' lang='lat' dir='ltr'><strong>Radegundis,</strong></span> <span class='ocrx_word' id='word_1_575' title='bbox 3524 3340 3782 3409; x_wconf 62' lang='lat' dir='ltr'><strong>piissimae</strong></span> <span class='ocrx_word' id='word_1_576' title='bbox 3833 3344 4075 3416; x_wconf 68' lang='lat' dir='ltr'><strong>fantium,</strong></span> 
     </span>
    </p>
   </div>
   <div class='ocr_carea' id='block_1_78' title="bbox 2486 3425 4080 3503">
    <p class='ocr_par' dir='ltr' id='par_1_78' title="bbox 2486 3425 4080 3503">
     <span class='ocr_line' id='line_1_78' title="bbox 2486 3425 4080 3503; baseline 0.011 -27"><span class='ocrx_word' id='word_1_577' title='bbox 2486 3425 2731 3492; x_wconf 90' lang='lat' dir='ltr'><strong>precibus</strong></span> <span class='ocrx_word' id='word_1_578' title='bbox 2778 3440 2840 3480; x_wconf 91' lang='lat' dir='ltr'><strong>ac</strong></span> <span class='ocrx_word' id='word_1_579' title='bbox 2875 3428 3013 3482; x_wconf 84' lang='lat' dir='ltr'><strong>vctis</strong></span> <span class='ocrx_word' id='word_1_580' title='bbox 3059 3437 3299 3485; x_wconf 91' lang='lat' dir='ltr'><strong>retentus</strong></span> <span class='ocrx_word' id='word_1_581' title='bbox 3328 3440 3434 3497; x_wconf 90' lang='lat' dir='ltr'><strong>est,</strong></span> <span class='ocrx_word' id='word_1_582' title='bbox 3463 3436 3751 3503; x_wconf 88' lang='lat' dir='ltr'><strong>quominus</strong></span> <span class='ocrx_word' id='word_1_583' title='bbox 3785 3436 3836 3490; x_wconf 91' lang='lat' dir='ltr'><strong>in</strong></span> <span class='ocrx_word' id='word_1_584' title='bbox 3864 3435 4080 3493; x_wconf 82' lang='lat' dir='ltr'><strong>Italiam</strong></span> 
     </span>
    </p>
   </div>
   <div class='ocr_carea' id='block_1_79' title="bbox 2484 3520 4080 3600">
    <p class='ocr_par' dir='ltr' id='par_1_79' title="bbox 2484 3520 4080 3600">
     <span class='ocr_line' id='line_1_79' title="bbox 2484 3520 4080 3600; baseline 0.012 -31"><span class='ocrx_word' id='word_1_585' title='bbox 2484 3527 2876 3581; x_wconf 86' lang='lat' dir='ltr'><strong>reverteretur;</strong></span> <span class='ocrx_word' id='word_1_586' title='bbox 2910 3534 2972 3574; x_wconf 86' lang='lat' dir='ltr'><strong>ac</strong></span> <span class='ocrx_word' id='word_1_587' title='bbox 3011 3520 3137 3575; x_wconf 84' lang='lat' dir='ltr'><strong>inde</strong></span> <span class='ocrx_word' id='word_1_588' title='bbox 3180 3521 3377 3577; x_wconf 80' lang='lat' dir='ltr'><strong>factum</strong></span> <span class='ocrx_word' id='word_1_589' title='bbox 3422 3535 3477 3579; x_wconf 92' lang='lat' dir='ltr'><strong>ut</strong></span> <span class='ocrx_word' id='word_1_590' title='bbox 3506 3524 3560 3581; x_wconf 89' lang='lat' dir='ltr'><strong>in</strong></span> <span class='ocrx_word' id='word_1_591' title='bbox 3606 3524 3777 3583; x_wconf 85' lang='lat' dir='ltr'><strong>Gallia</strong></span> <span class='ocrx_word' id='word_1_592' title='bbox 3808 3530 4080 3600; x_wconf 83' lang='lat' dir='ltr'><strong>reliquum</strong></span> 
     </span>
    </p>
   </div>
   <div class='ocr_carea' id='block_1_80' title="bbox 2485 3607 3351 3679">
    <p class='ocr_par' dir='ltr' id='par_1_80' title="bbox 2485 3607 3351 3679">
     <span class='ocr_line' id='line_1_80' title="bbox 2485 3607 3351 3679; baseline 0.012 -19"><span class='ocrx_word' id='word_1_593' title='bbox 2485 3607 2606 3661; x_wconf 77' lang='lat' dir='ltr'><strong>vita:</strong></span> <span class='ocrx_word' id='word_1_594' title='bbox 2636 3624 2745 3664; x_wconf 83' lang='lat' dir='ltr'><strong>suae</strong></span> <span class='ocrx_word' id='word_1_595' title='bbox 2773 3613 3002 3679; x_wconf 81' lang='lat' dir='ltr'><strong>spatium</strong></span> <span class='ocrx_word' id='word_1_596' title='bbox 3030 3612 3351 3671; x_wconf 84' lang='lat' dir='ltr'><strong>traduceret.</strong></span> 
     </span>
    </p>
   </div>
   <div class='ocr_carea' id='block_1_81' title="bbox 2557 3702 4085 3782">
    <p class='ocr_par' dir='ltr' id='par_1_81' title="bbox 2557 3702 4085 3782">
     <span class='ocr_line' id='line_1_81' title="bbox 2557 3702 4085 3782; baseline 0.01 -28"><span class='ocrx_word' id='word_1_597' title='bbox 2557 3702 2646 3757; x_wconf 70' lang='lat'><strong>52.</strong></span> <span class='ocrx_word' id='word_1_598' title='bbox 2700 3706 2961 3773; x_wconf 82' lang='lat' dir='ltr'><strong>Quoniam</strong></span> <span class='ocrx_word' id='word_1_599' title='bbox 3023 3722 3155 3762; x_wconf 87' lang='lat' dir='ltr'><strong>vero</strong></span> <span class='ocrx_word' id='word_1_600' title='bbox 3204 3708 3271 3764; x_wconf 90' lang='lat' dir='ltr'><strong>de</strong></span> <span class='ocrx_word' id='word_1_601' title='bbox 3340 3708 3668 3782; x_wconf 77' lang='lat' dir='ltr'><strong>Badcgunde</strong></span> <span class='ocrx_word' id='word_1_602' title='bbox 3727 3711 3930 3769; x_wconf 89' lang='lat' dir='ltr'><strong>mentio</strong></span> <span class='ocrx_word' id='word_1_603' title='bbox 3997 3722 4085 3771; x_wconf 86' lang='lat' dir='ltr'><strong>est</strong></span> 
     </span>
    </p>
   </div>
   <div class='ocr_carea' id='block_1_82' title="bbox 2485 3794 4082 3873">
    <p class='ocr_par' dir='ltr' id='par_1_82' title="bbox 2485 3794 4082 3873">
     <span class='ocr_line' id='line_1_82' title="bbox 2485 3794 4082 3873; baseline 0.009 -24"><span class='ocrx_word' id='word_1_604' title='bbox 2485 3794 2643 3863; x_wconf 79' lang='lat' dir='ltr'><strong>facta,</strong></span> <span class='ocrx_word' id='word_1_605' title='bbox 2668 3799 2821 3867; x_wconf 88' lang='lat' dir='ltr'><strong>cujus</strong></span> <span class='ocrx_word' id='word_1_606' title='bbox 2847 3799 3080 3854; x_wconf 72' lang='lat' dir='ltr'><strong>maxime</strong></span> <span class='ocrx_word' id='word_1_607' title='bbox 3112 3815 3275 3870; x_wconf 76' lang='lat' dir='ltr'><strong>opera</strong></span> <span class='ocrx_word' id='word_1_608' title='bbox 3300 3801 3349 3855; x_wconf 91' lang='lat' dir='ltr'><strong>id</strong></span> <span class='ocrx_word' id='word_1_609' title='bbox 3376 3803 3669 3872; x_wconf 66' lang='lat' dir='ltr'><strong>praestitum</strong></span> <span class='ocrx_word' id='word_1_610' title='bbox 3703 3805 3822 3873; x_wconf 85' lang='lat' dir='ltr'><strong>luit,</strong></span> <span class='ocrx_word' id='word_1_611' title='bbox 3855 3814 3913 3861; x_wconf 93' lang='lat' dir='ltr'><strong>ut</strong></span> <span class='ocrx_word' id='word_1_612' title='bbox 3945 3808 4082 3862; x_wconf 71' lang='lat' dir='ltr'><strong>For-</strong></span> 
     </span>
    </p>
   </div>
   <div class='ocr_carea' id='block_1_83' title="bbox 2487 3892 4085 3967">
    <p class='ocr_par' dir='ltr' id='par_1_83' title="bbox 2487 3892 4085 3967">
     <span class='ocr_line' id='line_1_83' title="bbox 2487 3892 4085 3967; baseline 0.008 -25"><span class='ocrx_word' id='word_1_613' title='bbox 2487 3899 2700 3945; x_wconf 81' lang='lat' dir='ltr'><strong>tunatus</strong></span> <span class='ocrx_word' id='word_1_614' title='bbox 2760 3892 2811 3944; x_wconf 90' lang='lat' dir='ltr'><strong>iu</strong></span> <span class='ocrx_word' id='word_1_615' title='bbox 2862 3892 3031 3946; x_wconf 79' lang='lat' dir='ltr'><strong>Gallia</strong></span> <span class='ocrx_word' id='word_1_616' title='bbox 3080 3906 3404 3958; x_wconf 80' lang='lat' dir='ltr'><strong>remaneret,</strong></span> <span class='ocrx_word' id='word_1_617' title='bbox 3456 3913 3723 3967; x_wconf 72' lang='lat' dir='ltr'><strong>quemque</strong></span> <span class='ocrx_word' id='word_1_618' title='bbox 3773 3899 3865 3954; x_wconf 84' lang='lat' dir='ltr'><strong>illa</strong></span> <span class='ocrx_word' id='word_1_619' title='bbox 3910 3901 4085 3956; x_wconf 87' lang='lat' dir='ltr'><strong>coluit</strong></span> 
     </span>
    </p>
   </div>
   <div class='ocr_carea' id='block_1_84' title="bbox 2486 3986 4083 4053">
    <p class='ocr_par' dir='ltr' id='par_1_84' title="bbox 2486 3986 4083 4053">
     <span class='ocr_line' id='line_1_84' title="bbox 2486 3986 4083 4053; baseline 0.009 -17"><span class='ocrx_word' id='word_1_620' title='bbox 2486 3997 2724 4052; x_wconf 81' lang='lat' dir='ltr'><strong>semper,</strong></span> <span class='ocrx_word' id='word_1_621' title='bbox 2757 3991 2917 4053; x_wconf 83' lang='lat' dir='ltr'><strong>atque</strong></span> <span class='ocrx_word' id='word_1_622' title='bbox 2950 3986 3199 4039; x_wconf 71' lang='lat' dir='ltr'><strong>orntnbns</strong></span> <span class='ocrx_word' id='word_1_623' title='bbox 3234 3988 3568 4042; x_wconf 79' lang='lat' dir='ltr'><strong>liberalitatis</strong></span> <span class='ocrx_word' id='word_1_624' title='bbox 3597 3999 3651 4044; x_wconf 88' lang='lat' dir='ltr'><strong>et</strong></span> <span class='ocrx_word' id='word_1_625' title='bbox 3682 3992 4083 4050; x_wconf 75' lang='lat' dir='ltr'><strong>benevolentia:</strong></span> 
     </span>
    </p>
   </div>
   <div class='ocr_carea' id='block_1_85' title="bbox 2486 4074 4084 4156">
    <p class='ocr_par' dir='ltr' id='par_1_85' title="bbox 2486 4074 4084 4156">
     <span class='ocr_line' id='line_1_85' title="bbox 2486 4074 4084 4156; baseline 0.008 -26"><span class='ocrx_word' id='word_1_626' title='bbox 2486 4074 2678 4130; x_wconf 69' lang='lat' dir='ltr'><strong>officiis</strong></span> <span class='ocrx_word' id='word_1_627' title='bbox 2715 4088 2795 4130; x_wconf 85' lang='lat' dir='ltr'><strong>cst</strong></span> <span class='ocrx_word' id='word_1_628' title='bbox 2827 4089 3125 4146; x_wconf 76' lang='lat' dir='ltr'><strong>prosecuta,</strong></span> <span class='ocrx_word' id='word_1_629' title='bbox 3163 4079 3302 4133; x_wconf 81' lang='lat' dir='ltr'><strong>haud</strong></span> <span class='ocrx_word' id='word_1_630' title='bbox 3353 4081 3455 4135; x_wconf 86' lang='lat' dir='ltr'><strong>erit</strong></span> <span class='ocrx_word' id='word_1_631' title='bbox 3515 4083 3749 4137; x_wconf 73' lang='lat' dir='ltr'><strong>ulicttztm</strong></span> <span class='ocrx_word' id='word_1_632' title='bbox 3808 4085 3879 4140; x_wconf 90' lang='lat' dir='ltr'><strong>de</strong></span> <span class='ocrx_word' id='word_1_633' title='bbox 3930 4087 4084 4156; x_wconf 67' lang='lat' dir='ltr'><strong>regio</strong></span> 
     </span>
    </p>
   </div>
   <div class='ocr_carea' id='block_1_86' title="bbox 2486 4168 4083 4247">
    <p class='ocr_par' dir='ltr' id='par_1_86' title="bbox 2486 4168 4083 4247">
     <span class='ocr_line' id='line_1_86' title="bbox 2486 4168 4083 4247; baseline 0.012 -27"><span class='ocrx_word' id='word_1_634' title='bbox 2486 4168 2601 4239; x_wconf 89' lang='lat' dir='ltr'><strong>ejus</strong></span> <span class='ocrx_word' id='word_1_635' title='bbox 2634 4186 2829 4239; x_wconf 70' lang='lat' dir='ltr'><strong>genere</strong></span> <span class='ocrx_word' id='word_1_636' title='bbox 2862 4185 2922 4225; x_wconf 85' lang='lat' dir='ltr'><strong>ac</strong></span> <span class='ocrx_word' id='word_1_637' title='bbox 2953 4169 3190 4239; x_wconf 75' lang='lat' dir='ltr'><strong>fortuna,</strong></span> <span class='ocrx_word' id='word_1_638' title='bbox 3228 4188 3325 4227; x_wconf 85' lang='lat' dir='ltr'><strong>nec</strong></span> <span class='ocrx_word' id='word_1_639' title='bbox 3354 4191 3458 4228; x_wconf 91' lang='lat' dir='ltr'><strong>non</strong></span> <span class='ocrx_word' id='word_1_640' title='bbox 3504 4177 3572 4231; x_wconf 91' lang='lat' dir='ltr'><strong>de</strong></span> <span class='ocrx_word' id='word_1_641' title='bbox 3615 4178 3828 4247; x_wconf 72' lang='lat' dir='ltr'><strong>egregia</strong></span> <span class='ocrx_word' id='word_1_642' title='bbox 3877 4181 4083 4239; x_wconf 77' lang='lat' dir='ltr'><strong>virtute</strong></span> 
     </span>
    </p>
   </div>
   <div class='ocr_carea' id='block_1_87' title="bbox 2488 4267 4083 4343">
    <p class='ocr_par' dir='ltr' id='par_1_87' title="bbox 2488 4267 4083 4343">
     <span class='ocr_line' id='line_1_87' title="bbox 2488 4267 4083 4343; baseline 0.011 -28"><span class='ocrx_word' id='word_1_643' title='bbox 2488 4278 2549 4315; x_wconf 88' lang='lat' dir='ltr'><strong>ac</strong></span> <span class='ocrx_word' id='word_1_644' title='bbox 2584 4267 2955 4333; x_wconf 76' lang='lat' dir='ltr'><strong>sunetuttouia,</strong></span> <span class='ocrx_word' id='word_1_645' title='bbox 3005 4268 3256 4322; x_wconf 86' lang='lat' dir='ltr'><strong>nonnulla</strong></span> <span class='ocrx_word' id='word_1_646' title='bbox 3290 4269 3490 4336; x_wconf 85' lang='lat' dir='ltr'><strong>dicere,</strong></span> <span class='ocrx_word' id='word_1_647' title='bbox 3515 4273 3765 4343; x_wconf 82' lang='lat' dir='ltr'><strong>cqnibus</strong></span> <span class='ocrx_word' id='word_1_648' title='bbox 3800 4274 3865 4328; x_wconf 85' lang='lat' dir='ltr'><strong>ad</strong></span> <span class='ocrx_word' id='word_1_649' title='bbox 3903 4275 4083 4332; x_wconf 76' lang='lat' dir='ltr'><strong>Vitam</strong></span> 
     </span>
    </p>
   </div>
   <div class='ocr_carea' id='block_1_88' title="bbox 2489 4355 4086 4441">
    <p class='ocr_par' dir='ltr' id='par_1_88' title="bbox 2489 4355 4086 4441">
     <span class='ocr_line' id='line_1_88' title="bbox 2489 4355 4086 4441; baseline 0.01 -31"><span class='ocrx_word' id='word_1_650' title='bbox 2489 4355 2766 4412; x_wconf 75' lang='lat' dir='ltr'><strong>Fortunati</strong></span> <span class='ocrx_word' id='word_1_651' title='bbox 2790 4373 2841 4413; x_wconf 90' lang='lat' dir='ltr'><strong>et</strong></span> <span class='ocrx_word' id='word_1_652' title='bbox 2870 4366 3119 4429; x_wconf 67' lang='lat' dir='ltr'><strong>pic-raque</strong></span> <span class='ocrx_word' id='word_1_653' title='bbox 3165 4380 3280 4431; x_wconf 70' lang='lat' dir='ltr'><strong>ejus</strong></span> <span class='ocrx_word' id='word_1_654' title='bbox 3317 4376 3558 4434; x_wconf 86' lang='lat' dir='ltr'><strong>poemata</strong></span> <span class='ocrx_word' id='word_1_655' title='bbox 3592 4368 3909 4423; x_wconf 81' lang='lat' dir='ltr'><strong>illustranda</strong></span> <span class='ocrx_word' id='word_1_656' title='bbox 3967 4373 4086 4441; x_wconf 86' lang='lat' dir='ltr'><strong>plu-</strong></span> 
     </span>
    </p>
   </div>
   <div class='ocr_carea' id='block_1_89' title="bbox 2489 4450 4084 4533">
    <p class='ocr_par' dir='ltr' id='par_1_89' title="bbox 2489 4450 4084 4533">
     <span class='ocr_line' id='line_1_89' title="bbox 2489 4450 4084 4533; baseline 0.011 -30"><span class='ocrx_word' id='word_1_657' title='bbox 2489 4450 2681 4503; x_wconf 81' lang='lat' dir='ltr'><strong>rimum</strong></span> <span class='ocrx_word' id='word_1_658' title='bbox 2729 4450 2861 4505; x_wconf 84' lang='lat' dir='ltr'><strong>lucis</strong></span> <span class='ocrx_word' id='word_1_659' title='bbox 2921 4452 3043 4507; x_wconf 88' lang='lat' dir='ltr'><strong>addi</strong></span> <span class='ocrx_word' id='word_1_660' title='bbox 3097 4455 3282 4522; x_wconf 76' lang='lat' dir='ltr'><strong>pUSsit.</strong></span> <span class='ocrx_word' id='word_1_661' title='bbox 3332 4456 3455 4510; x_wconf 86' lang='lat' dir='ltr'><strong>Fuit</strong></span> <span class='ocrx_word' id='word_1_662' title='bbox 3506 4457 3686 4527; x_wconf 84' lang='lat' dir='ltr'><strong>itaque</strong></span> <span class='ocrx_word' id='word_1_663' title='bbox 3733 4460 4084 4533; x_wconf 76' lang='lat' dir='ltr'><strong>liadeguudis</strong></span> 
     </span>
    </p>
   </div>
   <div class='ocr_carea' id='block_1_90' title="bbox 2492 4545 4085 4623">
    <p class='ocr_par' dir='ltr' id='par_1_90' title="bbox 2492 4545 4085 4623">
     <span class='ocr_line' id='line_1_90' title="bbox 2492 4545 4085 4623; baseline 0.01 -25"><span class='ocrx_word' id='word_1_664' title='bbox 2492 4545 2776 4611; x_wconf 70' lang='lat' dir='ltr'><strong>llei-tliarii,</strong></span> <span class='ocrx_word' id='word_1_665' title='bbox 2807 4548 2945 4615; x_wconf 78' lang='lat' dir='ltr'><strong>regis</strong></span> <span class='ocrx_word' id='word_1_666' title='bbox 2972 4546 3389 4618; x_wconf 75' lang='lat' dir='ltr'><strong>Tliuringorum,</strong></span> <span class='ocrx_word' id='word_1_667' title='bbox 3421 4552 3551 4618; x_wconf 84' lang='lat' dir='ltr'><strong>lilia,</strong></span> <span class='ocrx_word' id='word_1_668' title='bbox 3595 4568 3753 4623; x_wconf 83' lang='lat' dir='ltr'><strong>quem</strong></span> <span class='ocrx_word' id='word_1_669' title='bbox 3786 4569 3909 4608; x_wconf 86' lang='lat' dir='ltr'><strong>cum</strong></span> <span class='ocrx_word' id='word_1_670' title='bbox 3949 4558 4085 4614; x_wconf 80' lang='lat' dir='ltr'><strong>Uer-</strong></span> 
     </span>
    </p>
   </div>
   <div class='ocr_carea' id='block_1_91' title="bbox 802 4617 4079 4722">
    <p class='ocr_par' dir='ltr' id='par_1_91' title="bbox 802 4617 4079 4722">
     <span class='ocr_line' id='line_1_91' title="bbox 802 4617 4079 4722; baseline 0.012 -52"><span class='ocrx_word' id='word_1_671' title='bbox 802 4631 908 4672; x_wconf 88' lang='lat' dir='ltr'><strong>non</strong></span> <span class='ocrx_word' id='word_1_672' title='bbox 940 4617 1111 4670; x_wconf 91' lang='lat' dir='ltr'><strong>solum</strong></span> <span class='ocrx_word' id='word_1_673' title='bbox 1146 4629 1204 4671; x_wconf 91' lang='lat' dir='ltr'><strong>se</strong></span> <span class='ocrx_word' id='word_1_674' title='bbox 1230 4631 1349 4670; x_wconf 92' lang='lat' dir='ltr'><strong>cum</strong></span> <span class='ocrx_word' id='word_1_675' title='bbox 1384 4617 1475 4672; x_wconf 91' lang='lat' dir='ltr'><strong>illo</strong></span> <span class='ocrx_word' id='word_1_676' title='bbox 1507 4618 1701 4674; x_wconf 70' lang='lat' dir='ltr'><strong>vixisse</strong></span> <span class='ocrx_word' id='word_1_677' title='bbox 1731 4636 1838 4687; x_wconf 74' lang='lat' dir='ltr'><strong>pra:</strong></span> <span class='ocrx_word' id='word_1_678' title='bbox 1859 4636 1916 4676; x_wconf 89' lang='lat' dir='ltr'><strong>se</strong></span> <span class='ocrx_word' id='word_1_679' title='bbox 1946 4624 2068 4689; x_wconf 89' lang='lat' dir='ltr'><strong>l&#39;ert,</strong></span> <span class='ocrx_word' id='word_1_680' title='bbox 2098 4627 2190 4680; x_wconf 83' lang='lat' dir='ltr'><strong>sed</strong></span> <span class='ocrx_word' id='word_1_681' title='bbox 2220 4627 2385 4683; x_wconf 87' lang='lat' dir='ltr'><strong>etiam</strong></span> <span class='ocrx_word' id='word_1_682' title='bbox 2411 4651 2465 4713; x_wconf 67' lang='grc' dir='ltr'>ι)</span> <span class='ocrx_word' id='word_1_683' title='bbox 2493 4638 2840 4704; x_wconf 73' lang='lat' dir='ltr'><strong>meneliidns,</strong></span> <span class='ocrx_word' id='word_1_684' title='bbox 2874 4654 3161 4709; x_wconf 77' lang='lat' dir='ltr'><strong>germanus</strong></span> <span class='ocrx_word' id='word_1_685' title='bbox 3195 4644 3435 4712; x_wconf 84' lang='lat' dir='ltr'><strong>ejusdem</strong></span> <span class='ocrx_word' id='word_1_686' title='bbox 3465 4647 3647 4715; x_wconf 57' lang='lat' dir='ltr'><strong>frater,</strong></span> <span class='ocrx_word' id='word_1_687' title='bbox 3694 4662 4079 4722; x_wconf 66' lang='lat' dir='ltr'><strong>oppressisset,</strong></span> 
     </span>
    </p>
   </div>
   <div class='ocr_carea' id='block_1_92' title="bbox 800 4710 2388 4783">
    <p class='ocr_par' dir='ltr' id='par_1_92' title="bbox 800 4710 2388 4783">
     <span class='ocr_line' id='line_1_92' title="bbox 800 4710 2388 4783; baseline 0.01 -19"><span class='ocrx_word' id='word_1_688' title='bbox 800 4712 869 4766; x_wconf 91' lang='lat' dir='ltr'><strong>ab</strong></span> <span class='ocrx_word' id='word_1_689' title='bbox 896 4712 1099 4779; x_wconf 92' lang='lat' dir='ltr'><strong>optimo</strong></span> <span class='ocrx_word' id='word_1_690' title='bbox 1127 4710 1369 4780; x_wconf 89' lang='lat' dir='ltr'><strong>ejusdem</strong></span> <span class='ocrx_word' id='word_1_691' title='bbox 1417 4723 1638 4781; x_wconf 88' lang='lat' dir='ltr'><strong>parente</strong></span> <span class='ocrx_word' id='word_1_692' title='bbox 1681 4715 1927 4783; x_wconf 88' lang='lat' dir='ltr'><strong>doctum,</strong></span> <span class='ocrx_word' id='word_1_693' title='bbox 1981 4718 2281 4777; x_wconf 86' lang='lat' dir='ltr'><strong>institutum</strong></span> <span class='ocrx_word' id='word_1_694' title='bbox 2324 4735 2388 4779; x_wconf 84' lang='lat' dir='ltr'><strong>ac</strong></span> 
     </span>
    </p>
   </div>
   <div class='ocr_carea' id='block_1_93' title="bbox 803 4804 1997 4874">
    <p class='ocr_par' dir='ltr' id='par_1_93' title="bbox 803 4804 1997 4874">
     <span class='ocr_line' id='line_1_93' title="bbox 803 4804 1997 4874; baseline 0.007 -17"><span class='ocrx_word' id='word_1_695' title='bbox 803 4815 1017 4874; x_wconf 86' lang='lat' dir='ltr'><strong>pastum</strong></span> <span class='ocrx_word' id='word_1_696' title='bbox 1052 4804 1239 4871; x_wconf 76' lang='lat' dir='ltr'><strong>l‘uis~e,</strong></span> <span class='ocrx_word' id='word_1_697' title='bbox 1274 4812 1498 4859; x_wconf 87' lang='lat' dir='ltr'><strong>testatur</strong></span> <span class='ocrx_word' id='word_1_698' title='bbox 1528 4804 1675 4862; x_wconf 82' lang='lat' dir='ltr'><strong>ltisce</strong></span> <span class='ocrx_word' id='word_1_699' title='bbox 1704 4810 1948 4865; x_wconf 86' lang='lat' dir='ltr'><strong>versibus</strong></span> <span class='ocrx_word' id='word_1_700' title='bbox 1984 4830 1997 4864; x_wconf 89' lang='lat'><strong>:</strong></span> 
     </span>
    </p>
   </div>
   <div class='ocr_carea' id='block_1_94' title="bbox 928 4915 2140 4989">
    <p class='ocr_par' dir='ltr' id='par_1_94' title="bbox 928 4915 2140 4989">
     <span class='ocr_line' id='line_1_94' title="bbox 928 4915 2140 4989; baseline 0.01 -27"><span class='ocrx_word' id='word_1_701' title='bbox 928 4915 1047 4989; x_wconf 48' lang='lat' dir='ltr'><strong>Cn&#39;m</strong></span> <span class='ocrx_word' id='word_1_702' title='bbox 1068 4929 1176 4989; x_wconf 77' lang='lat' dir='ltr'><strong>mea</strong></span> <span class='ocrx_word' id='word_1_703' title='bbox 1203 4922 1334 4989; x_wconf 85' lang='lat' dir='ltr'><strong>terra</strong></span> <span class='ocrx_word' id='word_1_704' title='bbox 1347 4928 1502 4989; x_wconf 32' lang='lat' dir='ltr'><strong>.manu</strong></span> <span class='ocrx_word' id='word_1_705' title='bbox 1530 4919 1712 4989; x_wconf 80' lang='lat' dir='ltr'><strong>meruit</strong></span> <span class='ocrx_word' id='word_1_706' title='bbox 1729 4922 1972 4989; x_wconf 79' lang='lat' dir='ltr'><strong>genitoris</strong></span> <span class='ocrx_word' id='word_1_707' title='bbox 1993 4926 2140 4989; x_wconf 85' lang='lat' dir='ltr'><strong>arari,</strong></span> 
     </span>
    </p>
   </div>
   <div class='ocr_carea' id='block_1_95' title="bbox 990 4978 1860 5032">
    <p class='ocr_par' dir='ltr' id='par_1_95' title="bbox 990 4978 1860 5032">
     <span class='ocr_line' id='line_1_95' title="bbox 990 4978 1860 5032; baseline 0.008 -7"><span class='ocrx_word' id='word_1_708' title='bbox 990 4978 1237 5027; x_wconf 65' lang='lat' dir='ltr'><strong>Reddatur</strong></span> <span class='ocrx_word' id='word_1_709' title='bbox 1261 4982 1357 5027; x_wconf 62' lang='lat' dir='ltr'><strong>nuti</strong></span> <span class='ocrx_word' id='word_1_710' title='bbox 1386 4993 1585 5029; x_wconf 78' lang='lat' dir='ltr'><strong>vomere</strong></span> <span class='ocrx_word' id='word_1_711' title='bbox 1617 4978 1756 5030; x_wconf 52' lang='lat' dir='ltr'><strong>culta&#39;</strong></span> <span class='ocrx_word' id='word_1_712' title='bbox 1769 4986 1860 5032; x_wconf 80' lang='lat' dir='ltr'><strong>sui.</strong></span> 
     </span>
    </p>
   </div>
   <div class='ocr_carea' id='block_1_96' title="bbox 928 5040 2097 5111">
    <p class='ocr_par' dir='ltr' id='par_1_96' title="bbox 928 5040 2097 5111">
     <span class='ocr_line' id='line_1_96' title="bbox 928 5040 2097 5111; baseline 0.006 -21"><span class='ocrx_word' id='word_1_713' title='bbox 928 5040 1047 5111; x_wconf 72' lang='lat' dir='ltr'><strong>Nam</strong></span> <span class='ocrx_word' id='word_1_714' title='bbox 1076 5050 1231 5111; x_wconf 77' lang='lat' dir='ltr'><strong>pater,</strong></span> <span class='ocrx_word' id='word_1_715' title='bbox 1251 5040 1428 5090; x_wconf 66' lang='lat' dir='ltr'><strong>allecto</strong></span> <span class='ocrx_word' id='word_1_716' title='bbox 1447 5042 1596 5111; x_wconf 80' lang='lat' dir='ltr'><strong>dulci,</strong></span> <span class='ocrx_word' id='word_1_717' title='bbox 1618 5044 1951 5111; x_wconf 53' lang='lat' dir='ltr'><strong>memorabile</strong></span> <span class='ocrx_word' id='word_1_718' title='bbox 1969 5046 2097 5111; x_wconf 89' lang='lat' dir='ltr'><strong>orbi,</strong></span> 
     </span>
    </p>
   </div>
   <div class='ocr_carea' id='block_1_97' title="bbox 996 5105 1953 5158">
    <p class='ocr_par' dir='ltr' id='par_1_97' title="bbox 996 5105 1953 5158">
     <span class='ocr_line' id='line_1_97' title="bbox 996 5105 1953 5158; baseline 0.006 -9"><span class='ocrx_word' id='word_1_719' title='bbox 996 5105 1072 5152; x_wconf 81' lang='lat' dir='ltr'><strong>Me</strong></span> <span class='ocrx_word' id='word_1_720' title='bbox 1098 5105 1340 5151; x_wconf 71' lang='lat' dir='ltr'><strong>vobiscum</strong></span> <span class='ocrx_word' id='word_1_721' title='bbox 1368 5118 1464 5153; x_wconf 91' lang='lat' dir='ltr'><strong>uno</strong></span> <span class='ocrx_word' id='word_1_722' title='bbox 1486 5106 1596 5153; x_wconf 84' lang='lat' dir='ltr'><strong>l&#39;ovit</strong></span> <span class='ocrx_word' id='word_1_723' title='bbox 1623 5118 1787 5155; x_wconf 82' lang='lat' dir='ltr'><strong>amore</strong></span> <span class='ocrx_word' id='word_1_724' title='bbox 1813 5110 1953 5158; x_wconf 73' lang='lat' dir='ltr'><strong>(lous.</strong></span> 
     </span>
    </p>
   </div>
   <div class='ocr_carea' id='block_1_98' title="bbox 928 5164 2234 5237">
    <p class='ocr_par' dir='ltr' id='par_1_98' title="bbox 928 5164 2234 5237">
     <span class='ocr_line' id='line_1_98' title="bbox 928 5164 2234 5237; baseline 0.015 -30"><span class='ocrx_word' id='word_1_725' title='bbox 928 5164 1083 5237; x_wconf 64' lang='lat' dir='ltr'><strong>Corde</strong></span> <span class='ocrx_word' id='word_1_726' title='bbox 1114 5179 1304 5237; x_wconf 67' lang='lat' dir='ltr'><strong>parens,</strong></span> <span class='ocrx_word' id='word_1_727' title='bbox 1331 5178 1467 5237; x_wconf 20' lang='lat' dir='ltr'><strong>pA-s&#39;tu</strong></span> <span class='ocrx_word' id='word_1_728' title='bbox 1488 5171 1672 5237; x_wconf 77' lang='lat' dir='ltr'><strong>nutrix,</strong></span> <span class='ocrx_word' id='word_1_729' title='bbox 1695 5170 1856 5237; x_wconf 77' lang='lat' dir='ltr'><strong>bonus</strong></span> <span class='ocrx_word' id='word_1_730' title='bbox 1868 5182 1955 5237; x_wconf 69' lang='lat' dir='ltr'><strong>ore</strong></span> <span class='ocrx_word' id='word_1_731' title='bbox 1978 5175 2234 5237; x_wconf 76' lang='lat' dir='ltr'><strong>magister,</strong></span> 
     </span>
    </p>
   </div>
   <div class='ocr_carea' id='block_1_99' title="bbox 994 5225 1983 5289">
    <p class='ocr_par' dir='ltr' id='par_1_99' title="bbox 994 5225 1983 5289">
     <span class='ocr_line' id='line_1_99' title="bbox 994 5225 1983 5289; baseline 0.008 -14"><span class='ocrx_word' id='word_1_732' title='bbox 994 5225 1199 5284; x_wconf 75' lang='lat' dir='ltr'><strong>Dilerit,</strong></span> <span class='ocrx_word' id='word_1_733' title='bbox 1227 5225 1396 5286; x_wconf 78' lang='lat' dir='ltr'><strong>coluit,</strong></span> <span class='ocrx_word' id='word_1_734' title='bbox 1423 5231 1573 5289; x_wconf 73' lang='lat' dir='ltr'><strong>rexit,</strong></span> <span class='ocrx_word' id='word_1_735' title='bbox 1603 5225 1809 5281; x_wconf 80' lang='lat' dir='ltr'><strong>honesta</strong></span> <span class='ocrx_word' id='word_1_736' title='bbox 1829 5232 1983 5283; x_wconf 87' lang='lat' dir='ltr'><strong>dedit.</strong></span> 
     </span>
    </p>
   </div>
   <div class='ocr_carea' id='block_1_100' title="bbox 931 5288 1893 5351">
    <p class='ocr_par' dir='ltr' id='par_1_100' title="bbox 931 5288 1893 5351">
     <span class='ocr_line' id='line_1_100' title="bbox 931 5288 1893 5351; baseline 0.008 -14"><span class='ocrx_word' id='word_1_737' title='bbox 931 5288 1018 5337; x_wconf 77' lang='lat' dir='ltr'><strong>ille</strong></span> <span class='ocrx_word' id='word_1_738' title='bbox 1042 5292 1121 5347; x_wconf 77' lang='lat' dir='ltr'><strong>pio</strong></span> <span class='ocrx_word' id='word_1_739' title='bbox 1137 5293 1294 5338; x_wconf 79' lang='lat' dir='ltr'><strong>stu-tio</strong></span> <span class='ocrx_word' id='word_1_740' title='bbox 1316 5289 1496 5339; x_wconf 85' lang='lat' dir='ltr'><strong>sulcata</strong></span> <span class='ocrx_word' id='word_1_741' title='bbox 1522 5288 1709 5341; x_wconf 75' lang='lat' dir='ltr'><strong>novalia</strong></span> <span class='ocrx_word' id='word_1_742' title='bbox 1734 5296 1893 5351; x_wconf 86' lang='lat' dir='ltr'><strong>sevit;</strong></span> 
     </span>
    </p>
   </div>
   <div class='ocr_carea' id='block_1_101' title="bbox 994 5352 2089 5417">
    <p class='ocr_par' dir='ltr' id='par_1_101' title="bbox 994 5352 2089 5417">
     <span class='ocr_line' id='line_1_101' title="bbox 994 5352 2089 5417; baseline 0.013 -20"><span class='ocrx_word' id='word_1_743' title='bbox 994 5352 1129 5410; x_wconf 80' lang='lat' dir='ltr'><strong>Quod</strong></span> <span class='ocrx_word' id='word_1_744' title='bbox 1156 5353 1302 5401; x_wconf 78' lang='lat' dir='ltr'><strong>Pater</strong></span> <span class='ocrx_word' id='word_1_745' title='bbox 1327 5355 1516 5417; x_wconf 73' lang='lat' dir='ltr'><strong>alludit,</strong></span> <span class='ocrx_word' id='word_1_746' title='bbox 1541 5356 1632 5405; x_wconf 81' lang='lat' dir='ltr'><strong>hoc</strong></span> <span class='ocrx_word' id='word_1_747' title='bbox 1655 5357 1775 5405; x_wconf 86' lang='lat' dir='ltr'><strong>mihi</strong></span> <span class='ocrx_word' id='word_1_748' title='bbox 1797 5369 1971 5409; x_wconf 58' lang='lat' dir='ltr'><strong>srmen</strong></span> <span class='ocrx_word' id='word_1_749' title='bbox 1991 5357 2089 5411; x_wconf 85' lang='lat' dir='ltr'><strong>ale.</strong></span> 
     </span>
    </p>
   </div>
   <div class='ocr_carea' id='block_1_102' title="bbox 812 5457 2392 5532">
    <p class='ocr_par' dir='ltr' id='par_1_102' title="bbox 812 5457 2392 5532">
     <span class='ocr_line' id='line_1_102' title="bbox 812 5457 2392 5532; baseline 0.01 -20"><span class='ocrx_word' id='word_1_750' title='bbox 812 5457 923 5513; x_wconf 89' lang='lat' dir='ltr'><strong>lloc</strong></span> <span class='ocrx_word' id='word_1_751' title='bbox 969 5458 1149 5528; x_wconf 88' lang='lat' dir='ltr'><strong>itaque</strong></span> <span class='ocrx_word' id='word_1_752' title='bbox 1193 5462 1425 5532; x_wconf 83' lang='lat' dir='ltr'><strong>hospitio</strong></span> <span class='ocrx_word' id='word_1_753' title='bbox 1472 5478 1625 5517; x_wconf 88' lang='lat' dir='ltr'><strong>usum</strong></span> <span class='ocrx_word' id='word_1_754' title='bbox 1678 5465 1998 5522; x_wconf 85' lang='lat' dir='ltr'><strong>crediderim</strong></span> <span class='ocrx_word' id='word_1_755' title='bbox 2040 5466 2392 5529; x_wconf 88' lang='lat' dir='ltr'><strong>Fortunatum</strong></span> 
     </span>
    </p>
   </div>
   <div class='ocr_carea' id='block_1_103' title="bbox 812 5553 2397 5634">
    <p class='ocr_par' dir='ltr' id='par_1_103' title="bbox 812 5553 2397 5634">
     <span class='ocr_line' id='line_1_103' title="bbox 812 5553 2397 5634; baseline 0.012 -32"><span class='ocrx_word' id='word_1_756' title='bbox 812 5560 1094 5618; x_wconf 70' lang='lat' dir='ltr'><strong>antequam</strong></span> <span class='ocrx_word' id='word_1_757' title='bbox 1132 5553 1441 5623; x_wconf 73' lang='lat' dir='ltr'><strong>ttatlegumli</strong></span> <span class='ocrx_word' id='word_1_758' title='bbox 1480 5557 1497 5627; x_wconf 89' lang='lat'>(</span> <span class='ocrx_word' id='word_1_759' title='bbox 1513 5556 1580 5610; x_wconf 85' lang='lat' dir='ltr'><strong>de</strong></span> <span class='ocrx_word' id='word_1_760' title='bbox 1622 5572 1722 5625; x_wconf 85' lang='lat' dir='ltr'><strong>qua</strong></span> <span class='ocrx_word' id='word_1_761' title='bbox 1772 5573 1896 5614; x_wconf 83' lang='lat' dir='ltr'><strong>mox</strong></span> <span class='ocrx_word' id='word_1_762' title='bbox 1939 5561 2044 5616; x_wconf 89' lang='lat' dir='ltr'><strong>erit</strong></span> <span class='ocrx_word' id='word_1_763' title='bbox 2072 5564 2292 5634; x_wconf 88' lang='lat' dir='ltr'><strong>sermo)</strong></span> <span class='ocrx_word' id='word_1_764' title='bbox 2340 5575 2397 5621; x_wconf 89' lang='lat' dir='ltr'><strong>et</strong></span> 
     </span>
    </p>
   </div>
   <div class='ocr_carea' id='block_1_104' title="bbox 812 5642 2394 5731">
    <p class='ocr_par' dir='ltr' id='par_1_104' title="bbox 812 5642 2394 5731">
     <span class='ocr_line' id='line_1_104' title="bbox 812 5642 2394 5731; baseline 0.011 -35"><span class='ocrx_word' id='word_1_765' title='bbox 812 5642 929 5711; x_wconf 81' lang='lat' dir='ltr'><strong>ejus</strong></span> <span class='ocrx_word' id='word_1_766' title='bbox 979 5644 1203 5711; x_wconf 63' lang='lat' dir='ltr'><strong>negotiis</strong></span> <span class='ocrx_word' id='word_1_767' title='bbox 1252 5648 1601 5704; x_wconf 78' lang='lat' dir='ltr'><strong>conﬁciendis</strong></span> <span class='ocrx_word' id='word_1_768' title='bbox 1655 5667 1715 5707; x_wconf 88' lang='lat' dir='ltr'><strong>se</strong></span> <span class='ocrx_word' id='word_1_769' title='bbox 1773 5654 1988 5721; x_wconf 77' lang='lat' dir='ltr'><strong>penitus</strong></span> <span class='ocrx_word' id='word_1_770' title='bbox 2031 5657 2201 5723; x_wconf 88' lang='lat' dir='ltr'><strong>daret,</strong></span> <span class='ocrx_word' id='word_1_771' title='bbox 2235 5673 2394 5731; x_wconf 86' lang='lat' dir='ltr'><strong>aqua</strong></span> 
     </span>
    </p>
   </div>
   <div class='ocr_carea' id='block_1_105' title="bbox 811 5735 1924 5804">
    <p class='ocr_par' dir='ltr' id='par_1_105' title="bbox 811 5735 1924 5804">
     <span class='ocr_line' id='line_1_105' title="bbox 811 5735 1924 5804; baseline 0.012 -15"><span class='ocrx_word' id='word_1_772' title='bbox 811 5735 1003 5790; x_wconf 65' lang='lat' dir='ltr'><strong>deinde</strong></span> <span class='ocrx_word' id='word_1_773' title='bbox 1030 5738 1165 5793; x_wconf 85' lang='lat' dir='ltr'><strong>haud</strong></span> <span class='ocrx_word' id='word_1_774' title='bbox 1195 5740 1395 5796; x_wconf 73' lang='lat' dir='ltr'><strong>diutius</strong></span> <span class='ocrx_word' id='word_1_775' title='bbox 1430 5748 1633 5798; x_wconf 69' lang='lat' dir='ltr'><strong>videtur</strong></span> <span class='ocrx_word' id='word_1_776' title='bbox 1662 5745 1924 5804; x_wconf 82' lang='lat' dir='ltr'><strong>abfuisse.</strong></span> 
     </span>
    </p>
   </div>
   <div class='ocr_carea' id='block_1_106' title="bbox 884 5829 2396 5914">
    <p class='ocr_par' dir='ltr' id='par_1_106' title="bbox 884 5829 2396 5914">
     <span class='ocr_line' id='line_1_106' title="bbox 884 5829 2396 5914; baseline 0.015 -31"><span class='ocrx_word' id='word_1_777' title='bbox 884 5829 973 5883; x_wconf 70' lang='lat'><strong>50.</strong></span> <span class='ocrx_word' id='word_1_778' title='bbox 1007 5830 1136 5888; x_wconf 91' lang='lat' dir='ltr'><strong>Illud</strong></span> <span class='ocrx_word' id='word_1_779' title='bbox 1173 5850 1297 5891; x_wconf 87' lang='lat' dir='ltr'><strong>vero</strong></span> <span class='ocrx_word' id='word_1_780' title='bbox 1331 5836 1431 5893; x_wconf 88' lang='lat' dir='ltr'><strong>hoc</strong></span> <span class='ocrx_word' id='word_1_781' title='bbox 1462 5838 1561 5894; x_wconf 85' lang='lat' dir='ltr'><strong>loci</strong></span> <span class='ocrx_word' id='word_1_782' title='bbox 1587 5841 1753 5909; x_wconf 72' lang='lat' dir='ltr'><strong>quaeri</strong></span> <span class='ocrx_word' id='word_1_783' title='bbox 1785 5843 1948 5909; x_wconf 90' lang='lat' dir='ltr'><strong>solet,</strong></span> <span class='ocrx_word' id='word_1_784' title='bbox 1976 5846 2296 5914; x_wconf 86' lang='lat' dir='ltr'><strong>quibusnam</strong></span> <span class='ocrx_word' id='word_1_785' title='bbox 2328 5848 2396 5905; x_wconf 82' lang='lat' dir='ltr'><strong>de</strong></span> 
     </span>
    </p>
   </div>
   <div class='ocr_carea' id='block_1_107' title="bbox 808 5922 2392 6004">
    <p class='ocr_par' dir='ltr' id='par_1_107' title="bbox 808 5922 2392 6004">
     <span class='ocr_line' id='line_1_107' title="bbox 808 5922 2392 6004; baseline 0.016 -30"><span class='ocrx_word' id='word_1_786' title='bbox 808 5922 989 5977; x_wconf 89' lang='lat' dir='ltr'><strong>causis</strong></span> <span class='ocrx_word' id='word_1_787' title='bbox 1018 5923 1362 5997; x_wconf 84' lang='lat' dir='ltr'><strong>Fortunatus,</strong></span> <span class='ocrx_word' id='word_1_788' title='bbox 1394 5940 1740 6004; x_wconf 87' lang='lat' dir='ltr'><strong>posteaquam</strong></span> <span class='ocrx_word' id='word_1_789' title='bbox 1771 5944 1951 5993; x_wconf 90' lang='lat' dir='ltr'><strong>votum</strong></span> <span class='ocrx_word' id='word_1_790' title='bbox 1976 5953 2131 5995; x_wconf 87' lang='lat' dir='ltr'><strong>suum</strong></span> <span class='ocrx_word' id='word_1_791' title='bbox 2158 5940 2392 6000; x_wconf 86' lang='lat' dir='ltr'><strong>Turonis</strong></span> 
     </span>
    </p>
   </div>
   <div class='ocr_carea' id='block_1_108' title="bbox 2493 4730 4084 4812">
    <p class='ocr_par' dir='ltr' id='par_1_108' title="bbox 2493 4730 4084 4812">
     <span class='ocr_line' id='line_1_108' title="bbox 2493 4730 4084 4812; baseline 0.013 -28"><span class='ocrx_word' id='word_1_792' title='bbox 2493 4730 2861 4802; x_wconf 77' lang='lat' dir='ltr'><strong>Radegundis,</strong></span> <span class='ocrx_word' id='word_1_793' title='bbox 2894 4736 3071 4790; x_wconf 86' lang='lat' dir='ltr'><strong>adhuc</strong></span> <span class='ocrx_word' id='word_1_794' title='bbox 3106 4738 3301 4807; x_wconf 79' lang='lat' dir='ltr'><strong>puella,</strong></span> <span class='ocrx_word' id='word_1_795' title='bbox 3333 4750 3486 4809; x_wconf 86' lang='lat' dir='ltr'><strong>patre</strong></span> <span class='ocrx_word' id='word_1_796' title='bbox 3513 4744 3666 4811; x_wconf 86' lang='lat' dir='ltr'><strong>orba,</strong></span> <span class='ocrx_word' id='word_1_797' title='bbox 3703 4748 3875 4812; x_wconf 85' lang='lat' dir='ltr'><strong>patrui</strong></span> <span class='ocrx_word' id='word_1_798' title='bbox 3909 4748 3964 4803; x_wconf 87' lang='lat' dir='ltr'><strong>iti</strong></span> <span class='ocrx_word' id='word_1_799' title='bbox 4001 4758 4084 4805; x_wconf 85' lang='grc' dir='ltr'>ιιι-</span> 
     </span>
    </p>
   </div>
   <div class='ocr_carea' id='block_1_109' title="bbox 2494 4824 4083 4913">
    <p class='ocr_par' dir='ltr' id='par_1_109' title="bbox 2494 4824 4083 4913">
     <span class='ocr_line' id='line_1_109' title="bbox 2494 4824 4083 4913; baseline 0.013 -36"><span class='ocrx_word' id='word_1_800' title='bbox 2494 4824 2601 4878; x_wconf 86' lang='lat' dir='ltr'><strong>tela</strong></span> <span class='ocrx_word' id='word_1_801' title='bbox 2635 4825 2817 4880; x_wconf 85' lang='lat' dir='ltr'><strong>relicta</strong></span> <span class='ocrx_word' id='word_1_802' title='bbox 2849 4834 2933 4881; x_wconf 89' lang='lat' dir='ltr'><strong>est</strong></span> <span class='ocrx_word' id='word_1_803' title='bbox 2962 4825 3143 4899; x_wconf 85' lang='lat' dir='ltr'><strong>(Greg.</strong></span> <span class='ocrx_word' id='word_1_804' title='bbox 3177 4827 3371 4886; x_wconf 88' lang='lat' dir='ltr'><strong>Turon.</strong></span> <span class='ocrx_word' id='word_1_805' title='bbox 3406 4848 3463 4888; x_wconf 87' lang='grc' dir='ltr'><strong>ιιι</strong></span> <span class='ocrx_word' id='word_1_806' title='bbox 3488 4833 3632 4889; x_wconf 75' lang='lat' dir='ltr'><strong>Hist.</strong></span> <span class='ocrx_word' id='word_1_807' title='bbox 3666 4833 3889 4906; x_wconf 59' lang='lat' dir='ltr'><strong>Frena,</strong></span> <span class='ocrx_word' id='word_1_808' title='bbox 3921 4856 3967 4895; x_wconf 89' lang='lat' dir='ltr'><strong>c.</strong></span> <span class='ocrx_word' id='word_1_809' title='bbox 4004 4840 4083 4913; x_wconf 22' lang='lat' dir='ltr'><strong>At).</strong></span> 
     </span>
    </p>
   </div>
   <div class='ocr_carea' id='block_1_110' title="bbox 2494 4915 4085 5004">
    <p class='ocr_par' dir='ltr' id='par_1_110' title="bbox 2494 4915 4085 5004">
     <span class='ocr_line' id='line_1_110' title="bbox 2494 4915 4085 5004; baseline 0.013 -33"><span class='ocrx_word' id='word_1_810' title='bbox 2494 4915 2684 4973; x_wconf 80' lang='lat' dir='ltr'><strong>Pastea</strong></span> <span class='ocrx_word' id='word_1_811' title='bbox 2716 4933 2847 4975; x_wconf 89' lang='lat' dir='ltr'><strong>vero</strong></span> <span class='ocrx_word' id='word_1_812' title='bbox 2879 4918 3293 4978; x_wconf 81' lang='lat' dir='ltr'><strong>Hermenel’rido</strong></span> <span class='ocrx_word' id='word_1_813' title='bbox 3345 4927 3460 4996; x_wconf 88' lang='lat' dir='ltr'><strong>ipso</strong></span> <span class='ocrx_word' id='word_1_814' title='bbox 3514 4942 3541 4981; x_wconf 90' lang='lat' dir='ltr'><strong>a</strong></span> <span class='ocrx_word' id='word_1_815' title='bbox 3573 4927 3906 4986; x_wconf 85' lang='lat' dir='ltr'><strong>Francorqu</strong></span> <span class='ocrx_word' id='word_1_816' title='bbox 3940 4937 4085 5004; x_wconf 81' lang='lat' dir='ltr'><strong>regi-</strong></span> 
     </span>
    </p>
   </div>
   <div class='ocr_carea' id='block_1_111' title="bbox 2492 5007 4085 5097">
    <p class='ocr_par' dir='ltr' id='par_1_111' title="bbox 2492 5007 4085 5097">
     <span class='ocr_line' id='line_1_111' title="bbox 2492 5007 4085 5097; baseline 0.011 -33"><span class='ocrx_word' id='word_1_817' title='bbox 2492 5007 2591 5064; x_wconf 86' lang='lat' dir='ltr'><strong>bus</strong></span> <span class='ocrx_word' id='word_1_818' title='bbox 2644 5009 2881 5067; x_wconf 78' lang='lat' dir='ltr'><strong>Clutario</strong></span> <span class='ocrx_word' id='word_1_819' title='bbox 2930 5021 2984 5068; x_wconf 89' lang='lat' dir='ltr'><strong>et</strong></span> <span class='ocrx_word' id='word_1_820' title='bbox 3033 5012 3374 5071; x_wconf 78' lang='lat' dir='ltr'><strong>Theoderico</strong></span> <span class='ocrx_word' id='word_1_821' title='bbox 3423 5031 3677 5089; x_wconf 87' lang='lat' dir='ltr'><strong>superato</strong></span> <span class='ocrx_word' id='word_1_822' title='bbox 3730 5032 3783 5077; x_wconf 92' lang='lat' dir='ltr'><strong>et</strong></span> <span class='ocrx_word' id='word_1_823' title='bbox 3834 5025 4085 5097; x_wconf 88' lang='lat' dir='ltr'><strong>devicto,</strong></span> 
     </span>
    </p>
   </div>
   <div class='ocr_carea' id='block_1_112' title="bbox 2494 5098 4088 5188">
    <p class='ocr_par' dir='ltr' id='par_1_112' title="bbox 2494 5098 4088 5188">
     <span class='ocr_line' id='line_1_112' title="bbox 2494 5098 4088 5188; baseline 0.015 -35"><span class='ocrx_word' id='word_1_824' title='bbox 2494 5098 2678 5155; x_wconf 85' lang='lat' dir='ltr'><strong>eadem</strong></span> <span class='ocrx_word' id='word_1_825' title='bbox 2705 5102 2755 5156; x_wconf 92' lang='lat' dir='ltr'><strong>in</strong></span> <span class='ocrx_word' id='word_1_826' title='bbox 2781 5102 3008 5160; x_wconf 89' lang='lat' dir='ltr'><strong>Galliam</strong></span> <span class='ocrx_word' id='word_1_827' title='bbox 3053 5105 3277 5163; x_wconf 83' lang='lat' dir='ltr'><strong>adducta</strong></span> <span class='ocrx_word' id='word_1_828' title='bbox 3306 5112 3514 5180; x_wconf 81' lang='lat' dir='ltr'><strong>captiva</strong></span> <span class='ocrx_word' id='word_1_829' title='bbox 3544 5123 3658 5179; x_wconf 82' lang='lat' dir='ltr'><strong>est;</strong></span> <span class='ocrx_word' id='word_1_830' title='bbox 3701 5113 3771 5171; x_wconf 91' lang='lat' dir='ltr'><strong>de</strong></span> <span class='ocrx_word' id='word_1_831' title='bbox 3809 5132 3915 5188; x_wconf 89' lang='lat' dir='ltr'><strong>qua</strong></span> <span class='ocrx_word' id='word_1_832' title='bbox 3961 5135 4088 5177; x_wconf 89' lang='lat' dir='ltr'><strong>cum</strong></span> 
     </span>
    </p>
   </div>
   <div class='ocr_carea' id='block_1_113' title="bbox 2494 5195 4091 5274">
    <p class='ocr_par' dir='ltr' id='par_1_113' title="bbox 2494 5195 4091 5274">
     <span class='ocr_line' id='line_1_113' title="bbox 2494 5195 4091 5274; baseline 0.015 -24"><span class='ocrx_word' id='word_1_833' title='bbox 2494 5195 2884 5256; x_wconf 75' lang='lat' dir='ltr'><strong>Theodoricum</strong></span> <span class='ocrx_word' id='word_1_834' title='bbox 2939 5202 3079 5257; x_wconf 90' lang='lat' dir='ltr'><strong>inter</strong></span> <span class='ocrx_word' id='word_1_835' title='bbox 3137 5219 3199 5259; x_wconf 90' lang='lat' dir='ltr'><strong>ac</strong></span> <span class='ocrx_word' id='word_1_836' title='bbox 3245 5205 3543 5263; x_wconf 87' lang='lat' dir='ltr'><strong>Clotarium</strong></span> <span class='ocrx_word' id='word_1_837' title='bbox 3587 5215 3867 5268; x_wconf 79' lang='lat' dir='ltr'><strong>contentio</strong></span> <span class='ocrx_word' id='word_1_838' title='bbox 3894 5215 4091 5274; x_wconf 74' lang='lat' dir='ltr'><strong>fuisset</strong></span> 
     </span>
    </p>
   </div>
   <div class='ocr_carea' id='block_1_114' title="bbox 2496 5294 4090 5377">
    <p class='ocr_par' dir='ltr' id='par_1_114' title="bbox 2496 5294 4090 5377">
     <span class='ocr_line' id='line_1_114' title="bbox 2496 5294 4090 5377; baseline 0.016 -34"><span class='ocrx_word' id='word_1_839' title='bbox 2496 5302 2703 5357; x_wconf 83' lang='lat' dir='ltr'><strong>exorta,</strong></span> <span class='ocrx_word' id='word_1_840' title='bbox 2759 5294 2864 5347; x_wconf 90' lang='lat' dir='ltr'><strong>utri</strong></span> <span class='ocrx_word' id='word_1_841' title='bbox 2933 5310 3067 5350; x_wconf 83' lang='lat' dir='ltr'><strong>uxor</strong></span> <span class='ocrx_word' id='word_1_842' title='bbox 3115 5298 3437 5370; x_wconf 79' lang='lat' dir='ltr'><strong>obtingeret,</strong></span> <span class='ocrx_word' id='word_1_843' title='bbox 3498 5305 3627 5360; x_wconf 88' lang='lat' dir='ltr'><strong>vicit</strong></span> <span class='ocrx_word' id='word_1_844' title='bbox 3681 5305 3977 5377; x_wconf 87' lang='lat' dir='ltr'><strong>Clotarins,</strong></span> <span class='ocrx_word' id='word_1_845' title='bbox 4026 5328 4090 5369; x_wconf 87' lang='lat' dir='ltr'><strong>ac</strong></span> 
     </span>
    </p>
   </div>
   <div class='ocr_carea' id='block_1_115' title="bbox 2496 5382 4088 5476">
    <p class='ocr_par' dir='ltr' id='par_1_115' title="bbox 2496 5382 4088 5476">
     <span class='ocr_line' id='line_1_115' title="bbox 2496 5382 4088 5476; baseline 0.014 -39"><span class='ocrx_word' id='word_1_846' title='bbox 2496 5382 2692 5451; x_wconf 86' lang='lat' dir='ltr'><strong>eidem,</strong></span> <span class='ocrx_word' id='word_1_847' title='bbox 2719 5386 2898 5441; x_wconf 89' lang='lat' dir='ltr'><strong>statim</strong></span> <span class='ocrx_word' id='word_1_848' title='bbox 2923 5399 3082 5459; x_wconf 90' lang='lat' dir='ltr'><strong>atque</strong></span> <span class='ocrx_word' id='word_1_849' title='bbox 3115 5408 3208 5458; x_wconf 90' lang='lat' dir='ltr'><strong>per</strong></span> <span class='ocrx_word' id='word_1_850' title='bbox 3231 5403 3440 5450; x_wconf 70' lang='lat' dir='ltr'><strong>aetatem</strong></span> <span class='ocrx_word' id='word_1_851' title='bbox 3470 5399 3655 5468; x_wconf 67' lang='lat' dir='ltr'><strong>puella:</strong></span> <span class='ocrx_word' id='word_1_852' title='bbox 3682 5399 3855 5470; x_wconf 88' lang='lat' dir='ltr'><strong>licuit,</strong></span> <span class='ocrx_word' id='word_1_853' title='bbox 3881 5407 4088 5476; x_wconf 62' lang='lat' dir='ltr'><strong>nupsit,</strong></span> 
     </span>
    </p>
   </div>
   <div class='ocr_carea' id='block_1_116' title="bbox 2496 5475 4084 5547">
    <p class='ocr_par' dir='ltr' id='par_1_116' title="bbox 2496 5475 4084 5547">
     <span class='ocr_line' id='line_1_116' title="bbox 2496 5475 4084 5547; baseline 0.014 -24"><span class='ocrx_word' id='word_1_854' title='bbox 2496 5484 2615 5524; x_wconf 91' lang='lat' dir='ltr'><strong>cum</strong></span> <span class='ocrx_word' id='word_1_855' title='bbox 2646 5484 2766 5526; x_wconf 83' lang='lat' dir='ltr'><strong>eam</strong></span> <span class='ocrx_word' id='word_1_856' title='bbox 2800 5475 3004 5529; x_wconf 86' lang='lat' dir='ltr'><strong>interea</strong></span> <span class='ocrx_word' id='word_1_857' title='bbox 3036 5477 3179 5546; x_wconf 73' lang='lat' dir='ltr'><strong>regia</strong></span> <span class='ocrx_word' id='word_1_858' title='bbox 3206 5478 3261 5534; x_wconf 89' lang='lat' dir='ltr'><strong>in</strong></span> <span class='ocrx_word' id='word_1_859' title='bbox 3302 5482 3424 5535; x_wconf 80' lang='lat' dir='ltr'><strong>villa</strong></span> <span class='ocrx_word' id='word_1_860' title='bbox 3480 5485 3810 5541; x_wconf 87' lang='lat' dir='ltr'><strong>educandam</strong></span> <span class='ocrx_word' id='word_1_861' title='bbox 3866 5507 3931 5547; x_wconf 88' lang='lat' dir='ltr'><strong>ac</strong></span> <span class='ocrx_word' id='word_1_862' title='bbox 3964 5475 4084 5546; x_wconf 83' lang='lat' dir='ltr'><strong>nu-</strong></span> 
     </span>
    </p>
   </div>
   <div class='ocr_carea' id='block_1_117' title="bbox 2498 5563 4090 5647">
    <p class='ocr_par' dir='ltr' id='par_1_117' title="bbox 2498 5563 4090 5647">
     <span class='ocr_line' id='line_1_117' title="bbox 2498 5563 4090 5647; baseline 0.015 -28"><span class='ocrx_word' id='word_1_863' title='bbox 2498 5563 2764 5620; x_wconf 76' lang='lat' dir='ltr'><strong>trientlam</strong></span> <span class='ocrx_word' id='word_1_864' title='bbox 2815 5570 3131 5627; x_wconf 76' lang='lat' dir='ltr'><strong>custt-diltus</strong></span> <span class='ocrx_word' id='word_1_865' title='bbox 3165 5574 3472 5630; x_wconf 61' lang='lat' dir='ltr'><strong>tradidisset</strong></span> <span class='ocrx_word' id='word_1_866' title='bbox 3516 5578 3720 5647; x_wconf 64' lang='lat' dir='ltr'><strong>(Fam,</strong></span> <span class='ocrx_word' id='word_1_867' title='bbox 3769 5600 3821 5636; x_wconf 83' lang='grc' dir='ltr'><strong>η.</strong></span> <span class='ocrx_word' id='word_1_868' title='bbox 3858 5582 3892 5636; x_wconf 72' lang='lat'><strong>2</strong></span> <span class='ocrx_word' id='word_1_869' title='bbox 3956 5586 4090 5643; x_wconf 65' lang='lat' dir='ltr'><strong>i&#39;itat</strong></span> 
     </span>
    </p>
   </div>
   <div class='ocr_carea' id='block_1_118' title="bbox 2500 5656 4086 5749">
    <p class='ocr_par' dir='ltr' id='par_1_118' title="bbox 2500 5656 4086 5749">
     <span class='ocr_line' id='line_1_118' title="bbox 2500 5656 4086 5749; baseline 0.015 -38"><span class='ocrx_word' id='word_1_870' title='bbox 2500 5656 2684 5727; x_wconf 81' lang='lat' dir='ltr'><strong>Rud.).</strong></span> <span class='ocrx_word' id='word_1_871' title='bbox 2723 5658 2911 5715; x_wconf 83' lang='lat' dir='ltr'><strong>Verum</strong></span> <span class='ocrx_word' id='word_1_872' title='bbox 2950 5665 3152 5731; x_wconf 75' lang='lat' dir='ltr'><strong>regales</strong></span> <span class='ocrx_word' id='word_1_873' title='bbox 3200 5668 3396 5737; x_wconf 78' lang='lat' dir='ltr'><strong>nuptire</strong></span> <span class='ocrx_word' id='word_1_874' title='bbox 3441 5667 3759 5747; x_wconf 57' lang='lat' dir='ltr'><strong>deliciasque</strong></span> <span class='ocrx_word' id='word_1_875' title='bbox 3800 5678 3941 5732; x_wconf 70' lang='lat' dir='ltr'><strong>auia:</strong></span> <span class='ocrx_word' id='word_1_876' title='bbox 3989 5695 4086 5749; x_wconf 86' lang='lat' dir='ltr'><strong>po-</strong></span> 
     </span>
    </p>
   </div>
   <div class='ocr_carea' id='block_1_119' title="bbox 2500 5755 4087 5842">
    <p class='ocr_par' dir='ltr' id='par_1_119' title="bbox 2500 5755 4087 5842">
     <span class='ocr_line' id='line_1_119' title="bbox 2500 5755 4087 5842; baseline 0.013 -35"><span class='ocrx_word' id='word_1_877' title='bbox 2500 5755 2812 5810; x_wconf 53' lang='lat' dir='ltr'><strong>tentissima:</strong></span> <span class='ocrx_word' id='word_1_878' title='bbox 2844 5756 2971 5811; x_wconf 85' lang='lat' dir='ltr'><strong>illud</strong></span> <span class='ocrx_word' id='word_1_879' title='bbox 3005 5759 3215 5827; x_wconf 66' lang='lat' dir='ltr'><strong>plel&#39;liis</strong></span> <span class='ocrx_word' id='word_1_880' title='bbox 3246 5775 3306 5816; x_wconf 84' lang='lat' dir='ltr'><strong>ac</strong></span> <span class='ocrx_word' id='word_1_881' title='bbox 3353 5763 3628 5833; x_wconf 61' lang='lat' dir='ltr'><strong>religionis</strong></span> <span class='ocrx_word' id='word_1_882' title='bbox 3669 5768 3909 5826; x_wconf 81' lang='lat' dir='ltr'><strong>studium</strong></span> <span class='ocrx_word' id='word_1_883' title='bbox 3941 5775 4087 5842; x_wconf 86' lang='lat' dir='ltr'><strong>quod</strong></span> 
     </span>
    </p>
   </div>
   <div class='ocr_carea' id='block_1_120' title="bbox 2501 5853 4087 5926">
    <p class='ocr_par' dir='ltr' id='par_1_120' title="bbox 2501 5853 4087 5926">
     <span class='ocr_line' id='line_1_120' title="bbox 2501 5853 4087 5926; baseline 0.013 -20"><span class='ocrx_word' id='word_1_884' title='bbox 2501 5854 2552 5906; x_wconf 86' lang='lat' dir='ltr'><strong>in</strong></span> <span class='ocrx_word' id='word_1_885' title='bbox 2585 5854 2808 5919; x_wconf 83' lang='lat' dir='ltr'><strong>puellula</strong></span> <span class='ocrx_word' id='word_1_886' title='bbox 2839 5853 2950 5923; x_wconf 85' lang='lat' dir='ltr'><strong>jam</strong></span> <span class='ocrx_word' id='word_1_887' title='bbox 2990 5856 3261 5923; x_wconf 69' lang='lat' dir='ltr'><strong>eluserat,</strong></span> <span class='ocrx_word' id='word_1_888' title='bbox 3299 5862 3454 5914; x_wconf 82' lang='lat' dir='ltr'><strong>solita</strong></span> <span class='ocrx_word' id='word_1_889' title='bbox 3487 5863 3601 5916; x_wconf 85' lang='lat' dir='ltr'><strong>suis</strong></span> <span class='ocrx_word' id='word_1_890' title='bbox 3631 5866 3882 5920; x_wconf 79' lang='lat' dir='ltr'><strong>manibus</strong></span> <span class='ocrx_word' id='word_1_891' title='bbox 3918 5869 4087 5926; x_wconf 83' lang='lat' dir='ltr'><strong>imam</strong></span> 
     </span>
    </p>
   </div>
   <div class='ocr_carea' id='block_1_121' title="bbox 2500 5947 4087 6029">
    <p class='ocr_par' dir='ltr' id='par_1_121' title="bbox 2500 5947 4087 6029">
     <span class='ocr_line' id='line_1_121' title="bbox 2500 5947 4087 6029; baseline 0.011 -29"><span class='ocrx_word' id='word_1_892' title='bbox 2500 5947 2749 6001; x_wconf 83' lang='lat' dir='ltr'><strong>altarium</strong></span> <span class='ocrx_word' id='word_1_893' title='bbox 2784 5958 2983 6017; x_wconf 83' lang='lat' dir='ltr'><strong>partem</strong></span> <span class='ocrx_word' id='word_1_894' title='bbox 3019 5959 3245 6020; x_wconf 72' lang='lat' dir='ltr'><strong>tergere,</strong></span> <span class='ocrx_word' id='word_1_895' title='bbox 3295 5961 3346 6010; x_wconf 88' lang='lat' dir='ltr'><strong>et</strong></span> <span class='ocrx_word' id='word_1_896' title='bbox 3391 5970 3675 6023; x_wconf 83' lang='lat' dir='ltr'><strong>puerorum</strong></span> <span class='ocrx_word' id='word_1_897' title='bbox 3725 5957 3948 6029; x_wconf 81' lang='lat' dir='ltr'><strong>choros,</strong></span> <span class='ocrx_word' id='word_1_898' title='bbox 4002 5964 4087 6018; x_wconf 84' lang='lat' dir='ltr'><strong>di-</strong></span> 
     </span>
    </p>
   </div>
  </div>
