4236 6552
138 399 192 457 57
1288 390 1444 447 νιιτΑ
1488 388 1811 446 VENANTII

1735 388 1813 446 ΙἸΙ
1854 388 2279 447 FORTUNATI.
3337 392 3408 450 38

139 514 265 571 vittas
315 509 506 566 laudes
556 508 947 565 celebrantium
975 553 990 578 ,
1050 507 1249 563 ducere
1270 548 1284 571 ,
1334 507 1464 561 nihil
1527 508 1703 561 immi-
1730 507 1780 569 Α
1808 522 1911 559 uno
1937 507 2166 561 residens
2190 506 2321 569 loco,
2343 521 2394 559 se
2419 504 2605 559 habere
2632 507 2850 579 gloriara
2875 515 2971 563 est.
3005 507 3085 562 Ad
3112 509 3407 579 petitionem

139 614 367 667 nuerunt,
415 603 511 657 scil
572 603 753 671 potius
802 601 1162 664 illustrarunt,
1216 599 1407 669 tttjatn
1443 600 1713 654 diceretur

138 700 347 759 Clotario
376 715 403 751 ιι
436 698 552 751 suis
580 698 769 749 aulicis
801 697 985 749 habere
1010 711 1124 748 eum
1150 695 1318 764 potius
1340 692 1579 763 jrigalem
1603 710 1714 747 mo-

139 797 514 863 tiacliatnqiiam
544 796 795 863 reginam,
831 791 972 844 unde
1002 798 1120 844 erat
1161 789 1214 843 in
1273 790 1415 842 illam
1465 803 1713 843 nonnun-

138 905 273 959 quam
303 886 568 953 asperior.
620 884 825 937 Interea
860 898 989 936 veru
1019 880 1370 953 Radegundis
1402 880 1588 946 frater,
1623 882 1709 935 iu-

138 982 260 1052 juste
311 992 339 1030 a
401 978 639 1031 Clotario
666 975 954 1039 occiditur,
986 988 1058 1029 ex
1090 974 1387 1028 aulicorum
1417 971 1609 1029 fraude
1643 988 1710 1029 ae

145 1071 366 1144 perﬁdia.
407 1069 520 1122 Iluc
552 1069 640 1121 illa
676 1076 889 1137 tempus
912 1075 967 1122 et
993 1067 1337 1121 occasionem
1369 1075 1547 1130 nacta,
1606 1063 1713 1122 sibi

137 1185 162 1224 a
185 1163 415 1222 Cloiario
447 1162 817 1217 recedendum
866 1159 1105 1226 censuit,
1162 1174 1224 1214 ac
1255 1160 1603 1213 nmuasticam
1633 1157 1711 1212 vi-

142 1272 253 1323 tatu,
278 1256 430 1325 cujus
463 1255 645 1309 studio
677 1253 730 1307 in
759 1254 945 1323 primis
974 1254 1277 1319 tenebatur,
1311 1250 1568 1321 cogitavit
1596 1265 1709 1305 am-

136 1356 295 1428 plecti.
345 1351 527 1421 ltaque
574 1350 639 1403 ad
674 1350 886 1403 beatum
919 1348 1249 1411 Merlardurn,
1286 1347 1708 1403 Noviomensem

136 1446 432 1508 antistitem,
468 1443 673 1498 directa
702 1457 729 1496 a
759 1457 888 1512 rege
915 1443 1167 1511 conjuge,
1201 1458 1323 1495 cum
1353 1443 1608 1505 venisset,
1637 1442 1708 1496 ab

135 1542 303 1597 eodem
332 1539 501 1605 C(Bpil.
530 1537 884 1602 contendere,
917 1550 971 1592 ut
999 1553 1140 1605 sese,
1174 1548 1375 1591 mutata
1403 1548 1576 1604 veste,
1608 1539 1711 1592 Do-

136 1639 263 1693 mino
290 1610 656 1688 consecraret.
682 1634 834 1700 Quod
862 1633 953 1687 ille
976 1633 1150 1701 primo
1183 1647 1463 1698 recusans,
1502 1632 1708 1687 veritus

136 1745 190 1783 ao
218 1726 433 1780 Clotarii
466 1724 886 1792 indignationem
923 1724 976 1777 in
1019 1732 1192 1776 senii't
1231 1723 1530 1789 excitaret,
1585 1738 1703 1787 pos-

137 1832 291 1875 tremo
320 1819 483 1873 cessit
516 1818 785 1884 precibus,
819 1833 883 1871 ac
906 1816 1081 1871 velum
1107 1816 1221 1885 ejus
1248 1816 1408 1884 capiti
1434 1816 1711 1885 imposuit,

1813 612 2005 653 sancta?
2043 600 2179 651 misit
2224 600 2401 669 imper.
2441 599 2719 671 legatarios
2746 617 2862 655 cum
2894 601 3184 673 Evangeliis
3209 620 3337 658 auro
3361 614 3413 660 et

1811 694 2023 765 gemmis
2051 694 2267 746 ornatis.

1884 782 1977 839 55.
2028 784 2153 837 lla-c
2183 794 2358 838 autem
2390 785 2605 840 occasio
2642 785 2734 839 fitit
2769 785 3063 842 Fortunato
3092 795 3150 842 ut
3180 788 3411 859 hymnos

1812 879 2101 934 nonnullos
2142 890 2196 933 et
2228 888 2478 949 poemata
2524 880 2626 935 alia
2672 881 3010 937 elucubrarei
3050 884 3103 938 iu
3148 883 3409 939 honorem

1812 981 2018 1028 sancttc
2072 974 2285 1039 crucis,
2334 990 2453 1042 qua:
2506 974 2649 1028 inter
2689 975 3101 1029 celeberrimum
3147 977 3280 1032 illud
3323 985 3410 1035 est

1812 1065 1954 1133 quod
1986 1064 2173 1132 incipit
2208 1062 2413 1118 Vexillu
2444 1063 2601 1135 Regis
2624 1066 2913 1136 prodeunt,
2947 1065 3207 1121 Ecclesiae
3238 1069 3410 1138 ipsius

1812 1171 1912 1211 usu
1938 1156 2264 1228 jampridem
2297 1169 2691 1214 consecratum.
2728 1160 2877 1215 ldem
2908 1171 3166 1230 prieterea
3194 1165 3414 1230 scripsit

1813 1252 2078 1321 prolixum
2116 1266 2307 1320 poema
2327 1292 2342 1318 ,
2376 1268 2516 1321 quo,
2553 1253 2895 1323 lladegundis
2926 1254 3178 1323 nomine,
3205 1259 3413 1326 gratias

1820 1345 1929 1412 agit
1956 1343 2167 1398 .lusiino
2195 1355 2248 1397 et
2280 1346 2495 1412 Sophia:
2529 1349 2697 1416 Augg.
2733 1362 2829 1416 pro
2868 1348 3050 1402 missis
3093 1350 3161 1404 ad
3206 1364 3264 1405 se
3294 1366 3413 1420 pre-

1816 1436 2126 1491 tiosissimis
2158 1437 2495 1505 muneribus,
2526 1440 2722 1509 quibus
2752 1452 2924 1496 totum
2953 1441 3302 1500 Occidentem
3348 1445 3413 1499 il-

1816 1528 2109 1583 lustratum
2144 1539 2197 1583 et
2226 1542 2472 1584 ornatum
2506 1530 2671 1586 fuisse
2700 1532 2955 1587 al'liimat.

1886 1619 1975 1674 5t}.
2008 1622 2138 1688 Quae
2167 1638 2295 1677 vero
2324 1632 2377 1677 et
2419 1633 2619 1693 quanta
2670 1623 3023 1679 Fortunatum
3054 1624 3193 1681 inter
3222 1637 3275 1682 et
3307 1626 3413 1681 Ra.

1821 1716 2125 1785 deguudeni
2177 1719 2546 1787 Agnetcmque
2598 1717 2882 1773 interesset
2910 1732 3136 1774 summa:
3168 1719 3414 1789 pietatis,

1818 1806 2255 1873 benewrleutiae,
2316 1809 2624 1874 charitatis,
2684 1811 3062 1877 necessitudo,
3117 1826 3287 1881 eaque
3341 1814 3413 1869 ab

140 1923 231 1976 quo
250 1922 362 1959 eam
394 1905 870 1958 sanctimonialem
897 1902 1218 1957 declararet.
1251 1904 1340 1956 Illa
1374 1914 1554 1957 autem
1586 1904 1711 1961 inde
1743 1896 1793 1957 Β
1818 1904 1963 1957 Omni
1995 1905 2173 1957 aliena
2225 1904 2529 1971 petulantia:
2560 1904 2864 1973 suspicione
2896 1919 2957 1957 ac
2990 1904 3224 1974 periculo
3246 1945 3262 1971 ,
3293 1907 3409 1974 ipse

137 2000 353 2066 digressa
389 1996 627 2051 Turonis
660 1996 723 2049 ad
756 1996 1034 2049 basilicam
1076 1995 1245 2049 sancti
1279 1994 1489 2049 Martini
1524 1998 1705 2065 venit,

135 2106 231 2148 ttun
260 2092 463 2145 Suedas
497 2091 747 2151 accessit,
780 2090 960 2142 villain
992 2090 1104 2156 agri
1134 2090 1246 2143 I’ir:l.
1268 2093 1503 2154 :vicnsis,
1550 2101 1710 2158 atque

134 2186 244 2248 illic,
268 2192 599 2237 monasterio
626 2191 926 2244 exstructo,
964 2182 1030 2236 ad
1061 2193 1359 2237 extremum
1391 2198 1557 2249 usque.
1588 2186 1709 2238 vita:

131 2280 257 2333 diem
290 2278 633 2330 sanctissime
664 2276 793 2329 vixit
823 2274 1023 2345 (Forh,
1061 2276 1211 2343 ibid.,
1244 2292 1292 2330 ε.
1327 2276 1438 2346 1:2).
1486 2276 1563 2330 De
1607 2293 1709 2344 qua

133 2374 197 2423 uti
221 2372 397 2424 scribit
445 2370 612 2437 (ireg.
639 2370 792 2433 'l'ur.,
837 2371 929 2424 lib.
962 2386 1015 2423 iii
1059 2370 1195 2424 llist.
1232 2371 1448 2433 Fratre,
1479 2387 1596 2440 cap.
1628 2372 1658 2424 7
1694 2391 1704 2426 :

133 2464 316 2517 Mutata
368 2474 521 2525 veste,
583 2467 949 2517 monasterium
1005 2466 1099 2517 sibi
1142 2466 1281 2534 infra
1335 2467 1709 2521 l'ictaviensr'm

134 2558 291 2609 urbem
313 2558 633 2619 construxit;
678 2572 791 2625 quae
840 2558 1189 2622 orationibus,
1233 2559 1484 2627 jejuniis,
1542 2560 1710 2631 vigilis

130 2658 261 2715 atque
299 2649 653 2715 eleemosyriis,
698 2648 954 2715 prrerlita,
1011 2649 1067 2700 in
1119 2659 1319 2701 tantum
1364 2649 1604 2719 emicuit,
1654 2658 1710 2703 ut

133 2757 300 2809 magna
327 2741 379 2792 in
403 2742 610 2809 populis
638 2741 931 2793 haberetur.

191 2835 275 2889 ὸῦ.
310 2836 363 2888 ln
394 2836 496 2888 hoc
523 2844 703 2887 autem
734 2834 1047 2889 l'ictaviensi
1076 2836 1402 2889 monasterio
1427 2837 1706 2904 Agnetem,

130 2929 374 2993 virginem
423 2927 682 2995 singulari
733 2925 929 2994 pietate
977 2940 1041 2979 ac
1092 2926 1285 2980 virtute
1334 2937 1708 2995 pra-stantem,

128 3033 265 3085 quani
318 3018 451 3070 olim
504 3016 757 3069 ancillam
810 3016 1111 3082 habuerat,
1165 3028 1218 3070 et
1265 3034 1423 3085 quam
1470 3036 1497 3071 a
1545 3023 1710 3089 prima

128 3120 268 3165 nitate
312 3112 426 3165 loco
476 3111 603 3178 lilia:
652 3114 743 3179 (ut
773 3110 942 3179 ipsius
976 3110 1318 3179 lladegnndis
1351 3112 1525 3166 verbis
1559 3112 1711 3180 utar)

126 3207 369 3269 coluerat,
413 3215 460 3258 et
500 3206 836 3270 educrwerat,
882 3206 1194 3259 abbatissam
1232 3208 1521 3275 constituit,
1563 3224 1621 3261 ac
1656 3226 1710 3264 se

127 3308 226 3365 post
278 3298 447 3352 Deum
502 3303 615 3370 ejus
666 3300 976 3353 ordiimlioni
1032 3300 1337 3371 regulariter
1388 3303 1709 3357 obedituram

126 3390 381 3442 commisit.
432 3388 487 3443 ld
537 3394 681 3443 enim
727 3391 793 3446 de
835 3406 893 3447 se
938 3391 1051 3458 ipsa
1097 3393 1312 3460 fatetur,
1361 3397 1499 3464 apud
1550 3396 1711 3468 Greg.

126 3479 267 3545 Tur.,
301 3481 395 3536 lib.
431 3497 489 3535 rx
515 3522 531 3546 ,
564 3496 684 3551 cap.
716 3481 808 3538 4‘2.
852 3486 1113 3551 Quocrrca
1156 3488 1303 3543 canit
1342 3488 1410 3544 de
1453 3488 1541 3545 illa
1581 3489 1714 3546 For-

127 3581 359 3639 tunatus,
394 3574 494 3629 lib.
532 3590 665 3643 vrri,
697 3590 813 3646 cap.
851 3579 875 3632 t
914 3595 927 3631 :

231 3689 388 3760 Regia
414 3690 635 3760 lactinen
655 3706 954 3744 cntntiititans
981 3697 1124 3757 pallia
1149 3698 1306 3760 cultu,

299 3755 453 3801 Vilior
474 3757 663 3803 ancillae
694 3760 844 3806 vestis
869 3755 1021 3807 uitiata
1049 3764 1193 3816 tegit.

230 3816 498 3888 Splendida
525 3831 723 3888 serraco
745 3821 987 3888 ijtiotiilani
1012 3826 1244 3871 subvecta
1272 3827 1507 3888 superbo,

295 3879 435 3927 bime
460 3884 577 3927 terit
606 3879 839 3943 obsequio
867 3885 1027 3943 planta
1054 3888 1270 3933 itimlesta
1292 3879 1463 3937 litium.

231 3940 345 4013 Qua.-
373 3946 513 4011 prius
538 3940 962 4013 insi-,Artis'oueiata
991 3955 1068 4013 est
1094 3948 1272 4013 dextra
1299 3952 1585 4013 smaragdis,

286 4008 453 4067 Serui
482 4008 625 4063 inops
646 4006 849 4066 tantulis,
876 4010 1157 4067 sedulitate,
1186 4012 1304 4060 suis.

230 4066 364 4138 Aula:
390 4069 525 4138 celsa
553 4081 737 4138 regens
764 4072 1022 4138 quondam,
1041 4066 1326 4138 inridojussa
1353 4077 1614 4138 ministrat,

288 4134 408 4189 Qua-
429 4130 731 4180 domitiandu
752 4130 906 4195 prius,
930 4130 1058 4182 nunc
1081 4130 1352 4185 famulante
1380 4138 1553 4198 placet.

127 4252 250 4308 idem
278 4257 528 4313 scribens
555 4258 621 4313 ad
650 4261 908 4327 Agrictem
931 4301 945 4327 ,
973 4261 1043 4317 lib
1095 4278 1187 4317 vni
1208 4308 1221 4331 ,
1252 4278 1369 4333 cap.
1399 4263 1454 4333 1i,
1484 4265 1561 4321 sic
1591 4283 1707 4321 eam

124 4348 390 4418 alloquitur
418 4367 434 4406 :

228 4463 323 4530 Sed
350 4466 435 4514 tibi
467 4480 571 4529 prae
595 4469 797 4529 reliquis
823 4467 975 4518 Mater
1000 4470 1074 4529 pia
1095 4470 1287 4527 charior
1307 4471 1468 4530 instat,

289 4526 437 4591 Eligit
468 4526 677 4577 excelso
701 4526 979 4580 consociare
1000 4526 1167 4578 choro.

230 4586 327 4657 Res
351 4586 454 4652 pio:
478 4601 529 4639 at
557 4595 659 4653 ipsa
687 4600 869 4651 tamen,
896 4598 1120 4655 quoniam
1146 4608 1256 4655 quae
1281 4593 1373 4643 tilia
1395 4602 1606 4657 constas,

287 4651 359 4701 Te
386 4651 605 4703 matrctit
632 4657 757 4702 votis
782 4651 923 4713 optat
939 4657 1120 4702 liabi-i'c
1149 4651 1314 4714 suam;

231 4712 486 4781 QII—nlllqtlti
515 4721 625 4765 suis
648 4712 862 4776 genibus
880 4718 1073 4764 charaiu
1100 4712 1583 4781 nutrivitaluuinam,

294 4777 503 4827 Praiticit
532 4792 653 4827 ecce
679 4793 766 4824 suo
790 4781 1126 4828 citiistituenila
1151 4780 1271 4827 loco.

228 4837 284 4887 Et
305 4854 414 4901 (μίξει
438 4850 490 4889 te
512 4854 719 4901 semper
743 4842 898 4889 baculi
925 4844 1254 4891 moderamine
1276 4845 1423 4901 rexit,

289 4902 524 4966 Prouipta
548 4906 645 4953 sub
669 4906 876 4965 imperio
898 4906 998 4955 vult
1018 4908 1172 4965 inagis
1195 4919 1306 4954 esse
1327 4914 1425 4956 tuo.

187 5020 266 5074 5t.
295 5022 521 5078 Summa
567 5038 701 5077 vero
748 5022 1062 5095 lladegundi
1110 5024 1333 5081 facultas
1365 5035 1419 5081 et
1457 5036 1713 5097 opportu-

128 5114 245 5168 nitas
277 5116 404 5181 luit,
459 5132 566 5187 pro
619 5115 766 5185 regia
810 5116 1050 5186 ejusdem
1092 5122 1410 5188 cognatione
1452 5134 1516 5173 ac
1553 5136 1713 5190 gene-

130 5221 207 5271 re,
252 5208 373 5261 illud
427 5224 591 5263 suum
642 5208 986 5265 Pictavietise
1028 5212 1415 5265 monasterium
1464 5214 1714 5280 pretiosis

132 5303 418 5357 uulneribus
451 5304 637 5357 ditare
662 5345 676 5367 ,
708 5301 849 5358 inter
879 5320 997 5373 qua:
1032 5319 1094 5360 ea
1127 5304 1395 5376 praecipue
1428 5321 1713 5360 numeran-

133 5402 203 5445 lltl’
229 5409 340 5463 qua:
374 5397 489 5462 ipsa
526 5410 555 5448 a
594 5394 807 5450 JtiStino
852 5395 1045 5465 imper.
1071 5438 1087 5464 ,
1134 5412 1275 5451 anno
1318 5397 1533 5452 circiter
1574 5397 1713 5465 569,

132 5485 271 5538 itii-sa
312 5488 376 5540 ad
416 5488 677 5543 eumdem
710 5487 973 5558 legatione
1000 5530 1015 5553 ,
1049 5486 1391 5556 impetravit,
1426 5487 1714 5555 plurimum

132 5582 417 5636 curtis-rente
472 5581 541 5635 ad
601 5596 721 5634 eaut
775 5595 887 5634 rem
939 5581 1191 5648 Sigiberti
1240 5595 1400 5647 opera
1435 5590 1490 5635 et
1521 5582 1712 5649 gratia.

135 5672 363 5736 Siiitie-t,
400 5686 451 5723 tit
488 5676 557 5725 de
593 5672 710 5737 ἱριεέι
745 5674 932 5726 sti'ibit
969 5674 1294 5724 llntirlniiivia
1330 5674 1379 5725 in
1414 5672 1527 5739 ejus
1566 5672 1714 5739 Vita,

135 5774 258 5819 ηιιιῐι.
289 5766 319 5812 3
347 5782 357 5816 :
392 5769 487 5829 Qui
512 5770 545 5817 rt
581 5782 678 5817 sua
711 5774 822 5816 t'rztr‘i
854 5764 1123 5831 poscebant
1155 5765 1403 5826 obtinuit,
1435 5773 1486 5814 iit
1516 5767 1717 5817 beiititiit

136 5850 305 5916 Ηυίιιιιι
346 5858 509 5909 r‘i‘wis
556 5856 803 5923 UJtllltli,
849 5871 978 5907 auro
1022 5867 1067 5908 et
1095 5856 1306 5925 gemmis
1350 5864 1623 5917 ornatum,
1670 5864 1716 5909 et

136 5948 295 6001 multas
339 5960 647 6006 sanctorum
694 5949 970 6019 reliquias,
1016 5965 1145 6021 quas
1198 5949 1383 6005 Oriens
1428 5950 1713 6023 retinebat,

1734 3266 1781 3327 C

1816 1994 1970 2048 nobis
2004 1994 2330 2048 Fortunatus
2363 1994 2512 2049 testis
2541 1994 2640 2061 sit,
2674 1994 2766 2049 lib.
2802 2010 2893 2065 ιι,
2924 2009 3044 2065 cap.
3079 1994 3136 2063 6,
3164 1996 3409 2053 scribens

1811 2089 1874 2143 ad
1909 2090 2167 2156 Agneleiu
2204 2088 2355 2143 hisce
2386 2089 2631 2144 versibus
2664 2104 2677 2143 :

1936 2182 2089 2229 Mater
2110 2182 2293 2229 honore
2313 2184 2454 2241 mihi,
2482 2195 2617 2230 soror
2642 2187 2805 2230 autem
2825 2180 2981 2229 dulcis
3003 2194 3189 2241 amore,

1999 2244 2149 2298 (inani
2173 2244 2375 2302 pietate,
2406 2246 2431 2289 li
2453 2246 2518 2304 le,
2548 2252 2770 2301 pectore,
2789 2243 2934 2291 corde.
2963 2245 3087 2303 colo,

1936 2306 2005 2351 tiri
2023 2304 2133 2353 le-ti
2160 2306 2303 2353 ali'cct
2325 2321 2356 2364 i,
2387 2320 2479 2353 non
2507 2307 2708 2355 crimine
2731 2310 2949 2366 corporis
2970 2306 3087 2365 ullo,

1997 2367 2101 2414 Non
2124 2381 2257 2427 caro,
2283 2370 2369 2415 sed
2390 2368 2478 2416 huc
2502 2369 2628 2429 quod
2656 2369 2867 2429 Spiritus
2891 2376 3045 2426 mutat,
3073 2381 3196 2417 amo.

1934 2428 2102 2477 Testis
2126 2430 2261 2477 adest
2285 2428 2528 2488 Christus,
2553 2431 2699 2477 l'ctro
2727 2428 2974 2487 Paiiqurie
2999 2431 3257 2490 ministris,

1998 2493 2211 2549 tlitiurpie
2237 2494 2324 2551 piis
2348 2494 2491 2539 sociis
2510 2503 2671 2540 sancta
2696 2493 2843 2540 Maria
2872 2492 3025 2552 videi,

1936 2553 2007 2603 Te
2036 2556 2147 2601 milii
2177 2568 2271 2601 non
2293 2556 2400 2604 a‘iis
2422 2555 2577 2603 o-‘nlis
2609 2558 2867 2616 animoque.
2895 2555 3065 2616 fuisse,

1997 2618 2148 2674 Quarti
2177 2630 2311 2665 soror
2334 2626 2392 2665 e‘x
2426 2626 2565 2664 utero
2586 2628 2655 2676 tu,
2684 2617 2889 2671 'l'iiiatia,
2918 2618 3066 2672 l'orcs,

1936 2678 2008 2742 Ac
2032 2694 2069 2725 si
2095 2693 2190 2726 uuu
2215 2685 2356 2738 parlu
2384 2685 2539 2727 mater
2564 2680 3125 2742 ttadegnurhsuironjue

2000 2741 2280 2790 Visceribus
2303 2744 2447 2790 castis
2472 2747 2840 2803 pregenuisset,
2868 2755 3022 2792 eram.

1884 2823 1974 2879 57.
2007 2822 2169 2878 Suam
2217 2839 2345 2877 vero
2398 2825 2718 2891 pimcipuaiu
2766 2825 3082 2880 cbaritaiem
3134 2825 3185 2878 in
3232 2825 3406 2881 llade-

1812 2915 2043 2985 gundem
2101 2915 2338 2969 declarat
2370 2916 2465 2970 lib.
2502 2930 2556 2969 iri
2578 2955 2592 2979 ,
2627 2931 2745 2983 Cap.
2778 2915 2843 2982 2,
2877 2915 2960 2970 his
2991 2918 3259 2985 versibus,
3293 2917 3410 2986 qui-

1814 3007 1935 3074 bus,
1969 3023 2091 3061 cum
2128 3006 2213 3059 illa
2244 3021 2302 3061 se
2332 3006 2632 3062 includezet
2658 3008 2738 3077 (ut
2766 3007 2901 3061 infra
2926 3008 3223 3079 dicentur),
3251 3023 3409 3066 suum

1819 3102 1868 3154 iii
1906 3101 2075 3170 ipsam
2108 3099 2436 3154 desiderium
2468 3101 2721 3169 exprimit
2746 3143 2760 3167 ,
2796 3101 3040 3171 inquiens
3073 3122 3084 3155 :

1938 3194 2045 3256 Quo
2069 3195 2175 3240 sine
2205 3205 2283 3240 me
2306 3206 2415 3240 mea
2434 3191 2514 3240 lux
2540 3191 2698 3241 oculis
2728 3195 3004 3256 errantibus
3024 3194 3173 3256 abdit,

2001 3255 2102 3303 Nec
2128 3262 2303 3316 patitur
2329 3258 2429 3302 visu
2469 3269 2525 3302 se
2552 3268 2779 3304 reserare
2802 3255 2948 3306 meo?

1941 3317 2111 3382 omnia
2135 3319 2381 3382 conspicio,
2409 3316 2552 3382 simul
2578 3318 2781 3382 aethera.
2803 3318 3023 3380 ﬂumina,
3049 3324 3264 3382 terram;

2000 3380 2117 3428 Cum
2146 3388 2195 3429 te
2224 3394 2315 3427 non
2345 3381 2502 3435 video,
2529 3387 2639 3427 sunt
2666 3380 2776 3427 rnilti
2802 3388 2973 3429 cuncta
3002 3395 3191 3442 parum.

1940 3442 2167 3505 Quamvis
2192 3443 2253 3489 sit
2277 3442 2474 3500 caelum,
2506 3442 2683 3489 nebula
2710 3442 2950 3502 fugiente.
2980 3457 3233 3505 serenum,

1998 3505 2069 3554 'l'e
2094 3504 2311 3563 celante,
2332 3505 2449 3552 mihi
2475 3512 2573 3553 stat
2594 3507 2701 3552 sine
2726 3507 2831 3553 sole
2855 3506 2981 3555 dies.

1886 3588 1972 3643 58.
2012 3589 2071 3642 ll.
2093 3605 2208 3642 rum
2240 3603 2368 3642 vero
2399 3588 2451 3642 in
2482 3603 2541 3643 se
2570 3590 2993 3644 munificentiam
3018 3605 3081 3646 ac
3124 3590 3411 3649 liberalita-

1818 3691 1926 3736 tem
1985 3681 2095 3734 suis
2146 3693 2291 3749 smpe
2343 3679 2676 3735 carminibus
2720 3680 2991 3747 celebrat,
3043 3683 3257 3752 quibus,
3314 3697 3410 3751 pro

1815 3773 1993 3826 missis
2023 3769 2386 3839 munusculis,
2424 3770 2616 3825 iisdem
2648 3772 2853 3843 gratias
2880 3772 2990 3843 agit
3020 3790 3034 3838 ;
3064 3773 3205 3842 quod
3236 3788 3397 3843 quem

1816 3864 2010 3918 crebro
2045 3864 2229 3929 fieret,
2266 3862 2397 3917 satis
2429 3862 2670 3917 iudicant
2700 3863 2817 3918 haec
2848 3863 2967 3933 ejus
2997 3865 3179 3933 verba,
3212 3867 3406 3937 quibus

1813 3957 1879 4012 ad
1913 3958 2172 4027 Agnetein
2205 3954 2426 4020 scribit,
2463 3954 2560 4009 lib.
2598 3971 2677 4022 xi,
2711 3969 2833 4025 cap.
2867 3956 2898 4009 9
2932 3974 2941 4008 :

1941 4070 2151 4118 Portitor
2169 4068 2227 4117 ad
2247 4074 2404 4117 tantes
2423 4071 2604 4118 missus
2621 4083 2713 4117 non
2738 4069 2912 4118 sullicit
2937 4082 3081 4129 unus,

2001 4136 2256 4179 Lassaruut
2287 4132 2433 4179 toties
2459 4133 2541 4193 qui
2562 4132 2759 4180 rediere
2794 4133 2960 4193 pedes.

1935 4193 2135 4257 Singula
2161 4206 2251 4241 nec
2276 4192 2585 4254 rel'et'u,quia
2607 4207 2685 4241 me
2701 4200 2781 4242 tua
2799 4206 3001 4242 munera
3016 4196 3217 4244 vincunt
3239 4194 3409 4260 (etc.).

1812 4275 1956 4331 ldetn
2004 4290 2062 4330 se
2112 4276 2313 4344 pluries
2358 4274 2605 4328 convivio
2650 4274 2718 4329 ab
2765 4274 2971 4329 eisdem
3017 4287 3301 4340 exceptum
3348 4292 3415 4333 ac

1817 4373 1960 4423 laute
2014 4377 2225 4438 pastum
2260 4366 2425 4421 fuisse
2454 4366 2745 4436 significat,
2777 4379 2838 4420 ac
2870 4367 2961 4419 int:
2985 4382 3009 4420 r
3038 4376 3237 4422 caetera
3258 4411 3273 4436 ,
3308 4369 3407 4424 lib.

1813 4477 1903 4525 χι,
1940 4474 2057 4529 cap.
2096 4459 2181 4525 fl,
2217 4458 2498 4526 prandium
2551 4462 2983 4523 commemorat,
3014 4470 3074 4510 ac
3106 4457 3412 4528 describit,

1811 4553 1951 4621 quur]
2009 4551 2106 4605 sibi
2156 4550 2221 4603 ab
2256 4551 2464 4621 Agnete
2514 4548 2869 4614 instructum,
2902 4563 2966 4604 ac
2995 4550 3160 4605 variis
3189 4550 3413 4608 ﬂoribus

1734 4637 1793 4701 Ι)
1814 4654 1867 4700 et
1896 4643 2203 4707 frondibus,
2241 4641 2308 4697 ad
2336 4642 2573 4712 speciem
2608 4642 2748 4698 horti
2786 4641 3086 4710 viridantis,
3122 4644 3321 4713 pictum
3353 4654 3410 4701 et

1814 4749 2062 4796 ornatum
2093 4736 2271 4793 fuerat
2292 4777 2306 4799 ,
2334 4752 2399 4791 ex
2432 4736 2627 4805 quibus
2658 4736 2868 4791 illarum
2900 4751 3025 4806 erga
3057 4735 3410 4796 Fortunatam

1815 4832 2086 4902 diligentia
2120 4844 2182 4884 ac
2215 4828 2474 4883 sedulitas
2507 4826 2739 4896 perspici
2772 4834 2966 4896 potest.

1889 4925 1979 4981 59.
2019 4924 2146 4979 Haec
2178 4937 2305 4979 vero
2338 4923 2475 4977 inter
2514 4922 2635 4977 illos
2664 4932 2845 4977 mutua
2877 4921 3111 4977 cliariias
3141 4930 3195 4976 et
3222 4934 3412 4977 neces-

1816 5018 1994 5074 situdo
2025 5029 2207 5073 monet
2239 5026 2295 5071 ut
2325 5030 2627 5083 quaeramus
2654 5030 2761 5086 quo
2792 5015 2971 5070 oflicio
3002 5016 3267 5084 maxime,
3307 5031 3402 5071 seu

1817 5126 2073 5180 munere,
2125 5111 2264 5179 apud
2316 5110 2749 5181 rcligiosissimas
2801 5110 3029 5166 feminas
3084 5110 3413 5168 Fortunatus

1817 5206 2148 5277 fungeretur.
2178 5204 2285 5260 Sed
2313 5214 2438 5259 ante
2468 5204 2714 5273 quadam
2748 5206 2978 5260 notanda
3008 5213 3152 5260 sunt.
3188 5205 3265 5260 Ac
3296 5206 3405 5271 pri-

1817 5312 1963 5351 mum
1992 5296 2123 5350 illud
2154 5294 2545 5363 animadverto,
2581 5296 2853 5366 singulare
2880 5312 3094 5366 semper
3125 5296 3414 5367 Radegun-

1817 5392 1899 5448 dis
1930 5393 2164 5447 studium
2201 5391 2252 5445 in
2288 5390 2369 5444 liis
2397 5390 2640 5446 colendis
2665 5401 2721 5448 et
2745 5391 3024 5447 audiendis
3057 5392 3347 5459 exstitisse,
3382 5407 3412 5448 a

1819 5486 2012 5557 quibus
2054 5486 2118 5539 ad
2163 5485 2414 5553 pietatem
2455 5501 2518 5541 ac
2560 5488 2875 5557 religionem
2915 5488 3121 5543 institui
3156 5500 3408 5558 poterat:

1819 5593 1935 5648 qua:
1962 5619 1977 5643 ,
2024 5587 2080 5631 ut
2120 5576 2305 5630 scribit
2346 5575 2672 5631 Fortunatus
2712 5576 2765 5632 in
2807 5578 2923 5648 ejus
2957 5577 3107 5638 Viti.
3152 5595 3296 5633 nuru.
3332 5576 3410 5635 8:

1820 5672 1900 5725 Ad
1934 5673 2047 5737 ejus
2080 5671 2367 5739 Opittiatti'gtt
2399 5672 2441 5722 si
2468 5671 2581 5739 quis
2607 5687 2866 5723 servorum
2900 5670 2994 5723 Dei
3022 5672 3158 5725 visus
3192 5672 3368 5740 {uisset
3395 5712 3412 5738 ,

1818 5768 1893 5821 cci
1924 5783 2011 5837 per
2043 5784 2120 5829 so,
2154 5764 2230 5818 vel
2261 5778 2501 5830 comtus,
2535 5782 2799 5820 accurrere
2820 5808 2835 5832 ,
2868 5769 3059 5822 videres
3086 5770 3230 5821 illam
3261 5769 3410 5821 cwle-

1820 5860 1991 5912 lesicm
2020 5860 2204 5911 habere
2236 5859 2469 5911 herilium
2504 5898 2515 5912 .
2556 5900 2567 5912 .
2604 5899 2617 5911 .
2650 5862 2879 5931 sequenti
2910 5862 2991 5915 di:
3018 5879 3195 5915 curam
3224 5862 3413 5916 domus

1820 5951 2143 6007 conuuittens
2172 5950 2466 6006 crediiirriis
2491 5995 2507 6023 ,
2540 5952 2651 6024 ipsa
2678 5970 2732 6009 se
2763 5963 2921 6009 totum
2949 5954 3231 6027 occupabat
3256 5956 3419 6026 juxta
