4236 6548
738 406 809 465 59
1275 400 1788 459 PROLEGOMENA
1836 400 1927 453 AI)
1968 398 2295 453 V'ENANTII
2337 398 2494 452 HON.
2535 398 2740 453 CLEM.
2788 395 3183 453 FUR'I'L‘NATI
3224 399 3474 454 OPEIIA.
3950 398 4020 453 Ml

740 521 833 576 oiri
864 520 996 591 justi
1034 517 1181 573 verba
1220 518 1356 570 circa
1400 519 1581 570 salutis
1615 515 1876 578 instituta,
1909 520 1964 566 et
1992 513 2131 564 circa
2156 511 2327 579 adipi-
2354 514 2407 570 Α
2430 509 2768 564 retributioue
2810 511 3114 577 sempiterna
3155 512 3427 577 restituat,
3468 525 3558 581 qui
3596 510 3825 578 providet
3867 512 4022 565 auai-

740 614 939 668 scenda:
976 613 1090 665 vita:
1129 610 1343 663 caelestis
1369 610 1673 661 commercia
1702 606 2046 660 retentabatur
2074 620 2162 674 per
2188 604 2319 658 ilics.

740 706 915 775 Atque
960 704 1073 758 haec
1118 701 1186 758 de
1228 699 1596 771 Radt-gonde,
1647 698 1771 753 dum
1822 711 1884 752 ea
1932 696 1983 750 in
2031 695 2172 766 regia
2201 695 2324 749 aula

739 802 913 857 adhuc
940 799 1163 853 viveret.

813 891 903 947 60.
944 888 1144 944 Deinde
1183 888 1348 940 multa
1391 900 1500 954 jam
1548 892 1700 940 erant
1744 880 2097 938 Pictaviensis
2130 893 2323 935 mona-

744 986 897 1042 sterii
925 980 1419 1039 sanctimonialibus
1445 979 1657 1049 negotia
1687 975 1940 1048 gerenda,
1966 974 2084 1029 sive
2109 988 2227 1043 quae
2255 971 2323 1027 ad

746 1080 987 1153 privatas
1014 1090 1200 1132 earum
1233 1087 1390 1129 curas
1413 1078 1468 1126 et
1493 1070 1670 1125 officia
1698 1076 2036 1139 spectarent,
2068 1066 2181 1121 sive
2205 1078 2325 1134 qua:

744 1172 812 1227 ad
842 1169 1002 1225 totius
1028 1165 1339 1223 monasterii
1370 1178 1482 1219 rem
1512 1177 1574 1217 ac
1600 1170 1797 1217 statum
1827 1160 2188 1229 pertinerent,
2216 1156 2325 1227 qui-

748 1261 847 1317 bus
876 1259 926 1314 in
954 1254 1301 1329 procurandis
1314 1254 1533 1308 alterius
1558 1253 1645 1321 qui
1666 1259 1814 1307 extra
1837 1248 2147 1304 monasterii
2174 1256 2325 1317 septa

743 1355 949 1409 viveret
985 1350 1258 1421 diligentia
1295 1347 1702 1403 desiderabatur
1742 1360 1803 1400 ac
1843 1344 2002 1400 fides.
2054 1344 2164 1410 Ita,
2218 1356 2326 1412 quo

742 1460 905 1500 unum
937 1452 1026 1498 aut
1053 1442 1279 1496 alterum
1308 1438 1616 1508 exemplum
1647 1438 1949 1508 proferam,
1981 1444 2156 1492 exstat
2184 1434 2326 1505 apud

745 1540 968 1610 Gregor.
996 1538 1151 1601 'I‘urz,
1184 1535 1278 1592 lib.
1307 1551 1364 1590 ix
1398 1535 1600 1590 Hister.
1631 1534 1851 1599 Franc.,
1878 1548 1997 1603 cap.
2028 1531 2121 1599 42,
2150 1546 2327 1587 exem-

748 1632 864 1703 plar
890 1630 1132 1701 epistola;
1162 1644 1319 1698 quam
1350 1626 1695 1696 Radegundis
1734 1625 1899 1681 mittit
1936 1625 2003 1680 ad
2044 1624 2327 1694 episcopos

742 1724 947 1788 Galliae,
977 1738 1084 1793 quo
1114 1721 1327 1776 illorum
1360 1714 1715 1789 patrocinium
1743 1729 1799 1773 et
1823 1719 2201 1773 auctoritatem
2228 1716 2325 1771 ad-

746 1830 934 1873 versus
960 1830 1053 1871 eos
1079 1814 1170 1884 qui
1202 1812 1513 1869 monasterii
1546 1812 1894 1867 Pictaviensis
1918 1812 2039 1881 jura
2070 1810 2157 1866 vel
2172 1809 2327 1889 pana

2434 599 2561 653 lium
2603 601 2962 670 indigentibus.
3012 601 3215 667 Quibus
3259 618 3324 656 ex
3369 602 3546 656 verbis
3578 608 3753 671 potest
3795 601 4023 672 intelligi

2433 704 2540 759 quo
2569 691 2620 744 in
2653 691 2771 745 loco
2819 690 2866 744 is
2907 700 3054 745 esset
3093 692 3233 760 apud
3282 692 3697 761 Radegundem,
3744 700 3801 747 et
3838 692 4021 758 Agne-

2434 790 2575 847 tem,
2608 793 2662 838 et
2691 798 2809 851 quae
2844 783 3035 838 iisdem
3068 783 3248 838 ofﬁcia
3284 793 3586 853 praestaret.

2504 874 2598 931 62.
2641 876 2821 946 Atque
2861 877 3025 931 etiam
3068 892 3136 932 ex
3177 876 3463 931 itineribus
3502 884 3610 930 tam
3654 875 4026 946 frequentibus

2431 982 2552 1039 quae
2600 969 2957 1024 Fortunatam
3010 982 3105 1038 per
3151 967 3380 1024 Galliam
3431 966 3882 1038 Germaniamque
3930 967 4027 1021 ba-

2433 1061 2619 1117 buisse
2650 1061 3036 1131 comperimus,
3069 1060 3340 1130 conjicere
3382 1060 3506 1116 licet
3536 1061 3685 1130 plura
3726 1059 3793 1115 ad
3838 1073 4025 1114 mona-

2431 1157 2655 1213 sterium
2681 1157 3021 1213 Pictaviense
3049 1156 3348 1227 spectantia
3380 1155 3591 1225 negotia
3615 1168 3709 1224 per
3730 1153 3906 1221 ipsum
3937 1167 4026 1208 so—

2433 1250 2526 1306 lita
2556 1251 2804 1320 transigi.
2835 1249 2912 1305 Ita
2942 1248 3038 1304 lib.
3075 1264 3129 1303 xi
3149 1289 3163 1314 ,
3194 1264 3315 1319 cap.
3346 1246 3413 1302 27
3446 1256 3502 1304 et
3528 1246 3599 1303 38
3622 1291 3637 1315 ,
3680 1246 3927 1301 scribens
3956 1244 4025 1300 ad

2432 1347 2691 1415 Agnetem
2718 1352 2775 1399 et
2802 1342 3184 1414 Radegundem
3204 1383 3219 1409 ,
3248 1356 3345 1396 sua
3371 1341 3616 1412 quaedam
3644 1337 3838 1394 itinera
3866 1350 4027 1393 enar-

2433 1446 2547 1504 rat,
2584 1449 2815 1505 quorum
2858 1436 2912 1490 in
2944 1435 3116 1491 altero
3144 1434 3235 1489 diu
3268 1433 3505 1504 procella
3530 1433 3763 1503 jactatus
3804 1431 3986 1487 fuerat
4008 1470 4024 1495 ,

2433 1538 2579 1592 unde
2613 1536 2668 1590 in
2711 1548 2875 1605 grave
2912 1533 3038 1589 vita:
3080 1531 3389 1587 amittenda:
3427 1530 3718 1585 discrimen
3760 1535 4022 1590 venerat;

2442 1631 2503 1685 in
2536 1630 2708 1685 altero
2735 1642 2865 1683 vero
2896 1626 3129 1683 hiemale
3156 1626 3321 1696 frigus
3348 1638 3411 1678 ac
3440 1623 3658 1693 pruinas
3701 1634 3762 1677 se
3801 1634 4026 1689 perpes-

2435 1734 2554 1776 sum
2586 1720 2757 1775 fuisse
2784 1718 3075 1785 describit,
3106 1732 3228 1773 cum
3259 1718 3384 1771 nive
3416 1723 3473 1769 et
3496 1714 3671 1785 glacie
3700 1713 3809 1768 late
3836 1711 4020 1766 omnia

2436 1821 2771 1869 tenerentur.
2830 1815 3009 1881 Atque
3058 1812 3173 1880 ipse
3220 1809 3420 1865 indicat
3466 1807 3711 1879 quaedam
3768 1805 4027 1862 habuisse

746 1914 942 1969 laedere
975 1910 1270 1965 voluissent
1298 1906 1498 1976 aliquid
1530 1907 1860 1975 impetraret.
1891 1904 2026 1959 Item
2049 1944 2065 1968 ,
2094 1885 2212 1972 cap.
2240 1903 2331 1970 39,
2360 1885 2411 1947 Β
2435 1918 2556 1974 qua:
2594 1918 2835 1972 praesens
2875 1918 2996 1956 cum
3028 1901 3137 1956 illis
3166 1901 3434 1957 conferret
3454 1940 3469 1967 ,
3502 1914 3603 1956 nec
3631 1908 3745 1955 tum
3774 1898 4024 1969 epistola:

747 2007 940 2077 legitur
977 2003 1245 2074 quoddam
1284 2001 1606 2070 rescriptum
1637 2000 2012 2069 episcoporum
2054 1999 2120 2051 ad
2154 1998 2332 2054 Rade-
2434 1994 2831 2059 committeret,
2866 1993 2931 2048 iis
2956 1993 3135 2048 verbis
3165 2012 3177 2046 ε

748 2097 1001 2170 gundem,
1025 2095 1079 2149 in
1110 2108 1216 2165 quo
1235 2092 1491 2147 moniales
1523 2091 1627 2146 illa
1657 2090 1925 2147 leriuutur
1953 2088 2329 2155 anathemate,

747 2209 865 2264 quae
894 2207 1124 2261 unquam
1154 2206 1185 2246 e
1215 2187 1537 2244 monasterio
1568 2185 1750 2256 egredi
1780 2192 1871 2240 aut
1899 2185 2105 2239 nubere
2129 2181 2331 2239 voluis-

748 2295 886 2340 sent.
922 2283 1044 2337 Haec
1073 2283 1285 2351 itaque,
1318 2290 1371 2336 et
1415 2280 1467 2333 id
1511 2294 1681 2349 genus
1712 2277 1813 2331 alia
1836 2317 1852 2343 ,
1883 2291 2029 2346 saepe
2056 2289 2179 2330 cum
2210 2274 2330 2343 epi-

746 2373 954 2441 scOpis,
984 2381 1075 2426 aut
1103 2370 1351 2441 regibus,
1382 2376 1437 2424 et
1464 2368 1585 2422 aliis
1617 2365 1949 2436 principibus
1980 2364 2141 2431 viris,
2178 2378 2331 2419 com-

747 2463 1064 2522 municanda
1089 2506 1104 2533 ,
1135 2472 1189 2519 et
1217 2476 1312 2531 per
1342 2461 1487 2531 ipsos
1518 2458 1785 2515 interdum
1825 2456 2163 2527 transigenda
2184 2499 2199 2523 ,
2230 2456 2329 2511 ali-

747 2574 927 2630 quem,
953 2564 1297 2626 praestantem
1331 2553 1562 2608 consilio
1590 2551 1920 2621 solertiaque
1948 2549 2123 2605 virum
2152 2549 2330 2620 requi-

745 2654 954 2719 rebant,
980 2650 1068 2721 qui
1098 2650 1284 2705 eadem
1314 2656 1526 2718 gereret
1549 2660 1614 2701 ac
1645 2651 1978 2717 procuraret.

784 2738 911 2799 ‘Gl.
952 2744 1085 2811 Quae
1123 2756 1245 2797 cum
1285 2743 1359 2795 ita
1389 2739 1537 2805 sint,
1578 2738 1707 2793 illud
1747 2738 1877 2793 mihi
1925 2737 2111 2792 videor
2157 2748 2329 2807 primo

747 2822 1018 2895 affirmare
1071 2849 1233 2907 posse
1302 2831 1681 2903 Radegundem
1730 2840 1784 2887 et
1836 2832 2094 2900 Agnetem
2167 2828 2329 2883 totius

749 2935 873 2990 vitae
904 2930 1296 2987 moderatorem
1332 2941 1393 2981 ac
1423 2934 1809 2996 praceptorem
1843 2922 2192 2979 Fortunatam
2233 2920 2328 2976 ba-

747 3029 927 3085 buisse
952 3068 967 3093 ,
1004 3025 1155 3095 cujus
1188 3022 1392 3095 judicio
1432 3030 1591 3091 atque
1635 3018 1862 3073 consilio
1902 3032 2023 3073 cum
2066 3017 2120 3072 in
2167 3017 2327 3072 rebus

744 3120 856 3176 suis
896 3117 1116 3190 privatis
1158 3112 1494 3184 dirigendis,
1540 3121 1649 3165 tum
1694 3110 2004 3165 monasterii
2049 3108 2209 3163 totius
2249 3108 2328 3162 di-

749 3214 971 3284 sciplina
1005 3209 1350 3281 temperanda
1382 3217 1684 3263 uterentur.
1716 3204 1868 3272 Quod
1900 3218 2032 3260 sane
2072 3212 2127 3258 et
2166 3211 2327 3257 tanta:

748 3306 1164 3367 necessitudini,
1195 3310 1448 3372 quautam
1496 3299 1635 3354 inter
1677 3298 1851 3367 ipsum
1894 3305 1949 3351 et
1993 3294 2115 3350 illas
2161 3294 2325 3348 inter-

748 3400 915 3456 fuisse
957 3398 1322 3459 ostendimus,
1367 3403 1786 3449 consentaneum
1834 3388 2069 3455 videtur,
2107 3394 2162 3442 et
2190 3385 2326 3441 For-

752 3494 917 3550 tunati
950 3488 1232 3560 religioni,
1262 3488 1553 3552 doctrinae,
1588 3483 1886 3554 prudentiae
1913 3499 1928 3547 ;
1961 3481 2120 3551 idque
2152 3479 2328 3534 Rade-

747 3588 942 3662 gundis
971 3586 1058 3641 illa
1090 3593 1211 3640 vota
1240 3581 1405 3638 fuisse
1432 3581 1585 3636 facile
1614 3580 1836 3634 dixerim
1857 3620 1873 3646 ,
1901 3577 2092 3649 quibus
2118 3575 2330 3631 Venan-

749 3688 856 3742 tius
887 3685 999 3754 ipse
1040 3696 1099 3737 se
1139 3680 1410 3734 mthwsisse
1451 3681 1666 3741 latetur,
1711 3674 1995 3743 quominus
2026 3670 2091 3724 ad
2123 3684 2249 3725 suos
2274 3669 2327 3723 in

752 3781 959 3836 Italiam
1008 3776 1406 3846 regrederetur.
1462 3776 1636 3839 Atque
1682 3769 1841 3825 etiam
1890 3767 2083 3823 adsunt
2134 3766 2325 3822 indicia

753 3874 924 3943 aliqua
957 3886 1021 3927 ex
1057 3867 1271 3937 scriptis
1303 3865 1581 3921 Fortunati
1612 3877 1731 3933 quae
1776 3862 1877 3915 hoc
1920 3860 2092 3929 ipsum
2124 3859 2326 3914 confir-

700 4015 704 4018 .
751 3977 919 4025 ment.
958 3965 1030 4020 Ita
1074 3964 1167 4019 lib.
1206 3980 1294 4026 λι,
1329 3976 1443 4026 σειν.
1477 3960 1543 4022 4,
1578 3969 1762 4012 aucmr
1803 3964 1886 4011 est
1930 3952 2239 4024 Radegundi
2271 3962 2327 4008 ut

691 4061 693 4063 ’
753 4061 818 4114 ad
850 4056 1186 4112 stomachum
1234 4050 1688 4108 corroborandum
1720 4063 1781 4102 ac
1815 4048 2163 4102 recreandum
2214 4046 2324 4101 viui

754 4150 953 4221 aliquid
992 4154 1267 4210 sumeret,
1311 4142 1591 4214 proferens
1639 4139 1879 4210 ApoStoli
1919 4137 2220 4207 exemplum
2272 4147 2326 4192 et

750 4245 1160 4307 auctoritatem,
1197 4236 1483 4294 Timotheo
1516 4236 1581 4290 ad
1626 4237 1798 4304 ipsum
1829 4230 2120 4287 suadentis.
2156 4230 2284 4287 Item
2306 4273 2321 4299 ,

749 4354 866 4406 cap.
913 4337 970 4403 7,
1017 4336 1081 4389 ad
1128 4333 1385 4401 Agneteni
1430 4327 1700 4391 scribens,
1743 4334 1895 4396 rogat
1939 4332 1997 4379 ut
2037 4324 2177 4393 quod
2208 4324 2324 4393 ipse

748 4427 1063 4499 obsequium
1096 4440 1189 4480 seu
1220 4422 1525 4493 famulatum
1554 4418 1747 4472 absens
1778 4415 2089 4485 Itadegundi
2118 4415 2324 4484 impen-

751 4527 883 4580 dete
906 4538 1010 4576 non
1040 4528 1281 4591 poterat,
1309 4530 1403 4586 pro
1431 4531 1489 4570 se
1516 4516 1628 4584 ipsa
1659 4520 1955 4584 praestaret.
1989 4510 2132 4565 Idem
2153 4549 2167 4574 ,
2201 4524 2319 4579 cap.

2525 2086 2640 2136 Post
2655 2084 2920 2136 referenda
2938 2084 3082 2135 simul
3108 2087 3355 2134 murmura
3378 2084 3527 2133 corde
3551 2088 3686 2145 tego.

2508 2170 2641 2225 Item
2672 2169 2764 2225 lib.
2794 2184 2863 2234 vt,
2895 2183 3014 2239 cap.
3050 2167 3135 2233 10,
3165 2182 3287 2222 cum
3311 2166 3494 2222 Mettin
3524 2167 3866 2233 accessisset,
3900 2181 4023 2221 nar-

2433 2270 2517 2316 rat
2558 2262 2771 2317 lintrem
2803 2275 2910 2329 quo
2938 2259 3233 2315 vehebatur
3256 2274 3285 2311 a
3342 2259 3489 2329 regio
3516 2273 3691 2329 coquo
3719 2257 3822 2313 sibi
3851 2257 4022 2313 fuisse

2432 2356 2719 2413 abductum
2743 2372 2759 2422 ;
2783 2370 3011 2425 cumque
3037 2356 3271 2410 venisset
3298 2353 3641 2419 Naociacum,
3673 2353 3758 2408 vel
3780 2352 4023 2417 Narium,

2432 2463 2463 2503 a
2502 2449 2764 2520 Sigiberto
2786 2464 2911 2519 rege
2937 2446 3327 2518 perliberaliter
3361 2457 3673 2517 exceptum,
3702 2459 3914 2501 necnon
3958 2446 4028 2501 ab

2431 2540 2547 2610 ejus
2577 2540 2833 2596 ministris
2863 2539 3066 2609 Papulo
3112 2546 3168 2595 et
3191 2538 3429 2608 Gogone,
3462 2555 3586 2594 cum
3636 2539 3875 2605 lintrem,
3908 2546 4023 2594 tum

2432 2642 2660 2688 caeteras
2684 2633 2867 2702 copias
2892 2630 2960 2685 ad
2989 2630 3092 2686 iter
3117 2644 3273 2686 suum
3307 2630 3742 2701 prosequendum
3773 2645 4027 2687 necessa-

2438 2722 2571 2790 rias,
2600 2721 2766 2777 refert
2812 2736 2871 2777 se
2900 2722 3193 2792 accepisse.
3217 2719 3383 2785 Idem,
3418 2720 3512 2777 lib.
3546 2736 3603 2791 ι,
3635 2735 3755 2791 cap.
3786 2721 3875 2791 10,
3923 2722 4026 2779 iter

2432 2832 2586 2873 suum
2606 2857 2622 2882 ,
2646 2816 2788 2871 aliud
2804 2816 2945 2885 quod
2968 2816 3107 2870 circa
3134 2816 3380 2871 Rhenum
3404 2823 3461 2871 et
3482 2816 3758 2872 Mosellam
3780 2818 4028 2875 coniece-

2431 2917 2538 2977 rat,
2562 2908 2814 2963 describit
2830 2922 2953 2963 cum
2972 2907 3187 2976 quidem
3211 2910 3372 2979 regis:
3385 2908 3589 2977 domui,
3612 2908 3665 2965 id
3681 2919 3785 2977 est,
3810 2910 4029 2967 Cbilde-

2431 2996 2587 3053 berto
2614 3007 2667 3052 et
2718 2996 2834 3067 ejus
2864 2999 3020 3052 matri
3064 2998 3390 3053 Brunichildi
3420 3000 3611 3055 obvius
3638 3002 3829 3068 factus,
3858 3013 3915 3057 et
3952 3004 4024 3059 ab

2432 3090 2563 3159 ipsis
2614 3097 2875 3155 retentus,
2928 3098 2983 3144 et
3006 3098 3263 3159 exceptus
3312 3090 3737 3160 perhumaniter,
3800 3093 4021 3149 eosdem

2432 3184 2646 3252 deinde,
2706 3184 2853 3255 regia
2909 3198 3101 3254 pompa
3155 3194 3208 3238 et
3263 3193 3518 3253 apparatu
3576 3186 3677 3240 iter
3731 3187 4022 3253 facientes,

2352 3251 2623 3335 cfuisset
2676 3251 3234 3349 prosecutum—Haud
3294 3251 3644 3335 iuverisimile
3700 3280 3883 3353 itaque
3940 3251 4027 3339 est

2432 3373 2784 3430 Fortunatam
2817 3373 3003 3427 istbtec
3037 3372 3176 3439 loca,
3207 3387 3313 3428 non
3347 3382 3453 3427 tam
3486 3373 3661 3428 solatii
3714 3375 3799 3430 sui
3828 3390 4017 3444 causa,

2431 3476 2525 3522 aut
2550 3467 2738 3537 privati
2782 3467 3001 3536 negotii,
3032 3467 3249 3533 adiisse,
3279 3466 3374 3522 sed
3405 3476 3464 3521 ut
3516 3482 3700 3523 earum
3754 3468 4023 3525 voluntati

2430 3576 2493 3616 ac
2522 3558 2888 3626 sollicitudini,
2922 3559 3117 3630 quibus
3160 3574 3220 3616 se
3267 3567 3323 3615 et
3352 3574 3573 3630 Operam
3599 3577 3755 3617 suam
3800 3562 4025 3619 addixe-

2432 3662 2535 3719 rat,
2562 3650 2918 3706 satisfaceret.

2502 3746 2592 3801 (εὖ.
2622 3746 2697 3800 Ex
2730 3745 2879 3801 hisce
2901 3756 3076 3801 autem
3103 3744 3381 3799 itineribus
3419 3746 3779 3818 (quaecunque
3801 3747 4022 3825 tandem

2429 3853 2612 3895 eorum
2664 3838 3121 3907 suscipiendorum
3177 3852 3336 3894 causa
3378 3846 3434 3893 ct
3490 3837 3626 3894 ratio
3684 3838 3867 3909 fuerit)
3927 3855 4026 3909 per

2431 3946 2675 4001 magnam
2710 3934 2825 4001 ipse
2854 3940 3041 3985 nactus
3067 3929 3521 3999 opportunitatem
3558 3940 3639 3986 est
3676 3931 4023 4001 percelebres

2429 4024 2615 4080 Gallize
2641 4040 2702 4078 ac
2748 4022 3046 4078 Germaniae
3087 4024 3369 4092 episc0pos
3410 4023 3662 4093 adeundi,
3715 4034 3771 4080 et
3817 4040 4019 4097 cogno-

2428 4118 2610 4177 scendi
2664 4106 2975 4187 quibuscum
3006 4115 3333 4171 amicissima
3383 4117 3756 4172 benevolentia
3787 4118 4018 4189 conjun-

2428 4220 2547 4267 ctus
2585 4210 2749 4265 fuisse
2776 4224 2839 4264 ex
2866 4207 3105 4278 ejusdem
3128 4207 3453 4262 carminibus
3485 4209 3689 4278 passim
3712 4209 4019 4279 deprehen-

2430 4306 2588 4361 ditur.
2616 4306 2789 4374 Atque
2815 4312 2870 4358 ut
2899 4319 2964 4359 ex
3002 4303 3064 4358 iis
3094 4302 3384 4357 nonnullos
3408 4316 3856 4371 commemorem,
3881 4320 4021 4375 quo-

2429 4414 2545 4453 rum
2578 4413 2643 4453 ex
2671 4395 2903 4452 amicitia
2926 4402 2980 4450 et
3032 4394 3421 4450 consuetudine
3467 4408 3573 4449 non
3604 4395 3839 4465 vulgaris
3868 4410 4021 4452 com-

2428 4491 2698 4547 mendatio
2725 4487 3045 4545 innocentia:
3088 4502 3150 4543 ac
3178 4487 3390 4543 virtutis
3424 4487 3705 4544 Fortunati
3733 4492 3873 4547 sumi
3922 4506 4021 4563 po-

750 4621 782 4674 8
804 4660 817 4681 ,
873 4580 1067 4685 gratias
1120 4612 1229 4682 agit
1268 4580 1463 4678 'A-gneti
1509 4580 1673 4677 q-uod‘
1699 4604 2019 4660 monialibus
2064 4602 2281 4672 epulum
2303 4642 2317 4667 ,
2352 4623 2409 4686 Β
2435 4581 3148 4686 ιθδίν.⁵³·ηθίυδ.ϐθτωθίξυδν
3183 4580 3465 4686 θρίξεορυε
3511 4580 4012 4686 Ρθΐίξὶθηδίδ’-ΡΪ⁰’

757 4718 942 4779 rogatu
970 4719 1098 4770 suo,
1128 4701 1471 4765 indulsisset,
1499 4710 1551 4753 et
1582 4706 1728 4768 optat
1756 4696 1823 4751 ad
1852 4704 2184 4760 extremum,
2212 4708 2319 4765 quo

754 4805 933 4874 Agnes
973 4807 1028 4854 et
1072 4793 1407 4866 ltadegundis
1449 4791 1538 4847 diu
1580 4798 1763 4845 essent
1812 4787 2126 4857 superstites
2151 4831 2165 4854 ,
2216 4801 2323 4857 quo

750 4908 931 4951 earum
957 4896 1120 4961 freno,
1149 4904 1243 4943 seu
1273 4887 1610 4949 auctoritate,
1637 4880 1992 4937 Pictaviensis
2014 4878 2322 4935 monasterii

745 4997 915 5044 status
936 5028 952 5054 ,
985 4986 1099 5039 sive
1142 4980 1417 5049 disciplina
1438 5020 1455 5045 ,
1500 4977 1589 5031 diu
1637 4974 1857 5031 ﬂoreret
1884 4989 1947 5029 ac
1977 4983 2141 5029 staret
2172 4971 2318 5027 inco—

753 5082 934 5136 lumis.
990 5078 1297 5140 Postremo,
1342 5072 1433 5127 lib.
1481 5086 1611 5133 Vill,
1662 5085 1779 5139 cap.
1831 5068 1919 5133 17,
1970 5066 2211 5123 scribens
2257 5065 2323 5120 ad

749 5175 973 5245 Gregor.
998 5170 1221 5232 Turon.,
1245 5182 1365 5222 cum
1389 5179 1551 5235 grave
1579 5162 1887 5218 scandalum
1917 5160 1982 5215 ad
2011 5158 2321 5223 dissidium,

754 5275 873 5338 post
921 5262 1124 5319 obitum
1164 5269 1361 5314 sanctae
1400 5254 1779 5326 Radegundis,
1823 5254 1874 5307 in
1914 5252 2102 5307 eodem
2147 5252 2323 5305 Picta-

756 5357 924 5413 viensi
953 5351 1277 5410 monasterio
1303 5348 1591 5405 excitatum
1625 5347 1808 5401 fuisset
1830 5388 1846 5413 ,
1890 5344 2064 5400 eidem
2110 5358 2324 5399 causam

756 5448 1039 5504 abbatissae
1076 5442 1412 5499 commendat
1452 5441 1531 5493 his
1570 5438 1745 5494 verbis
1783 5456 1791 5490 :
1850 5437 2046 5492 Memor
2085 5438 2151 5490 sis
2190 5454 2326 5491 cont-

751 5538 1087 5595 meudationis
1125 5535 1281 5588 beata:
1318 5534 1519 5587 domum
1559 5546 1680 5585 meae
1710 5531 1863 5598 ﬁliae,
1894 5530 1971 5584 vel
2004 5532 2115 5603 jam
2148 5532 2326 5584 matris

742 5645 923 5690 castris
944 5674 958 5698 ,
991 5634 1191 5685 domum
1223 5627 1551 5697 liadegunda:
1571 5664 1586 5688 ,
1622 5640 1713 5691 pro
1744 5624 1842 5677 loci
1869 5625 1986 5692 sui,
2020 5624 2094 5676 vel
2150 5640 2325 5690 perso-

754 5745 863 5797 nae,
898 5728 1149 5796 totiusque
1177 5724 1395 5793 regulw,
1427 5719 1700 5775 stabilitate
1727 5718 1860 5788 quod
1907 5717 2083 5788 petiit,
2126 5726 2172 5770 et
2214 5733 2325 5770 ver-

748 5824 928 5879 borum
960 5818 1033 5872 vel
1062 5818 1308 5871 uiscerum
1339 5814 1705 5885 supplicatione
1762 5811 2043 5876 commisit,
2086 5811 2158 5865 ita
2192 5827 2325 5879 pra:-

746 5914 950 5988 cipiatis
989 5908 1378 5985 infatigabilitcr
1412 5908 1647 5962 laborare
1668 5947 1682 5973 ,
1714 5907 1932 5978 qualiter
1971 5907 2077 5977 ipse
2109 5906 2243 5959 vobis
2276 5908 2327 5961 in

2432 4676 2747 4747 pensissima
2801 4676 2850 4729 in
2901 4674 3149 4730 eumdem
3204 4674 3477 4730 voluntate
3533 4689 3596 4731 ac
3645 4675 4018 4733 benevolentia

2426 4768 2649 4834 exstitit,
2682 4775 2741 4822 ut
2782 4776 2990 4823 constat
3040 4766 3176 4822 inter
3206 4774 3398 4822 caetera
3436 4783 3499 4821 ex
3534 4768 3627 4823 lib.
3660 4783 3777 4834 vm,
3808 4784 3927 4839 cap.
3962 4771 4015 4836 2,

2426 4860 2528 4931 Op.
2560 4858 2870 4925 Fortunati,
2905 4859 3139 4929 quicum
3170 4858 3234 4913 ad
3264 4858 3511 4916 eumdem
3541 4860 3811 4929 proficisci
3833 4862 4018 4929 vellet,

2426 4966 2480 5012 et
2508 4971 2536 5009 a
2568 4954 2890 5024 Radegunde
2914 4953 3251 5019 retineretur,
3304 4952 3417 5007 haec
3449 4953 3618 5024 inquit
3644 4970 3657 5007 :

2521 5049 2599 5099 Me
2624 5054 2762 5096 vocat
2782 5046 2895 5096 inde
2916 5055 3074 5107 pater,
3102 5045 3297 5095 radians
3323 5044 3597 5094 Germanus
3616 5046 3663 5093 in
3686 5044 3829 5109 orbe,

2582 5110 2707 5159 Hinc
2732 5112 2918 5157 retinet
2941 5116 3122 5168 mater,
3151 5120 3229 5156 me
3254 5114 3392 5156 vocat
3417 5109 3529 5155 inde
3550 5115 3709 5168 pater.

2520 5172 2683 5223 Dulcis
2707 5181 2920 5231 uterque
2945 5170 3081 5231 mihi,
3117 5178 3227 5231 vote
3245 5168 3576 5230 amplectente
3600 5169 3827 5230 cohaesit;

2585 5234 2767 5284 Plenus
2792 5230 2959 5281 amore
2987 5230 3100 5292 Dei,
3125 5230 3281 5280 dulcis
3305 5238 3518 5294 uterque
3535 5230 3672 5281 mihi.

2502 5340 2597 5397 IIic
2619 5341 2705 5396 ille
2734 5339 2831 5394 iuit
2874 5337 3170 5393 Germanus
3198 5352 3227 5391 a
3275 5351 3381 5407 quo
3410 5338 3608 5407 Agnes,
3660 5333 4011 5399 Pictaviensis

2432 5432 2743 5491 monasterii
2801 5431 3093 5495 abbatissa,
3150 5438 3462 5485 consecrata
3516 5438 3617 5495 est,
3677 5436 3735 5483 ut
3799 5438 4016 5486 constat

2430 5544 2493 5584 ex
2524 5526 2829 5583 testimonio
2857 5523 3196 5595 Radegundis
3224 5525 3364 5593 apud
3387 5521 3609 5593 Gregor.
3662 5520 3892 5590 Turon.,
3920 5523 4012 5581 lib.

2432 5638 2505 5688 ιχ,
2537 5635 2653 5691 cap.
2683 5620 2773 5686 4‘2,
2804 5636 2869 5675 ex
2899 5633 3003 5689 quo
3030 5615 3252 5687 intelligi
3285 5624 3464 5686 potest
3492 5630 3737 5687 magnam
3772 5614 3899 5673 inde
3923 5633 4019 5675 ne-

2430 5716 2769 5773 cessitudinis
2798 5728 2861 5768 ac
2888 5710 3271 5769 benevolentia
3300 5725 3513 5768 causam
3540 5710 3624 5768 vel
3668 5725 3790 5768 cum
3822 5710 4017 5769 [ἴοι-ιυ-

2432 5823 2555 5865 nato
2613 5808 2933 5862 interfuisse.

2504 5901 2589 5961 61.
2624 5900 2788 5958 Felici
2816 5900 2998 5961 etiam.
3053 5901 3304 5971 episcopo
3346 5897 3715 5971 Namnetensi,
3750 5899 3868 5957 viro
3892 5914 4014 5959 cum
