4236 6590
246 412 291 465 ti
1419 401 1577 461 VITA
1617 399 1948 459 VENANTII
1987 398 2406 460 FOR’l‘iiNATi.
3458 407 3529 463 42

237 524 507 580 nobilitate
561 520 774 591 generis
805 561 821 587 ,
881 528 989 574 tum
1037 518 1233 574 virtute
1282 518 1446 573 animi
1504 517 1817 588 conspicuo,
1848 519 2525 586 Asteritatisjacuissent.
2574 516 2769 585 Quanti
2824 531 2953 573 vero
2985 513 3272 587 Gregorius
3323 520 3530 579 faceret

236 610 484 688 acceptus
510 618 562 672 in
595 616 780 685 primis
806 629 869 669 ac
906 614 1176 684 jucundus
1206 614 1301 667 fuit
1336 632 1347 666 :
1390 612 1552 683 idque
1586 612 1828 667 indicant

235 711 428 780 scripta
460 710 521 762 ad
549 708 694 762 illum
724 707 1001 761 Fortunati
1026 706 1287 769 carmina,
1331 714 1385 759 et
1414 704 1554 759 illius
1586 704 1651 758 ad
1686 704 1829 759 hunc

236 805 426 857 littera:
475 818 608 873 quas
651 801 828 871 legere
857 807 939 853 est
965 798 998 853 l.
1035 814 1110 863 in,
1140 812 1257 865 cap.
1293 794 1346 862 lt,
1394 794 1427 848 5
1451 805 1505 852 et
1538 810 1651 865 seq.
1686 796 1829 849 Idem

242 896 378 965 apud
404 894 708 959 Leontium,
739 892 1045 961 episcopum
1091 888 1545 958 Burdigalensem,
1575 898 1627 942 et
1658 885 1833 941 Placi-

243 989 445 1052 dinam,
469 985 584 1055 ejus
606 985 734 1039 olim
767 997 1011 1049 uxorem,
1063 982 1341 1035 mulierem
1396 994 1460 1034 ex
1488 977 1831 1047 imperatoria

240 1078 463 1146 familia,
524 1077 579 1131 in
636 1076 825 1147 piimis
878 1089 1006 1127 vero
1063 1071 1345 1142 singularis
1406 1072 1620 1141 pietatis
1676 1070 1830 1124 laude

237 1182 581 1244 pmstantem
611 1212 625 1237 ,
658 1185 762 1225 non
812 1170 1055 1224 intimum
1087 1168 1261 1222 locum
1307 1168 1476 1221 tenuit
1506 1166 1834 1221 benevolen-

242 1270 326 1322 tia:
356 1278 409 1323 et
435 1266 643 1337 gratiae,
671 1277 727 1321 ut
755 1274 937 1334 aperte
964 1271 1228 1318 testantur
1251 1276 1419 1316 carm.
1448 1259 1533 1324 15,
1565 1260 1631 1313 16
1657 1270 1711 1315 et
1742 1261 1829 1329 17,

239 1361 271 1415 l.
304 1377 340 1415 ι.
363 1360 524 1416 Libro
549 1376 677 1415 vero
702 1374 774 1422 tv,
806 1373 925 1426 cap.
954 1357 1044 1421 10,
1078 1364 1255 1411 exstat
1304 1371 1516 1423 poema,
1556 1355 1698 1426 quod
1722 1355 1835 1424 ipse

239 1454 455 1525 scripsit
485 1456 535 1509 in
570 1455 728 1509 funus
759 1453 997 1523 ejusdem
1030 1451 1257 1514 Leontii,
1286 1450 1337 1504 in
1377 1466 1482 1521 quo
1535 1450 1703 1519 ipsius
1744 1463 1837 1520 ge-

240 1552 383 1603 neris
407 1549 691 1613 nobilitati,
724 1563 787 1602 ae
818 1546 1024 1610 virtuti,
1048 1554 1102 1600 et
1130 1545 1180 1598 in
1205 1560 1420 1617 gregem
1452 1559 1606 1599 suum
1633 1543 1837 1598 seduli-

244 1643 356 1705 tati,
408 1654 516 1696 tum
568 1642 709 1707 apud
764 1655 918 1711 reges
965 1638 1269 1696 auctoritati
1325 1648 1378 1693 et
1436 1638 1619 1709 gratia:
1674 1636 1837 1693 refert

240 1730 509 1802 egregium
544 1731 929 1785 testimonium.

306 1824 396 1880 ϐε.
431 1823 564 1891 Quid
614 1838 740 1879 vero
772 1822 839 1877 de
891 1820 1201 1891 Euphronio
1230 1819 1429 1885 dicam,
1460 1817 1702 1873 antistite
1731 1816 1839 1872 Tu-

240 1917 502 1972 ronensi?
534 1914 658 1986 quid
688 1916 753 1969 de
785 1914 1012 1981 Nicetio,
1038 1915 1293 1984 episcopo
1335 1910 1668 1977 Trevirensi,
1720 1918 1831 1974 aut,
1866 1894 1913 1952 Β

240 2012 327 2080 qni
364 2010 511 2064 illum
555 2008 785 2077 excepit,
830 2007 1171 2077 Magnerico?
1201 2007 1265 2060 ad
1314 2021 1448 2076 quos
1475 2003 1715 2073 singulos
1741 2017 1836 2055 ex-

237 2110 381 2155 stant
413 2102 626 2168 scripta:
656 2100 930 2154 Fortttnati
962 2099 1223 2167 epistolte,
1266 2112 1359 2151 seu
1388 2096 1643 2159 carmina,
1678 2094 1714 2149 1.
1746 2092 1834 2160 Ill,

244 2207 399 2261 capp.
431 2195 483 2257 1,
516 2190 573 2255 2,
605 2190 659 2256 5,
690 2190 777 2256 11,
810 2191 877 2244 19
931 2198 983 2243 et
1012 2190 1096 2244 15.
1124 2188 1234 2243 Nec
1264 2203 1391 2243 vero
1440 2184 1837 2257 praztereundus

236 2295 453 2340 sanctus
486 2284 765 2345 Martinus,
816 2282 1056 2336 Gallicice
1084 2282 1387 2351 episcopus,
1421 2279 1509 2333 ille
1553 2279 1641 2348 qui
1695 2276 1836 2333 Sue-

245 2394 363 2445 vos,
428 2378 666 2434 Gallicis:
699 2375 926 2441 incolas,
981 2390 1010 2429 a
1065 2387 1284 2445 paterna
1344 2372 1719 2442 superstitione
1771 2368 1838 2423 ad

239 2471 603 2525 Christianam
644 2470 953 2539 religionem
986 2466 1409 2537 amplectendam
1458 2464 1740 2530 convertit,
1772 2462 1839 2516 ad

237 2578 397 2634 quem
453 2563 580 2617 item
633 2561 958 2616 Fortunatus
1019 2558 1301 2629 epistolam
1332 2556 1563 2627 scripsit,
1628 2554 1838 2623 plenam

238 2654 553 2709 amicissimi
582 2653 860 2718 desiderii,
906 2662 961 2707 et
984 2666 1197 2723 poema,
1232 2649 1286 2704 in
1313 2664 1417 2717 quo
1461 2646 1702 2717 ejusdem
1736 2647 1840 2701 vir-

240 2758 421 2811 tutes,
468 2755 521 2800 ct
573 2761 698 2817 erga
753 2760 969 2816 gregem
1024 2759 1176 2798 suutn
1234 2741 1423 2798 merita
1474 2740 1836 2797 commendat.

236 2839 415 2895 Habes
443 2838 530 2892 illa
569 2838 607 2891 1.
638 2852 690 2905 v,
723 2853 773 2892 (τ.
804 2836 829 2889 1
864 2834 990 2891 et2.

308 2928 400 2982 66.
438 2927 727 2982 Addendus
758 2927 839 2980 his
878 2925 1087 2993 Avitus,
1140 2928 1421 2994 episcopus
1455 2922 1837 2987 Arvernensis,

237 3035 267 3075 a
298 3035 408 3089 quo
440 3018 668 3088 Gregor.
701 3017 904 3073 Turon.
937 2999 1003 3071 ad
1031 3017 1265 3071 studium
1318 3016 1614 3069 divinarum
1650 3028 1833 3068 rerum

234 3130 295 3168 se
326 3113 626 3169 excitatum
660 3112 825 3166 fuisse
879 3126 941 3166 ac
973 3120 1321 3182 provocatum
1350 3116 1741 3163 commemorat
1783 3108 1833 3159 in

233 3208 376 3263 libro
395 3206 464 3261 tle
492 3206 623 3261 Vitis
643 3206 878 3271 Patrum,
903 3220 1020 3273 cap.
1039 3202 1093 3256 2.
1122 3204 1168 3258 Is
1196 3204 1355 3272 igitur
1380 3203 1429 3258 in
1456 3202 1638 3271 primis
1657 3198 1841 3253 dilexit

240 3300 620 3365 Fortunatum,
652 3298 727 3353 uti
754 3298 865 3368 jam
892 3296 1175 3367 conjuncta
1202 3297 1412 3366 utrique
1434 3310 1553 3349 cum
1574 3292 1832 3363 Gregorio

234 3393 588 3449 necessitudo
612 3393 910 3463 efﬂagitare
946 3392 1246 3448 videbatur.
1281 3392 1446 3445 Porro
1470 3403 1591 3443 cum
1626 3388 1833 3455 Avitus,

232 3499 396 3539 sacro
421 3484 769 3540 Pentecostes
791 3478 895 3548 die,
923 3485 1201 3554 plusquam
1227 3484 1554 3553 quingentos
1579 3482 1834 3536 Hebrteos

238 3582 305 3636 ad
342 3580 625 3637 Christum
687 3579 1059 3645 convertisset,
1093 3577 1197 3633 hoc
1224 3578 1339 3648 ejus
1371 3576 1589 3640 factum,
1634 3577 1839 3646 prolixo

232 3678 503 3741 carmine,
565 3684 881 3743 prosecutus
928 3684 1010 3729 est
1040 3672 1385 3740 Fortunatus,
1443 3671 1683 3742 Gregorii
1719 3671 1839 3725 hor-

235 3778 374 3824 tatu.

316 3861 419 3915 67.
452 3860 560 3916 Sed
592 3875 659 3916 ne
708 3860 948 3932 singulos
979 3873 1422 3923 commemorem,
1455 3857 1544 3927 qui
1579 3855 1842 3910 Fortuna-

240 3965 357 4009 tum
394 3954 771 4010 benevolentia
821 3962 876 4009 et
924 3949 1112 4009 ofliciis
1166 3950 1515 4006 humanitatis
1571 3947 1841 4018 complexi

230 4047 405 4104 fuisse
431 4046 929 4117 deprehenduntur,
989 4047 1058 4100 sit
1083 4059 1218 4099 unus
1256 4058 1352 4113 pro
1397 4040 1646 4096 omnibus
1676 4040 1743 4106 is,
1774 4040 1843 4095 de

228 4157 342 4213 quo
370 4156 540 4212 supra
570 4141 897 4197 mentionem
942 4137 1185 4201 fecimus,
1218 4134 1525 4205 Gregorius,
1559 4134 1841 4188 Turonen-

228 4238 308 4292 sis
357 4235 615 4299 antistes,
676 4235 758 4288 vir
808 4246 927 4288 cum
977 4230 1106 4286 sede
1132 4244 1194 4283 ac
1220 4228 1365 4292 loco,
1415 4236 1524 4281 tum
1559 4224 1752 4294 pietate
1780 4237 1844 4279 ac

233 4330 497 4386 doctrina
551 4325 904 4383 clarissimus.
931 4325 1102 4391 Quam
1129 4337 1256 4377 vero
1287 4320 1402 4392 ipse
1431 4319 1677 4389 diligeret
1708 4317 1842 4373 For-

229 4430 521 4486 tunatum,
553 4432 616 4473 ac
646 4425 842 4488 quanta
873 4416 1013 4471 inter
1042 4425 1299 4485 utrosque
1329 4410 1562 4466 amicitia
1594 4424 1657 4463 ac
1688 4409 1842 4463 latui-

229 4514 452 4569 liaritas
486 4512 867 4575 intercederet,
925 4518 1030 4563 tam
1063 4508 1239 4562 multa:
1268 4514 1324 4561 et
1347 4504 1550 4559 crebra:
1597 4503 1661 4558 ad
1694 4504 1839 4558 illuin

230 4606 464 4675 scripta:
496 4602 718 4672 hujusce
740 4599 931 4656 litterae
955 4614 1052 4656 seu
1073 4599 1308 4654 carmina
1344 4598 1618 4653 declarant
1643 4596 1694 4650 in
1728 4596 1844 4667 qui-

228 4696 335 4750 bus
362 4697 412 4751 is
438 4693 581 4748 haud
608 4708 764 4749 secus
788 4708 946 4762 quam
978 4692 1029 4746 iu
1057 4700 1332 4760 parentem
1359 4704 1416 4744 se
1443 4687 1690 4744 affectum
1720 4704 1841 4745 esse

229 4784 507 4851 ostendit,
540 4800 603 4840 ac
640 4784 875 4840 vicissim
921 4782 1061 4838 illius
1112 4782 1439 4852 praecipuum
1487 4796 1613 4851 erga
1643 4796 1699 4836 se
1729 4789 1838 4835 stu-

227 4880 384 4934 dium
413 4887 477 4934 et
504 4878 924 4933 benevolentiam
978 4884 1331 4931 contestatur.
1361 4874 1495 4930 Cum
1526 4886 1725 4942 autem,
1758 4890 1844 4930 re-

227 4975 469 5042 gionum
502 4970 782 5027 intervallo
823 4970 1118 5041 sejunctus,
1146 4970 1324 5023 minus
1372 4982 1529 5037 quam
1565 4967 1722 5021 vellet
1745 4966 1845 5037 ipsi

225 5070 437 5122 a'lesse
497 5073 552 5119 et
606 5064 722 5133 ejus
772 5062 1057 5135 prtesentia
1110 5064 1209 5117 frui
1270 5069 1468 5131 posset,
1524 5062 1845 5119 desiderium

226 5175 395 5214 suum
449 5158 750 5212 litterarum
811 5156 1109 5227 frequentia
1154 5155 1553 5225 compensabat.
1609 5153 1676 5210 Ut
1704 5155 1844 5210 enim

229 5252 349 5321 ipse
411 5252 491 5304 de
517 5264 575 5304 se
610 5249 908 5319 profitetur,
942 5248 978 5302 l.
1028 5265 1079 5312 v,
1111 5261 1160 5301 c.
1204 5245 1285 5313 14,
1338 5246 1576 5302 scribens
1602 5246 1665 5301 ad
1696 5264 1848 5302 eunt-

227 5346 357 5399 detn
396 5341 722 5413 Gregorium
756 5357 769 5392 :

334 5463 542 5521 Jugiter
567 5465 682 5520 opto
704 5457 882 5520 libens,
907 5468 1045 5507 sacer
1064 5455 1410 5521 amplectende
1433 5455 1660 5519 Gregori,

398 5518 631 5575 Cernere
655 5534 738 5569 vos
760 5518 933 5583 oculis,
952 5518 1179 5581 quaerere
1202 5518 1451 5569 litterulis.

332 5589 505 5639 Dulce
529 5587 699 5633 videre
726 5585 860 5645 mihi,
884 5582 941 5633 ac
962 5584 1006 5633 sl
1029 5582 1158 5631 desit
1180 5583 1315 5645 copia
1343 5583 1499 5641 cerni,

401 5652 541 5710 Spes
568 5652 663 5695 erit
685 5644 944 5695 oranttvel
970 5645 1091 5693 dare
1117 5644 1266 5692 verba
1293 5644 1439 5692 Patri.

310 5760 407 5814 68.
451 5752 625 5823 llujus
659 5768 818 5806 suasu
848 5752 998 5819 plura
1040 5750 1259 5818 scripsit
1312 5760 1403 5804 aut
1446 5750 1615 5803 edidit
1660 5749 1851 5805 Fortu-

235 5871 426 5922 natus,
466 5868 612 5923 quae,
647 5849 749 5904 nisi
780 5849 892 5915 ejus
936 5850 1174 5900 hortatus
1217 5855 1271 5899 et
1299 5845 1557 5915 impulsus
1590 5846 1847 5901 accessis-

204 5964 347 6033 θερί.
380 5952 621 6005 fortasse
654 5941 922 6013 perpetuis
961 5941 1012 5995 in
1070 5938 1306 5995 tenebris
1353 5956 1407 5993 ar
1462 5934 1725 5995 ub‘ivionc
1759 5957 1851 6014 po-

552 6042 824 6103 Ριτιιοι.
874 6037 1287 6098 LXXXVIII.

1870 4639 1927 4702 D

1934 614 2134 683 scripta
2183 612 2482 679 Fortunati,
2534 628 2597 667 ac
2643 614 2822 680 quanti
2877 613 3136 668 interesse
3174 613 3526 673 arbitraretur

1934 708 2120 762 eadem
2146 706 2412 777 publicam
2441 706 2493 761 in
2524 706 2695 761 lucem
2732 705 2978 774 proferri,
3016 706 3139 761 inde
3170 706 3392 780 intelligi
3424 724 3523 779 po-

1935 807 2058 865 test,
2091 800 2231 871 quod
2264 817 2369 856 non
2401 801 2590 856 leviter
2630 815 2749 855 cum
2802 799 2921 867 ipso
2969 800 3194 869 agendo,
3241 802 3335 857 sed
3378 805 3533 861 obte-

1938 895 2135 946 stando
2167 902 2221 948 et
2245 892 2544 963 adjurando
2568 895 2635 948 ab
2666 908 2731 948 eo
2758 891 3118 958 contenderit,
3150 908 3254 963 quo
3286 897 3525 952 carmina

1936 997 2031 1038 sua
2086 992 2143 1039 et
2189 985 2290 1039 alia
2338 986 2604 1055 Opuscula
2654 986 2708 1040 in
2762 1000 2924 1039 unum
2974 984 3222 1040 volumen
3280 989 3528 1059 colligata

1936 1075 2233 1146 evulgaret.
2266 1076 2320 1131 ld
2371 1092 2437 1135 ex
2488 1079 2654 1147 ipsius
2706 1076 2982 1131 Fortunati
3016 1078 3321 1131 testimonio
3368 1078 3533 1138 disci-

1940 1185 2083 1237 mus,
2118 1172 2509 1229 itascribentis
2537 1171 2603 1225 ad
2635 1171 2823 1240 Greg.,
2855 1171 2947 1225 lib.
3004 1188 3039 1237 ι,
3093 1188 3213 1241 cap.
3242 1174 3265 1227 1
3307 1193 3318 1227 :
3362 1172 3528 1239 Unde,

1937 1262 2015 1316 vir
2042 1263 2339 1331 apostolico,
2375 1264 2704 1333 pm'dicoude
2729 1281 2864 1334 papa
2894 1262 3131 1334 Gregori,
3162 1264 3283 1334 quia
3318 1266 3532 1321 viriliter

1938 1356 2147 1426 ﬂagitas
2194 1368 2251 1410 ut
2295 1360 2530 1427 quaedam
2580 1373 2643 1410 ea:
2685 1356 2942 1426 opusculis
2990 1357 3258 1426 imperititz
3296 1374 3419 1411 mea:
3443 1357 3534 1411 tibi

1940 1449 2295 1517 transferenda
2326 1456 2630 1519 pro/errem,
2663 1464 2894 1501 mearum
2940 1464 3187 1518 nugarum
3232 1449 3462 1504 admiror
3485 1457 3536 1503 te

1940 1557 2116 1595 amore
2140 1543 2348 1608 seduci;
2384 1557 2448 1598 ac
2480 1556 2669 1596 rursus
2704 1558 2717 1595 :
2754 1541 2862 1596 Sed
2881 1542 3123 1610 quoniam
3152 1541 3397 1597 humilem
3436 1544 3534 1597 im-

1940 1634 2167 1704 pulsum,
2196 1635 2438 1689 alacriter
2482 1635 2655 1688 acrius
2684 1634 3005 1695 renitentem.
3038 1633 3131 1688 sub
3176 1636 3536 1701 testiﬁcatione

1941 1723 2101 1777 divini
2134 1726 2385 1795 mysterii,
2413 1735 2461 1778 et
2490 1725 2761 1793 splendore
2791 1725 3035 1779 virtutum
3068 1726 3343 1780 beatissimi
3382 1725 3533 1782 Hor-

1943 1817 2059 1883 tim’,
2106 1821 2407 1891 conjurans,
2458 1818 2683 1871 hortaris
2732 1816 2910 1871 sedulo
2958 1826 3013 1871 ut
3058 1828 3236 1873 contra
3284 1820 3535 1888 pudorem

1942 1927 2105 1963 meum
2138 1910 2365 1963 deducor
2411 1910 2464 1963 in
2499 1908 2785 1978 publicum,
2817 1918 2920 1964 etc.
2959 1907 3117 1963 Libro
3150 1924 3272 1965 vero
3317 1927 3367 1977 v,
3411 1926 3533 1982 cap.

1942 2002 1995 2067 5,
2030 2017 2090 2058 se
2118 2004 2244 2058 item
2279 2005 2344 2057 ab
2370 2018 2436 2059 eo
2466 2002 2531 2057 ad
2565 2002 2903 2058 scribendum
2946 2004 3222 2058 incitatum
3260 2006 3445 2061 scribit
3469 2008 3537 2064 iis

1943 2096 2123 2152 verbis
2160 2114 2174 2152 ε
2205 2097 2451 2169 lnstigas,
2487 2095 2646 2150 Pater
2677 2097 2887 2167 Optime,
2919 2098 3051 2151 seria
3076 2100 3384 2162 curiositate,
3430 2101 3537 2154 sin-

1941 2208 2057 2244 cera
2087 2200 2257 2245 tamen
2288 2190 2583 2255 dulcedine,
2628 2191 2856 2244 carmine
2901 2191 3152 2259 elinguem
3200 2192 3456 2262 proloqui,
3490 2203 3537 2247 et

1942 2297 2142 2336 currere
2192 2284 2430 2353 pinguem
2478 2298 2624 2337 versu
2675 2282 2915 2351 pedestri.
2955 2281 3148 2336 Eadem
3189 2282 3298 2337 fere
3328 2282 3534 2349 scribit,

1942 2373 1980 2432 1.
2013 2391 2090 2441 Ix,
2119 2390 2167 2430 c.
2194 2376 2246 2431 6.

2015 2466 2101 2522 69.
2136 2468 2311 2540 Atque
2338 2469 2455 2525 hate
2488 2470 2627 2525 inter
2654 2471 2895 2525 carmina
2920 2486 3038 2541 quae
3069 2479 3191 2526 tunc
3212 2471 3378 2526 edidit
3408 2471 3537 2527 For-

1947 2572 2161 2618 tunatus
2194 2564 2343 2634 plura
2371 2574 2498 2619 sunt
2525 2580 2641 2635 quae
2672 2566 2737 2620 ad
2771 2564 3086 2635 Gregorium
3119 2565 3292 2635 ipsum
3338 2566 3536 2636 scripta

1943 2656 2183 2724 fuerunt,
2217 2667 2377 2729 atque
2424 2658 2542 2728 ejus
2574 2658 2829 2712 virtutum
2864 2658 3071 2713 laudem
3104 2668 3159 2713 et
3195 2659 3538 2714 commenda-

1945 2750 2142 2805 tionem
2176 2751 2629 2820 complectuntur.
2664 2748 2745 2806 Ac
2772 2750 2911 2806 inter
2938 2760 3130 2806 caetera
3178 2750 3306 2805 Illud
3336 2752 3533 2805 eminet

1944 2845 1996 2899 in
2030 2844 2237 2915 primis,
2275 2845 2417 2915 quod
2447 2855 2625 2901 exstat
2674 2844 2769 2899 lib.
2806 2862 2858 2913 v,
2903 2859 3022 2915 cap.
3073 2846 3126 2912 5,
3175 2844 3430 2914 scriptum
3470 2844 3536 2900 ad

1948 2935 2098 2991 cives
2129 2936 2497 3005 Turonenses,
2543 2952 2648 3007 quo
2678 2936 2865 2993 iisdem
2900 2937 3192 2992 Venantius
3219 2938 3537 3007 gratulatur,

1945 3028 2087 3098 quod
2136 3028 2428 3101 Gregorius
2477 3029 2737 3086 Ecclesia:
2798 3029 2942 3084 illius
2989 3030 3274 3099 episcopus
3326 3039 3539 3086 creatus

1949 3121 2163 3188 fuisset,
2196 3136 2260 3177 ac
2287 3122 2429 3177 bona
2458 3123 2525 3179 iis
2555 3124 2738 3179 omnia
2767 3136 2831 3178 ex
2875 3121 3143 3192 pontificis
3188 3122 3270 3177 sui
3300 3123 3537 3179 adventu

1947 3230 2010 3271 ac
2042 3217 2330 3285 praesentia
2361 3217 2651 3273 ominatur.

2015 3309 2103 3363 70.
2153 3308 2266 3377 Qua
2311 3324 2441 3364 vero
2504 3309 2557 3364 in
2612 3325 2671 3366 se
2715 3306 3080 3366 munificentia
3119 3325 3182 3368 ac
3220 3311 3537 3368 liberalitate

1942 3400 2083 3457 idem
2113 3401 2408 3473 Gregorius
2441 3411 2606 3470 esset,
2637 3404 2831 3473 passim
2860 3404 2973 3458 suis
3004 3404 3056 3457 in
3087 3404 3414 3459 carminibus
3444 3404 3536 3459 de-

1942 3497 2132 3565 clarat,
2165 3508 2328 3567 atque
2360 3508 2419 3553 ut
2448 3499 2516 3554 de
2547 3499 2760 3554 exteris
2785 3508 3013 3566 taceam,
3038 3500 3131 3555 lib.
3160 3517 3268 3567 vnt,
3294 3516 3413 3570 cap.
3441 3500 3533 3569 25,

1944 3600 2213 3645 memorat
2244 3592 2349 3647 sibi
2382 3591 2448 3647 ab
2499 3592 2592 3646 illo
2642 3592 2874 3664 agellum
2925 3594 3220 3663 praestitum
3267 3594 3432 3650 fuisse
3470 3596 3536 3650 ad

1944 3684 2256 3739 alimoniam
2305 3699 2367 3740 ac
2412 3693 2641 3740 caeteros
2669 3697 2934 3755 sumptus,
2970 3688 3021 3742 in
3070 3702 3176 3758 quo
3222 3689 3539 3744 munificen-

1949 3776 2073 3831 tiam
2128 3776 2367 3847 ejusdem
2412 3778 2625 3833 confert
2674 3794 2794 3833 cum
2841 3779 3165 3836 liberalitate
3193 3780 3362 3837 sancti
3402 3781 3540 3837 Mar-

1947 3868 2064 3936 tini,
2115 3884 2237 3925 cum
2288 3870 2378 3926 hic
2426 3871 2493 3927 de
2539 3880 2689 3940 parte
2737 3871 3037 3944 chlamydis
3083 3889 3195 3929 sua:
3241 3874 3438 3929 nudutn
3482 3885 3537 3930 et

1946 3974 2192 4033 egentem
2226 3963 2483 4029 contexit,
2519 3964 2600 4020 his
2630 3966 2875 4020 versibus
2910 3984 2922 4018 :

2042 4053 2248 4122 Mendici
2274 4069 2507 4122 reparans
2530 4056 2719 4122 Martini
2745 4066 2905 4122 gesta,
2930 4058 3160 4122 Gregort,

2099 4118 2319 4182 'l'exitut
2345 4117 2428 4168 ille
2449 4118 2639 4182 habitu,
2665 4117 2861 4169 nos'alis
2884 4117 2987 4182 ipse
3017 4117 3146 4171 cibo.

2042 4180 2425 4250 L't__c_ldamydem
2452 4180 2535 4231 ille
2558 4185 2706 4244 prius,
2733 4185 2803 4231 sic
2822 4193 2875 4250 tu_
2893 4180 3084 4250 partiris
3098 4183 3348 4250 agellum;

2102 4242 2191 4292 llle
2226 4242 2442 4305 tegendo
2466 4242 2658 4305 potens,
2684 4250 2838 4307 tuque
2858 4242 3063 4294 fovendo
3080 4242 3283 4296 de'cens.

1947 4324 2113 4396 Cujus
2159 4326 2373 4395 quidem
2427 4326 2585 4397 agelli
2630 4328 2789 4383 situm
2832 4338 2883 4384 et
2934 4329 3301 4387 amoenitatem
3332 4332 3532 4391 descri-

1948 4416 2101 4480 bens,
2135 4431 2183 4471 c.
2208 4415 2280 4470 ει
2309 4417 2550 4486 ejusdem
2584 4418 2727 4484 libri,
2761 4418 2876 4473 haec
2906 4418 2980 4473 ait
3013 4436 3025 4474 :

2043 4508 2095 4559 fu
2120 4522 2223 4572 qua
2239 4517 2381 4572 sorte
2403 4508 2497 4559 loci
2522 4510 2642 4559 facta
2667 4515 2743 4558 est
2762 4510 2956 4559 collatio
2975 4511 3108 4572 doni,

2105 4571 2209 4637 Qua
2238 4571 2460 4633 Vlgenna
2483 4585 2657 4637 procax
2682 4572 2847 4637 littore
2867 4572 3050 4635 frangit.
3072 4571 3238 4637 aquas.

2047 4633 2278 4698 Lapsibus
2303 4641 2353 4683 et
2380 4636 2576 4698 tumidis
2597 4635 2711 4684 dum
2729 4636 2885 4684 fertur
2906 4633 3048 4684 nauta
3075 4633 3266 4698 carinis,

2138 4708 2290 4757 ugera
2314 4697 2444 4747 Culta
2474 4697 2624 4755 videt,
2650 4698 2841 4759 quando
2864 4698 3086 4747 celeuma
3107 4701 3252 4749 canit.

2018 4778 2108 4834 71.
2142 4779 2395 4850 Ejusdem
2429 4795 2558 4835 vero
2586 4781 2636 4833 in
2662 4795 2719 4834 se
2750 4780 2940 4835 collata
2986 4798 3204 4838 munera
3237 4799 3300 4838 ac
3328 4788 3529 4842 benefi~

1950 4874 2029 4929 cia
2072 4874 2379 4929 summatim
2432 4875 2818 4943 complectens,
2864 4874 2899 4928 Ι.
2950 4890 3063 4939 vut,
3115 4893 3163 4931 c.
3212 4877 3302 4942 25,
3346 4894 3532 4934 eorum

1952 4966 2375 5038 magnitudinem
2402 4983 2464 5021 ac
2497 4983 2774 5021 numerum
2804 4967 3077 5039 exprimit,
3110 4968 3355 5041 inquiens
3389 4991 3398 5023 :

2046 5062 2265 5119 Gurgitis
2285 5064 2332 5110 in
2356 5074 2540 5111 morem
2566 5064 2603 5110 si
2626 5062 2792 5125 lingua
2819 5063 2999 5110 ﬂuenta
3025 5062 3232 5123 rigaret,

2107 5126 2322 5175 Turbine
2349 5126 2583 5174 torrentis
2604 5124 2684 5173 vel
2713 5124 2972 5185 raperetur
2995 5126 3151 5187 aquis,

2048 5188 2127 5251 Ad
2142 5196 2222 5236 tua
2248 5188 2492 5251 praecipue
2516 5189 2754 5251 praeconia
2778 5200 2981 5251 summa,
3002 5188 3231 5251 iirﬂegori,

2107 5250 2231 5298 Dum
2248 5247 2352 5300 ’nou
2374 5249 2627 5309 explerem
2656 5248 2878 5307 ﬂumine,
2899 5256 3035 5308 gutta
3060 5247 3231 5299 forem.

2047 5312 2423 5375 Munilicutnque
2447 5311 2884 5375 Patremgsequaret
2910 5322 3003 5375 nec
3031 5311 3164 5375 Musa
3184 5312 3416 5375 Maronis,

2112 5374 2235 5424 Fers
2253 5372 2376 5423 bona
2396 5382 2573 5436 quanta
2600 5372 2737 5434 mihi,
2764 5374 2873 5436 quis
2892 5372 3021 5423 valet
3041 5385 3126 5422 ore
3154 5373 3314 5437 loqui!

2026 5457 2117 5513 τε.
2141 5458 2278 5525 Quid
2297 5468 2473 5514 autem
2498 5458 2731 5527 reliquos
2752 5472 3060 5515 enumerem
3078 5475 3211 5530 quos
3233 5461 3311 5515 sui
3336 5463 3537 5519 amicos

1953 5566 2015 5607 ac
2046 5562 2302 5622 patronos
2334 5550 2517 5606 habuit
2541 5550 2592 5605 in
2622 5550 2786 5605 Gallis
2813 5549 3167 5606 Fortunatus?
3209 5551 3385 5624 Reges
3417 5554 3537 5611 dico

1955 5658 2015 5698 ac
2047 5644 2311 5714 principes
2338 5644 2500 5709 viros,
2535 5643 2726 5712 quibus
2759 5652 2863 5698 tam
2892 5655 3165 5713 acceptum
3196 5654 3355 5713 atque
3386 5654 3534 5703 omni

1957 5749 2197 5808 tempore
2224 5736 2518 5808 jucundum
2553 5745 2606 5791 et
2637 5737 2857 5791 charum
2891 5738 3139 5792 eumdem
3188 5738 3373 5805 fuisse,
3418 5756 3540 5809 per-

1955 5846 2228 5901 magnum,
2262 5848 2380 5886 meo
2410 5830 2624 5901 quidem
2650 5830 2874 5900 judicio,
2919 5846 3037 5887 eum
3072 5832 3268 5903 ingenii
3318 5834 3436 5900 ejus
3485 5845 3536 5889 e‘

1957 5926 2233 5994 doctrinm,
2276 5934 2385 5980 tum
2419 5926 2538 5980 vine
2570 5926 2907 5995 integritatis,
2942 5936 3097 5993 atque
3146 5928 3303 5982 etiam
3350 5930 3539 5995 Cujus-

3024 6022 3057 6059 -)
