4236 6562
759 440 831 499 45
1291 427 1808 488 PROLEGOMENA
1857 425 1945 480 AD
1986 421 2311 480 VENANTII
2357 420 2515 477 HON.
2556 419 2764 476 CLEM.
2806 417 3197 476 FORTUNATI
3236 413 3487 474 OPERA.
3961 414 4033 466 ιι

756 553 881 611 dam
929 551 983 604 in
1013 544 1256 602 familiari
1296 541 1680 597 consuetudine
1718 537 2034 594 urbanitatis
2082 551 2146 590 ac
2190 535 2340 588 festi-
2369 534 2761 603 Agios'issimis
2792 533 2954 588 fuisse
3001 541 3058 587 ut
3103 547 3197 601 per
3243 545 3461 597 annum,
3495 543 3558 584 ac
3603 543 3760 584 sacro
3794 530 4038 583 maxime

755 644 959 708 vitalis,
991 649 1074 695 est
1100 636 1480 692 testimonium.
1513 631 1682 702 Supra
1710 630 1818 700 jam
1849 627 2084 683 diximus
2113 641 2270 696 quam
2295 625 2340 679 is

760 741 1048 812 Sigilierto,
1082 733 1194 799 regi
1227 728 1538 792 Austrasiae,
1566 736 1750 797 gratus
1779 731 1923 778 esset
1948 731 2002 776 et
2029 718 2295 791 iucundus
2322 736 2334 771 :

757 832 845 887 cui
875 827 1102 884 addendi
1136 823 1371 893 ejusdem
1402 820 1615 882 fratres,
1645 815 2011 879 Charibertus,
2043 813 2335 867 Guntram-

760 940 883 990 nus,
908 919 1273 990 Cltilpericus,
1303 923 1358 970 et
1397 911 1645 982 Sigiberti
1678 908 1819 962 filius
1849 906 1961 978 (qui
1991 914 2175 976 postea
2225 903 2336 956 Au-

756 1018 966 1074 strasiae
1017 1025 1238 1082 regnum
1286 1005 1503 1074 tenuit),
1548 999 1938 1063 Chiltlebertns,
1984 1012 2101 1050 cum
2145 995 2342 1065 reginis

759 1112 870 1166 suis
921 1103 1282 1167 Brun'rchilde,
1332 1094 1705 1158 Gelesuintha,
1740 1089 2110 1160 Fredegunde,
2155 1101 2217 1140 ac
2256 1100 2340 1140 re-

760 1200 862 1270 giis
908 1193 1148 1256 familiis,
1180 1189 1318 1258 apud
1365 1200 1500 1256 quos
1547 1183 1895 1239 Fortunatum
1946 1180 1997 1232 in
2049 1178 2251 1231 honore
2280 1189 2343 1229 ac

757 1291 933 1362 pretio
963 1288 1150 1352 fuisse,
1184 1292 1261 1338 tot
1289 1282 1354 1336 de
1384 1281 1466 1335 his
1496 1287 1654 1348 atque
1693 1275 1758 1330 ad
1790 1275 1938 1346 ipsos
1968 1272 2163 1341 scripta
2216 1285 2342 1340 poe-

759 1392 900 1438 mata
929 1379 1125 1450 passim
1160 1382 1445 1429 testantur.

831 1473 920 1528 73.
951 1470 1068 1526 lam
1101 1480 1229 1522 vero
1259 1474 1454 1534 praeter
1493 1460 1792 1530 Gogonem,
1829 1455 2057 1525 Lupum,
2109 1451 2344 1522 Magnuf-

756 1565 946 1637 phum,
976 1561 1250 1626 Jovinum,
1275 1566 1328 1613 et
1354 1555 1490 1609 alios
1517 1553 1583 1608 de
1611 1550 1802 1622 quibus
1826 1561 1985 1616 supra
2019 1545 2344 1600 mentionem

759 1660 886 1728 feci,
916 1655 1312 1713 Mummulenus
1343 1650 1525 1713 etiam,
1558 1647 1639 1700 vir
1677 1643 1786 1698 illis
1816 1639 2144 1710 temporibus
2173 1637 2347 1708 digni-

755 1765 869 1810 tate
898 1759 1180 1823 praastans,
1214 1756 1268 1802 et
1299 1748 1436 1800 inter
1485 1755 1612 1796 suos
1655 1736 2037 1802 nobilissimus,
2087 1731 2348 1788 amicissi-

757 1861 880 1903 mus
907 1840 1182 1901 Fortunati
1207 1840 1327 1894 fuit.
1361 1835 1462 1892 Hic
1490 1833 1640 1889 illum
1685 1830 1902 1901 egregie
1951 1827 2131 1882 laudat
2179 1826 2218 1882 l.
2249 1839 2346 1891 vn,

758 1957 810 1997 c.
843 1938 932 2006 14,
965 1953 1028 1992 ac
1056 1936 1094 1990 l.
1123 1951 1197 1999 rx,
1228 1947 1278 1987 c.
1305 1930 1363 1998 Ξ,
1417 1926 1604 1983 scribit
1653 1923 1720 1978 ad
1750 1919 1998 1977 eumdem
2043 1917 2348 1974 consolato-

757 2032 896 2091 riam
944 2029 1226 2100 epistolam
1270 2038 1366 2095 pro
1401 2029 1573 2076 morte
1604 2018 1797 2089 puellae
1842 2017 1987 2070 liliai.
2019 2013 2148 2070 Item
2177 2012 2350 2080 Papu-

759 2131 881 2192 lus,
931 2125 1013 2180 vir
1057 2121 1195 2192 apud
1242 2117 1564 2189 Sigibertum
1616 2112 2040 2182 potentissimus,
2085 2105 2347 2172 Berulfus,

759 2223 971 2287 Condo,
1003 2214 1362 2280 Gundoarius,
1411 2213 1571 2273 Boso,
1625 2207 1982 2272 Galactorius,
2021 2201 2348 2266 Chrodinus,

762 2309 1107 2374 Mummolus,
1133 2316 1188 2361 et
1233 2304 1322 2358 alii
1349 2317 1471 2358 cum
1502 2301 1703 2356 virtute
1749 2312 1811 2352 ac
1841 2295 2098 2366 dignitate
2130 2291 2349 2363 praecel-

714 2397 718 2400 ’
763 2405 938 2459 lentes
985 2400 1106 2466 viri,
1163 2407 1272 2452 tum
1321 2393 1461 2465 apud
1507 2407 1662 2462 reges
1692 2404 1820 2446 suos
1850 2386 2095 2444 honorati
2145 2394 2200 2439 et
2225 2396 2350 2453 gra-

766 2496 913 2562 tiosi,
949 2493 1218 2564 praecipua
1265 2487 1636 2545 benevolentia
1676 2484 1924 2542 eumdem
1966 2479 2230 2552 prosecuti
2257 2476 2352 2533 de-

759 2587 1184 2662 prehenduntur.
1236 2583 1388 2652 Quod
1439 2590 1618 2636 autem
1669 2579 1734 2634 ad
1781 2578 1898 2648 ejus
1931 2569 2353 2629 commendatio-

763 2697 912 2748 nem,
956 2695 1080 2736 meo
1109 2675 1325 2748 quidem
1353 2673 1583 2745 judicio,
1613 2671 1796 2727 valere
1844 2669 2131 2738 plurimum
2172 2664 2351 2731 debet,

765 2773 901 2830 illud
933 2781 1036 2840 est,
1070 2770 1212 2842 quod
1237 2783 1360 2825 cum
1391 2767 1605 2822 illorum
1636 2778 1768 2835 quos
1813 2761 2086 2819 nominavi
2115 2760 2354 2829 plerique

762 2867 914 2922 varia
967 2865 1182 2920 fortuna
1213 2863 1292 2918 usi
1342 2859 1614 2916 interdum
1646 2859 1774 2922 sint,
1807 2872 1870 2911 ac
1899 2855 2142 2910 nonnulli
2189 2853 2272 2908 vel
2299 2852 2354 2907 in

765 2975 923 3031 reges
953 2960 1099 3029 ipsos
1128 2955 1578 3026 conspiraverint,
1612 2961 1702 3006 aut
1729 2932 1797 3006 ab
1822 2949 2009 3005 iisdem
2039 2947 2355 3013 defecerint,

768 3055 860 3109 alii
911 3051 1161 3122 gravibus
1209 3050 1277 3104 de
1323 3048 1499 3104 causis
1555 3043 1790 3114 suspecti
1839 3053 1894 3096 et
1939 3039 2126 3095 oﬂensi
2179 3039 2354 3093 locum

765 3163 922 3203 suum
941 3155 996 3202 et
1017 3145 1238 3214 gradum
1267 3140 1565 3206 amiserint,
1594 3147 1649 3194 et
1677 3137 1871 3192 exsilio
1900 3144 1994 3189 aut
2017 3140 2189 3187 morte
2212 3130 2354 3185 mul-

765 3240 866 3294 tati
913 3236 1215 3293 miserrirne
1259 3233 1582 3297 interierint,
1635 3243 1774 3284 unus
1821 3241 1958 3297 pene
2004 3224 2350 3290 Fortunatus,
2380 3268 2429 3332 C

771 3329 916 3385 nulla
946 3341 1180 3398 unquam
1211 3325 1280 3381 de
1310 3337 1472 3380 causa
1503 3321 1794 3377 accersitus
1824 3327 1916 3372 aut
1961 3326 2238 3386 suspectus
2281 3313 2356 3368 le-

771 3424 915 3493 gitur
944 3422 1132 3487 fuisse,
1161 3434 1260 3474 nec
1289 3432 1474 3474 eorum
1507 3431 1644 3486 quos
1669 3411 2025 3468 amicissimos
2051 3421 2105 3465 et
2129 3407 2356 3478 conjun-

774 3513 1044 3570 ctissimos
1093 3510 1324 3565 habebat
1373 3511 1649 3563 calamitas
1704 3504 1781 3560 illi
1839 3520 1942 3572 qua
1989 3501 2130 3571 apud
2187 3499 2359 3569 [leges

773 3607 1052 3662 fruebatur
1078 3604 1263 3674 gratiae
1311 3601 1491 3656 offecit
1515 3597 1803 3668 aliquando
1837 3614 1849 3649 :
1883 3594 2023 3664 quod
2062 3607 2253 3663 magno
2281 3591 2361 3645 in-

778 3703 916 3759 dicio
942 3710 1024 3757 est
1053 3699 1125 3754 ita
1155 3697 1406 3754 eumdem
1453 3693 1911 3749 nobilissimorum
1961 3689 2197 3742 virorum
2229 3687 2359 3740 ami-

774 3797 931 3853 citias
979 3794 1229 3859 coluisse,
1281 3801 1338 3846 ut
1380 3791 1520 3844 idem
1568 3787 1758 3842 alienis
1810 3801 1841 3839 a
1890 3797 2116 3854 persona
2167 3796 2262 3837 sua
2308 3787 2363 3835 et

781 3889 947 3963 gradu
978 3885 1208 3960 negotiis
1236 3899 1356 3940 sese
1383 3899 1489 3938 non
1530 3881 1877 3945 immisceret,
1910 3887 2089 3948 atque,
2119 3877 2187 3930 ab
2217 3873 2362 3929 omni

788 3983 1016 4056 partium
1049 3980 1224 4036 studio
1249 3978 1478 4043 alienus,
1509 3973 1650 4044 quod
1677 3988 1834 4028 suum
1863 3979 1982 4027 erat
2023 3983 2158 4038 opus
2185 3981 2366 4038 perse-

779 4083 1056 4146 queretur,
1085 4071 1230 4141 pacis
1259 4077 1418 4136 atque
1441 4065 1536 4120 otii
1567 4065 1794 4119 amicus.

854 4166 946 4223 74.
981 4165 1222 4235 Spatium
1258 4175 1388 4216 vero
1420 4157 1674 4228 temporis
1703 4153 1916 4227 aliquod
1951 4151 2206 4209 habitavit
2231 4149 2364 4208 For-

789 4269 1002 4315 tunatus
1027 4257 1079 4310 in
1105 4270 1170 4310 ea
1202 4251 1486 4308 Britannia:
1528 4249 1750 4304 minoris
1780 4255 1929 4318 parte
1960 4261 2077 4316 qua:
2104 4244 2172 4299 ad
2198 4244 2368 4297 Ocea-

782 4365 910 4406 num
957 4349 1152 4419 posita,
1199 4345 1316 4414 ejus
1365 4343 1614 4398 fluctibus
1646 4340 1862 4395 alluitur
1891 4353 1954 4394 ac
1983 4337 2231 4406 cingitur.
2283 4335 2372 4390 Sic

786 4442 927 4499 enim
983 4441 1098 4509 ipse
1128 4438 1314 4492 scribit
1361 4437 1426 4492 ad
1473 4435 1706 4491 Felicem
1737 4433 2177 4497 Namnetensem,
2209 4429 2246 4483 l.
2291 4443 2370 4496 ttt,

787 4551 905 4605 cap.
924 4533 958 4586 4
983 4551 996 4586 :
1026 4532 1284 4585 Uscitante
1309 4545 1387 4583 me
1415 4544 1570 4601 prapc
1591 4529 1811 4597 ﬁnitima
1835 4526 2005 4596 pelagi
2029 4524 2374 4578 blandimento

2446 626 2902 696 quadragesimali
2933 636 3194 694 tempore,
3229 625 3279 678 in
3313 623 3486 678 locum
3515 621 3816 692 quempiam
3839 622 3910 676 ab
3941 621 4038 675 ho-

2445 719 2646 771 minum
2682 718 2979 786 frequentia
3010 726 3276 771 remotum
3316 715 3653 780 secederent,
3688 715 3739 769 in
3769 729 3876 784 quo
3908 727 4036 784 pre-

2446 809 2600 865 cibus
2632 811 2731 864 soli
2761 825 2823 865 ac
2842 809 3065 879 jejuniis
3096 818 3370 864 vacarent.
3405 808 3476 862 Ita
3508 807 3574 862 de
3599 815 3790 863 sancto
3815 805 4040 865 Senoch

2445 916 2626 960 narrat
2654 906 2813 976 Greg.
2847 907 3005 974 Tur.,
3061 907 3155 962 lib.
3206 905 3273 962 de
3305 905 3439 960 Vitis
3487 905 3728 974 Patrum,
3769 921 3890 976 cap.
3945 907 4038 972 15,

2445 997 2585 1067 quod
2616 1014 2646 1052 a
2677 998 2765 1053 die
2795 998 2967 1053 sancti
2999 997 3238 1062 Martini,
3268 1011 3438 1066 usque
3464 996 3529 1050 ad
3557 995 3798 1052 Natalem
3837 995 4042 1052 Christi

2445 1091 2610 1158 diem,
2636 1101 2690 1145 et
2722 1105 2912 1146 rursus
2946 1089 3295 1160 quadraginta
3327 1099 3453 1143 ante
3479 1087 3680 1142 Pascha
3707 1088 3898 1144 diebus
3924 1087 4044 1144 cel-

2444 1184 2549 1238 lula
2578 1183 2796 1239 vivebat
2827 1184 3099 1250 inclusus;
3131 1183 3364 1252 itemque
3394 1181 3463 1237 de
3492 1181 3804 1237 Berecundo
3833 1183 3883 1249 ⁸,
3913 1195 4048 1251 pon—

2449 1277 2590 1332 tifice
2636 1276 2984 1331 Ambianensi
3029 1286 3210 1330 narrat
3259 1283 3444 1330 auctor
3495 1273 3751 1344 Gregorio
3797 1287 4042 1339 coaevus,

2453 1369 2592 1438 quod
2621 1379 2887 1424 secretum
2919 1371 2974 1422 in
3008 1369 3180 1424 locum
3209 1367 3515 1432 recedebat,
3545 1375 3603 1420 ut
3627 1380 3781 1421 sacro
3808 1365 4045 1435 quadra-

2448 1459 2691 1530 gesimali
2745 1468 2988 1529 tempore
3037 1459 3341 1514 divinarum
3380 1471 3559 1513 rerum
3599 1453 4045 1525 contemplationi

2449 1562 2663 1608 vacaret
2686 1551 3001 1622 impensius.

2523 1642 2612 1697 76.
2648 1645 2817 1700 Porro
2845 1659 2964 1700 eam
2994 1644 3058 1698 ad
3091 1659 3204 1698 rem
3238 1643 3532 1713 aptissima:
3575 1640 3928 1698 occurrebant
3955 1640 4045 1694 in-

2453 1738 2614 1806 sulze,
2648 1753 2791 1808 quae,
2825 1739 2963 1793 mari
2993 1737 3225 1807 undique
3254 1737 3611 1804 circumfusae,
3654 1735 4048 1804 frequentiores

2455 1831 2730 1887 hominum
2761 1832 3018 1887 arcebant
3043 1845 3316 1914 accessus.
3348 1829 3484 1885 Hinc
3510 1828 3580 1884 de
3607 1827 3867 1892 Palladio,
3897 1825 4050 1882 San-

2379 1902 2428 1965 Β
2465 1925 2681 1981 tonensi
2730 1927 3010 1994 episcopo,
3059 1934 3242 1980 narrat
3277 1906 3590 1994 Gregorius,
3640 1921 3730 1977 lib.
3781 1936 3873 1974 vin
3905 1919 4046 1974 Hist.

2454 2017 2678 2082 Franc.,
2709 2032 2830 2086 cap.
2863 2015 2954 2084 45,
2987 2016 3127 2086 quod
3155 2016 3270 2086 ipse
3304 2015 3720 2085 Quadragesimte
3745 2022 3969 2082 tempore
3992 2011 4051 2066 in

2449 2108 2674 2161 insulam
2711 2108 2905 2173 maris,
2947 2106 3200 2161 orationis
3246 2121 3433 2173 causa,
3479 2105 3783 2159 secessisset.
3819 2103 4053 2158 Sanctus

2452 2198 2736 2254 Marculfus
2768 2199 2952 2262 etiam,
2985 2199 3152 2253 abbas
3199 2196 3504 2264 Nantensis,
3552 2197 3606 2251 in
3645 2195 3930 2262 quamdam
3970 2195 4054 2247 in-

2459 2292 2629 2346 sulam
2663 2293 2948 2362 quotannis
2977 2291 3340 2363 confugiebat,
3371 2300 3616 2360 quatenus
3642 2290 3713 2344 ibi
3742 2304 3895 2360 super
3919 2287 4055 2342 illud

2457 2401 2660 2440 sacrum
2692 2395 2893 2455 tempus
2935 2385 3397 2457 quadragenarium
3436 2398 3620 2454 corpus
3648 2382 3870 2452 rigidius
3898 2380 4056 2435 solito

2453 2488 2765 2544 maceraret,
2789 2487 2840 2532 et
2876 2495 2977 2549 quo
3018 2477 3080 2532 ab
3123 2477 3386 2532 hominum
3414 2485 3689 2544 conspectu
3719 2483 3846 2528 esset
3885 2489 4051 2528 remo-

2458 2574 2577 2638 tior,
2617 2588 2675 2626 eo
2705 2572 2772 2624 ad
2799 2570 3034 2641 vigilias,
3077 2571 3383 2639 orationem,
3425 2568 3732 2640 jejuniaque
3773 2566 4057 2620 exercenda

2455 2670 2645 2738 aptior,
2675 2675 2825 2736 atque
2875 2664 3161 2734 expeditior
3213 2672 3361 2727 esset,
3408 2671 3467 2716 ut
3497 2661 3690 2730 legitur
3710 2658 3764 2714 in
3809 2657 4057 2727 ejusdem

2456 2757 2599 2825 Vita,
2634 2773 2686 2811 n.
2717 2757 2804 2823 η,
2834 2771 2956 2826 quae
2985 2758 3152 2810 relata
3181 2763 3266 2810 est
3305 2768 3432 2810 stre.
3467 2767 3484 2806 ι
3512 2751 3739 2818 Bened.,
3773 2765 3892 2821 pag.
3927 2748 4056 2807 128.

2457 2851 2623 2905 Porro
2670 2850 2754 2904 vel
2811 2857 2969 2902 astate
3027 2847 3138 2901 divi
3182 2845 3451 2902 Ambrosii
3501 2859 3659 2914 quam
3727 2842 4058 2912 frequentari

2457 2939 2645 2996 insula:
2677 2939 2912 2993 solerent
2937 2936 3006 2990 ab
3029 2935 3113 2990 his
3138 2936 3250 3005 qui,
3279 2935 3492 3005 pietatis
3520 2948 3701 3000 causa,
3733 2934 3848 2988 sola
3877 2946 3940 2987 ac
3967 2946 4054 2988 se-

2458 3042 2609 3086 creta
2640 3030 2692 3084 in
2724 3029 2842 3083 loca
2871 3027 3158 3097 cupiebant
3185 3026 3457 3093 secedere,
3510 3026 3710 3080 indicat
3760 3025 3874 3094 ipse
3925 3024 4059 3078 Am-

2457 3122 2672 3178 brosius
2698 3122 2756 3176 in
2788 3119 3016 3176 ﬂexam.
3047 3119 3086 3174 l.
3114 3134 3192 3187 ιιι,
3234 3133 3282 3174 c.
3315 3117 3367 3184 5,
3415 3117 3480 3172 iis
3509 3117 3686 3172 verbis
3717 3134 3730 3169 :
3765 3115 3901 3181 Quid
3930 3131 4060 3168 enu-

2459 3231 2647 3268 merem
2683 3214 2950 3268 insulas...
2982 3212 3036 3266 in
3063 3212 3246 3282 quibus
3291 3211 3330 3263 ii
3370 3211 3456 3279 qui
3503 3224 3558 3263 se
3591 3208 3828 3262 abdicant
3876 3209 4060 3261 intem-

2461 3307 2707 3376 perantite
2726 3305 2988 3360 stecularis
3006 3302 3277 3369 illecebris,
3295 3302 3396 3371 fide
3419 3301 3744 3355 continentia:
3767 3302 4056 3369 proposita,

2458 3400 2654 3470 eligunt
2684 3399 2880 3453 mundo
2909 3399 3085 3462 latere,
3129 3405 3176 3450 et
3219 3397 3336 3450 vim:
3377 3394 3533 3466 hujus
3575 3394 3836 3448 declinare
3875 3394 4062 3448 dubios

2459 3493 2770 3562 anfractus?
2802 3491 2947 3547 Mare
2975 3500 3048 3547 est
3076 3507 3195 3561 ergo
3233 3499 3477 3545 secretum
3511 3489 3880 3557 temperantiae,
3915 3504 4064 3543 exer-

2461 3589 2638 3642 citium
2663 3587 3010 3653 continentia,
3038 3585 3301 3658 gravitatis
3335 3599 3579 3652 secessus,
3603 3592 3777 3655 portus
3806 3585 4064 3636 securita-

2463 3683 2546 3747 tis,
2581 3682 2927 3751 tranquillitas
2973 3680 3174 3743 steculi,
3221 3677 3400 3731 mundi
3445 3675 3602 3747 hujus
3646 3677 3920 3744 sobrietas,
3948 3682 4063 3728 tum

2463 3773 2701 3844 ﬁdelibus
2731 3775 2850 3828 uiris
2898 3779 3048 3843 atque
3075 3771 3265 3825 devotis
3313 3770 3617 3824 incentivum
3664 3769 3972 3835 devotionis,
4004 3779 4066 3824 ut

2464 3883 2580 3921 cum
2623 3868 2880 3919 undarum
2930 3866 3109 3918 leniter
3138 3863 3440 3918 alluentium
3484 3879 3612 3918 sono
3651 3872 3841 3918 certent
3881 3871 4066 3917 cantus

2465 3955 2816 4027 psallentium,
2849 3955 3095 4026 plaudant
3123 3955 3620 4024 insulwtranquillo
3659 3955 3914 4023 ﬂuctuum
3941 3969 4067 4008 san-

2466 4061 2663 4105 ctorum
2683 4051 2860 4118 choro,
2895 4049 3098 4118 hymnis
3131 4056 3425 4101 sanctorum
3449 4057 3738 4116 personent.

2541 4143 2632 4196 77.
2665 4143 2795 4208 Quae
2817 4156 2941 4196 cum
2972 4142 3039 4194 ita
3067 4143 3195 4206 sint,
3226 4139 3463 4195 adducor
3488 4149 3544 4194 ut
3572 4140 3786 4194 credam
3820 4141 3903 4196 vel
3931 4139 4068 4196 For-

2479 4245 2725 4290 lunatum
2773 4250 2826 4288 in
2868 4233 3172 4303 quampiam
3224 4231 3452 4286 insulam
3483 4233 3734 4286 secedere
3776 4231 4070 4302 aliquando

2471 4325 2830 4390 consuevisse,
2865 4325 3021 4394 idque
3051 4328 3186 4378 forte
3232 4337 3386 4378 sacro
3439 4322 3876 4393 Quadragesimte
3916 4331 4063 4378 tem.

2474 4435 2622 4490 pore,
2676 4421 2726 4473 in
2777 4433 2899 4488 qua,
2949 4418 3016 4471 ab
3065 4416 3342 4471 hominum
3394 4415 3548 4470 turba
3596 4425 3858 4483 remotus,
3904 4424 4070 4486 atque

2475 4511 2724 4564 omnibus
2755 4523 2956 4564 vacuus
3002 4510 3252 4578 negotiis,
3299 4507 3523 4578 jejuniis
3566 4522 3628 4562 ac
3659 4507 3907 4576 precibus
3955 4521 4072 4563 stu-

789 4628 1046 4682 naturalis
1073 4623 1290 4693 torporis
1321 4625 1372 4676 in
1400 4599 1550 4687 lecto,
1595 4632 1640 4674 et
1671 4619 1887 4674 littorali
1916 4619 2106 4670 diutius
2152 4617 2206 4669 in
2233 4631 2358 4668 mar-

2482 4602 2683 4656 diosius
2733 4601 2976 4654 instaret.
3023 4600 3174 4664 Quod
3225 4599 3369 4652 enim
3421 4600 3534 4668 ipse
3583 4599 3634 4653 in
3677 4600 3852 4666 aliqua
3894 4600 4069 4654 insula

791 4723 907 4794 gine
949 4718 1261 4784 decubante,
1308 4716 1472 4770 subito
1523 4731 1610 4784 per
1659 4713 1960 4783 undifragos
2003 4709 2151 4762 vestri
2181 4709 2368 4778 [luctus

793 4814 1004 4884 eloquii,
1034 4814 1181 4882 quasi
1205 4811 1428 4879 scopulis
1473 4806 1845 4861 incurrentibus
1883 4802 2026 4868 elisa,
2067 4802 2189 4856 salis
2218 4816 2368 4870 spar-

793 4912 909 4984 gine
939 4923 1016 4961 me
1043 4904 1255 4976 contigit
1278 4902 1515 4956 irrorari.
1542 4899 1684 4954 Idem
1711 4897 1951 4953 scribens
1976 4895 2043 4950 ad
2077 4895 2370 4950 Druconem

797 5004 972 5070 Diac.,
1006 5002 1098 5054 lib.
1125 5012 1205 5065 ut,
1237 5013 1355 5067 cap.
1390 4997 1479 5062 55,
1511 4993 1625 5048 haec
1645 4994 1718 5047 ait
1753 5009 1765 5044 :

887 5119 987 5171 Nos
1010 5119 1158 5166 maris
1177 5115 1357 5166 Oceani
1379 5111 1613 5161 tumidum
1633 5108 1921 5159 circumﬂuit
1938 5120 2126 5168 aequor,

948 5181 1024 5230 'l‘e
1046 5190 1244 5241 quoque
1272 5177 1504 5232 l'arisins,
1530 5175 1678 5241 cli-are
1703 5173 1902 5241 sodalis,
1928 5171 2102 5240 habet.

891 5230 1120 5303 Sequana
1149 5230 1196 5288 t'c
1220 5230 1538 5303 retinet,nOs
1566 5235 1690 5283 unda
1725 5234 1998 5281 Britannica
2017 5230 2189 5293 cingit.

957 5300 1147 5354 Divisos
1172 5303 1335 5357 terris,
1361 5300 1525 5358 alligat
1549 5309 1674 5344 unus
1699 5307 1851 5344 amor.

891 5353 996 5418 Non
1021 5367 1150 5413 furor
1179 5364 1256 5411 hic
1283 5353 1657 5421 Pelagi'vultutn
1678 5359 1799 5421 mihi
1837 5355 2080 5404 subtrahit
2101 5353 2254 5412 illum,

955 5428 1058 5479 Nec
1081 5427 1265 5476 Boreas
1285 5419 1446 5472 aufert
1469 5434 1663 5480 nomen,
1691 5419 1862 5477 amice,
1890 5427 2040 5466 tuum.

883 5534 974 5588 75.
1025 5529 1383 5596 Quaerendum
1429 5533 1606 5578 autem
1657 5522 1860 5576 videtur
1890 5535 2116 5589 quanam
2159 5517 2389 5570 maxime

810 5627 876 5680 de
908 5637 1065 5678 causa
1096 5621 1236 5675 idem
1260 5621 1308 5672 in
1338 5632 1455 5671 oras
1482 5616 1596 5670 illas
1619 5629 1682 5668 ac
1713 5614 1886 5666 littora
1906 5609 2249 5665 secessisset?
2280 5612 2391 5676 Qua

820 5734 854 5772 ιι
887 5732 946 5772 re
974 5717 1016 5770 si
1050 5715 1171 5768 licet
1201 5711 1470 5780 conjicere
1499 5708 1716 5777 aliquid,
1743 5706 1868 5760 illud
1897 5704 2122 5774 primum
2149 5705 2391 5757 animad-

817 5820 984 5872 verto,
1027 5810 1264 5862 Solemue
1316 5813 1444 5858 tunc
1491 5800 1747 5870 temporis
1800 5799 2064 5868 plerisque
2117 5797 2239 5850 viris
2271 5795 2392 5852 reb-

885 5939 907 5962 ἰ
939 5927 1077 5994 Lege
1106 5920 1257 5992 praef.
1289 5919 1354 5974 ad
1380 5933 1523 5974 saec.
1554 5917 1594 5981 l,
1630 5933 1683 5970 n.
1715 5913 1833 5967 ιιι,

2480 4694 2690 4758 vixerit,
2723 4709 2784 4758 ex
2819 4693 3056 4762 ejusdem
3083 4692 3258 4748 verbis
3292 4692 3510 4762 intelligi
3546 4700 3746 4760 potest,
3777 4693 3974 4760 quibus
4003 4691 4070 4747 ad

2476 4790 2798 4846 Placidinam
2829 4789 3035 4853 scribit,
3064 4787 3153 4840 lib.
3189 4802 3224 4850 ι,
3255 4800 3374 4854 cap.
3404 4787 3491 4851 l7,
3522 4785 3620 4839 hoc
3644 4785 3800 4840 modo
3831 4801 3844 4838 :

2574 4884 2772 4933 Munera
2796 4891 2939 4941 parta
2966 4880 3123 4938 nimis,
3152 4881 3251 4942 pia,
3274 4881 3492 4940 suscipe,
3521 4891 3707 4940 quaeso,
3738 4878 3972 4941 libenter,

2634 4947 2751 5002 Qum
2776 4944 2930 5002 magis
2950 4945 3047 5002 ipsa
3070 4942 3273 5002 decens,
3299 4954 3473 4988 munus
3493 4945 3539 4990 in
3562 4943 3681 4988 orbe
3706 4944 3874 4991 micas.

2577 5007 2826 5056 Fluctibus
2853 5019 2882 5053 e
2907 5006 3082 5051 mediis
3101 5006 3201 5050 limc
3219 5012 3273 5051 ut
3296 5005 3431 5051 daret
3459 5003 3611 5051 insula
3634 5004 3788 5063 vobis,

2625 5069 2863 5118 Oceanus
2891 5067 3088 5114 tumidis
3107 5077 3358 5114 murmure
3384 5073 3581 5125 praestat
3606 5076 3762 5126 aquis.

2557 5159 2642 5210 78.
2668 5156 2982 5221 Quanquam
3012 5151 3095 5206 vel
3123 5167 3185 5206 ea
3216 5150 3447 5204 fortasse
3479 5148 3575 5204 fuit
3601 5164 3761 5203 causa
3808 5164 3904 5204 cur
3933 5149 4070 5205 For-

2491 5258 2705 5302 tunatus
2756 5245 2979 5309 insulas,
3021 5245 3134 5299 sive
3189 5244 3293 5296 alia
3343 5243 3613 5296 maritima
3673 5245 3808 5309 loca,
3863 5253 4076 5312 peteret

2492 5340 2802 5411 aliquando,
2856 5338 2996 5408 quod
3045 5339 3090 5391 is
3137 5336 3601 5391 sanctissimorum
3646 5335 3942 5402 hominum,
3985 5339 4074 5404 qui

2491 5436 2598 5490 illis
2632 5436 2687 5488 in
2718 5432 3023 5502 regionibus
3055 5431 3447 5491 habitaverunt,
3485 5443 3546 5482 ac
3577 5444 3754 5482 rerum
3784 5427 3852 5481 ab
3883 5427 4074 5482 iisdem

2493 5537 2760 5599 gesturum
2793 5534 3135 5579 monumenta
3163 5531 3455 5593 quaereret,
3488 5521 3680 5590 quibus
3705 5534 3824 5574 cum
3855 5520 3922 5576 ad
3969 5525 4079 5588 pie-

2492 5635 2658 5679 tatem
2694 5623 3094 5682 accenderetur,
3127 5629 3180 5672 et
3210 5627 3488 5672 acueretur
3520 5617 3584 5670 ad
3609 5616 3960 5670 imitationem
4002 5616 4076 5667 si-

2496 5718 2794 5772 militudine
2843 5712 3229 5781 exemplorum,
3280 5719 3388 5762 tum
3433 5719 3575 5761 actas
3609 5708 3673 5761 ab
3705 5705 3892 5761 iisdem
3927 5704 4077 5760 Vitas

2495 5809 2875 5866 conscriberet.
2907 5806 3057 5874 Quod
3090 5807 3140 5860 in
3175 5806 3358 5873 primis
3389 5805 3631 5858 solemne
3678 5801 3854 5859 eidem
3889 5803 4072 5866 l'tisse.
