4236 6550
775 444 846 500 «i7
1298 445 1807 506 PROLEGOMENA
1855 447 1945 503 AD
1983 443 2312 501 VENANTII
2354 443 2516 500 HON.
2559 444 2762 502 CLEM.
2806 445 3197 504 FORTUNATI
3229 449 3486 508 OPERA.
3976 442 4045 505 48

773 558 1121 616 Fortunatum
1157 569 1396 615 nostrum
1441 564 1769 633 episcopum,
1817 573 1870 617 ct
1915 563 2128 633 quidem
2176 563 2354 616 Picta-
2385 561 2518 622 Ain
2542 561 2756 628 Gallias,
2791 577 2852 618 ac
2885 565 3097 634 triginta
3145 575 3372 634 quatuor
3416 565 3550 620 alios
3595 573 3828 636 exegertt
3859 566 3910 620 in
3942 565 4046 621 huc

771 654 1009 708 viensem
1063 653 1242 707 l'uissc.
1293 653 1422 707 Nam
1474 655 1644 722 primo
1695 656 2044 723 Baudonivia,
2111 654 2356 710 monialis

771 745 1084 799 monasterii
1135 745 1522 810 Pictaviensis,
1572 763 1749 803 coaeva
1797 748 2128 818 Fortunato,
2173 752 2249 806 sic
2289 753 2357 808 de

772 838 890 905 ipso
935 839 1122 894 scribit
1168 840 1220 893 in
1268 841 1474 910 prolog.
1525 841 1661 896 Vita:
1702 855 1900 899 sancta:
1945 846 2287 915 Radegundis
2340 866 2352 901 :

770 928 897 985 Non
917 949 978 986 ea
1007 947 1117 999 qua:
1146 933 1220 984 vir
1248 934 1581 998 apostolicus,
1614 932 1932 990 Fortunatus
1966 937 2258 1006 episcopus,
2293 939 2358 991 de

770 1020 929 1073 beata:
969 1019 1082 1073 Vita
1131 1023 1417 1090 composuit
1455 1023 1718 1078 iteramus.
1769 1025 1896 1092 Quis
1934 1035 2110 1080 autem
2154 1035 2359 1082 asserat

774 1109 949 1166 Vitam
977 1111 1150 1166 beata:
1182 1113 1539 1183 Itadegundis,
1573 1131 1693 1184 qua:
1725 1117 1878 1171 alteri
1908 1119 2122 1188 scriptae
2161 1111 2193 1172 a
2221 1120 2357 1174 Bau-

770 1201 982 1258 donivia
1014 1204 1154 1258 solet
1183 1205 1408 1275 prmligi,
1435 1220 1465 1258 a
1513 1216 1698 1261 nostro
1745 1207 2008 1264 Venantio
2055 1211 2351 1267 Fortunato

769 1309 876 1350 non
906 1295 1071 1352 fuisse
1099 1298 1487 1366 conscriptam?
1517 1299 1720 1354 Deinde
1750 1301 1945 1356 Paulus
1976 1304 2148 1370 Diac.,
2182 1305 2274 1360 lib.
2319 1322 2357 1361 ιι

767 1386 908 1442 Hist.
937 1387 1132 1459 Long.,
1160 1404 1278 1457 cap.
1314 1389 1401 1456 l3,
1431 1390 1509 1444 sic
1538 1391 1604 1444 de
1636 1392 1752 1456 ipso
1774 1395 1958 1448 scribit
1991 1413 2003 1447 :
2038 1395 2356 1453 Novissime-

767 1495 866 1551 que
907 1479 964 1534 in
1003 1483 1181 1535 eadem
1223 1482 1423 1536 civitate
1466 1483 1741 1554 (Pictavis)
1793 1488 2015 1555 primum
2062 1491 2352 1561 presbyter,

769 1573 958 1628 deinde
986 1575 1250 1645 episcopus
1285 1575 1552 1628 ordinatus
1588 1585 1680 1632 est.
1711 1575 1830 1631 Jam
1861 1593 1988 1633 vero
2020 1579 2217 1636 Paulus
2241 1584 2358 1636 dia-

769 1678 937 1720 conus
967 1679 996 1718 a
1042 1664 1233 1720 Carolo
1279 1665 1488 1736 Magno,
1522 1677 1802 1742 postquam
1845 1670 1930 1724 hic
1975 1671 2358 1744 Langobardo-

767 1771 887 1812 rum
912 1771 1130 1826 regnum
1165 1758 1216 1810 in
1243 1757 1388 1811 ltalia
1408 1760 2034 1824 cxstinxerat,abductus
2057 1765 2106 1817 in
2135 1764 2355 1832 Gallias,

767 1861 889 1902 cum
935 1855 992 1902 et
1037 1847 1308 1902 Pictavum
1353 1850 1418 1903 ad
1453 1852 1718 1906 tumulum
1766 1853 2039 1909 Fortunati
2100 1858 2352 1930 venisset,

768 1955 835 1995 ex
865 1942 1029 1995 certis
1060 1944 1418 1998 monumentis
1449 1959 1559 1998 rem
1588 1961 1802 2000 onmem
1830 1947 2035 2004 discere
2060 1950 2266 2024 potuit”

841 2031 935 2087 88.
964 2033 1116 2100 Quod
1150 2049 1277 2087 vero
1305 2034 1468 2105 Greg.
1494 2035 1826 2092 Turonensis
1856 2041 2064 2094 nonnisi
2093 2043 2360 2114 presbyte-

774 2143 890 2179 rum
936 2141 1060 2182 eum
1107 2128 1358 2196 appellet,
1411 2129 1540 2182 nihil
1591 2132 1787 2201 negotii
1833 2148 1893 2186 ea
1940 2150 2028 2188 res
2059 2135 2202 2200 facit,
2237 2152 2356 2193 cum

773 2217 1103 2272 Fortunatus
1153 2220 1366 2273 nonnisi
1415 2230 1658 2276 extremo
1688 2223 1812 2277 vita;
1856 2237 1967 2279 suae
2009 2237 2268 2294 tempore,
2303 2240 2360 2285 ttt

775 2307 913 2364 infra
957 2310 1214 2375 dicemus,
1275 2311 1626 2368 Pictavicnsis
1670 2315 1954 2383 cpiscopus
1995 2329 2205 2372 creatus
2252 2321 2354 2390 sit,

770 2417 876 2472 quo
929 2413 1170 2471 tempore
1212 2402 1502 2474 Gregorius
1547 2421 1655 2461 non
1705 2408 1876 2462 solum
1921 2410 2158 2465 ediderat
2195 2412 2358 2468 libros

769 2509 934 2561 suos,
988 2497 1080 2551 sed
1131 2497 1290 2551 etiam
1338 2498 1444 2552 vita
1498 2499 1707 2556 functus
1751 2502 1942 2569 fuerat,
1995 2514 2052 2558 ut
2100 2509 2197 2560 suo
2242 2508 2358 2562 loco

770 2590 1144 2646 ostendemus.
1182 2591 1358 2661 Atque
1392 2591 1575 2647 istltmc
1605 2594 1703 2648 fuit
1733 2610 1896 2649 causa
1925 2597 2162 2666 cur‘ejus
2197 2613 2357 2667 opera

773 2678 1036 2749 Gregorio
1079 2680 1284 2736 Turon.
1333 2696 1633 2754 nuncupata
1679 2688 1959 2759 presbyteri
2007 2688 2200 2758 Italici,
2251 2706 2356 2748 non

771 2773 997 2841 episcopi
1027 2771 1380 2841 Pictaviensis,
1408 2791 1599 2832 nomen
1622 2777 1929 2846 praeferant.

846 2863 938 2918 89.
972 2865 1088 2931 Quo
1120 2882 1246 2920 vero
1277 2857 1434 2921 anno'
1464 2867 1788 2924 Fortunatus
1836 2873 2016 2927 sedem
2057 2872 2356 2931 Pictavien-

771 2969 886 3011 sem
914 2957 1312 3021 conscenderit,
1337 2957 1558 3014 difﬁcile
1587 2971 1670 3016 est
1697 2961 1924 3018 delinire
1947 2973 1995 3018 α.
2019 2964 2132 3033 Quo
2155 2968 2359 3023 scilicet

770 3058 1015 3114 tempore
1057 3050 1289 3105 decessit
1335 3051 1673 3120 ltadegundis
1717 3054 1860 3124 (quae
1906 3055 2037 3108 obiit
2089 3073 2176 3111 an.
2227 3057 2357 3124 587,

773 3152 912 3198 teale
951 3142 1176 3213 Gregor.
1210 3145 1436 3212 'l‘urou.,
1486 3145 1579 3200 lib.
1613 3163 1666 3201 ιιι
1715 3148 1848 3203 Hist.
1895 3150 2111 3218 Franc.,
2154 3168 2273 3223 cap.
2299 3152 2358 3226 2)

2466 666 2654 722 regno,
2687 664 2971 724 antequam
3017 657 3305 725 episc0pus
3347 658 3514 724 ﬁeret,
3541 667 3752 713 conatat
3792 658 3858 712 ad
3891 657 4043 714 illum

2462 743 2773 810 pervenisse
2801 745 3078 816 dignitatis
3102 747 3349 818 gradum,
3374 763 3495 802 cum
3515 748 3622 818 jam
3645 748 3882 804 devexus
3903 756 4049 805 esset

2461 835 2527 890 ad
2557 846 2908 894 senectutem.

2533 928 2624 983 91.
2673 929 2873 984 Locum
2913 931 3061 985 illum
3102 932 3327 1002 adeptus
3375 932 3724 1000 Fortunatus,
3764 948 3888 989 cum
3925 934 4048 992 vita

2460 1017 2764 1074 innocentia
2796 1030 2849 1074 et
2878 1022 3132 1077 virtutum
3165 1024 3436 1094 exemplo,
3467 1033 3577 1078 tum
3607 1024 3851 1079 doctrina
3884 1025 4051 1095 pluri-

2461 1125 2628 1177 mum,
2675 1115 2822 1186 gregi
2854 1129 2952 1170 suo
2983 1115 3202 1184 proluit.
3235 1117 3462 1171 Exstant
3504 1117 3614 1186 jam
3658 1117 3901 1190 ejusdem
3946 1120 4052 1174 Ex-

2462 1205 2765 1274 positiones
2806 1209 2856 1262 in
2904 1209 3217 1281 Symbolum
3268 1221 3320 1265 et
3359 1210 3670 1266 Orationem
3716 1210 4049 1267 Dominicatn

2461 1296 2549 1368 (L.
2583 1315 2634 1363 ιι,
2668 1315 2717 1353 c.
2751 1302 2800 1364 Ι,
2827 1300 2909 1369 2),
2943 1316 3079 1371 quas
3109 1302 3197 1358 ille
3237 1303 3300 1356 ad
3343 1318 3462 1357 eum
3497 1304 3657 1360 linem
3703 1304 4052 1361 elucubrasse

2460 1390 2696 1456 videtur,
2730 1401 2787 1444 ιιι
2813 1407 2906 1446 eas
2935 1393 3072 1460 plebi
3106 1407 3216 1447 sua:
3240 1394 3514 1458 recitaret,
3544 1408 3768 1464 quarum
3799 1395 3851 1448 in
3879 1394 4052 1449 altera

2462 1483 2580 1538 haec
2617 1486 2691 1538 ait
2720 1485 2858 1540 inter
2888 1497 3080 1542 cmtera
3117 1505 3130 1540 :
3164 1486 3298 1542 Inde
3322 1490 3595 1544 retinentes
3619 1492 3732 1562 ejus
3762 1490 4054 1560 (Orationis

2461 1575 2775 1648 Dominicte)
2808 1580 3072 1649 mysteria,
3103 1588 3153 1633 et
3177 1597 3331 1650 quant
3374 1580 3540 1634 multa
3567 1582 3668 1636 sint
3715 1583 3771 1635 in
3816 1583 4056 1637 brevitate

2460 1668 2668 1736 collata,
2704 1682 2910 1740 propter
2949 1673 3342 1740 wdiﬁcationent
3374 1673 3641 1740 Ecclesia,
3671 1675 3846 1743 paucis
3896 1680 4054 1730 doce-

2461 1777 2576 1815 ntur
2603 1765 2878 1833 explicare,
2905 1767 3026 1834 quia
3049 1775 3170 1818 tunc
3191 1767 3334 1820 nobis
3355 1767 3532 1820 melius
3559 1767 3825 1837 placebunt
3847 1770 4053 1836 auditu,

2461 1872 2577 1908 cum
2621 1859 2879 1925 patuerint
2921 1859 3202 1916 intellectu.
3247 1858 3432 1928 Itaque
3475 1860 3544 1913 ad
3589 1862 3757 1932 ipsunt
3797 1863 4058 1917 veniamus

2461 1958 2653 2002 sancta:
2702 1950 2962 2005 Orationis
3009 1964 3293 2005 sermonem
3319 1994 3333 2018 ,
3386 1962 3493 2006 etc.
3535 1951 3742 2019 Quibus
3784 1952 3836 2006 in
3876 1951 4059 2007 verbis

2468 2041 2703 2097 Pastoris
2762 2058 2977 2114 gregem
3029 2060 3185 2100 suum
3247 2044 3580 2100 instituentis
3637 2059 3867 2114 persona
3922 2046 4057 2100 satis

2463 2133 2781 2186 ostenditur.

2535 2221 2623 2276 92.
2656 2225 2771 2278 Non
2801 2224 2998 2279 multos
3049 2239 3180 2280 vero
3229 2239 3400 2281 annos
3448 2224 3765 2282 Pictaviensi
3801 2224 4058 2284 Ecclesiae

2462 2309 2674 2378 przeluit
2705 2309 3050 2376 Fortunatus,
3084 2327 3206 2367 cum
3236 2311 3410 2367 eidem
3447 2312 3559 2381 jam
3603 2313 3886 2368 demortuo
3935 2327 4060 2369 suc-

2461 2401 2686 2454 cesserit
2714 2401 3061 2469 Garegisilus,
3113 2411 3168 2458 et
3213 2402 3356 2459 hunc
3407 2404 3716 2461 Ennoaldus
3761 2408 4056 2476 exceperit,

2461 2493 2550 2561 qui
2590 2491 2655 2544 ad
2688 2506 2778 2545 au.
2813 2492 2918 2547 615
2952 2493 3339 2550 Pictaviensem
3374 2496 3670 2552 Ecclesiam
3719 2499 3962 2566 regebat,
3988 2499 4058 2556 de

2461 2597 2568 2652 quo
2617 2583 2874 2652 legendus
2914 2584 3158 2640 Gointius
3204 2587 3269 2640 ad
3315 2585 3456 2642 ltunc
3495 2603 3716 2653 annum,
3770 2604 3920 2644 num.
3959 2590 4056 2649 27.

2461 2674 2785 2730 Fortunatus
2828 2677 3025 2744 itaque,
3077 2677 3304 2745 septimo
3356 2679 3574 2732 ineunte
3619 2680 3840 2746 seculo,
3884 2695 3917 2735 e
3947 2681 4057 2737 vita

2461 2769 2763 2822 excessisse
2794 2768 3053 2822 dicendus
3079 2778 3200 2832 est;
3233 2784 3296 2823 ac
3324 2769 3556 2826 Pictavis
3577 2771 3631 2824 in
3655 2773 3864 2827 basilica
3892 2777 4058 2830 sancti

2462 2855 2655 2910 Hilarii
2705 2858 2787 2927 (ut
2840 2868 3022 2912 narrat
3051 2857 3246 2914 Paulus
3303 2860 3447 2915 Diae.
3482 2862 3602 2917 loco
3641 2865 3837 2932 sapius
3866 2867 4056 2938 citato)

2460 2950 2616 3021 digno
2665 2951 2949 3005 tumulatus
2981 2951 3172 3006 honore
3201 2953 3434 3020 quiescit.
3466 2953 3630 3024 Cujus
3677 2956 3743 3010 ad
3787 2960 4055 3013 tumulum

2463 3055 2586 3095 cum
2617 3041 2760 3095 idem
2790 3041 3008 3106 Paulus,
3035 3045 3401 3098 venerationts
3425 3059 3486 3098 ac
3517 3047 3731 3114 pietatis
3751 3061 3933 3113 causa,
3965 3064 4057 3105 ac-

2459 3124 2734 3197 cessisSet,
2761 3147 2994 3201 sequens
3019 3135 3330 3204 epitltapbin
3342 3152 3412 3200 ιιι,
3441 3148 3624 3206 rogatu
3642 3140 3790 3207 Apri,
3811 3140 3925 3208 ejus
3952 3140 4056 3195 loci

777 3236 1170 3291 l’ictaviensetn
1203 3237 1498 3293 Ecclesium
1541 3238 1716 3293 adhuc
1759 3242 1976 3312 regebat
2022 3223 2356 3313 Maurovens,

2462 3223 2655 3277 abbatis
2683 3223 2764 3294 (ut
2792 3224 2910 3292 ipse
2938 3224 3101 3279 relett
3129 3226 3196 3280 de
3228 3227 3371 3296 sese)
3405 3229 3726 3283 scribendum
3754 3233 4011 3286 contexuit
4034 3246 4056 3286 :

775 3340 842 3380 ex
871 3327 1175 3381 testimonio
1206 3328 1374 3395 ipsius
1413 3326 1678 3398 Gregorii,
1721 3330 1809 3400 qui
1860 3346 1975 3401 cap.
2012 3335 2115 3387 106
2161 3335 2253 3388 lib.
2293 3335 2360 3390 de

771 3414 961 3473 Gloria
985 3418 1157 3486 conf.,
1197 3429 1418 3474 testatur
1445 3436 1524 3486 se,
1557 3419 1845 3478 Mauroveo
1870 3424 2111 3487 absente,
2143 3438 2361 3480 curasse

773 3512 936 3568 {unus
965 3527 1027 3567 ac
1056 3514 1385 3583 sepulturam
1415 3514 1589 3568 beatae
1616 3514 1976 3585 Radegundis.
2011 3515 2360 3571 Maurovcum

771 3607 987 3677 excepit
1026 3607 1173 3662 Piato
1217 3622 1304 3661 an.
1349 3606 1478 3671 592,
1509 3607 1598 3677 qui
1628 3613 1692 3661 ad
1734 3608 1878 3663 illam
1921 3609 2103 3664 sedem
2147 3620 2364 3665 evectus

770 3708 876 3764 est,
907 3696 1080 3752 adhuc
1103 3697 1394 3770 superstite
1420 3699 1700 3768 Gregorio,
1735 3699 1888 3767 cujus
1917 3699 2093 3754 fuerat
2121 3700 2361 3769 discipu-

777 3790 885 3846 lus.
917 3791 1054 3848 Hinc
1085 3808 1192 3862 quo
1220 3792 1306 3846 die
1337 3791 1490 3846 Plato
1532 3792 1879 3847 Pictaviensis
1907 3794 2189 3862 episcopus
2229 3807 2362 3847 con-

774 3882 992 3939 stitutus
1029 3894 1133 3952 est,
1171 3885 1250 3938 sic
1295 3883 1362 3939 de
1409 3883 1503 3938 illo
1533 3883 1732 3938 cecinit
1772 3883 2102 3939 Fortunatus
2145 3885 2239 3940 lib.
2272 3885 2362 3952 10,

775 3989 902 4045 cap.
935 3977 1019 4031 18.

901 4064 1085 4129 Gaudia
1110 4063 1219 4114 laeta
1244 4072 1384 4128 paret
1408 4066 1664 4127 praesentia
1688 4065 2102 4129 sanctaGregori,

965 4127 1027 4176 Et
1053 4129 1272 4188 geminas
1297 4130 1446 4175 urbes
1469 4129 1664 4187 adjuvet
1689 4141 1782 4176 una
1809 4127 1946 4175 lides.

901 4187 996 4248 Qui
1021 4187 1162 4239 modo
1183 4189 1415 4250 discipulo
1437 4189 1662 4248 Platone,
1683 4191 1900 4238 antistite
1923 4201 2112 4238 summo
2129 4227 2144 4251 ,

959 4251 1242 4301 Solemuem
1269 4251 1497 4300 Ecclesiae
1525 4252 1602 4298 hic
1624 4251 1758 4299 dedit
1786 4265 1897 4299 esse
1921 4254 2069 4300 diem.

775 4336 913 4396 Sunt
936 4336 1026 4407 qui
1053 4336 1176 4390 huic
1196 4335 1404 4389 Platoni
1433 4335 1703 4389 Placidum
1728 4333 2004 4389 sutl‘ectnm
2031 4335 2195 4389 luisse
2219 4349 2368 4390 assc-

778 4440 902 4486 runt
945 4430 997 4484 in
1047 4429 1174 4484 sede
1212 4428 1562 4494 Pictaviensi;
1613 4429 1703 4482 sed
1748 4428 1833 4482 hic
1878 4443 1980 4482 non
2032 4429 2168 4482 alius
2213 4429 2366 4482 l‘uita

781 4521 1007 4576 Platone
1031 4520 1168 4588 ipso,
1198 4528 1255 4572 ut
1287 4517 1505 4573 aduolat
1531 4517 1599 4570 cl.
1627 4516 1816 4582 Ruin.,
1845 4518 1909 4570 ad
1940 4518 2038 4588 0p.
2073 4518 2234 4585 Greg.
2267 4517 2368 4572 Tu-

2591 3335 2797 3403 Ingenio
2815 3335 2996 3403 clarus,
3015 3350 3162 3403 sensu
3186 3339 3340 3396 celer,
3368 3351 3455 3403 ore
3477 3344 3656 3403 suavis,

2648 3398 2792 3458 Cujus
2811 3400 2955 3448 dulce
2979 3398 3133 3447 melos
3157 3405 3331 3461 pagina
3357 3401 3504 3450 multa
3531 3398 3674 3454 rami.

2587 3460 2882 3528 Fortunatus
2905 3475 3030 3520 apex
3059 3460 3240 3528 vattnn,
3269 3463 3563 3528 venerabilis
3587 3475 3723 3528 actu,

2649 3524 2860 3571 Ausonia
2886 3527 3104 3583 genitus,
3133 3525 3218 3570 hac
3244 3526 3504 3574 tumulatur
3529 3528 3691 3577 humo.

2592 3583 2748 3649 Hujus
2769 3588 2829 3649 ab
2854 3600 2941 3633 ιιι-ε
2964 3598 3102 3634 sacro
3123 3598 3398 3635 sanctorum
3423 3598 3563 3647 gesta
3589 3592 3802 3649 priorum

2653 3647 2894 3710 Discimus
2918 3663 2926 3695 :
2951 3649 3053 3695 haec
3078 3657 3347 3697 monstrant
3369 3661 3576 3710 carpere
3591 3647 3723 3700 lucis
3751 3656 3864 3702 iter.

2588 3707 2752 3775 Felix,
2775 3715 3059 3775 quatatttts
3079 3710 3344 3769 decoraris,
3371 3707 3544 3775 Gallia,
3571 3717 3799 3775 gemmis,

2648 3769 2854 3835 Lumine
2881 3773 2943 3819 de
2964 3783 3167 3835 quarum
3195 3785 3285 3835 uox
3314 3773 3398 3820 tibi
3425 3769 3551 3821 tetra
3576 3769 3724 3835 Fugit.

2591 3831 2692 3901 Ho_s_
2715 3833 2928 3901 modicos
2953 3831 3160 3901 prompsi
3187 3831 3380 3893 plebeio
3400 3837 3618 3901 carmine
3634 3831 3697 3884 've
3711 3850 3842 3901 rsus,

2655 3894 2730 3943 Ne
2749 3904 2860 3942 tuus
2887 3896 2936 3944 iu
2959 3897 3168 3954 p0pulis,
3200 3902 3381 3954 sancte,
3410 3897 3587 3945 lateret
3608 3898 3780 3948 honor.

2587 3953 2759 4026 Redde
2785 3958 2942 4026 vicem
2960 3953 3164 4026 misero,
3189 3969 3252 4004 ne
3273 3958 3434 4026 judice
3456 3972 3658 4018 spernat
3680 3964 3742 4010 ab
3761 3973 3927 4026 aequo,

2648 4017 2851 4068 Eximiis
2874 4020 3062 4066 meritis
3085 4032 3250 4080 posce,
3270 4021 3438 4081 beate,
3470 4017 3657 4082 precor.

2539 4145 2628 4199 95.
2661 4142 2832 4199 Porro
2860 4144 3181 4200 Fortunatus
3220 4159 3341 4200 cum
3371 4146 3442 4200 ob
3485 4147 3739 4214 pietatem
3768 4164 3832 4205 ac
3857 4155 4059 4209 sancti-

2467 4237 2722 4302 moniam,
2750 4245 2860 4290 tum
2890 4237 2960 4289 ob
2989 4246 3299 4291 ornamenta
3334 4237 3532 4307 ingenii
3563 4250 3724 4310 atque
3773 4232 4057 4314 doctrinm,

2468 4317 2829 4383 connuendari
2857 4329 3139 4399 plurimum
3168 4333 3468 4398 consuevit,
3504 4341 3559 4386 ut
3587 4344 3665 4388 tot
3687 4349 3822 4402 pene
3853 4337 4058 4395 habue-

2469 4425 2538 4478 rit
2568 4425 2773 4479 virtutis
2804 4441 2914 4478 sua:
2947 4439 3240 4494 pra:cones,
3269 4439 3330 4478 ac
3353 4435 3538 4490 testes,
3571 4437 3699 4497 quot
3720 4428 3788 4483 de
3815 4430 3906 4484 illo
3924 4433 4060 4486 scri-

2469 4531 2648 4586 psere.
2681 4519 2839 4571 Gerte
2892 4526 2966 4570 tot
3011 4516 3064 4570 in
3114 4516 3284 4569 Gallia
3335 4516 3722 4587 Germaniaque
3772 4521 4059 4578 clarissimi

781 4629 928 4678 ron.,
959 4611 1053 4664 lib.
1089 4625 1140 4664 tv
1168 4609 1236 4664 dc
1263 4609 1378 4664 Mir.
1415 4609 1582 4662 sancti
1626 4607 1858 4672 Martini,
1887 4622 2007 4675 cap.
2038 4605 2126 4660 52.
2153 4608 2363 4663 Platoni
2395 4629 2450 4690 ι)
2475 4609 2755 4662 sanctitate
2800 4608 2919 4670 viri,
2945 4608 3082 4661 inter
3126 4621 3259 4676 quos
3308 4608 3647 4663 celeberrimi
3695 4611 3837 4666 illius
3881 4615 4060 4672 atatis

785 4711 960 4772 itaque
986 4706 1090 4758 vita
1124 4704 1328 4767 iuncto,
1373 4717 1478 4756 non
1517 4702 1652 4756 alius
1695 4702 1953 4756 successit
1983 4716 2139 4770 quam
2170 4700 2367 4754 Fortu-

784 4809 970 4864 natus;
1012 4813 1240 4867 cttmque
1283 4795 1458 4850 obitus
1503 4793 1742 4849 Platonis
1786 4794 2045 4847 referatur
2072 4795 2136 4844 ad
2167 4807 2364 4847 annum

783 4889 996 4944 circiter
1038 4885 1166 4953 599,
1206 4886 1396 4940 eodem
1430 4884 1598 4938 lernae
1639 4893 1877 4951 tempore
1901 4881 2226 4936 Fortunatus
2254 4883 2367 4951 epi-

785 4997 981 5050 scopus
1011 4980 1362 5034 Pictavieusis
1393 4987 1601 5033 creatus
1631 4977 1800 5030 fuisse
1829 4977 2085 5030 dicendus
2115 4986 2216 5041 est,
2246 4991 2364 5032 cum

787 5073 947 5141 Gt'eg.
981 5073 1106 5125 'l'ttr.
1141 5071 1205 5123 ad
1237 5085 1326 5122 an.
1356 5068 1459 5123 595
1485 5068 1625 5123 diem
1651 5082 1801 5121 suum
1827 5066 1936 5136 jaut
1966 5069 2204 5124 obiissel.

857 5168 946 5218 (lt).
981 5166 1163 5216 Exstat
1191 5163 1282 5216 lib.
1315 5176 1367 5214 tv
1404 5161 1502 5229 0p.
1533 5160 1705 5226 Fort.,
1753 5177 1870 5228 Cap.
1904 5159 1996 5222 “23$,
2029 5177 2212 5228 poema
2237 5162 2367 5215 scri-

786 5268 936 5328 ptum
981 5257 1044 5310 ab
1073 5272 1137 5311 eo
1175 5257 1225 5310 in
1256 5253 1416 5308 funus
1462 5251 1874 5307 Tlteodecliildis
1906 5253 2126 5321 regium,
2155 5269 2272 5321 quze
2301 5256 2367 5306 ad

788 5367 877 5405 att.
913 5349 1016 5404 598
1048 5349 1154 5401 l'ato
1182 5350 1441 5402 exstincta
1476 5355 1577 5409 est,
1605 5354 1662 5397 ut
1693 5344 1923 5397 ostendit
1953 5347 2020 5396 cl.
2052 5343 2265 5414 Pagins,
2297 5344 2362 5398 ad

787 5447 936 5502 illum
980 5460 1202 5510 annum,
1242 5459 1388 5498 num.
1439 5441 1493 5494 4.
1527 5441 1640 5496 Non
1672 5441 1836 5494 multo
1881 5441 2055 5510 itaque
2083 5452 2368 5512 postquam

790 5537 922 5592 illud
949 5536 1318 5605 epithnpltiutn
1344 5533 1580 5603 scripsit,
1619 5532 1950 5586 renuntiatus
1981 5542 2063 5588 est
2085 5533 2371 5602 episcopus

791 5627 1174 5693 Pictaviensis,
1221 5627 1332 5697 jam
1382 5628 1628 5681 inclinata
1679 5625 1743 5678 ad
1802 5635 2130 5678 senectutem
2190 5633 2368 5680 a-tate.

791 5716 923 5772 Cum
955 5717 1094 5771 enim
1120 5718 1162 5771 is
1187 5730 1356 5770 annos
1387 5717 1599 5770 circiter
1625 5715 1832 5785 triginta
1860 5729 1955 5768 sex
1988 5723 2141 5768 natus
2165 5717 2372 5770 venerit

864 5853 889 5888 ³³
925 5853 1057 5908 Vide
1084 5852 1234 5922 Pag,
1261 5853 1325 5906 ad
1366 5868 1454 5907 an.
1485 5849 1608 5905 590.
1642 5852 1779 5920 Lege
1807 5851 1962 5918 Greg.
1997 5850 2148 5914 Tur.;
2184 5851 2250 5905 de
2285 5853 2368 5910 Gl.

795 5925 959 5992 conl.,
996 5940 1046 5980 c.
1081 5925 1194 5993 96.,
1232 5935 1285 5980 et
1325 5925 1360 5977 ι.
1403 5940 1454 5979 tv
1491 5923 1560 5980 de
1589 5922 1706 5978 Mir.
1749 5925 1804 5979 S.
1842 5922 2070 5991 Martini,
2111 5940 2158 5976 c.
2193 5922 2289 5989 3:2;
2320 5935 2372 5978 et

2475 4704 2730 4772 episc0pi,
2763 4717 2881 4754 cum
2914 4699 3206 4754 Fortunato
3238 4701 3419 4753 intima
3448 4700 3681 4754 amicitia
3725 4716 3788 4755 ac
3833 4704 4061 4759 familia-

2473 4800 2630 4849 ritate
2651 4793 2943 4860 conjuncti,
2962 4794 3012 4845 itt
3042 4793 3223 4860 primis
3249 4807 3372 4847 vero
3391 4791 4054 4864 RadegundisetAgnelis,

2473 4903 2592 4956 qua:
2623 4897 2725 4940 tant
2759 4887 3044 4952 singularis
3075 4883 3286 4951 pietatis
3311 4885 3463 4938 laude
3485 4885 4058 4953 illistemporibusllo-

2476 4984 2722 5037 ruerunt,
2741 4982 2884 5025 tanta
2910 4987 3030 5026 cum
3051 4971 3345 5024 Fortunato
3373 4970 3711 5024 necessitudo
3725 4981 3779 5024 et
3797 4974 4055 5039 charitas,

2472 5066 2600 5118 satis
2627 5065 2900 5118 declarant
2941 5075 3043 5129 qua
3093 5067 3135 5114 is
3165 5060 3558 5114 existimatione
3587 5070 3730 5113 esset
3757 5061 3810 5113 itt
3843 5063 4054 5130 Galliis,

2473 5173 2696 5228 qumque
2726 5158 2792 5210 dc
2818 5156 3059 5224 ejusdem
3092 5154 3290 5207 virtute
3320 5162 3462 5206 esset
3489 5154 3723 5206 omnium
3757 5155 3962 5222 opinio.

2543 5250 2630 5306 94.
2675 5251 2855 5317 Itaque
2880 5246 3179 5300 mirandum
3214 5260 3319 5297 non
3345 5246 3415 5297 sit
3447 5243 3826 5298 Baudoniviam
3856 5257 4059 5313 aposto.

2474 5343 2628 5396 licunt
2659 5341 2801 5394 illum
2835 5341 3004 5392 virum
3059 5337 3390 5405 appellasse:
3452 5335 3674 5388 Paulum
3717 5336 4010 5392 Diaconutn
4036 5381 4055 5407 ,

2474 5452 2594 5491 cum
2644 5436 2880 5489 venisset
2921 5434 2973 5486 in
3023 5431 3244 5497 Gallias,
3274 5429 3508 5498 ejusdem
3542 5428 3827 5496 tumulum,
3853 5442 3910 5485 ut
3941 5433 4058 5501 ipse

2474 5531 2542 5586 de
2589 5546 2647 5585 se
2699 5532 3004 5598 prolitetnr,
3055 5529 3298 5580 orationis
3353 5542 3507 5578 causa
3557 5527 3842 5594 invisisse,
3893 5539 4057 5600 atque

2473 5623 2718 5677 eumdem
2748 5631 2978 5674 sanctum
3008 5631 3059 5673 et
3086 5618 3285 5672 beatum
3321 5620 3370 5670 in
3395 5617 3484 5669 illo
3514 5618 3750 5682 carmine
3794 5620 3937 5686 quod
3985 5621 4054 5676 ad

2475 5714 2593 5784 ejus
2650 5715 2951 5782 sepulcrum
2993 5712 3328 5766 elucubravit
3371 5710 3716 5775 nominaSse,
3753 5727 3814 5766 ac
3860 5713 4057 5784 implo-

2475 5849 2762 5923 Coint.,ad
2785 5864 2870 5900 an.
2899 5848 3022 5913 50:2,
3059 5867 3110 5902 n.
3137 5847 3196 5912 ὅς
3230 5857 3280 5900 ct
3311 5846 3487 5910 Ruin.,
3525 5847 3572 5899 in
3612 5845 3752 5902 notis
3781 5846 3847 5902 ad
3886 5851 4052 5923 Greg.

2477 5923 2632 5988 Tur.,
2655 5922 2746 5973 cit.
2777 5923 2911 5973 loco.
