4236 6548
213 448 275 507 49
1365 450 1523 506 νιτΑ
1565 452 1811 509 νΙΞΝΑΝῗ

1927 455 2345 513 FORTUNATI.
3452 471 3522 530 50

217 576 358 619 rassc
408 570 465 617 ut
512 561 612 618 sibi
657 564 795 633 apud
853 577 1055 631 (equum
1097 563 1320 632 judicent
1364 565 1563 618 eximiis
1612 567 1809 621 meritis
1839 571 1890 630 Α

219 658 666 728 patrocinaretur.
693 658 768 712 Ex
808 659 1003 728 quibus
1037 658 1260 727 intelligi
1307 669 1483 726 potest
1534 676 1650 714 cani
1692 677 1810 730 qua:

219 763 337 809 tunc
368 753 436 807 de
469 751 748 808 Fortunali
786 753 1071 806 sanctitate
1123 752 1305 820 upinin
1347 754 1396 806 in
1445 751 1634 807 Galliis
1692 754 1807 820 fuit,

215 847 291 902 vel
323 847 388 903 ad
416 848 745 918 posteriores
767 857 979 913 mtates,
1005 859 1261 917 perpetua
1287 847 1561 904 hominum
1583 863 1812 905 consen-

215 945 380 1009 sione,
413 944 748 1014 pervenisse.

283 1037 372 1094 95.
419 1039 596 1110 Ipsum
621 1039 817 1095 deinde
848 1040 1200 1094 Fortunatum
1234 1042 1370 1096 inter
1398 1041 1658 1111 inmagines
1682 1055 1808 1094 san-

215 1148 418 1191 ctorum
454 1140 884 1206 Angustanorum
935 1137 1160 1190 relatum
1195 1137 1421 1204 legimus
1469 1136 1533 1189 iis
1575 1135 1751 1189 verbis
1796 1152 1808 1188 :

215 1229 434 1283 Sanctus
482 1225 806 1282 Fortunatus
857 1243 920 1281 ea:
967 1229 1256 1299 presbytero
1287 1226 1493 1293 Italico,
1546 1229 1810 1298 episcopus

217 1319 593 1386 Pictaviensis;
620 1336 780 1390 quem
811 1321 1070 1374 honorem
1100 1321 1274 1375 eidem
1309 1321 1563 1375 tributum
1589 1327 1814 1375 censent

214 1415 474 1479 ttottttulli,
507 1416 646 1486 quod
677 1431 794 1471 eam
827 1415 892 1468 ad
922 1417 1132 1480 urbem,
1170 1417 1221 1470 in
1263 1431 1363 1470 suo
1394 1416 1486 1470 illo
1537 1430 1633 1484 per
1683 1412 1813 1468 Ger-

217 1510 444 1565 maniam
478 1511 668 1566 itinere
693 1551 706 1574 ,
739 1512 1048 1577 accesserit,
1084 1521 1141 1564 ut
1180 1510 1391 1564 cineres
1439 1519 1641 1563 sanctae
1671 1508 1814 1563 Afrae

213 1604 278 1657 ibi
308 1603 560 1658 conditos
599 1613 990 1670 veneraretur;
1023 1620 1085 1659 ac
1113 1603 1268 1670 forte,
1294 1604 1524 1672 Spatium
1558 1604 1810 1673 temporis

215 1699 429 1769 aliquod
493 1715 553 1754 ea
584 1702 634 1753 in
681 1701 894 1755 civitate
927 1709 1312 1764 commoratus,
1341 1698 1569 1769 egregize
1602 1698 1815 1752 virtutis

212 1790 479 1860 Specimen
511 1790 724 1860 aliquod
757 1791 964 1844 dederit
1002 1789 1138 1856 (L34
1180 1789 1308 1842 Viue
1332 1789 1392 1844 S.
1422 1787 1630 1857 Mart.).
1666 1788 1810 1842 Idem

210 1884 488 1937 invocatur
519 1883 569 1936 in
631 1883 834 1936 litaniis
891 1884 1060 1937 sancti
1117 1883 1365 1954 Cypriani
1423 1897 1573 1937 estra
1627 1899 1811 1938 muros

1990 570 2077 624 98.
2111 571 2261 637 Quod
2295 587 2421 628 vero
2451 573 2644 631 attinet
2674 578 2739 633 ad
2789 576 3058 650 ingenium
3110 591 3164 638 et
3209 584 3517 646 doctrinam

1922 661 2217 730 Fortunati,
2254 666 2360 721 etsi
2391 667 2522 721 illud
2545 669 2689 737 dem,
2721 673 2959 740 ejusdem
2995 687 3234 744 poemata
3270 675 3338 734 iis
3371 680 3518 749 lepo-

1917 755 2062 808 ribus
2095 771 2157 809 ac
2192 761 2560 817 venustatibus
2591 762 2682 816 lita
2727 780 2870 834 szepe
2921 784 3026 820 non
3071 784 3333 837 apparere
3385 789 3517 844 quas

1915 847 2187 901 delicatuli
2220 853 2458 906 nonnulli
2494 858 2744 925 persequi
2774 872 2836 911 ac
2861 858 3168 916 desiderare
3222 878 3516 922 consueve-

1916 950 2058 1003 runt,
2086 940 2191 995 imo
2222 952 2274 996 et
2302 947 2587 1014 quamdam
2621 951 2894 1006 interdum
2921 952 3244 1021 barbariem,
3281 976 3348 1013 ex
3380 970 3512 1015 temo

1919 1047 2106 1098 porum
2150 1033 2348 1098 indole,
2386 1053 2494 1106 pra:
2520 1054 2580 1095 se
2613 1040 2753 1096 ferre
2784 1044 3100 1109 concedam,
3135 1047 3276 1102 idem
3336 1061 3513 1108 tamen

1917 1122 2043 1174 illud
2075 1123 2308 1192 affirmo,
2342 1141 2462 1180 cum
2494 1130 2634 1197 aptis
2663 1135 3049 1206 concinnisque
3081 1141 3359 1195 sententiis
3409 1153 3514 1196 tota

1915 1213 2029 1267 fere
2060 1213 2150 1267 illa
2178 1227 2430 1273 contexta
2463 1235 2584 1277 esse
2613 1221 2778 1293 (quod
2809 1226 3021 1294 plurimi
3067 1230 3367 1286 faciendum
3412 1247 3514 1300 est,

1917 1319 2022 1358 non
2052 1307 2226 1360 solum
2258 1308 2312 1362 in
2341 1313 2514 1367 soluta
2563 1316 2824 1382 oratione,
2852 1317 2948 1372 sed
2996 1317 3156 1374 etiam
3217 1323 3268 1375 in
3322 1325 3515 1397 poesi),

1919 1408 2027 1450 tum
2058 1413 2122 1452 ne
2155 1401 2284 1456 rude
2333 1404 2572 1471 quidem,
2597 1408 2786 1461 saltem
2837 1413 2891 1464 in
2949 1411 3081 1466 locis
3136 1413 3396 1483 pluribus,
3425 1427 3518 1471 aut

1917 1493 2218 1562 impolitum
2277 1496 2492 1552 dicendi
2543 1515 2713 1571 genus
2758 1502 2824 1556 ab
2871 1518 2937 1559 eo
2983 1506 3518 1578 adhiberi,quinitno

1919 1587 2020 1641 tale
2043 1590 2183 1657 quod
2218 1589 2484 1645 interdum
2519 1594 2600 1647 vel
2651 1595 2990 1652 delicatiores
3041 1613 3198 1654 aures
3245 1600 3518 1658 delectare

1919 1683 2107 1746 possit.
2144 1681 2289 1736 Idem
2344 1685 2397 1738 in
2427 1685 2806 1743 affectionibus
2861 1691 3047 1758 animi,
3085 1709 3181 1761 pro
3212 1703 3512 1766 temporum

1922 1788 1984 1826 ac
2009 1790 2360 1844 personarum
2394 1790 2581 1834 natura
2602 1822 2615 1846 ,
2646 1785 3017 1852 exprimendis
3049 1791 3216 1860 (quod
3249 1792 3299 1844 in
3325 1793 3516 1858 primis

1917 1870 2049 1920 artis
2083 1877 2137 1921 et
2168 1869 2363 1938 ingenii
2394 1871 2503 1924 vim
2528 1875 2790 1942 ostendit)
2825 1880 3058 1934 maxime
3085 1883 3383 1948 antecellit;
3420 1900 3519 1941 nec

214 1973 592 2038 I‘ictavienses,
617 1983 672 2028 ut
697 1990 758 2029 ex
798 1975 936 2028 illius
967 1975 1220 2030 Ecclesia:
1252 1977 1419 2030 sacris
1451 1976 1809 2030 monumentis

1919 1960 2044 2012 salis
2069 1959 2288 2028 quidem
2314 1969 2368 2014 et
2391 1962 2587 2031 leporis
2614 1980 2829 2033 expers,
2855 1984 2974 2022 cum
3010 1973 3157 2026 locus
3189 1976 3516 2043 expOstulat,

209 2068 711 2124 ostenditAndreas
740 2067 1026 2124 Suassaius
1075 2069 1142 2123 ad
1189 2071 1390 2125 calcem
1442 2069 1809 2141 Martyrologii

210 2159 484 2215 Calllcani.
518 2163 630 2230 Qua
657 2162 724 2216 de
772 2179 829 2216 re
880 2163 1138 2232 legendus
1169 2163 1434 2228 Cointius,
1461 2163 1525 2218 ad
1556 2179 1644 2216 an.
1679 2162 1807 2228 599,

208 2268 353 2307 num.
385 2253 478 2317 28,
510 2264 564 2308 et
594 2254 804 2322 Pagius,
838 2254 903 2308 ad
931 2269 1019 2309 an.
1049 2256 1174 2320 568,
1203 2271 1351 2310 num.
1386 2254 1440 2309 Ii.
1468 2256 1521 2310 In
1556 2257 1808 2310 vetustis-

207 2345 353 2398 simis
383 2345 545 2400 etiam
595 2346 864 2413 precibus,
907 2361 999 2400 seu
1051 2347 1269 2414 litaniis,
1321 2349 1497 2403 solitis
1539 2363 1567 2402 a
1616 2346 1811 2403 Carolo

208 2435 371 2492 Calvo
405 2439 642 2503 recitari,
677 2441 814 2494 inter
847 2451 1074 2494 cmteros
1122 2451 1339 2496 sanctos
1389 2442 1674 2512 episcopos
1725 2443 1809 2496 vel

211 2531 487 2588 Fortunati
523 2549 718 2590 nomen
765 2551 1084 2604 expressum
1136 2537 1405 2606 reperitur
1445 2537 1530 2592 his
1573 2537 1751 2593 verbis
1796 2556 1807 2590 :

211 2627 404 2684 Sancte
440 2627 749 2696 Fortunate,
769 2647 862 2684 ora
886 2648 978 2699 pro
1010 2631 1174 2696 nobis,
1209 2631 1283 2685 uti
1313 2639 1535 2703 apparet
1565 2647 1630 2685 es
1670 2631 1812 2685 anti-

211 2724 474 2791 quissimo
507 2724 633 2789 Ms.,
691 2726 832 2795 quod
888 2725 1056 2779 edidit
1113 2725 1420 2795 Stephanus
1472 2725 1706 2778 Balutius
1759 2724 1811 2778 in

208 2825 330 2878 app.
357 2811 426 2865 ad
450 2811 581 2878 Cap.
618 2810 821 2883 Regum
848 2811 1067 2877 Franc.,
1087 2825 1206 2880 cap.
1233 2811 1324 2865 9i.
1359 2812 1636 2867 Postremo
1665 2811 1812 2880 ejus-

211 2902 330 2957 dem
364 2903 588 2958 Fesmm
623 2905 675 2958 in
710 2903 952 2958 Ecclesia
986 2905 1307 2958 Pictavicnsi
1338 2904 1438 2958 sub
1480 2905 1582 2957 ritu
1613 2903 1813 2971 duplici

209 2997 521 3052 celebratur
561 2999 627 3051 ad
673 2998 813 3052 diem
845 2997 911 3053 14
945 2999 1273 3066 Decembris,
1300 3008 1356 3053 ut
1387 3000 1625 3055 referunt
1655 3000 1815 3056 Sam-

211 3089 482 3144 n.artbani
517 3090 569 3143 in
593 3089 731 3146 Gall.
759 3089 982 3154 Christ,
1021 3100 1057 3145 t.
1097 3091 1160 3158 ll,
1183 3109 1233 3160 p.
1271 3090 1427 3146 “5|.
1459 3092 1742 3164 Legendus
1763 3103 1816 3149 et

207 3181 500 3239 Suassaius
531 3185 582 3238 in
615 3185 768 3238 Mart.
796 3184 936 3241 Call.
973 3201 1028 3252 II,
1064 3201 1114 3256 p.
1148 3185 1232 3252 I5,
1262 3185 1380 3240 Kal.
1406 3185 1525 3241 Jan.

278 3298 367 3355 96.
419 3302 592 3370 Atque
616 3302 730 3354 haec
759 3309 978 3355 externa
1009 3310 1134 3355 sunt
1156 3301 1222 3355 de
1248 3302 1443 3371 pietate
1470 3316 1532 3356 ac
1558 3300 1815 3372 religione
1845 3332 1891 3394 Ο

211 3394 499 3450 Fortunati
554 3395 883 3451 testimonia.
942 3395 997 3448 Si
1057 3407 1234 3450 autem
1283 3396 1399 3466 ejus
1449 3396 1667 3465 scripta,
1701 3396 1814 3452 sive

209 3503 386 3557 prosa,
420 3488 536 3544 sive
573 3503 764 3552 versu,
817 3487 1148 3553 elucubrata,
1207 3487 1473 3558 lcgantur,
1517 3487 1645 3541 nihil
1706 3490 1813 3542 fere

205 3583 350 3635 aliud
380 3583 471 3636 illa
495 3596 659 3651 quam
683 3582 951 3652 egregiam
975 3581 1028 3634 in
1054 3580 1222 3638 Deum
1251 3599 1314 3637 ac
1334 3583 1542 3638 beatam
1570 3583 1811 3651 Mariam,

208 3673 481 3744 Divosque
519 3690 733 3738 omnes,
767 3676 1022 3742 pietatem
1075 3685 1128 3728 et
1179 3677 1538 3730 reverentiam
1591 3692 1702 3744 pra:
1755 3690 1814 3732 se

205 3767 406 3832 ferunt,
436 3777 546 3820 tum
581 3767 631 3819 in
671 3766 959 3820 virtutibus
993 3767 1267 3821 hominum
1299 3783 1361 3820 ac
1393 3768 1664 3835 prmclaris
1693 3783 1810 3823 me-

203 3860 316 3914 ritis
342 3859 691 3916 celebrandis
713 3861 947 3914 alienum
971 3859 1038 3913 ab
1060 3861 1204 3913 onmi
1231 3857 1520 3914 invidentia
1542 3859 1813 3930 singulare

200 3955 440 4009 studium
503 3970 567 4008 ac
623 3953 982 4008 sedulitatem.
1042 3952 1096 4007 In
1161 3953 1350 4007 iisdem
1405 3954 1600 4023 ubique
1652 3952 1812 4022 digna

203 4047 522 4102 Christiano
547 4047 787 4114 homine,
825 4046 1130 4117 ingenuitas
1160 4061 1223 4100 ac
1251 4061 1462 4100 morum
1492 4045 1811 4116 simplicitas

200 4149 452 4208 apparet,
484 4138 537 4193 in
569 4138 813 4192 colendis
857 4137 1110 4192 amicitiis
1162 4137 1455 4206 singularis
1508 4137 1810 4191 innocentia

196 4247 257 4284 ac
280 4233 441 4295 fides,
477 4243 586 4287 tum
617 4231 917 4301 praecipuus
941 4229 1210 4300 mquitatis
1231 4229 1630 4299 honestatisque
1658 4245 1810 4286 amor

195 4326 393 4394 ubique
420 4337 716 4390 expressus
745 4324 1081 4392 perspicitur.
1112 4323 1186 4378 De
1211 4339 1268 4378 se
1297 4323 1509 4392 quoties
1553 4323 1808 4392 loquitur,

194 4433 295 4470 non
325 4419 495 4472 modo
521 4417 700 4471 verbis
725 4432 826 4471 non
860 4416 1013 4472 effert
1045 4433 1105 4471 ea
1138 4428 1451 4472 ornamenta
1483 4433 1602 4486 quae
1631 4417 1721 4472 alii
1753 4418 1808 4472 in

191 4511 305 4580 ipso
339 4511 776 4573 admirabantur,
805 4510 900 4565 sed
926 4511 1085 4564 etiam
1116 4520 1258 4563 totus
1300 4520 1381 4564 est
1412 4509 1463 4563 in
1487 4509 1688 4565 eisdem
1712 4525 1807 4566 oc-

192 4605 488 4667 cultandis,
521 4614 611 4656 aut
643 4603 1022 4670 extenuandis,
1052 4601 1193 4657 idem
1221 4605 1269 4656 in
1298 4603 1507 4658 caeteris
1530 4605 1804 4669 ornandis,

1917 2053 2358 2122 deprehenditur.

1987 2147 2076 2199 99.
2121 2147 2275 2212 Quod
2308 2150 2352 2202 si
2383 2151 2503 2218 quis
2538 2151 2672 2207 forte
2705 2153 2757 2207 id
2793 2155 3085 2223 desiderat,
3117 2169 3172 2212 ut
3226 2162 3518 2231 elegantior

1916 2240 2183 2294 interdum
2213 2258 2275 2295 ac
2304 2241 2610 2310 diligentior
2639 2257 2803 2309 easet,
2834 2247 2978 2303 idem
3011 2253 3319 2307 iiictninerit
3342 2271 3517 2323 opor-

1916 2333 2182 2398 tet,eain
2236 2345 2477 2405 tempora
2531 2338 2680 2392 illum
2739 2341 3014 2408 incidisse,
3050 2347 3240 2410 quibus
3293 2349 3514 2406 diutinis

1921 2424 2076 2481 bellis
2105 2442 2167 2480 ac
2203 2428 2570 2497 frequentibus
2607 2432 2962 2489 Barbatorunt
2988 2441 3387 2497 incursionibus
3411 2460 3516 2500 non

1916 2518 2088 2571 solum
2117 2517 2285 2587 Italia,
2322 2520 2374 2575 in
2400 2537 2503 2592 qua
2550 2523 2739 2579 doctus
2788 2535 2842 2582 et
2887 2529 3148 2586 educatus
3195 2531 3388 2598 fuerat,
3422 2537 3519 2593 sed

1918 2610 2102 2679 etiam,
2134 2611 2183 2664 in
2215 2627 2317 2681 qua
2348 2613 2605 2685 deinceps
2639 2618 2793 2683 vixit,
2819 2619 2990 2675 Callia
3022 2633 3209 2678 vexata
3242 2637 3296 2681 et
3319 2627 3517 2683 afflicta

1919 2704 2114 2772 saepius
2149 2703 2264 2772 fuit,
2300 2715 2359 2760 ut
2390 2709 2692 2764 mirandum
2723 2711 2905 2780 potius
2927 2715 3014 2781 sit,
3048 2715 3092 2769 si
3124 2719 3271 2786 quid,
3297 2735 3358 2774 ea
3387 2732 3518 2775 zela-

1921 2806 1992 2865 te,
2028 2813 2146 2850 cum
2177 2801 2387 2852 ea-teris
2410 2800 2462 2854 in
2511 2802 2692 2870 rebus,
2727 2815 2837 2858 tuttt
2886 2805 2938 2859 iii
2982 2807 3144 2862 Musis
3193 2825 3254 2864 ac
3303 2809 3516 2878 litteris,

1919 2891 2220 2947 barbariem
2251 2910 2314 2949 ac
2335 2894 2600 2951 feritatem
2633 2914 2737 2952 non
2771 2900 3058 2958 redoleret.
3111 2903 3167 2958 bi
3212 2905 3341 2974 quid
3391 2921 3518 2959 vero

1920 2985 2088 3052 aliud,
2117 2987 2276 3041 Musa:
2304 2999 2451 3044 certe
2482 2990 2716 3060 quietem
2774 3002 2828 3047 et
2871 2995 3039 3048 otium
3094 2995 3422 3064 desiderant,
3447 3013 3512 3053 ac

1920 3079 2204 3145 quamdam
2241 3084 2556 3135 vacuitatem
2612 3083 2679 3136 ab
2725 3086 3029 3155 angoribus.
3079 3087 3338 3156 Quocirca
3387 3091 3516 3158 quid

1925 3173 2138 3226 tandem
2170 3172 2443 3241 festivum,
2477 3192 2539 3231 ac
2573 3177 2774 3246 laetum,
2807 3189 2861 3234 et
2909 3182 3019 3234 suis
3068 3183 3374 3238 absolutum
3419 3200 3519 3239 nu-

1924 3268 2108 3334 meris,
2141 3283 2333 3324 canere
2385 3271 2428 3323 is
2477 3282 2704 3341 poterat,
2741 3274 2853 3344 qui,
2889 3275 3080 3330 anxius
3123 3291 3184 3331 ac
3226 3277 3515 3340 sollicitus.

1924 3363 2051 3418 illud
2083 3379 2226 3432 saepe
2253 3376 2518 3434 quaereret
2551 3384 2562 3418 :

2043 3465 2092 3514 Si
2123 3469 2284 3529 gravis
2309 3481 2438 3515 arma
2461 3475 2658 3528 tenens,
2683 3469 2825 3518 Italas
2846 3471 2962 3519 terit
2981 3470 3159 3533 hospes
3181 3475 3390 3524 arenas?

1919 3547 2117 3616 quique
2147 3548 2215 3602 ab
2249 3548 2392 3603 Italia
2444 3550 2533 3604 diu
2563 3553 2736 3616 exsul,
2767 3567 2947 3607 secum
2980 3553 3108 3607 iiiUd
3140 3563 3193 3608 et
3230 3570 3352 3609 cum
3395 3557 3514 3610 aliis

1918 3641 2354 3712 conquerebatur
2389 3661 2400 3696 '.

2041 3733 2136 3799 Cur
2161 3736 2276 3799 mihi
2303 3743 2396 3784 tam
2424 3736 2607 3784 validas
2633 3739 2844 3786 inuectis
2867 3750 2982 3786 cura
3006 3737 3275 3799 querelas?

2041 3796 2250 3862 Tristius
2275 3811 2394 3862 erro
2412 3801 2575 3853 nimis,
2608 3802 2771 3859 patriis
2798 3814 2947 3862 vagus
2977 3796 3118 3850 exsul
3145 3805 3205 3848 ab
3228 3804 3343 3860 cris,

2102 3858 2256 3917 Quam
2283 3863 2346 3910 sit
2371 3858 2638 3920 Apolloniis
2661 3858 2923 3926 naufragus
2949 3864 3127 3926 hospes
3151 3866 3305 3926 aquis.

1992 3943 2111 3996 100.
2146 3943 2303 3998 Hisce
2333 3945 2470 4000 adde
2509 3946 2648 4016 quod
2677 3946 2722 4000 is
2755 3946 3006 4016 pleraque
3056 3948 3354 4002 carminum
3405 3966 3512 4004 non

1915 4035 2058 4091 domi
2085 4038 2298 4103 scripsit
2320 4041 2512 4103 otiose,
2543 4051 2595 4093 ut
2625 4041 2811 4095 eadem
2836 4040 2973 4094 seria
3001 4056 3126 4093 cura
3153 4055 3213 4095 ac
3235 4042 3512 4110 diligentia

1915 4129 2258 4196 clucubrare,
2293 4147 2377 4198 ac,
2402 4133 2448 4186 si
2481 4133 2608 4202 quid
2657 4135 2832 4188 minus
2879 4135 3161 4190 commode
3207 4137 3500 4202 exciderat,

1915 4227 2177 4294 relingere
2203 4241 2266 4280 ac
2298 4225 2485 4282 limare
2514 4226 2760 4282 subtilius
2793 4239 3006 4296 posset,
3037 4228 3133 4282 sed
3181 4228 3234 4283 in
3290 4229 3505 4296 itinere,

1912 4328 2003 4370 aut
2051 4317 2332 4387 navigans,
2382 4328 2473 4372 aut
2521 4321 2785 4390 equitans,
2835 4319 2946 4374 fere
2994 4321 3196 4386 effudit,
3233 4331 3322 4376 aut
3371 4324 3512 4380 inter

1915 4411 2171 4464 barbaros
2204 4413 2468 4480 homines,
2497 4414 2752 4468 invitatus
2783 4413 2849 4467 ad
2874 4415 3138 4480 convivia,
3175 4431 3237 4470 ex
3269 4429 3512 4488 tempore

1915 4505 2167 4573 profudit.
2208 4505 2276 4562 Ut
2304 4509 2445 4562 enim
2476 4509 2592 4577 ipse
2633 4507 2699 4563 de
2745 4523 2864 4562 sese
2913 4508 3102 4561 scribit
3160 4509 3225 4562 ad
3281 4509 3509 4582 Cregor.

1911 4596 2149 4664 Turon.,
2186 4600 2277 4654 lib.
2312 4616 2348 4665 I,
2374 4617 2491 4670 cap.
2525 4602 2547 4654 1
2605 4619 2614 4653 :
2659 4601 2985 4666 Prwscrtiin,
3020 4603 3212 4673 inquit,
3245 4621 3361 4658 cuin
3415 4622 3508 4678 ego

189 4712 321 4763 quos
351 4697 465 4750 ulla
497 4696 711 4750 virtutis
736 4695 890 4750 laude
918 4705 1173 4765 praestare
1199 4707 1519 4766 ceguoverat
1551 4697 1719 4753 facilis
1741 4715 1802 4754 ac
1826 4706 1881 4766 D
1910 4693 2178 4763 imperitus
2209 4696 2270 4747 de
2320 4694 2567 4748 Ravenna
2611 4697 2942 4767 pragrediens
2981 4695 3214 4762 Padum,
3247 4700 3506 4769 Athesim,

191 4788 432 4844 liberalis
465 4789 790 4844 OStCIIdilttr.

258 4884 348 4938 ετ.
399 4885 662 4955 Ejusdem
689 4900 814 4938 vero
844 4887 894 4938 iu
926 4883 1210 4938 scribendo
1263 4884 1511 4951 pietatem
1567 4885 1800 4940 Ecclesia

189 4980 509 5034 testimonio
555 4992 653 5032 suo
702 4993 764 5032 ac
820 4976 956 5030 facto
1011 4977 1397 5044 comprobavit,
1451 4993 1571 5031 cum
1623 4978 1802 5048 plures

190 5073 421 5142 hymnos
454 5071 528 5125 ab
560 5071 678 5140 ipso
706 5069 1052 5125 concinnatus
1083 5069 1146 5122 ad
1179 5069 1359 5123 divina
1390 5070 1563 5123 officia
1597 5080 1649 5125 et
1676 5087 1801 5126 sau-

189 5175 399 5218 ctorum
433 5165 573 5218 fe~ta
606 5161 923 5216 celebranda
952 5160 1276 5228 adhibuerit,
1303 5171 1357 5216 et
1385 5177 1483 5214 nsu
1529 5177 1627 5216 suo
1674 5177 1803 5217 eon-

189 5260 439 5322 sccrarit,
478 5271 617 5324 quos
651 5255 944 5323 permultos
979 5254 1140 5308 fuisse
1173 5255 1438 5324 (quamvis
1464 5254 1551 5308 alii
1577 5255 1802 5312 fortasse

184 5353 435 5406 adhiberi
469 5349 756 5415 desierint,
787 5349 874 5402 alii
904 5349 1138 5403 auctoris
1166 5349 1250 5402 sui
1282 5365 1346 5402 ex
1395 5350 1595 5404 incuria
1629 5349 1802 5404 homi-

189 5461 311 5498 ttmn
343 5454 400 5499 et
429 5443 708 5497 oblivione
739 5456 931 5496 nomen
964 5441 1270 5508 amiserint)
1318 5458 1378 5496 cx
1428 5441 1593 5497 Paulo
1652 5443 1798 5498 Diae.

187 5548 236 5591 et
262 5538 476 5592 Joanne
507 5532 806 5588 Trit'tiemio
836 5534 1042 5588 discere
1073 5547 1375 5602 possumus,
1408 5548 1632 5603 quorum
1667 5536 1800 5590 alter

187 5628 748 5700 hymnossingutnruin
771 5625 1098 5694 [estiritatunt
1123 5626 1429 5694 compositos
1455 5641 1482 5679 a
1509 5625 1800 5683 Fortunato

185 5723 348 5776 fuisse
395 5723 592 5784 refert,
619 5720 751 5772 alter
809 5719 1036 5789 hymnos
1089 5719 1156 5772 ab
1212 5719 1404 5774 eodem
1462 5719 1800 5778 elucubratos

185 5818 527 5887 septuaginta
582 5823 790 5881 septem
840 5825 1143 5876 enumerat,
1177 5829 1402 5880 quorum
1452 5818 1653 5884 primus
1710 5819 1798 5872 ille

187 5911 456 5976 statuitur,
489 5908 583 5978 qui
612 5907 798 5975 incipit
835 5923 844 5957 :
882 5907 1138 5977 Agnoscat
1167 5924 1315 5960 omne
1356 5909 1628 5970 m'cnlurn,
1665 5921 1792 5978 etc.,

182 6003 267 6072 qui
296 6010 482 6058 exstat
514 5999 604 6054 lib.
645 6013 902 6066 vm,cap.
937 5997 986 6058 5,
1014 5998 1110 6066 0p.
1142 5997 1288 6054 Fort.

1909 4796 2036 4850 etc.,
2070 4795 2282 4840 tranans
2306 4827 2318 4850 ,
2353 4787 2606 4858 pendulus
2664 4791 2916 4841 montanis
2955 4791 3295 4858 anfractibus,
3343 4788 3509 4861 Pyre-

1909 4883 2033 4933 nrcis
2058 4896 2349 4947 occurrens,
2368 4879 2398 4933 J
2409 4882 2509 4934 alio
2537 4897 2703 4935 mense
2721 4882 2930 4944 nivosis,
2953 4898 3078 4949 pene
3097 4894 3184 4934 aut
3205 4885 3504 4952 equimndo,

1907 4988 1994 5029 aut
2015 4977 2338 5029 dormitando
2361 4977 2769 5043 conscripseriin.
2798 4974 2896 5030 Ubi
2919 4977 3050 5030 inter
3070 4976 3330 5030 Barbaros
3352 4980 3507 5047 longo

1907 5083 2074 5126 tractu
2101 5073 2362 5141 gradiens,
2393 5079 2480 5123 aut
2527 5071 2605 5122 ria
2639 5074 2802 5140 fessus
2825 5115 2838 5136 ,
2870 5081 2956 5122 aut
3003 5071 3213 5135 crapula
3264 5072 3506 5138 brumali,

1907 5176 1992 5216 aut
2021 5164 2234 5235 frigore,
2288 5160 2441 5215 Musa
2481 5163 2738 5227 hortante,
2785 5163 2951 5214 nescio
3003 5163 3170 5232 gelida
3221 5179 3382 5234 magis
3436 5181 3507 5219 an

1905 5254 2064 5320 ebria,
2096 5271 2256 5308 norus
2287 5255 2522 5324 Orpheus
2551 5255 2788 5326 Lyricus,
2819 5254 2958 5308 silva:
2987 5270 3127 5307 rores
3147 5255 3351 5321 dabunt,
3377 5258 3506 5312 silva

1907 5348 2169 5402 reddebat.
2194 5347 2395 5415 Quibus
2429 5359 2710 5417 propterea
2735 5362 2792 5400 se
2816 5355 3037 5401 excusat
3063 5347 3127 5399 ad
3157 5344 3500 5417 Gregorium,

1906 5445 2190 5515 quominus
2222 5443 2462 5498 carmina
2491 5460 2584 5499 sua
2617 5445 2821 5499 ederet.
2858 5442 2986 5496 Item
3030 5441 3080 5494 in
3127 5441 3228 5495 alia
3275 5444 3502 5512 epistola

1905 5537 1972 5592 ad
2017 5537 2263 5592 eumdem
2297 5536 2544 5604 Cregor.,
2579 5553 2696 5606 quae
2739 5538 2951 5605 prtefixa
2982 5549 3063 5592 est
3095 5550 3321 5610 quatuor
3351 5539 3502 5594 libris

1905 5632 1973 5686 de
2026 5632 2140 5686 Vita
2182 5633 2352 5686 sancti
2403 5632 2654 5694 Martini,
2689 5646 2842 5686 somn
2874 5634 3141 5701 quoddam
3193 5651 3381 5704 poema
3433 5635 3501 5690 ad

1905 5727 2152 5780 eumdem
2179 5724 2304 5781 dicit
2333 5725 2546 5781 mittere
2583 5744 2594 5776 :
2629 5726 2841 5795 quodin
2869 5743 3019 5797 θρα-ε
3049 5730 3374 5795 messium,id
3406 5741 3502 5795 est,

1906 5821 1958 5873 in
1985 5820 2096 5889 ipsa
2117 5836 2298 5886 inesse,
2317 5820 2410 5880 ait,
2433 5830 2484 5871 ut
2513 5834 2736 5886 pra’sens
2767 5820 3025 5887 explicare
3054 5824 3272 5892 portitor
3294 5826 3500 5894 poterit,

1905 5931 1995 5968 nec
2026 5914 2265 5984 ea‘pedire
2292 5913 2456 5972 licuit,
2493 5929 2582 5964 nec
2611 5923 2806 5966 tentare
2833 5913 3056 5983 singula.
3085 5913 3148 5968 Et
3170 5916 3319 5970 addit
3353 5934 3364 5968 :
3399 5915 3498 5970 To-

1907 6020 2010 6060 tum
2038 6006 2169 6058 illud
2204 6023 2330 6072 opus
2366 6022 2579 6074 inempe
2607 6018 2840 6074 quatuor
2872 6006 3035 6062 iibros
3068 6008 3133 6061 de
3166 6009 3281 6062 Vita
3328 6009 3504 6066 sancti
