4236 6554
239 405 298 458 53
1389 415 1531 468 't'l'l'A
1587 411 1900 466 v'l'JNANTll
1939 411 2358 469 FORTUNATI.
3448 417 3515 472 54

305 521 448 576 Iace:
471 526 522 577 -Ξρί
552 528 764 596 epistota
788 544 1002 596 prce/rma
1031 527 1120 580 iii).
1147 541 1364 595 quatuor
1393 526 1456 580 dc
1482 524 1751 579 virtutibus

827 600 985 652 sancti
1019 600 1252 652 Marti/ti.

307 688 542 756 Utinam,
567 693 746 762 inquit,
772 692 1022 758 Severus,
1047 699 1140 746 aut.
1170 691 1422 746 Paulinus
1450 691 1710 755 viverent,
1735 697 1824 744 aut

234 790 379 835 certe
411 781 734 837 Fortunatus
766 785 997 850 adesset,
1032 785 1119 854 qui
1155 785 1254 837 ista
1295 783 1683 851 describerent,
1716 791 1817 836 etc.

233 873 307 927 De
336 877 513 930 eodem
543 875 826 929 Fortunato
859 877 936 929 vel
974 877 1091 929 aliis
1118 877 1170 929 in
1197 876 1322 929 locis
1348 876 1649 929 mentionem
1677 874 1818 942 facit.

304 966 629 1023 Baudonivia
678 969 1116 1032 sanctimonialis,
1148 971 1197 1022 in
1222 970 1433 1038 prologo
1475 968 1542 1022 ad
1578 966 1749 1022 Vitam

751 1051 938 1094 sancta:
970 1040 1320 1112 Iiadegundis.

304 1133 418 1188 Non
451 1149 533 1200 ea,
566 1149 686 1204 qua:
717 1135 796 1188 vir
829 1133 1155 1203 apostolicus
1186 1131 1508 1188 Fortunatus
1539 1131 1819 1202 episcopos

235 1227 298 1281 de
329 1227 500 1281 beatae
527 1225 638 1281 Vita
667 1228 985 1297 composuit,
1018 1228 1296 1292 iteramus,
1329 1237 1435 1282 etc.

241 1321 436 1376 Paulus
466 1321 746 1387 Diaconus,
775 1324 835 1374 de
863 1321 1026 1375 Gestis
1055 1320 1368 1393 Longobar.,
1391 1322 1476 1374 lib.
1505 1337 1559 1386 ll,
1581 1339 1694 1388 cap.
1733 1323 1819 1378 15.

305 1417 449 1472 Sane
480 1419 596 1486 quia
629 1417 782 1487 hujus
826 1417 1016 1472 Felicis
1048 1417 1267 1474 fecimus
1301 1419 1627 1473 mentionem
1651 1461 1663 1483 ,
1696 1418 1821 1472 libet

237 1527 448 1581 quoque
476 1528 638 1580 pauca
668 1529 762 1566 nos
788 1513 852 1568 de
887 1513 1172 1568 venerabili
1200 1522 1250 1568 et
1281 1513 1678 1581 sapientissimo
1705 1514 1822 1568 viro

238 1605 527 1659 Fortunato
555 1616 798 1660 retexere
819 1648 831 1671 ,
867 1606 953 1673 qui
989 1606 1130 1661 hunc
1160 1605 1395 1661 Felicem
1428 1622 1578 1661 suum
1608 1621 1820 1661 asseve-

241 1704 310 1748 "ill
344 1693 544 1750 socium
593 1695 778 1752 fuisse.
830 1697 1070 1766 Denique
1121 1697 1245 1762 hic,
1275 1697 1340 1752 de
1369 1712 1473 1766 quo
1523 1699 1817 1765 loquimur,

238 1786 587 1852 Fortunatus,
624 1799 780 1843 natus
811 1789 1024 1859 quidem
1073 1789 1123 1842 in
1153 1789 1268 1844 loco
1292 1790 1376 1858 qui
1403 1789 1695 1858 Duplavilis
1735 1790 1817 1844 di-

1850 527 1900 585 Α
1929 526 2063 580 adeo
2088 527 2330 596 quaedam
2358 527 2584 582 solerter
2607 544 2727 584 eum
2754 530 3100 597 investigasse
3119 576 3131 598 ,
3160 545 3281 588 cum
3308 534 3354 586 ei
3384 548 3514 589 con~

1931 622 2236 689 temporalis
2287 624 2522 677 existens
2551 625 2631 676 vir
2665 626 2892 690 prudens
2925 637 2976 679 et
3007 628 3514 684 scholasticissimus

1928 712 2374 782 Fortunatus,qui
2396 716 2540 782 plura
2569 727 2621 769 et
2647 716 2953 785 frequenter
2971 720 3034 772 ad
3059 736 3180 774 eum
3198 725 3509 792 scripserat,

1930 805 2195 875 llymuum
2240 808 2518 877 rytltmica:
2568 811 2974 878 compositionis
3008 813 3421 880 pulcherrimum
3445 819 3511 872 de

1927 898 2028 951 isto
2059 899 2451 964 gloriosissimo
2475 913 2710 973 martyre
2732 907 3114 973 composuerit.
3146 907 3200 960 In
3223 919 3510 978 quocum-

1926 998 2188 1044 memorat
2214 1005 2338 1048 eum
2370 1007 2397 1044 a
2429 993 2588 1048 beato
2615 994 2894 1052 Clemente
2917 999 3261 1067 destinatum,
3295 1004 3430 1058 sicut
3460 1007 3510 1059 ir.

1926 1081 2233 1139 Latinorum
2267 1087 2476 1157 paginis
2496 1088 2702 1144 didicit.
2757 1090 2832 1146 De
2863 1092 3082 1148 natione
3106 1103 3284 1149 autem
3313 1095 3428 1164 ejus
3459 1108 3514 1150 et

1928 1177 2263 1233 ordinatione
2311 1181 2649 1252 episcopatus
2700 1185 3027 1242 mentientem
3060 1202 3163 1242 non
3192 1188 3358 1255 facit,
3390 1192 3512 1258 quia

1929 1269 2122 1338 lingua
2145 1269 2346 1326 Graeca:
2379 1277 2587 1342 penitus
2614 1291 2811 1344 expers
2835 1277 2953 1334 fuit.

1927 1360 2264 1431 lliucmarus,
2284 1367 2336 1419 in
2377 1365 2491 1444 Vita
2516 1371 2681 1422 sancti
2714 1371 2935 1443 Remigii
2959 1373 3184 1444 episcopi
3209 1374 3512 1430 Rhemensis

2461 1442 2514 1492 in
2538 1447 2714 1511 prwf.,
2747 1442 2888 1498 nunt.
2922 1444 2978 1500 2.

1998 1529 2235 1600 Egidius,
2272 1542 2389 1601 post
2436 1533 2649 1588 beatum
2697 1535 3039 1608 Remigium,
3091 1551 3310 1609 quartus
3359 1543 3514 1599 istius

1926 1625 2156 1679 civitatis
2204 1626 2484 1696 episcopus
2527 1629 2810 1697 quemdam
2853 1631 3026 1686 virum
3058 1633 3386 1703 religiosum,
3420 1650 3516 1690 no-

1926 1717 2068 1772 mine
2098 1718 2450 1773 Fortuuatum
2477 1762 2490 1785 ,
2525 1722 2765 1776 metricis
2798 1723 3040 1778 versibus
3065 1725 3350 1797 insignem,
3387 1728 3510 1796 quia

1925 1810 2105 1865 multis
2138 1813 2444 1877 potentibus
2467 1823 2521 1868 et
2549 1814 2950 1872 honorabilibus
3008 1819 3160 1887 viris,
3191 1820 3243 1874 in
3278 1819 3363 1875 his
3384 1821 3511 1877 Gal-

232 1881 387 1947 citur,
422 1880 516 1935 fuit
551 1899 566 1936 :
597 1881 685 1950 qui
716 1882 862 1936 locus
902 1881 1039 1935 haud
1071 1881 1227 1953 longe
1260 1897 1285 1934 a
1325 1881 1592 1936 Cenitensi
1615 1894 1810 1949 castro,

1922 1903 2036 1958 licis
2065 1915 2116 1959 et
2148 1905 2369 1974 Belgicis
2415 1909 2741 1979 regionibus,
2793 1926 2888 1981 per
2940 1914 3153 1969 diversa
3188 1915 3327 1982 loca,
3385 1927 3512 1972 tunc

234 1973 308 2024 i'el
348 1972 658 2026 Tarvisiana
703 1975 864 2028 distat
912 1975 1162 2037 civitate;
1198 1975 1288 2029 sed
1317 1984 1493 2029 tamen
1544 1975 1816 2031 Ravenna:

237 2065 467 2117 nutritus
497 2075 548 2119 et
576 2066 760 2121 doctus
781 2109 794 2132 ,
827 2067 876 2120 in
909 2076 1023 2121 arte
1069 2068 1409 2134 grammmica
1435 2109 1449 2132 ,
1486 2069 1598 2123 sive
1629 2069 1812 2124 rheto-

233 2158 353 2218 riea.
389 2157 502 2211 sive
528 2157 685 2212 etiam
715 2159 955 2222 metrica,
980 2159 1306 2214 clarissimus
1337 2161 1556 2215 exstitit.
1585 2160 1813 2215 Hiccum

231 2248 506 2303 oculorum
552 2251 791 2306 dolorem
845 2252 1376 2307 vehementissimam
1423 2262 1726 2322 pateretur,
1761 2262 1816 2309 et

231 2336 582 2394 nihilominus
616 2340 762 2396 Felix
795 2343 913 2409 istc,
947 2343 1110 2410 ipsius
1137 2343 1334 2408 socius,
1364 2346 1473 2413 pari
1504 2344 1661 2399 modo
1689 2359 1816 2400 ocu-

224 2433 304 2487 los
355 2433 596 2498 doleret,
640 2444 865 2503 uterque
909 2434 973 2486 ad
1026 2433 1297 2488 basilicam
1345 2435 1622 2490 beatorum
1668 2436 1812 2491 Pauli

225 2537 382 2594 atque
415 2524 662 2592 Joannis,
697 2542 814 2596 qua:
861 2528 996 2581 intra
1047 2528 1286 2583 eamdem
1333 2530 1516 2584 urbem
1565 2530 1663 2584 sita
1694 2541 1807 2596 est,

225 2629 584 2686 perrexerunt
615 2620 664 2672 in
697 2635 798 2688 qua
830 2621 990 2675 etiam
1023 2622 1268 2676 altarium
1301 2624 1351 2676 in
1379 2622 1637 2678 honorem
1667 2624 1813 2679 beati

225 2707 439 2763 Martini
481 2705 806 2764 confessoris
851 2721 1213 2768 constructum
1270 2716 1617 2785 propinquam
1655 2714 1814 2771 habet

225 2798 541 2863 fenestram,
577 2800 628 2853 in
659 2814 763 2870 qua
796 2801 1007 2856 lucerna
1041 2803 1106 2857 ad
1133 2803 1490 2859 exhibendum
1526 2805 1705 2861 lumen
1729 2816 1814 2862 est

225 2894 516 2948 constituta
539 2937 553 2963 ,
588 2892 655 2948 de
684 2895 836 2963 cujus
868 2896 987 2951 oleo
1030 2913 1152 2951 mox
1191 2899 1291 2954 sibi
1337 2900 1456 2968 isti,
1487 2900 1811 2959 Fortunatus

223 2983 436 3039 scilicet
474 2993 528 3040 et
558 2983 741 3053 Felix,
773 2985 1010 3042 dolentia
1054 2988 1252 3043 lumina
1302 2992 1624 3060 tetigerunt:
1666 2992 1812 3049 illico

222 3075 409 3132 dolore
453 3076 672 3148 fugato,
728 3080 1049 3149 sanitatem,
1097 3097 1253 3153 quam
1294 3087 1585 3153 Optabam,
1633 3086 1812 3155 adepti

221 3175 363 3221 sunt.
417 3166 532 3233 Qua
575 3167 644 3223 de
671 3183 828 3224 causa
882 3171 1203 3228 Fortunatus
1252 3177 1303 3228 in
1349 3187 1552 3231 tantum
1595 3177 1810 3234 beatum

223 3258 508 3313 Martinum
538 3271 821 3316 veneratus
852 3273 955 3329 est,
989 3277 1061 3331 ut,
1091 3266 1274 3321 relicta
1304 3268 1498 3338 patria,
1535 3272 1692 3338 paulo
1714 3287 1809 3326 an-
1836 3278 1884 3343 ο

223 3359 439 3420 tequam
471 3352 808 3423 Longobardi
859 3355 1057 3412 Italiam
1093 3359 1447 3430 invaderent,
1481 3363 1713 3420 Turonis
1742 3366 1808 3420 ad

221 3443 468 3511 ejusdem
504 3447 641 3502 beati
687 3450 786 3502 viri
821 3453 1124 3517 sepulcrum
1155 3467 1488 3523 properaret.
1537 3459 1635 3524 Qui
1670 3460 1810 3528 sibi,

220 3546 272 3589 ut
307 3537 359 3590 in
393 3538 509 3592 suis
561 3540 674 3606 ipse
719 3542 1043 3597 carminibus
1087 3544 1294 3615 refert,
1327 3547 1450 3602 illuc
1503 3551 1812 3619 properanti

219 3643 311 3696 per
343 3630 607 3686 ﬂuenlilia
639 3634 828 3697 menti,
856 3643 908 3688 et
940 3635 1200 3706 Itounam,
1235 3655 1438 3709 perque
1469 3643 1726 3712 Osopum,
1759 3652 1811 3700 et

217 3722 406 3792 Alpem
433 3722 651 3789 Juliam,
697 3742 892 3797 perque
933 3731 1200 3801 Aguntnm
1246 3746 1500 3803 castrum,
1548 3739 1805 3794 Dravum-

216 3830 317 3882 que
343 3856 358 3882 ,
394 3825 452 3872 et
481 3817 705 3888 Byrrum
756 3820 944 3876 ﬂuvios
971 3864 986 3889 ,
1021 3839 1082 3878 ac
1124 3825 1344 3882 Briones
1371 3869 1383 3891 ,
1418 3839 1473 3883 et
1519 3831 1808 3900 Augustam

217 3908 519 3976 civitatem,
556 3926 716 3979 quam
756 3913 914 3968 Virdo
945 3926 998 3970 et
1026 3916 1164 3971 Lech
1196 3918 1474 3986 ﬂuentant,
1507 3921 1606 3977 iter
1648 3923 1812 3981 fuisse

215 3999 500 4056 describit.
553 4002 656 4068 Qui
710 4014 986 4076 postquam
1041 4008 1357 4078 Turoauut,
1405 4010 1560 4081 juxta
1623 4025 1804 4071 votum

217 4097 521 4163 proprium,
555 4097 791 4161 advenit,
825 4099 1056 4154 Pictavis
1083 4104 1446 4170 pertransiens
1473 4151 1486 4173 ,
1527 4107 1633 4162 illic
1657 4108 1808 4164 habi-

216 4188 344 4240 tavit
372 4230 386 4254 ,
422 4198 476 4242 et
511 4189 803 4244 multorum
833 4191 1027 4247 ibidem
1061 4206 1368 4250 sanctorum
1397 4208 1544 4268 gesta
1574 4244 1586 4268 ,
1615 4202 1807 4270 partim

214 4293 367 4342 prosa
389 4317 405 4340 .
439 4278 630 4348 partim
665 4283 869 4336 metraii
898 4282 1138 4341 oratione
1162 4328 1176 4352 ,
1221 4290 1576 4357 conscripsit;
1628 4295 1809 4348 novis-

211 4370 457 4438 simeque
483 4370 535 4423 in
559 4371 745 4425 eadem
772 4373 989 4429 civitate
1016 4379 1240 4440 prirnum
1270 4379 1546 4450 presbyter
1568 4422 1581 4446 ,
1615 4383 1808 4441 deinde

215 4458 498 4529 episc0pus
516 4462 791 4516 ordinatus
807 4472 911 4531 est,
928 4475 1086 4534 atque
1113 4468 1161 4521 in
1188 4469 1372 4524 eodem
1396 4471 1517 4526 loco
1541 4473 1704 4543 digno
1733 4485 1813 4530 tu-

213 4553 446 4607 mulatus
466 4553 674 4610 honore
691 4557 937 4626 quiescit.
962 4558 1056 4614 Hic
1076 4561 1212 4616 beati
1233 4563 1442 4618 Martini
1466 4564 1657 4632 Vitam,
1680 4583 1808 4639 qua-

1921 1995 2038 2048 vitre
2068 2010 2129 2050 ac
2159 1997 2395 2052 scientia:
2453 2013 2566 2054 suae
2617 2002 2810 2056 merito
2860 2003 3213 2074 invitabatur,
3273 2007 3515 2075 petiitde

1919 2089 2107 2144 eodem
2141 2091 2295 2156 libro,
2331 2093 2594 2149 cothurno
2617 2094 2892 2151 Gallicauo
2923 2098 3147 2165 dictato,
3171 2110 3358 2169 aperto
3386 2115 3506 2155 ser-

1918 2201 2080 2241 mone
2126 2187 2301 2258 aliqua
2337 2190 2586 2245 miracula
2608 2232 2622 2257 ,
2655 2207 2774 2260 quae
2802 2191 2855 2246 in
2888 2195 3086 2263 p0pulo
3131 2195 3511 2262 recitarentur,

1918 2278 2181 2346 excipere,
2212 2291 2315 2336 etc.

1920 2387 2063 2444 Inter
2110 2395 2468 2473 inscriptiones
2525 2395 3133 2473 beatiuif'laccinAlcuini
3180 2405 3236 2456 in
3284 2405 3502 2473 quodam

1989 2466 2524 2544 monas_terio_tForte,
2559 2466 2931 2540 Nobiliaccnsi)
2951 2488 3164 2544 sequens
3184 2466 3386 2530 carmen
3418 2477 3512 2528 ha-

1989 2535 2134 2588 betur
2157 2537 2455 2607 inscriptum
2470 2555 2490 2594 :

2086 2674 2406 2716 EPITAPHIL‘M
2448 2675 2748 2718 FORTUNATI
2785 2677 2972 2721 ΡΟΙΤΙ
3011 2681 3334 2725 CERISTIANI.

1988 2749 2110 2805 Haec
2141 2767 2349 2822 quoque
2382 2755 2629 2822 praesenti
2657 2756 2853 2826 praesul
2884 2759 3173 2829 requiescit
3201 2761 3255 2816 in
3287 2763 3428 2828 aula,

2061 2842 2384 2900 Fortunatus
2411 2845 2552 2901 enim
2581 2839 2682 2914 vir,
2715 2848 2878 2906 decus
2905 2850 3160 2908 Ecclesiae
3184 2870 3199 2920 ;

1987 2935 2216 2992 Plurima
2249 2939 2338 3009 qui
2369 2939 2497 2995 fecit
2526 2951 2832 2998 sanctorum
2861 2945 3100 3001 carmina
3127 2954 3322 3016 metro,

2058 3028 2454 3088 Concelebrans
2486 3042 2700 3090 sanctos
2727 3034 2978 3092 laudibus
3009 3038 3356 3109 hymnidicis'

1984 3122 2083 3190 Qui
2110 3139 2356 3180 sermone
2387 3127 2485 3180 fuit
2513 3127 2733 3197 nitidus,
2765 3144 3039 3201 sensuque
3070 3132 3239 3188 fidelis

2054 3215 2272 3287 Ingenio
2301 3218 2524 3288 calidus,
2551 3231 2831 3294 promptus
2853 3233 2908 3280 et
2935 3239 3030 3281 ore
3058 3241 3177 3282 suo.

1988 3327 2061 3382 lta
2084 3331 2350 3400 reperitur
2379 3332 2598 3390 allatum
2647 3350 2839 3405 poema
2872 3338 2922 3393 in
2957 3338 3096 3394 Edit.
3130 3340 3367 3408 Ratisb.,
3406 3361 3496 3398 an.

1917 3419 2091 3488 i777,
2142 3422 2395 3479 adornata
2444 3441 2540 3496 per
2587 3428 3006 3486 illustrissimum
3058 3442 3111 3487 et
3158 3437 3500 3499 reverendis-

1917 3519 2110 3572 simum
2157 3519 2327 3576 virum
2362 3521 2687 3579 Frobenium
2719 3524 2775 3581 S.
2807 3526 2870 3580 R.
2905 3526 2942 3582 l.
2979 3528 3295 3598 principem,
3330 3542 3380 3586 et
3409 3533 3500 3586 ab.

1919 3610 1983 3665 ad
2007 3618 2254 3666 sanctum
2282 3613 2708 3670 Emmeramum.

2064 3701 2418 3775 Flodoardus,
2466 3708 2607 3764 Hist.
2635 3710 2818 3766 Rhem.
2861 3711 3030 3777 Ecct.,
3057 3713 3094 3768 ι.
3131 3729 3188 3781 tt,
3218 3731 3264 3769 c.
3296 3715 3349 3770 2.

1990 3795 2314 3850 Fortunatus
2362 3797 2576 3856 Italicus
2626 3802 2764 3856 aoud
2810 3802 3010 3860 Gallias
3041 3806 3092 3860 in
3119 3809 3341 3862 metrica
3374 3808 3502 3863 insi.

1917 3887 2033 3957 gnis
2065 3888 2383 3944 habebatur.

2182 3982 2471 4052 Aimoinus,
2500 3984 2536 4038 Ι.
2572 4000 2628 4041 Ill
2654 3985 2796 4042 Hist.
2833 3985 3048 4056 Praua,
3073 4006 3119 4044 c.
3147 3989 3229 4044 15.

1991 4074 2342 4144 Fortunatus,
2389 4079 2476 4149 qui
2509 4080 2561 4133 in
2603 4079 2871 4136 rhetorica
2915 4083 3243 4155 metricaque
3269 4095 3386 4141 arte
3415 4086 3499 4143 fa-

1917 4181 2099 4222 mosus
2144 4167 2461 4236 habebatur,
2495 4171 2562 4224 ab
2603 4169 2856 4242 Hesperia
2889 4174 2939 4228 in
2974 4172 3170 4229 Gallias
3205 4179 3497 4250 transiens,

1917 4259 2147 4315 Pictavis
2187 4262 2472 4332 episc0pus
2517 4265 2809 4319 ordinatur.
2857 4266 2960 4320 Hic
3013 4268 3301 4324 multorum
3354 4271 3504 4328 Vitas

1921 4354 2273 4423 passionesve
2293 4367 2624 4424 sanctorum,
2652 4360 2845 4428 partim
2880 4376 3056 4429 prosa,
3079 4363 3269 4432 partim
3302 4376 3501 4438 metro,

1917 4449 2240 4516 composuit,
2274 4449 2337 4502 ad
2372 4449 2572 4504 amicos
2632 4466 2844 4520 quoque
2879 4453 3083 4522 singula
3130 4454 3358 4511 disticha
3389 4458 3503 4514 ele~

1917 4555 2047 4609 gans
2075 4552 2257 4596 orator
2285 4543 2627 4614 conscripsit.
2678 4544 2828 4600 Unde
2856 4546 3127 4618 Sigiberto
3155 4551 3265 4620 regi
3297 4553 3500 4624 elegia-

212 4652 325 4697 tuor
353 4645 406 4698 in
435 4645 610 4712 libris,
639 4646 853 4704 heroico
899 4650 949 4703 iu
994 4666 1175 4716 versu,
1207 4657 1481 4709 contexuit
1508 4697 1522 4720 .
1559 4667 1613 4712 et
1644 4632 1808 4715 multa
1846 4652 1890 4711 D
1916 4647 2034 4689 cum
2075 4632 2220 4688 mis“
2271 4649 2509 4700 carmen’
2555 4637 2930 4707 θθηῧτ²¹¹¹¹¹³¹¹⁵
2958 4640 3006 4694 ei
3034 4641 3087 4694 in
3115 4643 3318 4713 m'pms
3369 4645 3501 4699 Bm'

209 4734 326 4796 alia,
370 4735 721 4806 maximeque
751 4738 975 4808 hymnos
1001 4741 1324 4811 singularum
1360 4746 1725 4815 festivitatum,
1760 4759 1814 4805 et

211 4826 484 4895 prmeipue
518 4827 584 4881 ad
612 4829 849 4898 singulos
881 4833 1082 4887 amicos
1115 4835 1430 4902 versiculos,
1460 4838 1591 4893 nulli
1619 4851 1804 4909 poeta-

209 4937 322 4974 rum
356 4923 658 4988 secundus,
690 4927 836 4978 suavi
880 4937 929 4979 et
962 4926 1166 4980 diserto
1199 4943 1452 4984 sermone
1480 4935 1808 5002 composuit.

209 5011 283 5065 Ad
317 5011 481 5084 cujus
511 5028 615 5081 ego
645 5015 906 5069 tumulum
934 5059 949 5081 ,
979 5032 1098 5071 cum
1123 5018 1248 5073 illuc
1270 5065 1284 5086 ,
1317 5021 1580 5077 orationis
1610 5026 1802 5094 gratia,

205 5104 588 5162 adventassem
617 5151 630 5173 ,
687 5108 786 5162 hoc
831 5109 1197 5178 epitaphium,
1246 5120 1463 5182 rogatus
1508 5114 1576 5168 ab
1621 5116 1804 5185 Apro,

206 5200 446 5270 ejusdem
482 5203 585 5257 luci
610 5204 821 5268 abbate,
848 5207 1187 5262 scribendum
1212 5212 1461 5265 contexui
1509 5223 1613 5269 etc.
1648 5214 1805 5285 (Vide

208 5293 295 5346 hoc
326 5310 538 5347 carmen
568 5295 623 5348 in
658 5293 778 5348 Vita
807 5293 984 5363 Fort.,
1015 5315 1158 5352 nam.
1192 5298 1309 5371 92.)

219 5385 501 5442 Hilduinus
525 5388 702 5453 abbas,
726 5390 779 5467 in
804 5392 1108 5467 epistolaatf
1125 5391 1442 5467 Ludovicum
1467 5396 1646 5464 Pium,
1669 5401 1808 5467 apud

716 5459 951 5528 Surittm,
977 5465 1057 5517 die
1074 5465 1104 5520 9
1127 5465 1303 5522 Octob.

303 5563 546 5608 .trterum
598 5555 920 5620 parcendum
949 5566 1031 5611 est
1070 5558 1392 5627 simplicitati
1420 5563 1514 5615 viri
1565 5563 1796 5634 religiosi

211 5643 449 5715 Gregorii
501 5646 830 5703 Turonensis
860 5650 1120 5719 episcopi,
1151 5654 1236 5721 qui
1268 5655 1430 5710 multa
1463 5657 1616 5712 aliter
1645 5675 1801 5728 quam

209 5750 260 5789 se
284 5737 485 5792 veritas
512 5736 731 5803 habeat,
751 5739 1047 5808 aestimans,
1074 5757 1178 5796 non
1208 5744 1515 5800 calliditatis
1546 5758 1685 5816 astu,
1710 5750 1799 5804 sed

211 5829 557 5898 benignitatis
606 5845 671 5885 ac
711 5832 1066 5902 simplicitatis
1104 5846 1254 5902 voto,
1299 5838 1489 5894 litteris
1525 5855 1800 5898 commen-

210 5924 362 5976 davit.
423 5923 679 5978 Patenter
708 5926 999 5996 etquidem
1061 5943 1282 5984 noscere
1341 5947 1642 5999 possumus,
1695 5949 1798 5989 non

1921 4727 2187 4782 nichildis.
2220 4727 2386 4794 Quem
2421 4744 2539 4784 cum
2564 4745 2681 4785 sors
2711 4731 2926 4796 librum,
2964 4733 3028 4788 ad
3058 4735 3302 4792 diversos
3332 4738 3399 4792 ab
3431 4755 3496 4795 eo

1915 4819 2015 4873 sibi
2047 4818 2335 4874 familiares
2362 4813 2744 4890 conscriptum,
2772 4825 3016 4880 manibus
3041 4827 3312 4884 intulisset
3342 4831 3494 4896 meis,

1918 4912 1968 4966 in
1987 4927 2053 4967 eo
2082 4912 2465 4968 fecunditatem
2490 4915 2608 4983 viri,
2634 4916 2954 4986 dulcemque
2981 4919 3345 4976 at‘t‘ahilitatem
3370 4924 3495 4978 satis

1914 5005 2207 5059 admiratus
2235 5020 2369 5060 sum.

2369 5098 2580 5169 Regina,
2615 5102 2668 5153 in
2698 5099 2914 5168 Chrom,
2945 5107 2981 5156 ι.
3011 5122 3041 5157 t.

1993 5188 2312 5245 Fortunatus
2340 5202 2491 5258 poeta
2523 5192 2572 5246 in
2605 5192 2792 5248 Galliis
2821 5196 3047 5266 insignis
3083 5197 3328 5252 habetur.

2200 5281 2507 5354 Sigiberttts,
2542 5285 2594 5336 in
2625 5282 2839 5349 Chrom,
2871 5289 2936 5339 ad
2965 5304 3053 5340 an.
3081 5288 3200 5344 575.

1989 5371 2307 5428 Fortunatus
2332 5386 2484 5442 poeta
2509 5378 2730 5432 veniens
2755 5379 2821 5432 ab
2852 5378 2998 5434 Italia
3022 5381 3187 5437 claret
3213 5383 3264 5438 in
3299 5385 3491 5442 Galus,

2271 5465 2435 5532 Idem,
2474 5469 2534 5520 de
2559 5467 2751 5533 Script.
2781 5469 2949 5536 Ecct.,
2977 5489 3022 5525 c.
3047 5474 3134 5529 45.

1982 5561 2332 5627 Fortunatus,
2387 5561 2601 5617 natione
2661 5563 2857 5628 Italus,
2908 5565 3210 5624 liberalibus
3291 5571 3492 5627 artibus

1909 5651 2224 5718 eruditus,a
2255 5651 2439 5706 dolore
2489 5651 2765 5706 oculorum
2813 5658 3008 5710 virtute
3058 5658 3263 5714 Martini
3318 5661 3489 5717 Turo-

1908 5743 2090 5799 nensis
2116 5744 2351 5813 episcopi
2378 5751 2617 5807 sanatus,
2651 5756 2703 5798 et
2734 5760 2830 5815 pro
2853 5747 2951 5802 hac
2973 5764 3128 5804 causa
3163 5751 3226 5804 ad
3250 5750 3490 5808 Turones

1910 5840 2071 5901 venit;
2104 5846 2158 5891 et
2186 5838 2249 5890 ad
2309 5837 2552 5890 Pictavos
2584 5853 2918 5908 progressus,
2969 5843 3138 5910 primo
3172 5845 3240 5898 ibi
3268 5848 3486 5920 presby—

1911 5943 2009 5990 ter,
2034 5931 2227 5984 deinde
2249 5932 2527 5999 episcopus
2545 5945 2729 5984 censet.
2749 5943 2887 5987 ratus
2908 5947 3004 5990 est
3029 5937 3245 6004 S'Ttpsit
3271 5939 3482 5983 omnin--
