4236 6550
767 414 839 473 55
1301 412 1819 471 I’ROLEiiUMENA
1866 415 1955 470 AD
1997 413 2321 470 VENANTII
2361 411 2519 468 IION.
2561 410 2770 469 CLEM.
2814 413 3206 472 FOIKTUNATI
3248 415 3499 475 OPERA.
3977 419 4050 484 56

768 529 1196 600 llodoepericum
1227 544 1382 584 suum
1409 548 1423 597 ;
1448 531 1662 599 scripsit
1684 532 1901 586 metrico
1919 540 2153 599 quatuor
2183 530 2350 584 libros
2385 530 2437 592 Α
2463 530 2605 583 nolui
2654 534 2992 601 consignare.
3040 532 3198 589 Plura
3237 540 3378 591 enim
3438 539 3706 611 epitaphia
3750 551 3804 599 et
3856 560 4051 603 versus

766 626 839 682 de
889 626 1005 680 Vita
1052 628 1219 679 sancti
1269 625 1506 690 Martini,
1555 635 1609 679 et
1648 626 1815 679 inulta
1855 624 1983 690 alia,
2028 635 2080 678 et
2125 624 2356 678 maxime

767 722 1002 790 hymnos
1048 719 1382 787 singularum
1431 717 1800 771 festivitatum.
1837 716 1914 769 Ad
1961 715 2197 784 singulos
2225 713 2357 768 ami-

764 822 865 863 cos
895 810 1196 875 composuit
1221 823 1413 863 versus
1438 806 1588 861 soavi
1621 814 1674 860 et
1704 805 1907 860 diserto
1932 818 2204 858 sermone.

854 897 1114 959 Vincent.,
1142 897 1298 968 Spes.
1319 898 1406 951 lib.
1434 911 1565 961 xxtt,
1583 894 1858 963 c.126,ea:
1888 893 2032 965 Ilug.
2052 892 2281 948 Floriac.

849 990 1178 1045 Fortunatus
1210 990 1293 1043 vir
1324 988 1592 1059 egregius,

1026 1080 1234 1143 Ingenio
1254 1080 1435 1140 clarus,
1459 1092 1610 1129 sensu
1632 1080 1788 1141 celer,
1817 1090 1907 1127 ore
1930 1079 2092 1129 suavis

847 1183 947 1251 Qui
978 1184 1045 1238 ab
1071 1184 1215 1237 Italia
1250 1185 1497 1238 Turonos
1546 1183 1857 1246 adveniens,
1882 1191 2031 1237 actus
2062 1181 2201 1237 beati
2225 1180 2359 1234 Mar-

776 1274 875 1327 tini
905 1290 954 1327 tv
986 1274 1158 1339 libris,
1197 1275 1414 1330 heroico
1462 1276 1738 1329 contexuit
1767 1282 1958 1328 metro.
2014 1272 2205 1327 Verum
2234 1270 2361 1325 inde

771 1377 1110 1437 assumptus,
1180 1368 1517 1423 Pictavorum
1584 1368 1861 1423 ordinatus
1911 1377 1994 1422 est
2054 1368 2356 1433 episcopus.

773 1460 995 1528 Scripsit
1039 1470 1214 1514 autem
1246 1461 1404 1515 etiam
1454 1459 1625 1513 Vitam
1655 1459 1792 1514 beati
1824 1456 2006 1511 Hilarii
2061 1456 2363 1511 Pictavicn-

776 1554 873 1616 sis,
904 1564 956 1607 et
987 1554 1165 1609 Vitam
1196 1554 1336 1609 beati
1362 1552 1587 1608 Maurilii
1628 1550 2050 1622 Andegavensis.
2085 1549 2252 1621 llujus
2280 1560 2363 1604 est

781 1647 869 1703 illa
896 1650 1163 1704 sententia
1199 1648 1374 1702 brevis
1405 1656 1457 1701 et
1489 1646 1669 1700 utilis:

999 1761 1192 1823 Pauper
1214 1760 1264 1809 in
1287 1766 1493 1822 angusto
1516 1762 1692 1823 regnat
1714 1757 1938 1823 habendo
1959 1756 2135 1823 Deum.

1504 1814 1736 1893 (Lngtur
1767 1820 1803 1873 ι.
1840 1835 1951 1883 vut,
1975 1835 2022 1872 e.
2055 1820 2108 1882 li,
2139 1834 2185 1871 v.
2210 1814 2362 1887 396.)

2461 622 2655 678 breves
2675 624 2913 693 scripsit,
2938 642 3071 695 quos
3096 627 3219 683 vidi.
3251 628 3452 686 Claruit
3473 632 3573 688 sub
3593 633 3806 693 Justino
3821 635 4049 710 iuniore

2462 717 2622 785 Aug.,
2653 730 2742 770 an.
2771 716 2981 771 Domini
3008 718 3133 773 570.

2564 805 2747 862 Petrus
2772 806 3018 876 Crinitus,
3050 811 3181 865 libro
3202 813 3383 883 quinto
3414 815 3476 870 de
3501 815 3673 873 Poetis
3694 818 3909 875 Latinis

2536 899 2827 956 Venantius
2861 901 3125 958 Ilonorius
3159 904 3483 963 Fortunatus
3533 909 3677 964 inter
3705 910 4052 970 Christianos

2462 1003 2650 1063 poetas
2678 995 2876 1050 relatus
2902 1002 2987 1050 est
3012 1010 3030 1060 ;
3087 1007 3143 1051 et
3172 1010 3294 1052 cum
3322 997 3537 1069 ingenio
3566 1044 3581 1067 ,
3609 1011 3769 1072 atque
3801 1005 4053 1061 moribus

2463 1090 2617 1154 longe
2647 1094 2943 1155 praestaret,
2979 1086 3501 1146 Ravennaeruditus
3533 1092 3787 1160 traditur,
3817 1110 4053 1165 magna-

2462 1192 2568 1247 que
2618 1177 2887 1248 diligentia
2943 1180 2999 1235 in
3029 1180 3233 1238 Latinis
3262 1181 3455 1239 litteris
3509 1186 3803 1244 institutus.
3838 1190 3918 1245 De
3950 1191 4054 1248 hoc

2462 1270 2753 1328 Fortunato
2820 1272 3121 1328 referuntur
3168 1277 3427 1345 permulta
3481 1280 3621 1346 apud
3647 1295 3742 1336 eos
3796 1292 4056 1340 auctores

2463 1362 2552 1429 qui
2583 1364 2650 1416 de
2670 1362 2833 1432 gestis
2857 1362 3130 1419 Gallorum
3154 1367 3374 1422 annales
3394 1382 3837 1440 composuerunt.
3862 1373 4055 1445 Neque

2464 1453 2658 1509 desunt
2683 1453 2774 1523 qui
2802 1454 3041 1509 scribant
3067 1456 3213 1510 illum
3244 1457 3337 1513 diu
3359 1471 3627 1516 versatum
3675 1464 3729 1518 in
3760 1464 3963 1530 Gallia,
3996 1476 4054 1522 et

2465 1547 2535 1601 ob
2589 1549 2858 1619 egregiam
2922 1550 3276 1606 eruditionem
3341 1554 3709 1626 optimumque
3766 1558 4051 1631 ingenium

2464 1640 2769 1713 pontiﬁcem
2804 1641 3141 1698 Pictavorum
3166 1641 3385 1700 factum.
3413 1646 3569 1702 Plura
3615 1664 3679 1703 ac
3702 1650 3849 1705 varia
3882 1666 4056 1720 Opera

2466 1735 2648 1802 edidit,
2680 1735 2871 1805 quibus
2919 1736 3114 1805 ingenii
3146 1737 3478 1805 facilitatem,
3520 1741 3846 1811 minimeque
3878 1743 4057 1809 impa-

2471 1845 2584 1885 rem
2645 1829 2965 1896 doctrinam,
2993 1829 3347 1886 demonstrat.
3400 1831 3673 1902 Leguntur
3702 1834 3878 1891 adhuc
3935 1836 4059 1906 ejus

784 1936 967 1992 Petrus
988 1938 1049 1989 de
1076 1935 1368 1999 Natalibus,
1399 1936 1451 1987 in
1474 1936 1630 1988 catal.
1660 1933 1866 1994 Sanct.,
1893 1931 1980 1985 Lb.
2018 1948 2092 1997 tx,
2124 1948 2237 2000 cap.
2270 1931 2359 1984 (iii.
2391 1897 2440 1955 Β
2472 1933 2715 1992 poemata
2750 1930 2805 1978 et
2847 1922 3031 1993 hymni
3057 1925 3382 1994 complures,
3408 1897 3503 1993 qui
3552 1943 3878 1997 magnopere
3907 1897 4059 1984 00'!“-

850 2030 1191 2088 Fortunatus,
1253 2026 1537 2095 episc0ptts
1593 2024 1962 2089 Pictaviensis,
2012 2024 2203 2077 claruit
2233 2032 2365 2076 tem-

777 2135 911 2189 pore
942 2120 1135 2175 Justini
1168 2118 1508 2184 imperatoris
1531 2116 1777 2186 iunioris.
1815 2115 1914 2182 Qui
1943 2117 2157 2171 natione
2183 2116 2362 2181 Italus,

780 2211 958 2278 primo
998 2220 1176 2278 poeta,
1228 2210 1423 2263 deinde
1453 2209 1505 2262 in
1536 2208 1770 2278 praelata:
1801 2208 1951 2262 urbis
1999 2209 2362 2276 episcopatum

776 2302 1116 2366 sublimatus,
1145 2301 1225 2355 vir
1252 2300 1523 2371 egregius.
1552 2300 1761 2371 ingenio
1783 2299 1983 2369 clarus,
2008 2314 2168 2355 sensu
2198 2301 2361 2364 celer,

771 2410 867 2450 ore
888 2395 1092 2450 suavis.

1017 2486 1331 2567 l’latina,_in
1376 2485 1485 2540 Vita
1509 2481 1729 2539 Joannis
1758 2485 1920 2540 Tertii
1949 2500 2119 2555 papa.

851 2598 1195 2662 Fortunatus,
1216 2597 1295 2649 vir
1310 2594 1600 2666 singularis
1620 2594 1936 2650 litteratura)
1950 2602 2005 2650 et
2020 2594 2361 2665 eloquentiae,

776 2690 959 2745 Gallos
990 2690 1055 2744 ad
1089 2691 1354 2744 mitiorem
1378 2691 1579 2745 cultum
1602 2689 1813 2758 redegit
1845 2689 2062 2759 scriptis
2092 2698 2147 2743 ct
2175 2703 2362 2744 exem-

776 2791 886 2857 plo.
913 2789 991 2842 Ad
1036 2789 1358 2860 Sigibvrtum
1384 2788 1526 2842 enim
1568 2801 1753 2841 eorum
1802 2801 1982 2855 regem
2030 2785 2267 2840 libellum
2297 2784 2365 2839 de

775 2884 1123 2953 gubernando
1148 2899 1312 2954 regno
1337 2882 1672 2953 perscripsit,
1705 2896 1768 2938 ac
1791 2881 1933 2938 beati
1960 2881 2175 2937 Martini
2201 2880 2361 2935 vitam

775 2978 1049 3045 eleganter
1076 2976 1395 3044 C(MtpOSlliI.

813 3068 1039 3123 Joannes
1072 3069 1233 3123 Tritli.
1253 3070 1403 3133 iuius,
1428 3069 1517 3122 lib.
1549 3069 1610 3120 de
1638 3068 1901 3135 Scriptor.
1928 3066 2323 3121 Ecclesiasticis.

853 3158 1173 3213 Fortunatus
1203 3159 1489 3228 cpiscopus
1514 3156 1867 3213 Pictavieusis
1887 3199 1902 3224 ,
1929 3156 2147 3212 natione
2176 3156 2358 3222 Italus,

776 3251 859 3304 vir
888 3250 941 3303 in
987 3249 1181 3303 divinis
1227 3249 1524 3316 Sciipturis
1571 3248 1795 3311 doctus,
1822 3256 1878 3303 et
1918 3246 1971 3301 in
2014 3246 2361 3301 stccttlaribus
2388 3256 2439 3322 ε

777 3341 976 3395 littoris
1020 3340 1434 3403 eruditissimus,
1491 3338 1706 3408 ingenio
1749 3338 1979 3405 subtilis,
2032 3337 2247 3407 eloquio
2273 3337 2358 3393 di-

777 3442 954 3489 sertos
985 3444 1032 3487 et
1069 3431 1296 3499 nitidus,
1327 3429 1564 3485 carmine
1600 3438 1655 3485 et
1684 3444 1841 3498 prosa
1890 3431 2187 3493 excellens,
2220 3431 2362 3484 inter

775 3532 998 3579 cunctos
1039 3537 1148 3575 sua:
1195 3522 1368 3575 natalis
1415 3520 1666 3574 doctores
1699 3534 1804 3573 non
1853 3521 2031 3573 minus
2078 3520 2363 3575 sanctitate

779 3612 1204 3669 conversation‘s
1276 3627 1434 3682 quam
1517 3612 1738 3665 scientia
1805 3610 2125 3666 eruditionis
2185 3610 2364 3665 clarus

778 3708 998 3763 cll‘ulsit.
1031 3705 1128 3761 Hic
1157 3705 1353 3760 virtute
1376 3705 1546 3760 sancti
1577 3705 1790 3759 Martini
1814 3719 1842 3758 a
1868 3704 2055 3760 dolore
2083 3703 2361 3759 oculorum

782 3798 1040 3853 liberatus
1087 3811 1181 3865 pro
1227 3796 1431 3866 agenda
1472 3793 1761 3865 gratiarum
1807 3794 2035 3859 actione,
2089 3794 2362 3849 Turonem

778 3891 846 3947 ad
890 3891 1005 3961 ejus
1047 3891 1349 3960 sepulcrum
1404 3889 1590 3951 venit,
1624 3897 1700 3954 et,
1730 3887 1979 3944 Pictavos
2024 3902 2360 3958 progressus,

778 3984 952 4053 primo
978 3985 1283 4057 presbyter,
1309 3984 1506 4039 deinde
1528 3981 1810 4052 episcopus
1832 3981 2031 4037 ibidem
2053 3981 2355 4046 ordinatus,

778 4094 973 4150 magna
1001 4079 1247 4132 doctrina
1268 4088 1319 4132 ct
1353 4075 1608 4145 religione
1638 4075 1850 4129 claruit.
1878 4074 2106 4144 Scripsit
2133 4074 2363 4144 eleganti

782 4173 1025 4227 carmine
1074 4172 1241 4224 niulta
1274 4170 1422 4224 utilia
1454 4179 1504 4223 et
1537 4167 1736 4224 devota
1775 4166 2049 4236 opuscula,
2079 4165 2145 4221 de
2172 4163 2363 4235 quibus

782 4281 884 4336 ego
913 4273 1116 4320 tantum
1147 4264 1250 4317 vidi
1286 4262 1548 4330 subjecta.

854 4360 931 4412 Ad
986 4366 1225 4412 sanctam
1287 4340 1908 4425 Radcgundem,‘regis
1966 4349 2361 4420 Thuringorum

780 4450 956 4505 ultimi
999 4449 1183 4510 tiliam,
1214 4457 1270 4501 ct
1296 4447 1438 4518 regis
1469 4445 1796 4502 Francorum
1838 4442 2124 4511 captivam,
2170 4450 2361 4509 postea

780 4540 1139 4598 Pictaviensis
1181 4538 1412 4594 ρωποι)Ῑί
1444 4536 1793 4605 abbatissam,
1833 4548 1990 4589 versu
2016 4534 2359 4588 hexametro:

2467 2015 2704 2070 ntendati
2758 2024 2885 2069 sunt
2912 2031 2941 2069 a
2974 2015 3173 2071 nostris
3205 2016 3593 2087 grammaticis.
3626 2018 3731 2073 Sed
3778 2030 3835 2074 et
3884 2020 4060 2075 libros

2466 2120 2695 2181 quatuor
2728 2108 2855 2164 fecit
2878 2110 2945 2163 de
2971 2111 3134 2179 gestis
3161 2109 3276 2165 divi
3300 2110 3511 2165 Martini
3543 2113 3783 2166 versibus
3798 2112 4060 2169 hexame-

2468 2204 2588 2269 tris,
2619 2199 2871 2271 praelatus
2901 2202 2989 2256 tali
3019 2215 3181 2271 opere
3230 2216 3289 2255 se
3325 2200 3521 2255 imitari
3550 2202 3888 2256 Christianos
3917 2218 4056 2272 poe-

2467 2304 2568 2362 tas,
2591 2303 2648 2348 ut
2664 2292 2991 2357 Alchimum,
3016 2292 3382 2358 Prudentium,
3402 2291 3723 2359 iuvencum,
3741 2292 4055 2359 Paulinum,

2466 2394 2522 2443 et
2550 2387 2681 2441 alios
2714 2387 2911 2453 plures.
2958 2385 3105 2440 Idem
3160 2384 3487 2441 Fortunatus
3520 2386 3758 2441 maximo
3813 2385 4050 2455 affectu,

2466 2479 2831 2548 singularique
2866 2477 3240 2534 benevolentia
3272 2487 3584 2547 prosecutus
3622 2487 3707 2533 est
3728 2479 4058 2549 Gregorium

2467 2571 2799 2643 pontiﬁcem,
2853 2571 3240 2642 Euphronium,
3300 2583 3457 2642 atque
3502 2572 3779 2638 Felicem,
3815 2583 3876 2626 ut
3922 2574 4060 2629 alios

2467 2664 2795 2720 omittamus.
2839 2664 2895 2720 In
2924 2664 3242 2734 pervetustis
3275 2665 3673 2734 exemplaribus
3702 2664 3945 2720 additum
3974 2678 4061 2720 est

2467 2771 2662 2812 nomen
2681 2755 3065 2824 Clementiani,
3093 2755 3234 2825 quod
3265 2755 3331 2809 ab
3359 2754 3443 2810 his
3474 2753 3690 2825 probari
3720 2754 3939 2824 poterit,
3965 2756 4059 2825 qui

2467 2853 2627 2924 paulo
2663 2854 2968 2908 accuratius
2995 2853 3365 2923 antiquitatem
3398 2851 3717 2922 perscrutari
3761 2852 4057 2909 voluerint.

2467 2965 2821 3038 Hieronymus
2842 2965 3084 3034 Bologui,
3109 2966 3164 3019 in
3200 2964 3374 3019 electis
3421 2965 3660 3038 elegiacis
3716 2980 3780 3020 ex
3801 2964 3935 3020 libro
3976 2980 4052 3021 ιιι

2888 3039 3290 3109 promiscuorum
3308 3077 3321 3101 ,
3346 3053 3490 3092 num.
3512 3036 3602 3089 '25.

2539 3129 2853 3197 Fortunate,
2886 3130 2979 3184 tibi
3005 3130 3162 3184 vallis
3196 3129 3486 3198 Duplabilis
3517 3137 3697 3183 ortum

2613 3224 2669 3277 ln
2700 3221 2975 3276 'l‘arvisiua
2999 3231 3082 3276 est
3109 3235 3229 3290 qua:
3258 3221 3499 3290 regione,
3523 3221 3693 3276 dedit.

2539 3314 2792 3373 Nascenti
2826 3314 2987 3370 Musa:
3016 3317 3274 3381 riserunt,
3304 3314 3669 3383 risitApoIlo;

2608 3407 2827 3477 Ingenio
2854 3406 3112 3462 addentes
3139 3420 3360 3461 munera
3391 3405 3549 3475 digna
3575 3415 3682 3460 tuo.

2536 3499 2645 3554 Nec
2669 3515 2839 3563 mora,
2874 3499 3185 3555 Pindaricos
3205 3498 3415 3568 superis
3440 3498 3758 3555 coelestibus
3789 3501 4025 3572 hymnos

2609 3593 2903 3663 Scripsisti,
2937 3603 2989 3649 et
3019 3592 3188 3647 variis
3209 3592 3430 3662 mystica
3460 3608 3611 3648 sacra
3636 3591 3832 3648 modis.

2536 3686 2743 3754 Scripta
2765 3699 2977 3754 quoque
3004 3691 3089 3738 est
3119 3697 3275 3738 versu
3304 3682 3513 3737 Martini
3544 3682 3662 3737 Vita
3692 3683 3835 3739 beati

2604 3780 2736 3834 Cum
2763 3778 2855 3834 tibi
2886 3778 3131 3832 Turonos
3158 3778 3330 3831 visere
3354 3790 3481 3831 cura
3512 3775 3637 3842 fuit;

2540 3871 2737 3928 Pictavi
2769 3869 3002 3924 didicere
3029 3869 3168 3938 pios,
3201 3878 3252 3923 te
3288 3868 3532 3935 pnesule,
3556 3882 3755 3934 mores,

2608 3964 2721 4031 Qua
2752 3963 2965 4018 tandem
2998 3962 3204 4030 positus
3229 3960 3329 4015 rite
3359 3960 3593 4029 quiescis
3622 3959 3809 4016 humo.

2538 4056 2673 4112 Sese
2703 4057 2922 4123 Aponus
2943 4053 3097 4107 stella
3125 4059 3218 4106 aut
3248 4050 3440 4106 Flacco
3463 4065 3531 4107 ne
3552 4050 3719 4121 jactet
3742 4052 3979 4109 alumnis

2611 4149 2747 4205 Urbs
2770 4147 2904 4201 adeo
2934 4146 3072 4200 fastu
3098 4159 3203 4215 quo
3233 4145 3482 4198 Patavina
3513 4152 3703 4199 tumet.

2536 4241 2617 4298 'l'u
2648 4256 2820 4311 neque
2845 4239 3146 4310 praedones,
3172 4239 3356 4292 audaci
3384 4239 3555 4293 classe
3584 4238 3847 4309 furentes,

2606 4333 2717 4389 Nec
2746 4333 2965 4388 Veneris
2990 4329 3131 4387 hnda
3158 4332 3347 4402 probra
3378 4330 3621 4398 pudenda
3642 4332 3814 4387 canis.

2538 4429 2639 4485 Per
2670 4438 2742 4494 te,
2773 4426 2867 4483 sed
2894 4436 3093 4495 quanto
3125 4433 3377 4494 praestant
3406 4422 3586 4479 divina
3612 4423 3888 4492 profanis!

2604 4520 2852 4578 Tarvisio
2881 4519 3052 4587 major
3082 4516 3249 4586 gloria
3282 4526 3430 4586 parta
3464 4524 3555 4570 tuo
3576 4525 3681 4571 est.

782 4633 1064 4689 Excidium
1096 4630 1263 4701 Regni
1290 4628 1710 4700 Thuringorum,
1741 4628 1775 4680 l.
1800 4641 1846 4682 ιι
1871 4624 2107 4680 Conditio
2129 4624 2245 4677 belli
2265 4624 2357 4678 tri-

2472 4636 2769 4702 Orlendius,
2804 4631 2954 4687 Orbis
2996 4630 3129 4685 sacri
3166 4641 3214 4685 et
3254 4630 3462 4702 profani
3504 4628 3753 4684 illustrati
3798 4639 3939 4699 part.
3986 4649 4046 4701 tt,

780 4728 894 4781 stis.
942 4725 1019 4779 Ad
1067 4723 1314 4777 .lovinum
1343 4721 1410 4775 de
1440 4719 1780 4789 lladegunde,
1805 4719 1842 4772 Ι.
1869 4732 1916 4771 t:
1967 4716 2157 4770 Aonias
2184 4716 2358 4780 avido,

780 4818 868 4887 qui
896 4816 1051 4869 luntb.
1083 4814 1159 4867 Ad
1190 4811 1764 4879 Justinumjuniorem,
1798 4809 1835 4862 l.
1867 4824 1918 4861 t:
1952 4805 2135 4861 Gloria
2160 4821 2360 4859 summa

782 4908 979 4974 Patris,
1029 4905 1277 4975 Natique.
1313 4903 1392 4957 Ad
1419 4902 1670 4971 SOphiam
1723 4906 2033 4969 Augustam,
2066 4899 2157 4953 lib.
2188 4912 2232 4953 I:
2266 4896 2362 4953 Cui

780 5003 972 5054 meritis
1000 5015 1223 5069 compar.
1287 4996 1344 5052 In
1388 5010 1611 5064 persona
1662 4993 2026 5064 Radegundis,
2060 4992 2096 5046 l.
2130 5007 2183 5046 ιε
2235 4989 2362 5044 Post

780 5098 963 5165 patria:
983 5099 1197 5149 cineres.
1227 5093 1281 5147 ln
1307 5092 1518 5147 laudem
1551 5090 1759 5146 Martini
1816 5090 2074 5159 episcopi,
2109 5089 2144 5142 ι.
2179 5104 2226 5145 t:
2261 5087 2361 5142 Lu-

780 5207 897 5243 men
914 5188 1273 5258 apostolicum.
1298 5184 1373 5238 De
1391 5181 1613 5238 Leontio
1636 5180 1924 5236 venerabili
1946 5181 2222 5249 episcopo,
2248 5178 2282 5231 Ι.
2311 5192 2359 5232 t:

783 5282 927 5337 Inter
965 5296 1088 5349 quos
1134 5279 1326 5350 genuit.
1380 5277 1453 5330 De
1481 5275 1667 5331 eodem
1711 5273 1903 5339 laudis,
1935 5271 1971 5326 Ι.
2002 5287 2046 5325 t:
2106 5272 2361 5342 Agnoscat

786 5390 933 5427 omne
957 5373 1217 5426 swcnlum.
1256 5370 1584 5439 llymnorum
1619 5363 1955 5436 septuaginta
1980 5370 2211 5431 septem,
2238 5360 2275 5414 Ι.
2312 5376 2358 5414 l:

790 5472 1042 5535 Agnoscat
1075 5481 1218 5519 omne
1246 5462 1512 5516 stt’culum.
1544 5461 1616 5512 De
1640 5457 1911 5511 miraculis
1934 5456 2103 5510 sancti
2127 5453 2359 5519 Martini,

785 5561 824 5614 l.
858 5576 927 5614 tv.
961 5558 1076 5611 Vita
1115 5556 1282 5608 sancti
1316 5554 1499 5608 llilarii
1534 5550 1897 5611 l'ictavieusis,
1930 5548 1965 5601 l.
2000 5563 2035 5601 ι.
2082 5546 2365 5614 llodoepo-

791 5652 960 5703 ticum
991 5654 1085 5702 via:
1112 5662 1241 5707 sum,
1271 5647 1305 5698 l.
1336 5661 1371 5699 ι.
1400 5645 1511 5699 Vita
1537 5644 1703 5698 sancti
1728 5640 1953 5695 Maurilii
1980 5638 2237 5707 episcOpi,
2264 5637 2299 5690 l.
2327 5653 2362 5689 t.

792 5742 966 5808 Epist.
1000 5740 1063 5791 ad
1114 5738 1377 5797 (“\CPOS,
1414 5738 1447 5788 l.
1479 5753 1513 5789 t.
1568 5734 1874 5787 Cariuiuum
1902 5732 1965 5783 ad
2019 5732 2220 5783 amicos
2246 5729 2283 5782 l.
2314 5744 2362 5782 I:

791 5832 902 5886 llea:
949 5831 1169 5900 t'i’g’onis
1226 5845 1383 5897 aper,
1415 5838 1517 5882 etc.
1542 5828 1655 5881 Alia
1684 5841 1894 5895 quoque
1926 5824 2085 5877 multa
2145 5837 2362 5889 compo-

789 5922 929 5989 suit,
964 5937 1081 5993 qua:
1120 5914 1237 5976 cum
1290 5920 1465 5977 brevia
1522 5921 1660 5987 sint,
1708 5921 1806 5974 sub
1853 5917 2106 5973 librorum
2152 5914 2368 5971 nomine

3142 4706 3243 4758 uel.
3278 4700 3332 4755 Ι.

2538 4801 2692 4856 Viros
2750 4796 3218 4867 praestantissimos
3266 4792 3583 4865 (Tarvisius)
3634 4793 3839 4862 genuit,
3874 4803 4039 4863 atque

2463 4894 2517 4949 in
2549 4894 2609 4947 iis
2639 4891 2873 4946 maxime
2900 4889 3357 4944 excelluerunt....
3418 4884 3709 4938 chantius
3764 4883 4035 4938 Fortuna-

2464 4994 2569 5048 tus,
2598 4985 2881 5053 cpiscopus
2924 4980 3293 5045 Pictaviensis,
3330 4977 3647 5032 Christiana:
3674 4990 3901 5043 poeseos
3946 4993 4041 5032 no-

2459 5074 2570 5130 bile
2597 5074 2783 5138 decus,
2811 5071 2901 5142 qui
2928 5084 2988 5125 se
3017 5068 3262 5123 Tarvisio
3286 5064 3571 5121 oriundum
3595 5063 3744 5119 hisce
3766 5064 4047 5133 .earmiui-

2462 5167 2565 5222 bus
2595 5164 2794 5219 indicat
2823 5183 2835 5216 :

2590 5257 2692 5317 Qua
2716 5269 2825 5305 mea
2847 5254 3068 5306 Zarvisus
3089 5253 3291 5312 residet,
3314 5253 3356 5301 si
3379 5250 3589 5300 molliter
3615 5251 3790 5310 intras,
3814 5257 3913 5299 etc.

2464 5344 2692 5401 Joannes
2723 5340 2974 5393 Antonius
3007 5337 3180 5400 Oliva,
3227 5334 3525 5389 Taruisinus
3555 5333 3802 5386 Bononia:
3830 5334 4044 5386 artisla-

2536 5429 2647 5466 rum
2676 5421 2841 5464 rrctor
2866 5452 2881 5474 ,
2925 5413 2974 5461 in
3010 5410 3238 5462 oratione
3267 5407 3331 5459 de
3354 5405 3588 5459 laudibus
3621 5406 3799 5471 patria
3826 5404 4044 5457 recitata

2537 5501 2621 5537 an.
2653 5483 2804 5543 l557,
2828 5498 2890 5533 ea:
2924 5479 3024 5532 ills.
3045 5494 3272 5546 quousus
3302 5486 3373 5528 est
3394 5475 3783 5546 doctis_siinnset
3802 5475 4049 5546 eruditis-

2537 5557 2694 5609 simus
2721 5555 2797 5606 v'r
2821 5543 3137 5604 llambaldus
3165 5548 3227 5599 de
3252 5546 3509 5609 Aszoniis,
3535 5544 3819 5597 Tarvisinw
3852 5543 4049 5598 Eccle-

2535 5630 2624 5680 sia:
2651 5626 2947 5688 eanonicus,
2978 5639 3009 5675 a
3037 5635 3134 5690 quo
3163 5621 3260 5672 hoc
3310 5616 3652 5670 testimonium
3680 5616 3995 5682 accepimus.

2541 5720 2693 5775 llaud
2723 5728 2799 5774 est
2829 5717 3046 5771 silentio
3074 5711 3424 5767 involvendus
3450 5710 3773 5764 Fortunatus
3805 5708 4043 5763 Tarvisi-

2471 5831 2591 5881 nus,
2625 5815 2789 5880 ipsius
2816 5809 3007 5863 Felicis
3037 5806 3215 5861 socius
3239 5844 3253 5867 ,
3280 5818 3436 5873 quem
3461 5802 3654 5855 merito
3687 5800 4043 5855 Fortunattun

2468 5920 2771 5967 censemus.
2798 5903 3121 5973 Pythagoras
3143 5899 3310 5965 enim,
3344 5896 3432 5952 ille
3465 5895 3666 5967 primus
3688 5894 4044 5966 philosopltitc
