  <div class='ocr_page' id='page_1' title='image "/cluster/home/n/w/nwhite01/storage/ocr_20150623/88-89/uc1.31175000868714/034.png"; bbox 0 0 4236 6548; ppageno 0'>
   <div class='ocr_carea' id='block_1_1' title="bbox 181 394 3465 469">
    <p class='ocr_par' dir='ltr' id='par_1_1' title="bbox 181 394 3465 469">
     <span class='ocr_line' id='line_1_1' title="bbox 181 394 3465 469; baseline 0.003 -11"><span class='ocrx_word' id='word_1_1' title='bbox 181 403 242 459; x_wconf 77' lang='lat'><strong>67</strong></span> <span class='ocrx_word' id='word_1_2' title='bbox 1084 402 1495 461; x_wconf 73' lang='lat' dir='ltr'><strong>TESTIMONIA</strong></span> <span class='ocrx_word' id='word_1_3' title='bbox 1523 400 1611 456; x_wconf 84' lang='lat' dir='ltr'><strong>DE</strong></span> <span class='ocrx_word' id='word_1_4' title='bbox 1647 394 1997 458; x_wconf 74' lang='lat' dir='ltr'><strong>VENANTIO</strong></span> <span class='ocrx_word' id='word_1_5' title='bbox 2026 404 2463 469; x_wconf 81' lang='lat' dir='ltr'><strong>FORTUNATO.</strong></span> <span class='ocrx_word' id='word_1_6' title='bbox 3395 408 3465 467; x_wconf 82' lang='lat'><strong>58</strong></span> 
     </span>
    </p>
   </div>
   <div class='ocr_carea' id='block_1_2' title="bbox 180 514 3464 604">
    <p class='ocr_par' dir='ltr' id='par_1_2' title="bbox 180 514 3464 604">
     <span class='ocr_line' id='line_1_2' title="bbox 180 514 3464 604; baseline 0.003 -28"><span class='ocrx_word' id='word_1_7' title='bbox 180 526 531 588; x_wconf 89' lang='lat' dir='ltr'><strong>nuncupator,</strong></span> <span class='ocrx_word' id='word_1_8' title='bbox 562 517 700 574; x_wconf 91' lang='lat' dir='ltr'><strong>inter</strong></span> <span class='ocrx_word' id='word_1_9' title='bbox 729 518 954 589; x_wconf 87' lang='lat' dir='ltr'><strong>plurima</strong></span> <span class='ocrx_word' id='word_1_10' title='bbox 986 536 1106 591; x_wconf 76' lang='lat' dir='ltr'><strong>quze</strong></span> <span class='ocrx_word' id='word_1_11' title='bbox 1136 522 1372 576; x_wconf 90' lang='lat' dir='ltr'><strong>humano</strong></span> <span class='ocrx_word' id='word_1_12' title='bbox 1404 518 1588 591; x_wconf 80' lang='lat' dir='ltr'><strong>generi</strong></span> <span class='ocrx_word' id='word_1_13' title='bbox 1625 518 1772 573; x_wconf 87' lang='lat' dir='ltr'><strong>salu-</strong></span> <span class='ocrx_word' id='word_1_14' title='bbox 1796 514 1854 576; x_wconf 74' lang='grc' dir='ltr'>Α</span> <span class='ocrx_word' id='word_1_15' title='bbox 1877 523 1998 580; x_wconf 91' lang='lat' dir='ltr'><strong>dam</strong></span> <span class='ocrx_word' id='word_1_16' title='bbox 2028 526 2337 596; x_wconf 88' lang='lat' dir='ltr'><strong>magistrum</strong></span> <span class='ocrx_word' id='word_1_17' title='bbox 2374 571 2389 596; x_wconf 96' lang='lat'><strong>,</strong></span> <span class='ocrx_word' id='word_1_18' title='bbox 2420 538 2474 585; x_wconf 90' lang='lat' dir='ltr'><strong>et</strong></span> <span class='ocrx_word' id='word_1_19' title='bbox 2503 532 2845 604; x_wconf 65' lang='lat' dir='ltr'><strong>coryphaeum</strong></span> <span class='ocrx_word' id='word_1_20' title='bbox 2871 532 3197 587; x_wconf 85' lang='lat' dir='ltr'><strong>musicorum</strong></span> <span class='ocrx_word' id='word_1_21' title='bbox 3223 532 3464 587; x_wconf 85' lang='lat' dir='ltr'><strong>modula-</strong></span> 
     </span>
    </p>
   </div>
   <div class='ocr_carea' id='block_1_3' title="bbox 180 611 1760 682">
    <p class='ocr_par' dir='ltr' id='par_1_3' title="bbox 180 611 1760 682">
     <span class='ocr_line' id='line_1_3' title="bbox 180 611 1760 682; baseline -0.001 -15"><span class='ocrx_word' id='word_1_22' title='bbox 180 611 407 667; x_wconf 86' lang='lat' dir='ltr'><strong>bcrrima</strong></span> <span class='ocrx_word' id='word_1_23' title='bbox 467 612 785 667; x_wconf 86' lang='lat' dir='ltr'><strong>documenta</strong></span> <span class='ocrx_word' id='word_1_24' title='bbox 842 614 1113 682; x_wconf 66' lang='lat' dir='ltr'><strong>praecepit,</strong></span> <span class='ocrx_word' id='word_1_25' title='bbox 1194 614 1493 682; x_wconf 66' lang='lat' dir='ltr'><strong>praesertim</strong></span> <span class='ocrx_word' id='word_1_26' title='bbox 1556 620 1760 677; x_wconf 88' lang='lat' dir='ltr'><strong>monet,</strong></span> 
     </span>
    </p>
   </div>
   <div class='ocr_carea' id='block_1_4' title="bbox 180 702 1766 775">
    <p class='ocr_par' dir='ltr' id='par_1_4' title="bbox 180 702 1766 775">
     <span class='ocr_line' id='line_1_4' title="bbox 180 702 1766 775; baseline -0.001 -16"><span class='ocrx_word' id='word_1_27' title='bbox 180 704 343 759; x_wconf 86' lang='lat' dir='ltr'><strong>Deum</strong></span> <span class='ocrx_word' id='word_1_28' title='bbox 376 702 638 773; x_wconf 92' lang='lat' dir='ltr'><strong>religione</strong></span> <span class='ocrx_word' id='word_1_29' title='bbox 687 703 973 759; x_wconf 90' lang='lat' dir='ltr'><strong>colendum</strong></span> <span class='ocrx_word' id='word_1_30' title='bbox 1004 721 1148 772; x_wconf 84' lang='lat' dir='ltr'><strong>esse,</strong></span> <span class='ocrx_word' id='word_1_31' title='bbox 1196 706 1437 760; x_wconf 90' lang='lat' dir='ltr'><strong>animum</strong></span> <span class='ocrx_word' id='word_1_32' title='bbox 1466 704 1766 775; x_wconf 88' lang='lat' dir='ltr'><strong>disciplinis</strong></span> 
     </span>
    </p>
   </div>
   <div class='ocr_carea' id='block_1_5' title="bbox 177 798 1765 870">
    <p class='ocr_par' dir='ltr' id='par_1_5' title="bbox 177 798 1765 870">
     <span class='ocr_line' id='line_1_5' title="bbox 177 798 1765 870; baseline -0.001 -16"><span class='ocrx_word' id='word_1_33' title='bbox 177 798 562 863; x_wconf 76' lang='lat' dir='ltr'><strong>excolendum,</strong></span> <span class='ocrx_word' id='word_1_34' title='bbox 590 813 710 866; x_wconf 65' lang='lat' dir='ltr'><strong>qua!</strong></span> <span class='ocrx_word' id='word_1_35' title='bbox 730 798 843 853; x_wconf 92' lang='lat' dir='ltr'><strong>duo</strong></span> <span class='ocrx_word' id='word_1_36' title='bbox 876 799 1060 853; x_wconf 85' lang='lat' dir='ltr'><strong>sociali</strong></span> <span class='ocrx_word' id='word_1_37' title='bbox 1088 798 1229 853; x_wconf 92' lang='lat' dir='ltr'><strong>nodo</strong></span> <span class='ocrx_word' id='word_1_38' title='bbox 1260 814 1541 867; x_wconf 60' lang='lat' dir='ltr'><strong>connexus,</strong></span> <span class='ocrx_word' id='word_1_39' title='bbox 1577 799 1765 870; x_wconf 83' lang='lat' dir='ltr'><strong>procul</strong></span> 
     </span>
    </p>
   </div>
   <div class='ocr_carea' id='block_1_6' title="bbox 177 889 1761 961">
    <p class='ocr_par' dir='ltr' id='par_1_6' title="bbox 177 889 1761 961">
     <span class='ocr_line' id='line_1_6' title="bbox 177 889 1761 961; baseline -0.001 -14"><span class='ocrx_word' id='word_1_40' title='bbox 177 891 335 947; x_wconf 81' lang='lat' dir='ltr'><strong>dubio</strong></span> <span class='ocrx_word' id='word_1_41' title='bbox 366 893 497 945; x_wconf 89' lang='lat' dir='ltr'><strong>fient</strong></span> <span class='ocrx_word' id='word_1_42' title='bbox 526 889 877 947; x_wconf 72' lang='lat' dir='ltr'><strong>beatitudinis</strong></span> <span class='ocrx_word' id='word_1_43' title='bbox 906 890 1206 947; x_wconf 72' lang='lat' dir='ltr'><strong>effectrices</strong></span> <span class='ocrx_word' id='word_1_44' title='bbox 1233 934 1247 957; x_wconf 90' lang='lat'><strong>,</strong></span> <span class='ocrx_word' id='word_1_45' title='bbox 1299 893 1498 961; x_wconf 84' lang='lat' dir='ltr'><strong>quippe</strong></span> <span class='ocrx_word' id='word_1_46' title='bbox 1551 892 1761 960; x_wconf 84' lang='lat' dir='ltr'><strong>religio,</strong></span> 
     </span>
    </p>
   </div>
   <div class='ocr_carea' id='block_1_7' title="bbox 176 985 1767 1057">
    <p class='ocr_par' dir='ltr' id='par_1_7' title="bbox 176 985 1767 1057">
     <span class='ocr_line' id='line_1_7' title="bbox 176 985 1767 1057; baseline -0.003 -13"><span class='ocrx_word' id='word_1_47' title='bbox 176 988 423 1044; x_wconf 82' lang='lat' dir='ltr'><strong>vitiorum</strong></span> <span class='ocrx_word' id='word_1_48' title='bbox 440 986 733 1057; x_wconf 78' lang='lat' dir='ltr'><strong>expultrix,</strong></span> <span class='ocrx_word' id='word_1_49' title='bbox 756 986 869 1041; x_wconf 90' lang='lat' dir='ltr'><strong>Deo</strong></span> <span class='ocrx_word' id='word_1_50' title='bbox 891 1002 989 1041; x_wconf 90' lang='lat' dir='ltr'><strong>nos</strong></span> <span class='ocrx_word' id='word_1_51' title='bbox 1014 986 1293 1054; x_wconf 85' lang='lat' dir='ltr'><strong>conciliat,</strong></span> <span class='ocrx_word' id='word_1_52' title='bbox 1317 997 1373 1041; x_wconf 89' lang='lat' dir='ltr'><strong>et</strong></span> <span class='ocrx_word' id='word_1_53' title='bbox 1401 985 1615 1041; x_wconf 90' lang='lat' dir='ltr'><strong>vinculo</strong></span> <span class='ocrx_word' id='word_1_54' title='bbox 1644 985 1767 1055; x_wconf 91' lang='lat' dir='ltr'><strong>pul-</strong></span> 
     </span>
    </p>
   </div>
   <div class='ocr_carea' id='block_1_8' title="bbox 176 1079 1762 1152">
    <p class='ocr_par' dir='ltr' id='par_1_8' title="bbox 176 1079 1762 1152">
     <span class='ocr_line' id='line_1_8' title="bbox 176 1079 1762 1152; baseline -0.002 -15"><span class='ocrx_word' id='word_1_55' title='bbox 176 1080 442 1137; x_wconf 89' lang='lat' dir='ltr'><strong>cherrimo</strong></span> <span class='ocrx_word' id='word_1_56' title='bbox 467 1083 759 1136; x_wconf 86' lang='lat' dir='ltr'><strong>connectit.</strong></span> <span class='ocrx_word' id='word_1_57' title='bbox 784 1079 1036 1134; x_wconf 85' lang='lat' dir='ltr'><strong>Doctrina</strong></span> <span class='ocrx_word' id='word_1_58' title='bbox 1050 1079 1762 1152; x_wconf 77' lang='lat' dir='ltr'><strong>vero,virtutisindagatrix,</strong></span> 
     </span>
    </p>
   </div>
   <div class='ocr_carea' id='block_1_9' title="bbox 175 1176 1764 1247">
    <p class='ocr_par' dir='ltr' id='par_1_9' title="bbox 175 1176 1764 1247">
     <span class='ocr_line' id='line_1_9' title="bbox 175 1176 1764 1247; baseline 0.004 -16"><span class='ocrx_word' id='word_1_59' title='bbox 175 1176 279 1231; x_wconf 89' lang='lat' dir='ltr'><strong>imo</strong></span> <span class='ocrx_word' id='word_1_60' title='bbox 336 1176 448 1246; x_wconf 88' lang='lat' dir='ltr'><strong>ipsa</strong></span> <span class='ocrx_word' id='word_1_61' title='bbox 502 1180 671 1234; x_wconf 87' lang='lat' dir='ltr'><strong>virtus</strong></span> <span class='ocrx_word' id='word_1_62' title='bbox 723 1182 932 1238; x_wconf 88' lang='lat' dir='ltr'><strong>animos</strong></span> <span class='ocrx_word' id='word_1_63' title='bbox 989 1192 1201 1239; x_wconf 90' lang='lat' dir='ltr'><strong>nostros</strong></span> <span class='ocrx_word' id='word_1_64' title='bbox 1259 1192 1504 1247; x_wconf 85' lang='lat' dir='ltr'><strong>exornat,</strong></span> <span class='ocrx_word' id='word_1_65' title='bbox 1539 1191 1594 1237; x_wconf 88' lang='lat' dir='ltr'><strong>et</strong></span> <span class='ocrx_word' id='word_1_66' title='bbox 1645 1182 1764 1245; x_wconf 89' lang='lat' dir='ltr'><strong>alit,</strong></span> 
     </span>
    </p>
   </div>
   <div class='ocr_carea' id='block_1_10' title="bbox 177 1270 1761 1345">
    <p class='ocr_par' dir='ltr' id='par_1_10' title="bbox 177 1270 1761 1345">
     <span class='ocr_line' id='line_1_10' title="bbox 177 1270 1761 1345; baseline 0.004 -24"><span class='ocrx_word' id='word_1_67' title='bbox 177 1278 442 1333; x_wconf 85' lang='lat' dir='ltr'><strong>vennstat,</strong></span> <span class='ocrx_word' id='word_1_68' title='bbox 478 1270 646 1337; x_wconf 84' lang='lat' dir='ltr'><strong>fovet,</strong></span> <span class='ocrx_word' id='word_1_69' title='bbox 681 1287 746 1328; x_wconf 90' lang='lat' dir='ltr'><strong>ac</strong></span> <span class='ocrx_word' id='word_1_70' title='bbox 774 1274 1109 1331; x_wconf 87' lang='lat' dir='ltr'><strong>moderatur.</strong></span> <span class='ocrx_word' id='word_1_71' title='bbox 1149 1275 1243 1330; x_wconf 88' lang='lat' dir='ltr'><strong>llic</strong></span> <span class='ocrx_word' id='word_1_72' title='bbox 1265 1275 1539 1345; x_wconf 88' lang='lat' dir='ltr'><strong>utriusque</strong></span> <span class='ocrx_word' id='word_1_73' title='bbox 1579 1273 1761 1328; x_wconf 82' lang='lat' dir='ltr'><strong>adrni-</strong></span> 
     </span>
    </p>
   </div>
   <div class='ocr_carea' id='block_1_11' title="bbox 176 1362 1760 1437">
    <p class='ocr_par' dir='ltr' id='par_1_11' title="bbox 176 1362 1760 1437">
     <span class='ocr_line' id='line_1_11' title="bbox 176 1362 1760 1437; baseline 0.003 -21"><span class='ocrx_word' id='word_1_74' title='bbox 176 1362 357 1417; x_wconf 87' lang='lat' dir='ltr'><strong>rabilis</strong></span> <span class='ocrx_word' id='word_1_75' title='bbox 389 1364 561 1417; x_wconf 84' lang='lat' dir='ltr'><strong>cultor</strong></span> <span class='ocrx_word' id='word_1_76' title='bbox 601 1366 671 1419; x_wconf 88' lang='lat' dir='ltr'><strong>ita</strong></span> <span class='ocrx_word' id='word_1_77' title='bbox 701 1366 946 1435; x_wconf 78' lang='lat' dir='ltr'><strong>religioni</strong></span> <span class='ocrx_word' id='word_1_78' title='bbox 973 1368 1186 1423; x_wconf 80' lang='lat' dir='ltr'><strong>deditus</strong></span> <span class='ocrx_word' id='word_1_79' title='bbox 1227 1366 1345 1429; x_wconf 87' lang='lat' dir='ltr'><strong>fuit,</strong></span> <span class='ocrx_word' id='word_1_80' title='bbox 1380 1367 1526 1437; x_wconf 93' lang='lat' dir='ltr'><strong>quod</strong></span> <span class='ocrx_word' id='word_1_81' title='bbox 1558 1382 1623 1421; x_wconf 91' lang='lat' dir='ltr'><strong>eo</strong></span> <span class='ocrx_word' id='word_1_82' title='bbox 1649 1365 1760 1435; x_wconf 87' lang='lat' dir='ltr'><strong>epi-</strong></span> 
     </span>
    </p>
   </div>
   <div class='ocr_carea' id='block_1_12' title="bbox 174 1456 1764 1529">
    <p class='ocr_par' dir='ltr' id='par_1_12' title="bbox 174 1456 1764 1529">
     <span class='ocr_line' id='line_1_12' title="bbox 174 1456 1764 1529; baseline 0.003 -20"><span class='ocrx_word' id='word_1_83' title='bbox 174 1470 336 1524; x_wconf 83' lang='lat' dir='ltr'><strong>scopo</strong></span> <span class='ocrx_word' id='word_1_84' title='bbox 368 1456 707 1512; x_wconf 84' lang='lat' dir='ltr'><strong>Pictavorum</strong></span> <span class='ocrx_word' id='word_1_85' title='bbox 736 1473 867 1529; x_wconf 89' lang='lat' dir='ltr'><strong>gens</strong></span> <span class='ocrx_word' id='word_1_86' title='bbox 889 1459 939 1514; x_wconf 91' lang='lat' dir='ltr'><strong>in</strong></span> <span class='ocrx_word' id='word_1_87' title='bbox 965 1459 1289 1528; x_wconf 88' lang='lat' dir='ltr'><strong>Gallia,jure</strong></span> <span class='ocrx_word' id='word_1_88' title='bbox 1314 1460 1542 1528; x_wconf 90' lang='lat' dir='ltr'><strong>optimo,</strong></span> <span class='ocrx_word' id='word_1_89' title='bbox 1568 1457 1764 1529; x_wconf 86' lang='lat' dir='ltr'><strong>gloria-</strong></span> 
     </span>
    </p>
   </div>
   <div class='ocr_carea' id='block_1_13' title="bbox 173 1549 1758 1619">
    <p class='ocr_par' dir='ltr' id='par_1_13' title="bbox 173 1549 1758 1619">
     <span class='ocr_line' id='line_1_13' title="bbox 173 1549 1758 1619; baseline 0.002 -17"><span class='ocrx_word' id='word_1_90' title='bbox 173 1554 296 1612; x_wconf 91' lang='lat' dir='ltr'><strong>tur;</strong></span> <span class='ocrx_word' id='word_1_91' title='bbox 330 1549 401 1603; x_wconf 89' lang='lat' dir='ltr'><strong>ita</strong></span> <span class='ocrx_word' id='word_1_92' title='bbox 430 1550 590 1604; x_wconf 89' lang='lat' dir='ltr'><strong>etiam</strong></span> <span class='ocrx_word' id='word_1_93' title='bbox 622 1550 859 1605; x_wconf 69' lang='lat' dir='ltr'><strong>doctrina</strong></span> <span class='ocrx_word' id='word_1_94' title='bbox 907 1551 1194 1606; x_wconf 87' lang='lat' dir='ltr'><strong>decoratur</strong></span> <span class='ocrx_word' id='word_1_95' title='bbox 1220 1594 1235 1619; x_wconf 91' lang='lat'><strong>,</strong></span> <span class='ocrx_word' id='word_1_96' title='bbox 1269 1552 1409 1619; x_wconf 88' lang='lat' dir='ltr'><strong>quod</strong></span> <span class='ocrx_word' id='word_1_97' title='bbox 1444 1552 1584 1606; x_wconf 90' lang='lat' dir='ltr'><strong>inter</strong></span> <span class='ocrx_word' id='word_1_98' title='bbox 1643 1551 1758 1606; x_wconf 88' lang='lat' dir='ltr'><strong>elo-</strong></span> 
     </span>
    </p>
   </div>
   <div class='ocr_carea' id='block_1_14' title="bbox 176 1644 1763 1716">
    <p class='ocr_par' dir='ltr' id='par_1_14' title="bbox 176 1644 1763 1716">
     <span class='ocr_line' id='line_1_14' title="bbox 176 1644 1763 1716; baseline 0.004 -22"><span class='ocrx_word' id='word_1_99' title='bbox 176 1644 555 1710; x_wconf 85' lang='lat' dir='ltr'><strong>qnentissimos</strong></span> <span class='ocrx_word' id='word_1_100' title='bbox 582 1655 823 1701; x_wconf 87' lang='lat' dir='ltr'><strong>oratores</strong></span> <span class='ocrx_word' id='word_1_101' title='bbox 851 1645 1312 1716; x_wconf 88' lang='lat' dir='ltr'><strong>suavissimosque</strong></span> <span class='ocrx_word' id='word_1_102' title='bbox 1334 1655 1520 1715; x_wconf 90' lang='lat' dir='ltr'><strong>poetas</strong></span> <span class='ocrx_word' id='word_1_103' title='bbox 1542 1659 1648 1700; x_wconf 89' lang='lat' dir='ltr'><strong>non</strong></span> <span class='ocrx_word' id='word_1_104' title='bbox 1670 1658 1763 1715; x_wconf 87' lang='lat' dir='ltr'><strong>po-</strong></span> 
     </span>
    </p>
   </div>
   <div class='ocr_carea' id='block_1_15' title="bbox 176 1738 717 1793">
    <p class='ocr_par' dir='ltr' id='par_1_15' title="bbox 176 1738 717 1793">
     <span class='ocr_line' id='line_1_15' title="bbox 176 1738 717 1793; baseline 0 -2"><span class='ocrx_word' id='word_1_105' title='bbox 176 1744 409 1792; x_wconf 85' lang='lat' dir='ltr'><strong>stremus</strong></span> <span class='ocrx_word' id='word_1_106' title='bbox 438 1738 717 1793; x_wconf 82' lang='lat' dir='ltr'><strong>habeatur.</strong></span> 
     </span>
    </p>
   </div>
   <div class='ocr_carea' id='block_1_16' title="bbox 543 1854 1369 1924">
    <p class='ocr_par' dir='ltr' id='par_1_16' title="bbox 543 1854 1369 1924">
     <span class='ocr_line' id='line_1_16' title="bbox 543 1854 1369 1924; baseline 0.001 -16"><span class='ocrx_word' id='word_1_107' title='bbox 543 1854 702 1910; x_wconf 80' lang='lat' dir='ltr'><strong>Cani.</strong></span> <span class='ocrx_word' id='word_1_108' title='bbox 732 1854 1014 1924; x_wconf 86' lang='lat' dir='ltr'><strong>Baronius,</strong></span> <span class='ocrx_word' id='word_1_109' title='bbox 1039 1856 1108 1910; x_wconf 84' lang='lat' dir='ltr'><strong>ad</strong></span> <span class='ocrx_word' id='word_1_110' title='bbox 1129 1874 1218 1910; x_wconf 89' lang='lat' dir='ltr'><strong>an.</strong></span> <span class='ocrx_word' id='word_1_111' title='bbox 1244 1854 1369 1909; x_wconf 70' lang='lat'><strong>825.</strong></span> 
     </span>
    </p>
   </div>
   <div class='ocr_carea' id='block_1_17' title="bbox 240 1945 1764 2020">
    <p class='ocr_par' dir='ltr' id='par_1_17' title="bbox 240 1945 1764 2020">
     <span class='ocr_line' id='line_1_17' title="bbox 240 1945 1764 2020; baseline 0.003 -19"><span class='ocrx_word' id='word_1_112' title='bbox 240 1945 345 2001; x_wconf 88' lang='lat' dir='ltr'><strong>Sed</strong></span> <span class='ocrx_word' id='word_1_113' title='bbox 389 1963 549 2018; x_wconf 90' lang='lat' dir='ltr'><strong>quam</strong></span> <span class='ocrx_word' id='word_1_114' title='bbox 584 1950 723 2002; x_wconf 90' lang='lat' dir='ltr'><strong>male</strong></span> <span class='ocrx_word' id='word_1_115' title='bbox 747 1949 1048 2019; x_wconf 87' lang='lat' dir='ltr'><strong>gloriantur</strong></span> <span class='ocrx_word' id='word_1_116' title='bbox 1075 1950 1142 2005; x_wconf 90' lang='lat' dir='ltr'><strong>de</strong></span> <span class='ocrx_word' id='word_1_117' title='bbox 1172 1950 1433 2020; x_wconf 84' lang='lat' dir='ltr'><strong>majorum</strong></span> <span class='ocrx_word' id='word_1_118' title='bbox 1466 1962 1764 2007; x_wconf 90' lang='lat' dir='ltr'><strong>consuetu-</strong></span> 
     </span>
    </p>
   </div>
   <div class='ocr_carea' id='block_1_18' title="bbox 170 2035 1766 2113">
    <p class='ocr_par' dir='ltr' id='par_1_18' title="bbox 170 2035 1766 2113">
     <span class='ocr_line' id='line_1_18' title="bbox 170 2035 1766 2113; baseline 0.006 -23"><span class='ocrx_word' id='word_1_119' title='bbox 170 2036 289 2091; x_wconf 76' lang='lat' dir='ltr'><strong>dine</strong></span> <span class='ocrx_word' id='word_1_120' title='bbox 319 2035 436 2110; x_wconf 86' lang='lat' dir='ltr'><strong>(qui</strong></span> <span class='ocrx_word' id='word_1_121' title='bbox 464 2039 634 2093; x_wconf 89' lang='lat' dir='ltr'><strong>sacris</strong></span> <span class='ocrx_word' id='word_1_122' title='bbox 684 2040 1007 2112; x_wconf 85' lang='lat' dir='ltr'><strong>imaginibus</strong></span> <span class='ocrx_word' id='word_1_123' title='bbox 1035 2041 1436 2113; x_wconf 88' lang='lat' dir='ltr'><strong>adversantur),</strong></span> <span class='ocrx_word' id='word_1_124' title='bbox 1474 2053 1556 2098; x_wconf 90' lang='lat' dir='ltr'><strong>sat</strong></span> <span class='ocrx_word' id='word_1_125' title='bbox 1587 2044 1690 2097; x_wconf 91' lang='lat' dir='ltr'><strong>erit</strong></span> <span class='ocrx_word' id='word_1_126' title='bbox 1719 2044 1766 2099; x_wconf 90' lang='lat' dir='ltr'><strong>si</strong></span> 
     </span>
    </p>
   </div>
   <div class='ocr_carea' id='block_1_19' title="bbox 173 2130 1767 2196">
    <p class='ocr_par' dir='ltr' id='par_1_19' title="bbox 173 2130 1767 2196">
     <span class='ocr_line' id='line_1_19' title="bbox 173 2130 1767 2196; baseline 0.005 -14"><span class='ocrx_word' id='word_1_127' title='bbox 173 2130 543 2185; x_wconf 39' lang='lat' dir='ltr'><strong>testificatione</strong></span> <span class='ocrx_word' id='word_1_128' title='bbox 585 2130 911 2187; x_wconf 65' lang='lat' dir='ltr'><strong>sanctissimi</strong></span> <span class='ocrx_word' id='word_1_129' title='bbox 943 2133 1045 2188; x_wconf 92' lang='lat' dir='ltr'><strong>viri</strong></span> <span class='ocrx_word' id='word_1_130' title='bbox 1076 2134 1284 2188; x_wconf 83' lang='lat' dir='ltr'><strong>Martini</strong></span> <span class='ocrx_word' id='word_1_131' title='bbox 1314 2176 1329 2196; x_wconf 87' lang='lat'><strong>,</strong></span> <span class='ocrx_word' id='word_1_132' title='bbox 1362 2145 1418 2190; x_wconf 91' lang='lat' dir='ltr'><strong>et</strong></span> <span class='ocrx_word' id='word_1_133' title='bbox 1465 2137 1767 2190; x_wconf 86' lang='lat' dir='ltr'><strong>assertione</strong></span> 
     </span>
    </p>
   </div>
   <div class='ocr_carea' id='block_1_20' title="bbox 174 2221 1766 2297">
    <p class='ocr_par' dir='ltr' id='par_1_20' title="bbox 174 2221 1766 2297">
     <span class='ocr_line' id='line_1_20' title="bbox 174 2221 1766 2297; baseline 0.007 -22"><span class='ocrx_word' id='word_1_134' title='bbox 174 2221 418 2278; x_wconf 75' lang='lat' dir='ltr'><strong>Venantii</strong></span> <span class='ocrx_word' id='word_1_135' title='bbox 444 2222 743 2290; x_wconf 85' lang='lat' dir='ltr'><strong>Fortunati,</strong></span> <span class='ocrx_word' id='word_1_136' title='bbox 774 2224 873 2280; x_wconf 91' lang='lat' dir='ltr'><strong>viri</strong></span> <span class='ocrx_word' id='word_1_137' title='bbox 898 2225 1113 2296; x_wconf 89' lang='lat' dir='ltr'><strong>quidem</strong></span> <span class='ocrx_word' id='word_1_138' title='bbox 1147 2227 1339 2293; x_wconf 85' lang='lat' dir='ltr'><strong>sancti,</strong></span> <span class='ocrx_word' id='word_1_139' title='bbox 1368 2228 1620 2297; x_wconf 90' lang='lat' dir='ltr'><strong>doctique</strong></span> <span class='ocrx_word' id='word_1_140' title='bbox 1645 2229 1766 2286; x_wconf 87' lang='lat' dir='ltr'><strong>Pic-</strong></span> 
     </span>
    </p>
   </div>
   <div class='ocr_carea' id='block_1_21' title="bbox 171 2317 1762 2389">
    <p class='ocr_par' dir='ltr' id='par_1_21' title="bbox 171 2317 1762 2389">
     <span class='ocr_line' id='line_1_21' title="bbox 171 2317 1762 2389; baseline 0.004 -18"><span class='ocrx_word' id='word_1_141' title='bbox 171 2318 426 2373; x_wconf 87' lang='lat' dir='ltr'><strong>taviensis</strong></span> <span class='ocrx_word' id='word_1_142' title='bbox 445 2317 711 2389; x_wconf 82' lang='lat' dir='ltr'><strong>episcOpi,</strong></span> <span class='ocrx_word' id='word_1_143' title='bbox 743 2320 833 2389; x_wconf 91' lang='lat' dir='ltr'><strong>qui</strong></span> <span class='ocrx_word' id='word_1_144' title='bbox 865 2320 1025 2374; x_wconf 89' lang='lat' dir='ltr'><strong>ambo</strong></span> <span class='ocrx_word' id='word_1_145' title='bbox 1056 2319 1382 2375; x_wconf 87' lang='lat' dir='ltr'><strong>Gallicanam</strong></span> <span class='ocrx_word' id='word_1_146' title='bbox 1437 2319 1762 2389; x_wconf 88' lang='lat' dir='ltr'><strong>Ecclesiam,</strong></span> 
     </span>
    </p>
   </div>
   <div class='ocr_carea' id='block_1_22' title="bbox 170 2410 1768 2481">
    <p class='ocr_par' dir='ltr' id='par_1_22' title="bbox 170 2410 1768 2481">
     <span class='ocr_line' id='line_1_22' title="bbox 170 2410 1768 2481; baseline 0.003 -17"><span class='ocrx_word' id='word_1_147' title='bbox 170 2410 530 2478; x_wconf 89' lang='lat' dir='ltr'><strong>illustrarunt,</strong></span> <span class='ocrx_word' id='word_1_148' title='bbox 557 2411 838 2479; x_wconf 87' lang='lat' dir='ltr'><strong>perspicue</strong></span> <span class='ocrx_word' id='word_1_149' title='bbox 864 2411 1300 2467; x_wconf 89' lang='lat' dir='ltr'><strong>demonstremus</strong></span> <span class='ocrx_word' id='word_1_150' title='bbox 1328 2423 1601 2481; x_wconf 91' lang='lat' dir='ltr'><strong>receptum</strong></span> <span class='ocrx_word' id='word_1_151' title='bbox 1631 2416 1768 2470; x_wconf 89' lang='lat' dir='ltr'><strong>anti-</strong></span> 
     </span>
    </p>
   </div>
   <div class='ocr_carea' id='block_1_23' title="bbox 170 2500 1766 2579">
    <p class='ocr_par' dir='ltr' id='par_1_23' title="bbox 170 2500 1766 2579">
     <span class='ocr_line' id='line_1_23' title="bbox 170 2500 1766 2579; baseline 0.004 -24"><span class='ocrx_word' id='word_1_152' title='bbox 170 2502 349 2571; x_wconf 86' lang='lat' dir='ltr'><strong>quitus</strong></span> <span class='ocrx_word' id='word_1_153' title='bbox 380 2500 597 2574; x_wconf 90' lang='lat' dir='ltr'><strong>Deoque</strong></span> <span class='ocrx_word' id='word_1_154' title='bbox 624 2513 833 2574; x_wconf 86' lang='lat' dir='ltr'><strong>gratum</strong></span> <span class='ocrx_word' id='word_1_155' title='bbox 861 2518 983 2561; x_wconf 90' lang='lat' dir='ltr'><strong>esse</strong></span> <span class='ocrx_word' id='word_1_156' title='bbox 1004 2505 1203 2561; x_wconf 91' lang='lat' dir='ltr'><strong>cultum</strong></span> <span class='ocrx_word' id='word_1_157' title='bbox 1237 2515 1545 2562; x_wconf 86' lang='lat' dir='ltr'><strong>sanctarum</strong></span> <span class='ocrx_word' id='word_1_158' title='bbox 1574 2506 1766 2579; x_wconf 67' lang='lat' dir='ltr'><strong>imagi-</strong></span> 
     </span>
    </p>
   </div>
   <div class='ocr_carea' id='block_1_24' title="bbox 171 2607 451 2664">
    <p class='ocr_par' dir='ltr' id='par_1_24' title="bbox 171 2607 451 2664">
     <span class='ocr_line' id='line_1_24' title="bbox 171 2607 451 2664; baseline 0 -11"><span class='ocrx_word' id='word_1_159' title='bbox 171 2614 315 2664; x_wconf 87' lang='lat' dir='ltr'><strong>num,</strong></span> <span class='ocrx_word' id='word_1_160' title='bbox 342 2607 451 2654; x_wconf 90' lang='lat' dir='ltr'><strong>etc.</strong></span> 
     </span>
    </p>
   </div>
   <div class='ocr_carea' id='block_1_25' title="bbox 171 2711 1761 2784">
    <p class='ocr_par' dir='ltr' id='par_1_25' title="bbox 171 2711 1761 2784">
     <span class='ocr_line' id='line_1_25' title="bbox 171 2711 1761 2784; baseline 0.001 -17"><span class='ocrx_word' id='word_1_161' title='bbox 171 2712 373 2783; x_wconf 79' lang='lat' dir='ltr'><strong>Gaspar</strong></span> <span class='ocrx_word' id='word_1_162' title='bbox 395 2711 663 2778; x_wconf 79' lang='lat' dir='ltr'><strong>Barthius,</strong></span> <span class='ocrx_word' id='word_1_163' title='bbox 690 2713 744 2766; x_wconf 86' lang='lat' dir='ltr'><strong>in</strong></span> <span class='ocrx_word' id='word_1_164' title='bbox 771 2713 1076 2769; x_wconf 82' lang='lat' dir='ltr'><strong>adversariis</strong></span> <span class='ocrx_word' id='word_1_165' title='bbox 1104 2712 1387 2770; x_wconf 76' lang='lat' dir='ltr'><strong>Comment.</strong></span> <span class='ocrx_word' id='word_1_166' title='bbox 1409 2756 1424 2781; x_wconf 93' lang='lat'><strong>,</strong></span> <span class='ocrx_word' id='word_1_167' title='bbox 1446 2716 1483 2769; x_wconf 84' lang='lat' dir='ltr'><strong>l.</strong></span> <span class='ocrx_word' id='word_1_168' title='bbox 1509 2731 1560 2784; x_wconf 82' lang='grc' dir='ltr'><strong>ν,</strong></span> <span class='ocrx_word' id='word_1_169' title='bbox 1593 2732 1639 2769; x_wconf 90' lang='lat' dir='ltr'><strong>c.</strong></span> <span class='ocrx_word' id='word_1_170' title='bbox 1676 2715 1761 2770; x_wconf 68' lang='grc'><strong>12.</strong></span> 
     </span>
    </p>
   </div>
   <div class='ocr_carea' id='block_1_26' title="bbox 240 2805 1770 2876">
    <p class='ocr_par' dir='ltr' id='par_1_26' title="bbox 240 2805 1770 2876">
     <span class='ocr_line' id='line_1_26' title="bbox 240 2805 1770 2876; baseline 0.001 -16"><span class='ocrx_word' id='word_1_171' title='bbox 240 2805 288 2860; x_wconf 91' lang='lat' dir='ltr'><strong>Is</strong></span> <span class='ocrx_word' id='word_1_172' title='bbox 314 2815 498 2876; x_wconf 89' lang='lat' dir='ltr'><strong>poeta,</strong></span> <span class='ocrx_word' id='word_1_173' title='bbox 535 2806 850 2861; x_wconf 87' lang='lat' dir='ltr'><strong>Venantium</strong></span> <span class='ocrx_word' id='word_1_174' title='bbox 883 2806 1003 2862; x_wconf 83' lang='lat' dir='ltr'><strong>dicn</strong></span> <span class='ocrx_word' id='word_1_175' title='bbox 1036 2848 1051 2875; x_wconf 91' lang='lat'><strong>,</strong></span> <span class='ocrx_word' id='word_1_176' title='bbox 1100 2807 1327 2861; x_wconf 89' lang='lat' dir='ltr'><strong>mirifico</strong></span> <span class='ocrx_word' id='word_1_177' title='bbox 1375 2817 1427 2861; x_wconf 91' lang='lat' dir='ltr'><strong>et</strong></span> <span class='ocrx_word' id='word_1_178' title='bbox 1467 2806 1770 2862; x_wconf 88' lang='lat' dir='ltr'><strong>admirabili</strong></span> 
     </span>
    </p>
   </div>
   <div class='ocr_carea' id='block_1_27' title="bbox 173 2899 1770 2972">
    <p class='ocr_par' dir='ltr' id='par_1_27' title="bbox 173 2899 1770 2972">
     <span class='ocr_line' id='line_1_27' title="bbox 173 2899 1770 2972; baseline 0.002 -18"><span class='ocrx_word' id='word_1_179' title='bbox 173 2900 390 2969; x_wconf 85' lang='lat' dir='ltr'><strong>ingenio</strong></span> <span class='ocrx_word' id='word_1_180' title='bbox 424 2899 550 2965; x_wconf 86' lang='lat' dir='ltr'><strong>fuit,</strong></span> <span class='ocrx_word' id='word_1_181' title='bbox 581 2900 911 2969; x_wconf 81' lang='lat' dir='ltr'><strong>temporibus</strong></span> <span class='ocrx_word' id='word_1_182' title='bbox 939 2910 994 2956; x_wconf 90' lang='lat' dir='ltr'><strong>et</strong></span> <span class='ocrx_word' id='word_1_183' title='bbox 1022 2902 1274 2972; x_wconf 87' lang='lat' dir='ltr'><strong>gentibus</strong></span> <span class='ocrx_word' id='word_1_184' title='bbox 1304 2901 1630 2972; x_wconf 68' lang='lat' dir='ltr'><strong>eloquentiae</strong></span> <span class='ocrx_word' id='word_1_185' title='bbox 1664 2901 1770 2957; x_wconf 90' lang='lat' dir='ltr'><strong>ini-</strong></span> 
     </span>
    </p>
   </div>
   <div class='ocr_carea' id='block_1_28' title="bbox 168 2992 1765 3067">
    <p class='ocr_par' dir='ltr' id='par_1_28' title="bbox 168 2992 1765 3067">
     <span class='ocr_line' id='line_1_28' title="bbox 168 2992 1765 3067; baseline 0 -18"><span class='ocrx_word' id='word_1_186' title='bbox 168 2995 448 3061; x_wconf 89' lang='lat' dir='ltr'><strong>quissimis</strong></span> <span class='ocrx_word' id='word_1_187' title='bbox 474 2994 670 3060; x_wconf 86' lang='lat' dir='ltr'><strong>editus,</strong></span> <span class='ocrx_word' id='word_1_188' title='bbox 704 3004 760 3048; x_wconf 91' lang='lat' dir='ltr'><strong>ut</strong></span> <span class='ocrx_word' id='word_1_189' title='bbox 782 2992 895 3050; x_wconf 87' lang='lat' dir='ltr'><strong>fere</strong></span> <span class='ocrx_word' id='word_1_190' title='bbox 923 2994 1002 3063; x_wconf 90' lang='lat' dir='ltr'><strong>fit,</strong></span> <span class='ocrx_word' id='word_1_191' title='bbox 1028 2995 1394 3065; x_wconf 89' lang='lat' dir='ltr'><strong>magnitudine</strong></span> <span class='ocrx_word' id='word_1_192' title='bbox 1420 2994 1618 3067; x_wconf 88' lang='lat' dir='ltr'><strong>ingenii</strong></span> <span class='ocrx_word' id='word_1_193' title='bbox 1651 3010 1765 3050; x_wconf 46' lang='lat' dir='ltr'><strong>ser‘</strong></span> 
     </span>
    </p>
   </div>
   <div class='ocr_carea' id='block_1_29' title="bbox 170 3086 1758 3157">
    <p class='ocr_par' dir='ltr' id='par_1_29' title="bbox 170 3086 1758 3157">
     <span class='ocr_line' id='line_1_29' title="bbox 170 3086 1758 3157; baseline 0 -16"><span class='ocrx_word' id='word_1_194' title='bbox 170 3103 383 3142; x_wconf 81' lang='lat' dir='ltr'><strong>nionem</strong></span> <span class='ocrx_word' id='word_1_195' title='bbox 414 3086 574 3140; x_wconf 89' lang='lat' dir='ltr'><strong>etiam</strong></span> <span class='ocrx_word' id='word_1_196' title='bbox 604 3086 755 3157; x_wconf 86' lang='lat' dir='ltr'><strong>pejus</strong></span> <span class='ocrx_word' id='word_1_197' title='bbox 784 3087 1026 3151; x_wconf 82' lang='lat' dir='ltr'><strong>corrupit</strong></span> <span class='ocrx_word' id='word_1_198' title='bbox 1055 3104 1213 3157; x_wconf 89' lang='lat' dir='ltr'><strong>quam</strong></span> <span class='ocrx_word' id='word_1_199' title='bbox 1240 3105 1376 3143; x_wconf 92' lang='lat' dir='ltr'><strong>unus</strong></span> <span class='ocrx_word' id='word_1_200' title='bbox 1400 3098 1453 3144; x_wconf 87' lang='lat' dir='ltr'><strong>et</strong></span> <span class='ocrx_word' id='word_1_201' title='bbox 1483 3091 1618 3144; x_wconf 88' lang='lat' dir='ltr'><strong>alter</strong></span> <span class='ocrx_word' id='word_1_202' title='bbox 1649 3102 1758 3143; x_wconf 91' lang='lat' dir='ltr'><strong>non</strong></span> 
     </span>
    </p>
   </div>
   <div class='ocr_carea' id='block_1_30' title="bbox 168 3178 1771 3247">
    <p class='ocr_par' dir='ltr' id='par_1_30' title="bbox 168 3178 1771 3247">
     <span class='ocr_line' id='line_1_30' title="bbox 168 3178 1771 3247; baseline 0.005 -17"><span class='ocrx_word' id='word_1_203' title='bbox 168 3180 278 3247; x_wconf 89' lang='lat' dir='ltr'><strong>pari</strong></span> <span class='ocrx_word' id='word_1_204' title='bbox 310 3178 572 3235; x_wconf 79' lang='lat' dir='ltr'><strong>felicitate</strong></span> <span class='ocrx_word' id='word_1_205' title='bbox 602 3187 807 3234; x_wconf 69' lang='lat' dir='ltr'><strong>natura:</strong></span> <span class='ocrx_word' id='word_1_206' title='bbox 835 3179 989 3235; x_wconf 88' lang='lat' dir='ltr'><strong>editi.</strong></span> <span class='ocrx_word' id='word_1_207' title='bbox 1024 3179 1183 3234; x_wconf 82' lang='lat' dir='ltr'><strong>Multa</strong></span> <span class='ocrx_word' id='word_1_208' title='bbox 1239 3191 1415 3236; x_wconf 90' lang='lat' dir='ltr'><strong>tamen</strong></span> <span class='ocrx_word' id='word_1_209' title='bbox 1451 3183 1607 3238; x_wconf 91' lang='lat' dir='ltr'><strong>habet</strong></span> <span class='ocrx_word' id='word_1_210' title='bbox 1671 3199 1771 3238; x_wconf 84' lang='lat' dir='ltr'><strong>va-</strong></span> 
     </span>
    </p>
   </div>
   <div class='ocr_carea' id='block_1_31' title="bbox 1794 1885 1843 1946">
    <p class='ocr_par' dir='ltr' id='par_1_31' title="bbox 1794 1885 1843 1946">
     <span class='ocr_line' id='line_1_31' title="bbox 1794 1885 1843 1946; baseline 0 0"><span class='ocrx_word' id='word_1_211' title='bbox 1794 1885 1843 1946; x_wconf 86' lang='lat' dir='ltr'><strong>B</strong></span> 
     </span>
    </p>
   </div>
   <div class='ocr_carea' id='block_1_32' title="bbox 1874 621 3460 695">
    <p class='ocr_par' dir='ltr' id='par_1_32' title="bbox 1874 621 3460 695">
     <span class='ocr_line' id='line_1_32' title="bbox 1874 621 3460 695; baseline 0.004 -23"><span class='ocrx_word' id='word_1_212' title='bbox 1874 621 2099 687; x_wconf 83' lang='lat' dir='ltr'><strong>rninum,</strong></span> <span class='ocrx_word' id='word_1_213' title='bbox 2122 623 2355 690; x_wconf 84' lang='lat' dir='ltr'><strong>respexit</strong></span> <span class='ocrx_word' id='word_1_214' title='bbox 2378 624 2554 679; x_wconf 88' lang='lat' dir='ltr'><strong>omnis</strong></span> <span class='ocrx_word' id='word_1_215' title='bbox 2576 627 2914 692; x_wconf 88' lang='lat' dir='ltr'><strong>sequentium</strong></span> <span class='ocrx_word' id='word_1_216' title='bbox 2935 634 3213 695; x_wconf 88' lang='lat' dir='ltr'><strong>poetarum</strong></span> <span class='ocrx_word' id='word_1_217' title='bbox 3235 625 3460 679; x_wconf 82' lang='lat' dir='ltr'><strong>chorus.</strong></span> 
     </span>
    </p>
   </div>
   <div class='ocr_carea' id='block_1_33' title="bbox 1872 711 3456 787">
    <p class='ocr_par' dir='ltr' id='par_1_33' title="bbox 1872 711 3456 787">
     <span class='ocr_line' id='line_1_33' title="bbox 1872 711 3456 787; baseline 0.002 -20"><span class='ocrx_word' id='word_1_218' title='bbox 1872 712 2029 767; x_wconf 81' lang='lat' dir='ltr'><strong>Card.</strong></span> <span class='ocrx_word' id='word_1_219' title='bbox 2056 711 2423 782; x_wconf 83' lang='lat' dir='ltr'><strong>Bellarminus,</strong></span> <span class='ocrx_word' id='word_1_220' title='bbox 2456 717 2507 770; x_wconf 84' lang='lat' dir='ltr'><strong>in</strong></span> <span class='ocrx_word' id='word_1_221' title='bbox 2533 717 2621 770; x_wconf 78' lang='lat' dir='ltr'><strong>lib.</strong></span> <span class='ocrx_word' id='word_1_222' title='bbox 2646 717 2710 770; x_wconf 82' lang='lat' dir='ltr'><strong>de</strong></span> <span class='ocrx_word' id='word_1_223' title='bbox 2740 716 2934 787; x_wconf 86' lang='lat' dir='ltr'><strong>Script.</strong></span> <span class='ocrx_word' id='word_1_224' title='bbox 2953 716 3102 782; x_wconf 81' lang='lat' dir='ltr'><strong>eccl.,</strong></span> <span class='ocrx_word' id='word_1_225' title='bbox 3123 718 3193 771; x_wconf 77' lang='lat' dir='ltr'><strong>ad</strong></span> <span class='ocrx_word' id='word_1_226' title='bbox 3219 735 3305 771; x_wconf 83' lang='lat' dir='ltr'><strong>an.</strong></span> <span class='ocrx_word' id='word_1_227' title='bbox 3332 716 3456 772; x_wconf 79' lang='grc'><strong>570.</strong></span> 
     </span>
    </p>
   </div>
   <div class='ocr_carea' id='block_1_34' title="bbox 1946 806 3463 879">
    <p class='ocr_par' dir='ltr' id='par_1_34' title="bbox 1946 806 3463 879">
     <span class='ocr_line' id='line_1_34' title="bbox 1946 806 3463 879; baseline 0.004 -20"><span class='ocrx_word' id='word_1_228' title='bbox 1946 806 2233 863; x_wconf 84' lang='lat' dir='ltr'><strong>Venantius</strong></span> <span class='ocrx_word' id='word_1_229' title='bbox 2246 807 2569 864; x_wconf 83' lang='lat' dir='ltr'><strong>Fortunatus</strong></span> <span class='ocrx_word' id='word_1_230' title='bbox 2599 810 2879 879; x_wconf 86' lang='lat' dir='ltr'><strong>episc0pus</strong></span> <span class='ocrx_word' id='word_1_231' title='bbox 2908 809 3253 865; x_wconf 83' lang='lat' dir='ltr'><strong>Pictaviensis</strong></span> <span class='ocrx_word' id='word_1_232' title='bbox 3284 809 3463 865; x_wconf 88' lang='lat' dir='ltr'><strong>floruit</strong></span> 
     </span>
    </p>
   </div>
   <div class='ocr_carea' id='block_1_35' title="bbox 1872 899 3428 971">
    <p class='ocr_par' dir='ltr' id='par_1_35' title="bbox 1872 899 3428 971">
     <span class='ocr_line' id='line_1_35' title="bbox 1872 899 3428 971; baseline -0.001 -17"><span class='ocrx_word' id='word_1_233' title='bbox 1872 899 2114 954; x_wconf 90' lang='lat' dir='ltr'><strong>doctrina</strong></span> <span class='ocrx_word' id='word_1_234' title='bbox 2143 909 2199 955; x_wconf 93' lang='lat' dir='ltr'><strong>et</strong></span> <span class='ocrx_word' id='word_1_235' title='bbox 2228 901 2509 957; x_wconf 85' lang='lat' dir='ltr'><strong>sanctitate</strong></span> <span class='ocrx_word' id='word_1_236' title='bbox 2535 908 2774 971; x_wconf 89' lang='lat' dir='ltr'><strong>tempore</strong></span> <span class='ocrx_word' id='word_1_237' title='bbox 2806 901 3000 955; x_wconf 80' lang='lat' dir='ltr'><strong>Justini</strong></span> <span class='ocrx_word' id='word_1_238' title='bbox 3030 901 3285 969; x_wconf 85' lang='lat' dir='ltr'><strong>junioris,</strong></span> <span class='ocrx_word' id='word_1_239' title='bbox 3322 910 3428 955; x_wconf 91' lang='lat' dir='ltr'><strong>etc.</strong></span> 
     </span>
    </p>
   </div>
   <div class='ocr_carea' id='block_1_36' title="bbox 1870 1012 3454 1083">
    <p class='ocr_par' dir='ltr' id='par_1_36' title="bbox 1870 1012 3454 1083">
     <span class='ocr_line' id='line_1_36' title="bbox 1870 1012 3454 1083; baseline -0.001 -15"><span class='ocrx_word' id='word_1_240' title='bbox 1870 1013 2125 1068; x_wconf 83' lang='lat' dir='ltr'><strong>Antonius</strong></span> <span class='ocrx_word' id='word_1_241' title='bbox 2148 1012 2382 1081; x_wconf 82' lang='lat' dir='ltr'><strong>Godeau,</strong></span> <span class='ocrx_word' id='word_1_242' title='bbox 2418 1014 2553 1069; x_wconf 79' lang='lat' dir='ltr'><strong>Hist.</strong></span> <span class='ocrx_word' id='word_1_243' title='bbox 2592 1012 2737 1069; x_wconf 87' lang='lat' dir='ltr'><strong>Eccl.</strong></span> <span class='ocrx_word' id='word_1_244' title='bbox 2766 1025 2807 1071; x_wconf 86' lang='lat' dir='ltr'><strong>t.</strong></span> <span class='ocrx_word' id='word_1_245' title='bbox 2836 1015 2856 1068; x_wconf 85' lang='grc'><strong><em>1</em></strong></span> <span class='ocrx_word' id='word_1_246' title='bbox 2874 1013 2944 1078; x_wconf 81' lang='grc' dir='ltr'><strong>γ,</strong></span> <span class='ocrx_word' id='word_1_247' title='bbox 2970 1014 3061 1067; x_wconf 87' lang='lat' dir='ltr'><strong>lib.</strong></span> <span class='ocrx_word' id='word_1_248' title='bbox 3094 1031 3151 1081; x_wconf 82' lang='lat' dir='ltr'><strong>ll,</strong></span> <span class='ocrx_word' id='word_1_249' title='bbox 3183 1025 3454 1083; x_wconf 78' lang='lat' dir='ltr'><strong>postquam</strong></span> 
     </span>
    </p>
   </div>
   <div class='ocr_carea' id='block_1_37' title="bbox 1942 1083 3455 1158">
    <p class='ocr_par' dir='ltr' id='par_1_37' title="bbox 1942 1083 3455 1158">
     <span class='ocr_line' id='line_1_37' title="bbox 1942 1083 3455 1158; baseline 0.001 -20"><span class='ocrx_word' id='word_1_250' title='bbox 1942 1083 2222 1139; x_wconf 79' lang='lat' dir='ltr'><strong>Fortunati</strong></span> <span class='ocrx_word' id='word_1_251' title='bbox 2268 1088 2491 1155; x_wconf 87' lang='lat' dir='ltr'><strong>patriam</strong></span> <span class='ocrx_word' id='word_1_252' title='bbox 2530 1089 2730 1155; x_wconf 85' lang='lat' dir='ltr'><strong>retulit,</strong></span> <span class='ocrx_word' id='word_1_253' title='bbox 2774 1097 2823 1142; x_wconf 88' lang='lat' dir='ltr'><strong>et</strong></span> <span class='ocrx_word' id='word_1_254' title='bbox 2867 1091 2981 1158; x_wconf 85' lang='lat' dir='ltr'><strong>ejus</strong></span> <span class='ocrx_word' id='word_1_255' title='bbox 3025 1088 3122 1140; x_wconf 84' lang='lat' dir='ltr'><strong>iter</strong></span> <span class='ocrx_word' id='word_1_256' title='bbox 3152 1088 3204 1140; x_wconf 85' lang='lat' dir='ltr'><strong>in</strong></span> <span class='ocrx_word' id='word_1_257' title='bbox 3232 1084 3455 1153; x_wconf 77' lang='lat' dir='ltr'><strong>Gallias,</strong></span> 
     </span>
    </p>
   </div>
   <div class='ocr_carea' id='block_1_38' title="bbox 1943 1158 2299 1214">
    <p class='ocr_par' dir='ltr' id='par_1_38' title="bbox 1943 1158 2299 1214">
     <span class='ocr_line' id='line_1_38' title="bbox 1943 1158 2299 1214; baseline 0.003 -4"><span class='ocrx_word' id='word_1_258' title='bbox 1943 1158 2052 1214; x_wconf 73' lang='lat' dir='ltr'><strong>lucc</strong></span> <span class='ocrx_word' id='word_1_259' title='bbox 2079 1158 2252 1213; x_wconf 85' lang='lat' dir='ltr'><strong>subdit</strong></span> <span class='ocrx_word' id='word_1_260' title='bbox 2279 1174 2299 1212; x_wconf 91' lang='lat'><strong><em>:</em></strong></span> 
     </span>
    </p>
   </div>
   <div class='ocr_carea' id='block_1_39' title="bbox 1946 1270 3459 1341">
    <p class='ocr_par' dir='ltr' id='par_1_39' title="bbox 1946 1270 3459 1341">
     <span class='ocr_line' id='line_1_39' title="bbox 1946 1270 3459 1341; baseline -0.001 -14"><span class='ocrx_word' id='word_1_261' title='bbox 1946 1273 2016 1327; x_wconf 85' lang='lat' dir='ltr'><strong>Sa</strong></span> <span class='ocrx_word' id='word_1_262' title='bbox 2050 1270 2345 1341; x_wconf 90' lang='lat' dir='ltr'><strong>principale</strong></span> <span class='ocrx_word' id='word_1_263' title='bbox 2398 1271 2697 1339; x_wconf 81' lang='lat' dir='ltr'><strong>profession</strong></span> <span class='ocrx_word' id='word_1_264' title='bbox 2729 1272 2862 1328; x_wconf 86' lang='lat' dir='ltr'><strong>dans</strong></span> <span class='ocrx_word' id='word_1_265' title='bbox 2908 1272 2986 1328; x_wconf 90' lang='lat' dir='ltr'><strong>les</strong></span> <span class='ocrx_word' id='word_1_266' title='bbox 3026 1271 3321 1341; x_wconf 86' lang='lat' dir='ltr'><strong>premieres</strong></span> <span class='ocrx_word' id='word_1_267' title='bbox 3360 1285 3459 1325; x_wconf 87' lang='lat' dir='ltr'><strong>an-</strong></span> 
     </span>
    </p>
   </div>
   <div class='ocr_carea' id='block_1_40' title="bbox 1873 1362 3455 1434">
    <p class='ocr_par' dir='ltr' id='par_1_40' title="bbox 1873 1362 3455 1434">
     <span class='ocr_line' id='line_1_40' title="bbox 1873 1362 3455 1434; baseline -0.002 -14"><span class='ocrx_word' id='word_1_268' title='bbox 1873 1365 2002 1421; x_wconf 87' lang='lat' dir='ltr'><strong>nées</strong></span> <span class='ocrx_word' id='word_1_269' title='bbox 2028 1364 2096 1420; x_wconf 90' lang='lat' dir='ltr'><strong>de</strong></span> <span class='ocrx_word' id='word_1_270' title='bbox 2117 1379 2175 1419; x_wconf 88' lang='lat' dir='ltr'><strong>sa</strong></span> <span class='ocrx_word' id='word_1_271' title='bbox 2206 1364 2291 1419; x_wconf 90' lang='lat' dir='ltr'><strong>vie</strong></span> <span class='ocrx_word' id='word_1_272' title='bbox 2320 1363 2399 1418; x_wconf 90' lang='lat' dir='ltr'><strong>fut</strong></span> <span class='ocrx_word' id='word_1_273' title='bbox 2426 1364 2475 1419; x_wconf 92' lang='lat' dir='ltr'><strong>la</strong></span> <span class='ocrx_word' id='word_1_274' title='bbox 2500 1365 2684 1434; x_wconf 91' lang='lat' dir='ltr'><strong>poesie</strong></span> <span class='ocrx_word' id='word_1_275' title='bbox 2719 1366 2902 1432; x_wconf 90' lang='lat' dir='ltr'><strong>latine,</strong></span> <span class='ocrx_word' id='word_1_276' title='bbox 2930 1373 2985 1419; x_wconf 92' lang='lat' dir='ltr'><strong>et</strong></span> <span class='ocrx_word' id='word_1_277' title='bbox 3007 1365 3054 1419; x_wconf 92' lang='lat' dir='ltr'><strong>si</strong></span> <span class='ocrx_word' id='word_1_278' title='bbox 3084 1380 3154 1419; x_wconf 89' lang='lat' dir='ltr'><strong>on</strong></span> <span class='ocrx_word' id='word_1_279' title='bbox 3172 1362 3455 1419; x_wconf 79' lang='lat' dir='ltr'><strong>considere</strong></span> 
     </span>
    </p>
   </div>
   <div class='ocr_carea' id='block_1_41' title="bbox 1873 1456 3457 1529">
    <p class='ocr_par' dir='ltr' id='par_1_41' title="bbox 1873 1456 3457 1529">
     <span class='ocr_line' id='line_1_41' title="bbox 1873 1456 3457 1529; baseline -0.002 -15"><span class='ocrx_word' id='word_1_280' title='bbox 1873 1458 1922 1514; x_wconf 92' lang='lat' dir='ltr'><strong>Ia</strong></span> <span class='ocrx_word' id='word_1_281' title='bbox 1946 1456 2194 1513; x_wconf 89' lang='lat' dir='ltr'><strong>barbarie</strong></span> <span class='ocrx_word' id='word_1_282' title='bbox 2244 1457 2310 1512; x_wconf 89' lang='lat' dir='ltr'><strong>de</strong></span> <span class='ocrx_word' id='word_1_283' title='bbox 2359 1472 2457 1513; x_wconf 91' lang='lat' dir='ltr'><strong>son</strong></span> <span class='ocrx_word' id='word_1_284' title='bbox 2510 1468 2706 1528; x_wconf 90' lang='lat' dir='ltr'><strong>temps,</strong></span> <span class='ocrx_word' id='word_1_285' title='bbox 2732 1458 2767 1512; x_wconf 93' lang='lat' dir='ltr'><strong>il</strong></span> <span class='ocrx_word' id='word_1_286' title='bbox 2799 1466 2883 1514; x_wconf 87' lang='lat' dir='ltr'><strong>est</strong></span> <span class='ocrx_word' id='word_1_287' title='bbox 2920 1458 3081 1529; x_wconf 89' lang='lat' dir='ltr'><strong>digne</strong></span> <span class='ocrx_word' id='word_1_288' title='bbox 3124 1459 3191 1511; x_wconf 89' lang='lat' dir='ltr'><strong>de</strong></span> <span class='ocrx_word' id='word_1_289' title='bbox 3232 1456 3457 1527; x_wconf 87' lang='lat' dir='ltr'><strong>quelche</strong></span> 
     </span>
    </p>
   </div>
   <div class='ocr_carea' id='block_1_42' title="bbox 1871 1548 3459 1621">
    <p class='ocr_par' dir='ltr' id='par_1_42' title="bbox 1871 1548 3459 1621">
     <span class='ocr_line' id='line_1_42' title="bbox 1871 1548 3459 1621; baseline -0.001 -15"><span class='ocrx_word' id='word_1_290' title='bbox 1871 1551 2137 1621; x_wconf 79' lang='lat' dir='ltr'><strong>loitange;</strong></span> <span class='ocrx_word' id='word_1_291' title='bbox 2170 1550 2205 1604; x_wconf 92' lang='lat' dir='ltr'><strong>il</strong></span> <span class='ocrx_word' id='word_1_292' title='bbox 2255 1557 2341 1605; x_wconf 88' lang='lat' dir='ltr'><strong>est</strong></span> <span class='ocrx_word' id='word_1_293' title='bbox 2386 1566 2536 1621; x_wconf 90' lang='lat' dir='ltr'><strong>vray,</strong></span> <span class='ocrx_word' id='word_1_294' title='bbox 2568 1565 2673 1620; x_wconf 91' lang='lat' dir='ltr'><strong>que</strong></span> <span class='ocrx_word' id='word_1_295' title='bbox 2714 1550 2826 1605; x_wconf 86' lang='lat' dir='ltr'><strong>l‘on</strong></span> <span class='ocrx_word' id='word_1_296' title='bbox 2870 1565 3061 1606; x_wconf 88' lang='lat' dir='ltr'><strong>accuse</strong></span> <span class='ocrx_word' id='word_1_297' title='bbox 3106 1548 3308 1603; x_wconf 86' lang='lat' dir='ltr'><strong>d’avoir</strong></span> <span class='ocrx_word' id='word_1_298' title='bbox 3338 1549 3459 1604; x_wconf 74' lang='grc' dir='ltr'><strong>Ιοῦὸ</strong></span> 
     </span>
    </p>
   </div>
   <div class='ocr_carea' id='block_1_43' title="bbox 1872 1641 3458 1712">
    <p class='ocr_par' dir='ltr' id='par_1_43' title="bbox 1872 1641 3458 1712">
     <span class='ocr_line' id='line_1_43' title="bbox 1872 1641 3458 1712; baseline -0.002 -14"><span class='ocrx_word' id='word_1_299' title='bbox 1872 1641 2264 1712; x_wconf 82' lang='lat' dir='ltr'><strong>Fredegonde,</strong></span> <span class='ocrx_word' id='word_1_300' title='bbox 2300 1643 2653 1708; x_wconf 81' lang='lat' dir='ltr'><strong>Brunehaud,</strong></span> <span class='ocrx_word' id='word_1_301' title='bbox 2708 1658 2738 1698; x_wconf 93' lang='lat' dir='ltr'><strong>e</strong></span> <span class='ocrx_word' id='word_1_302' title='bbox 2788 1643 3024 1699; x_wconf 85' lang='lat' dir='ltr'><strong>d‘autres</strong></span> <span class='ocrx_word' id='word_1_303' title='bbox 3077 1643 3319 1709; x_wconf 80' lang='lat' dir='ltr'><strong>Princes,</strong></span> <span class='ocrx_word' id='word_1_304' title='bbox 3369 1642 3458 1712; x_wconf 91' lang='lat' dir='ltr'><strong>qui</strong></span> 
     </span>
    </p>
   </div>
   <div class='ocr_carea' id='block_1_44' title="bbox 1873 1735 3460 1807">
    <p class='ocr_par' dir='ltr' id='par_1_44' title="bbox 1873 1735 3460 1807">
     <span class='ocr_line' id='line_1_44' title="bbox 1873 1735 3460 1807; baseline -0.004 -15"><span class='ocrx_word' id='word_1_305' title='bbox 1873 1738 2069 1793; x_wconf 89' lang='lat' dir='ltr'><strong>etaient</strong></span> <span class='ocrx_word' id='word_1_306' title='bbox 2103 1738 2276 1805; x_wconf 79' lang='lat' dir='ltr'><strong>plutot</strong></span> <span class='ocrx_word' id='word_1_307' title='bbox 2304 1737 2492 1807; x_wconf 88' lang='lat' dir='ltr'><strong>dignes</strong></span> <span class='ocrx_word' id='word_1_308' title='bbox 2521 1736 2589 1793; x_wconf 92' lang='lat' dir='ltr'><strong>de</strong></span> <span class='ocrx_word' id='word_1_309' title='bbox 2620 1752 2852 1793; x_wconf 81' lang='lat' dir='ltr'><strong>censure</strong></span> <span class='ocrx_word' id='word_1_310' title='bbox 2872 1777 2886 1802; x_wconf 92' lang='lat'><strong>,</strong></span> <span class='ocrx_word' id='word_1_311' title='bbox 2918 1752 3023 1807; x_wconf 85' lang='lat' dir='ltr'><strong>que</strong></span> <span class='ocrx_word' id='word_1_312' title='bbox 3048 1735 3277 1807; x_wconf 84' lang='lat' dir='ltr'><strong>d’éloge.</strong></span> <span class='ocrx_word' id='word_1_313' title='bbox 3332 1735 3460 1788; x_wconf 78' lang='lat' dir='ltr'><strong>Mais</strong></span> 
     </span>
    </p>
   </div>
   <div class='ocr_carea' id='block_1_45' title="bbox 1874 1823 3464 1895">
    <p class='ocr_par' dir='ltr' id='par_1_45' title="bbox 1874 1823 3464 1895">
     <span class='ocr_line' id='line_1_45' title="bbox 1874 1823 3464 1895; baseline -0.002 -11"><span class='ocrx_word' id='word_1_314' title='bbox 1874 1830 1913 1884; x_wconf 92' lang='lat' dir='ltr'><strong>il</strong></span> <span class='ocrx_word' id='word_1_315' title='bbox 1940 1828 2049 1885; x_wconf 91' lang='lat' dir='ltr'><strong>faut</strong></span> <span class='ocrx_word' id='word_1_316' title='bbox 2077 1829 2343 1886; x_wconf 84' lang='lat' dir='ltr'><strong>l’excuser</strong></span> <span class='ocrx_word' id='word_1_317' title='bbox 2372 1829 2557 1883; x_wconf 88' lang='lat' dir='ltr'><strong>vivant</strong></span> <span class='ocrx_word' id='word_1_318' title='bbox 2608 1830 2753 1884; x_wconf 87' lang='lat' dir='ltr'><strong>alors</strong></span> <span class='ocrx_word' id='word_1_319' title='bbox 2796 1829 2930 1884; x_wconf 88' lang='lat' dir='ltr'><strong>dans</strong></span> <span class='ocrx_word' id='word_1_320' title='bbox 2974 1829 3090 1884; x_wconf 90' lang='lat' dir='ltr'><strong>lenr</strong></span> <span class='ocrx_word' id='word_1_321' title='bbox 3133 1827 3299 1895; x_wconf 81' lang='lat' dir='ltr'><strong>Cour,</strong></span> <span class='ocrx_word' id='word_1_322' title='bbox 3328 1842 3396 1881; x_wconf 87' lang='lat' dir='ltr'><strong>ou</strong></span> <span class='ocrx_word' id='word_1_323' title='bbox 3427 1823 3464 1882; x_wconf 91' lang='lat' dir='ltr'><strong>il</strong></span> 
     </span>
    </p>
   </div>
   <div class='ocr_carea' id='block_1_46' title="bbox 1870 1922 2859 1993">
    <p class='ocr_par' dir='ltr' id='par_1_46' title="bbox 1870 1922 2859 1993">
     <span class='ocr_line' id='line_1_46' title="bbox 1870 1922 2859 1993; baseline -0.003 -13"><span class='ocrx_word' id='word_1_324' title='bbox 1870 1938 1941 1980; x_wconf 87' lang='lat' dir='ltr'><strong>ne</strong></span> <span class='ocrx_word' id='word_1_325' title='bbox 1970 1923 2273 1991; x_wconf 89' lang='lat' dir='ltr'><strong>subsistoit,</strong></span> <span class='ocrx_word' id='word_1_326' title='bbox 2302 1937 2408 1992; x_wconf 90' lang='lat' dir='ltr'><strong>que</strong></span> <span class='ocrx_word' id='word_1_327' title='bbox 2440 1937 2536 1993; x_wconf 88' lang='lat' dir='ltr'><strong>par</strong></span> <span class='ocrx_word' id='word_1_328' title='bbox 2564 1937 2623 1976; x_wconf 88' lang='lat' dir='ltr'><strong>sa</strong></span> <span class='ocrx_word' id='word_1_329' title='bbox 2659 1922 2859 1992; x_wconf 88' lang='lat' dir='ltr'><strong>plume.</strong></span> 
     </span>
    </p>
   </div>
   <div class='ocr_carea' id='block_1_47' title="bbox 2081 2031 3252 2107">
    <p class='ocr_par' dir='ltr' id='par_1_47' title="bbox 2081 2031 3252 2107">
     <span class='ocr_line' id='line_1_47' title="bbox 2081 2031 3252 2107; baseline -0.005 -14"><span class='ocrx_word' id='word_1_330' title='bbox 2081 2037 2317 2104; x_wconf 81' lang='lat' dir='ltr'><strong>Vossius,</strong></span> <span class='ocrx_word' id='word_1_331' title='bbox 2339 2037 2404 2092; x_wconf 83' lang='lat' dir='ltr'><strong>de</strong></span> <span class='ocrx_word' id='word_1_332' title='bbox 2435 2035 2573 2091; x_wconf 82' lang='lat' dir='ltr'><strong>Hist.</strong></span> <span class='ocrx_word' id='word_1_333' title='bbox 2600 2034 2744 2107; x_wconf 86' lang='lat' dir='ltr'><strong>Lat.,</strong></span> <span class='ocrx_word' id='word_1_334' title='bbox 2786 2035 2877 2089; x_wconf 75' lang='lat' dir='ltr'><strong>lib.</strong></span> <span class='ocrx_word' id='word_1_335' title='bbox 2909 2050 2982 2099; x_wconf 73' lang='grc' dir='ltr'><strong>χι,</strong></span> <span class='ocrx_word' id='word_1_336' title='bbox 3012 2050 3131 2102; x_wconf 89' lang='lat' dir='ltr'><strong>cap.</strong></span> <span class='ocrx_word' id='word_1_337' title='bbox 3162 2031 3252 2087; x_wconf 71' lang='lat'><strong>9.2.</strong></span> 
     </span>
    </p>
   </div>
   <div class='ocr_carea' id='block_1_48' title="bbox 1943 2148 3459 2221">
    <p class='ocr_par' dir='ltr' id='par_1_48' title="bbox 1943 2148 3459 2221">
     <span class='ocr_line' id='line_1_48' title="bbox 1943 2148 3459 2221; baseline -0.003 -13"><span class='ocrx_word' id='word_1_338' title='bbox 1943 2154 2266 2209; x_wconf 72' lang='lat' dir='ltr'><strong>Fortunatus</strong></span> <span class='ocrx_word' id='word_1_339' title='bbox 2314 2160 2493 2221; x_wconf 89' lang='lat' dir='ltr'><strong>poeta,</strong></span> <span class='ocrx_word' id='word_1_340' title='bbox 2546 2160 2701 2220; x_wconf 92' lang='lat' dir='ltr'><strong>prout</strong></span> <span class='ocrx_word' id='word_1_341' title='bbox 2752 2161 2992 2221; x_wconf 89' lang='lat' dir='ltr'><strong>tempora</strong></span> <span class='ocrx_word' id='word_1_342' title='bbox 3023 2148 3113 2204; x_wconf 90' lang='lat' dir='ltr'><strong>illa</strong></span> <span class='ocrx_word' id='word_1_343' title='bbox 3153 2156 3326 2215; x_wconf 89' lang='lat' dir='ltr'><strong>erant,</strong></span> <span class='ocrx_word' id='word_1_344' title='bbox 3359 2162 3459 2204; x_wconf 79' lang='lat' dir='ltr'><strong>no-</strong></span> 
     </span>
    </p>
   </div>
   <div class='ocr_carea' id='block_1_49' title="bbox 1873 2243 2138 2298">
    <p class='ocr_par' dir='ltr' id='par_1_49' title="bbox 1873 2243 2138 2298">
     <span class='ocr_line' id='line_1_49' title="bbox 1873 2243 2138 2298; baseline -0.008 0"><span class='ocrx_word' id='word_1_345' title='bbox 1873 2243 1998 2298; x_wconf 88' lang='lat' dir='ltr'><strong>bilis</strong></span> <span class='ocrx_word' id='word_1_346' title='bbox 2020 2245 2138 2298; x_wconf 91' lang='lat' dir='ltr'><strong>fuit.</strong></span> 
     </span>
    </p>
   </div>
   <div class='ocr_carea' id='block_1_50' title="bbox 1872 2355 3463 2429">
    <p class='ocr_par' dir='ltr' id='par_1_50' title="bbox 1872 2355 3463 2429">
     <span class='ocr_line' id='line_1_50' title="bbox 1872 2355 3463 2429; baseline -0.003 -13"><span class='ocrx_word' id='word_1_347' title='bbox 1872 2362 2104 2417; x_wconf 79' lang='lat' dir='ltr'><strong>Andreas</strong></span> <span class='ocrx_word' id='word_1_348' title='bbox 2135 2359 2197 2413; x_wconf 83' lang='lat' dir='ltr'><strong>dc</strong></span> <span class='ocrx_word' id='word_1_349' title='bbox 2226 2358 2479 2427; x_wconf 79' lang='lat' dir='ltr'><strong>Saussay,</strong></span> <span class='ocrx_word' id='word_1_350' title='bbox 2500 2359 2555 2429; x_wconf 80' lang='lat' dir='ltr'><strong>in</strong></span> <span class='ocrx_word' id='word_1_351' title='bbox 2588 2356 2813 2429; x_wconf 76' lang='lat' dir='ltr'><strong>Martgr.</strong></span> <span class='ocrx_word' id='word_1_352' title='bbox 2863 2355 3028 2422; x_wconf 84' lang='lat' dir='ltr'><strong>Galf.,</strong></span> <span class='ocrx_word' id='word_1_353' title='bbox 3060 2365 3198 2426; x_wconf 84' lang='lat' dir='ltr'><strong>part.</strong></span> <span class='ocrx_word' id='word_1_354' title='bbox 3257 2370 3318 2424; x_wconf 87' lang='lat' dir='ltr'><strong>lt,</strong></span> <span class='ocrx_word' id='word_1_355' title='bbox 3368 2371 3463 2411; x_wconf 77' lang='lat' dir='ltr'><strong>xm</strong></span> 
     </span>
    </p>
   </div>
   <div class='ocr_carea' id='block_1_51' title="bbox 2462 2426 2857 2484">
    <p class='ocr_par' dir='ltr' id='par_1_51' title="bbox 2462 2426 2857 2484">
     <span class='ocr_line' id='line_1_51' title="bbox 2462 2426 2857 2484; baseline -0.01 0"><span class='ocrx_word' id='word_1_356' title='bbox 2462 2428 2585 2484; x_wconf 81' lang='lat' dir='ltr'><strong>Kal.</strong></span> <span class='ocrx_word' id='word_1_357' title='bbox 2637 2426 2857 2482; x_wconf 68' lang='lat' dir='ltr'><strong>Ianuar.</strong></span> 
     </span>
    </p>
   </div>
   <div class='ocr_carea' id='block_1_52' title="bbox 1947 2519 3461 2590">
    <p class='ocr_par' dir='ltr' id='par_1_52' title="bbox 1947 2519 3461 2590">
     <span class='ocr_line' id='line_1_52' title="bbox 1947 2519 3461 2590; baseline -0.005 -8"><span class='ocrx_word' id='word_1_358' title='bbox 1947 2528 2144 2582; x_wconf 85' lang='lat' dir='ltr'><strong>Beatus</strong></span> <span class='ocrx_word' id='word_1_359' title='bbox 2175 2523 2469 2580; x_wconf 84' lang='lat' dir='ltr'><strong>Venantius</strong></span> <span class='ocrx_word' id='word_1_360' title='bbox 2500 2521 2823 2576; x_wconf 78' lang='lat' dir='ltr'><strong>Fortunatus</strong></span> <span class='ocrx_word' id='word_1_361' title='bbox 2856 2519 3207 2576; x_wconf 90' lang='lat' dir='ltr'><strong>Pictaviensis</strong></span> <span class='ocrx_word' id='word_1_362' title='bbox 3249 2520 3461 2590; x_wconf 86' lang='lat' dir='ltr'><strong>episco-</strong></span> 
     </span>
    </p>
   </div>
   <div class='ocr_carea' id='block_1_53' title="bbox 1873 2616 3463 2699">
    <p class='ocr_par' dir='ltr' id='par_1_53' title="bbox 1873 2616 3463 2699">
     <span class='ocr_line' id='line_1_53' title="bbox 1873 2616 3463 2699; baseline -0.007 -17"><span class='ocrx_word' id='word_1_363' title='bbox 1873 2641 1993 2699; x_wconf 89' lang='lat' dir='ltr'><strong>pus,</strong></span> <span class='ocrx_word' id='word_1_364' title='bbox 2028 2625 2113 2680; x_wconf 88' lang='lat' dir='ltr'><strong>vir</strong></span> <span class='ocrx_word' id='word_1_365' title='bbox 2142 2624 2195 2678; x_wconf 89' lang='lat' dir='ltr'><strong>in</strong></span> <span class='ocrx_word' id='word_1_366' title='bbox 2229 2638 2332 2691; x_wconf 90' lang='lat' dir='ltr'><strong>quo</strong></span> <span class='ocrx_word' id='word_1_367' title='bbox 2359 2621 2647 2692; x_wconf 84' lang='lat' dir='ltr'><strong>ambigitur</strong></span> <span class='ocrx_word' id='word_1_368' title='bbox 2690 2620 2859 2689; x_wconf 85' lang='lat' dir='ltr'><strong>magis</strong></span> <span class='ocrx_word' id='word_1_369' title='bbox 2891 2634 2958 2673; x_wconf 90' lang='lat' dir='ltr'><strong>ne</strong></span> <span class='ocrx_word' id='word_1_370' title='bbox 2987 2619 3233 2673; x_wconf 90' lang='lat' dir='ltr'><strong>doctrina</strong></span> <span class='ocrx_word' id='word_1_371' title='bbox 3262 2627 3318 2671; x_wconf 90' lang='lat' dir='ltr'><strong>et</strong></span> <span class='ocrx_word' id='word_1_372' title='bbox 3344 2616 3463 2687; x_wconf 89' lang='lat' dir='ltr'><strong>pul-</strong></span> 
     </span>
    </p>
   </div>
   <div class='ocr_carea' id='block_1_54' title="bbox 1874 2710 3461 2788">
    <p class='ocr_par' dir='ltr' id='par_1_54' title="bbox 1874 2710 3461 2788">
     <span class='ocr_line' id='line_1_54' title="bbox 1874 2710 3461 2788; baseline -0.009 -12"><span class='ocrx_word' id='word_1_373' title='bbox 1874 2718 2129 2777; x_wconf 89' lang='lat' dir='ltr'><strong>chritudo</strong></span> <span class='ocrx_word' id='word_1_374' title='bbox 2155 2716 2356 2788; x_wconf 91' lang='lat' dir='ltr'><strong>ingenii</strong></span> <span class='ocrx_word' id='word_1_375' title='bbox 2381 2730 2541 2785; x_wconf 88' lang='lat' dir='ltr'><strong>quam</strong></span> <span class='ocrx_word' id='word_1_376' title='bbox 2590 2713 2719 2768; x_wconf 70' lang='lat' dir='ltr'><strong>vita:</strong></span> <span class='ocrx_word' id='word_1_377' title='bbox 2775 2714 3032 2767; x_wconf 85' lang='lat' dir='ltr'><strong>sanctitas</strong></span> <span class='ocrx_word' id='word_1_378' title='bbox 3078 2710 3461 2781; x_wconf 65' lang='lat' dir='ltr'><strong>praecelluerit,</strong></span> 
     </span>
    </p>
   </div>
   <div class='ocr_carea' id='block_1_55' title="bbox 1877 2806 3459 2883">
    <p class='ocr_par' dir='ltr' id='par_1_55' title="bbox 1877 2806 3459 2883">
     <span class='ocr_line' id='line_1_55' title="bbox 1877 2806 3459 2883; baseline -0.007 -13"><span class='ocrx_word' id='word_1_379' title='bbox 1877 2812 2050 2883; x_wconf 89' lang='lat' dir='ltr'><strong>utqui</strong></span> <span class='ocrx_word' id='word_1_380' title='bbox 2076 2811 2435 2867; x_wconf 82' lang='lat' dir='ltr'><strong>encontiastes</strong></span> <span class='ocrx_word' id='word_1_381' title='bbox 2474 2818 2784 2863; x_wconf 90' lang='lat' dir='ltr'><strong>sanctorum</strong></span> <span class='ocrx_word' id='word_1_382' title='bbox 2837 2822 2937 2862; x_wconf 89' lang='lat' dir='ltr'><strong>suo</strong></span> <span class='ocrx_word' id='word_1_383' title='bbox 2968 2821 3083 2861; x_wconf 68' lang='lat' dir='ltr'><strong>aevo</strong></span> <span class='ocrx_word' id='word_1_384' title='bbox 3133 2806 3459 2875; x_wconf 60' lang='lat' dir='ltr'><strong>pracipuus,</strong></span> 
     </span>
    </p>
   </div>
   <div class='ocr_carea' id='block_1_56' title="bbox 1878 2901 3467 2975">
    <p class='ocr_par' dir='ltr' id='par_1_56' title="bbox 1878 2901 3467 2975">
     <span class='ocr_line' id='line_1_56' title="bbox 1878 2901 3467 2975; baseline -0.006 -10"><span class='ocrx_word' id='word_1_385' title='bbox 1878 2907 2303 2975; x_wconf 88' lang='lat' dir='ltr'><strong>eorumdemque</strong></span> <span class='ocrx_word' id='word_1_386' title='bbox 2345 2904 2622 2959; x_wconf 89' lang='lat' dir='ltr'><strong>studiosus</strong></span> <span class='ocrx_word' id='word_1_387' title='bbox 2661 2904 2918 2966; x_wconf 88' lang='lat' dir='ltr'><strong>imitator,</strong></span> <span class='ocrx_word' id='word_1_388' title='bbox 2962 2917 3024 2956; x_wconf 91' lang='lat' dir='ltr'><strong>ac</strong></span> <span class='ocrx_word' id='word_1_389' title='bbox 3055 2901 3467 2971; x_wconf 74' lang='lat' dir='ltr'><strong>omnipotentiae</strong></span> 
     </span>
    </p>
   </div>
   <div class='ocr_carea' id='block_1_57' title="bbox 1876 2997 3468 3072">
    <p class='ocr_par' dir='ltr' id='par_1_57' title="bbox 1876 2997 3468 3072">
     <span class='ocr_line' id='line_1_57' title="bbox 1876 2997 3468 3072; baseline -0.003 -15"><span class='ocrx_word' id='word_1_390' title='bbox 1876 3016 2127 3072; x_wconf 66' lang='lat' dir='ltr'><strong>superna:</strong></span> <span class='ocrx_word' id='word_1_391' title='bbox 2179 3000 2480 3070; x_wconf 72' lang='lat' dir='ltr'><strong>maiestatis</strong></span> <span class='ocrx_word' id='word_1_392' title='bbox 2531 3012 2709 3068; x_wconf 72' lang='lat' dir='ltr'><strong>praeco</strong></span> <span class='ocrx_word' id='word_1_393' title='bbox 2760 2997 3093 3067; x_wconf 86' lang='lat' dir='ltr'><strong>perelegans,</strong></span> <span class='ocrx_word' id='word_1_394' title='bbox 3136 3010 3468 3066; x_wconf 89' lang='lat' dir='ltr'><strong>operumque</strong></span> 
     </span>
    </p>
   </div>
   <div class='ocr_carea' id='block_1_58' title="bbox 1882 3092 3464 3162">
    <p class='ocr_par' dir='ltr' id='par_1_58' title="bbox 1882 3092 3464 3162">
     <span class='ocr_line' id='line_1_58' title="bbox 1882 3092 3464 3162; baseline -0.001 -13"><span class='ocrx_word' id='word_1_395' title='bbox 1882 3095 1974 3151; x_wconf 89' lang='lat' dir='ltr'><strong>Dei</strong></span> <span class='ocrx_word' id='word_1_396' title='bbox 2026 3095 2077 3149; x_wconf 89' lang='lat' dir='ltr'><strong>in</strong></span> <span class='ocrx_word' id='word_1_397' title='bbox 2123 3093 2327 3149; x_wconf 87' lang='lat' dir='ltr'><strong>sanctis</strong></span> <span class='ocrx_word' id='word_1_398' title='bbox 2378 3093 2703 3147; x_wconf 88' lang='lat' dir='ltr'><strong>mirabilium</strong></span> <span class='ocrx_word' id='word_1_399' title='bbox 2754 3103 3034 3147; x_wconf 86' lang='lat' dir='ltr'><strong>enarrator</strong></span> <span class='ocrx_word' id='word_1_400' title='bbox 3080 3092 3464 3162; x_wconf 89' lang='lat' dir='ltr'><strong>gravissimus,</strong></span> 
     </span>
    </p>
   </div>
   <div class='ocr_carea' id='block_1_59' title="bbox 1879 3184 3469 3255">
    <p class='ocr_par' dir='ltr' id='par_1_59' title="bbox 1879 3184 3469 3255">
     <span class='ocr_line' id='line_1_59' title="bbox 1879 3184 3469 3255; baseline -0.003 -14"><span class='ocrx_word' id='word_1_401' title='bbox 1879 3196 2067 3241; x_wconf 82' lang='lat' dir='ltr'><strong>exacta</strong></span> <span class='ocrx_word' id='word_1_402' title='bbox 2100 3185 2153 3239; x_wconf 93' lang='lat' dir='ltr'><strong>in</strong></span> <span class='ocrx_word' id='word_1_403' title='bbox 2184 3186 2330 3239; x_wconf 89' lang='lat' dir='ltr'><strong>omni</strong></span> <span class='ocrx_word' id='word_1_404' title='bbox 2366 3184 2581 3255; x_wconf 86' lang='lat' dir='ltr'><strong>pietatis</strong></span> <span class='ocrx_word' id='word_1_405' title='bbox 2624 3184 2804 3238; x_wconf 89' lang='lat' dir='ltr'><strong>studio</strong></span> <span class='ocrx_word' id='word_1_406' title='bbox 2850 3193 2905 3239; x_wconf 91' lang='lat' dir='ltr'><strong>et</strong></span> <span class='ocrx_word' id='word_1_407' title='bbox 2934 3191 3055 3237; x_wconf 90' lang='lat' dir='ltr'><strong>actu</strong></span> <span class='ocrx_word' id='word_1_408' title='bbox 3104 3192 3283 3249; x_wconf 75' lang='lat' dir='ltr'><strong>aetate,</strong></span> <span class='ocrx_word' id='word_1_409' title='bbox 3314 3184 3469 3238; x_wconf 81' lang='lat' dir='ltr'><strong>senio</strong></span> 
     </span>
    </p>
   </div>
   <div class='ocr_carea' id='block_1_60' title="bbox 168 3258 3467 3349">
    <p class='ocr_par' dir='ltr' id='par_1_60' title="bbox 168 3258 3467 3349">
     <span class='ocr_line' id='line_1_60' title="bbox 168 3258 3467 3349; baseline 0.002 -23"><span class='ocrx_word' id='word_1_410' title='bbox 168 3273 299 3327; x_wconf 88' lang='lat' dir='ltr'><strong>riam</strong></span> <span class='ocrx_word' id='word_1_411' title='bbox 349 3273 640 3329; x_wconf 88' lang='lat' dir='ltr'><strong>lectionem</strong></span> <span class='ocrx_word' id='word_1_412' title='bbox 668 3275 969 3345; x_wconf 86' lang='lat' dir='ltr'><strong>arguentia,</strong></span> <span class='ocrx_word' id='word_1_413' title='bbox 997 3284 1053 3330; x_wconf 91' lang='lat' dir='ltr'><strong>et</strong></span> <span class='ocrx_word' id='word_1_414' title='bbox 1095 3290 1200 3330; x_wconf 88' lang='lat' dir='ltr'><strong>non</strong></span> <span class='ocrx_word' id='word_1_415' title='bbox 1227 3277 1551 3333; x_wconf 86' lang='lat' dir='ltr'><strong>mediocrem</strong></span> <span class='ocrx_word' id='word_1_416' title='bbox 1582 3277 1767 3334; x_wconf 87' lang='lat' dir='ltr'><strong>erudi-</strong></span> <span class='ocrx_word' id='word_1_417' title='bbox 1799 3258 1850 3324; x_wconf 69' lang='grc' dir='ltr'>ο</span> <span class='ocrx_word' id='word_1_418' title='bbox 1882 3295 1986 3336; x_wconf 90' lang='lat' dir='ltr'><strong>non</strong></span> <span class='ocrx_word' id='word_1_419' title='bbox 2017 3289 2125 3335; x_wconf 89' lang='lat' dir='ltr'><strong>tam</strong></span> <span class='ocrx_word' id='word_1_420' title='bbox 2145 3294 2306 3349; x_wconf 89' lang='lat' dir='ltr'><strong>quam</strong></span> <span class='ocrx_word' id='word_1_421' title='bbox 2327 3279 2528 3333; x_wconf 88' lang='lat' dir='ltr'><strong>sanctis</strong></span> <span class='ocrx_word' id='word_1_422' title='bbox 2559 3277 3032 3333; x_wconf 82' lang='lat' dir='ltr'><strong>exercitationibus</strong></span> <span class='ocrx_word' id='word_1_423' title='bbox 3062 3277 3279 3343; x_wconf 89' lang='lat' dir='ltr'><strong>fractus,</strong></span> <span class='ocrx_word' id='word_1_424' title='bbox 3304 3292 3467 3347; x_wconf 92' lang='lat' dir='ltr'><strong>quam</strong></span> 
     </span>
    </p>
   </div>
   <div class='ocr_carea' id='block_1_61' title="bbox 170 3365 1771 3437">
    <p class='ocr_par' dir='ltr' id='par_1_61' title="bbox 170 3365 1771 3437">
     <span class='ocr_line' id='line_1_61' title="bbox 170 3365 1771 3437; baseline 0.005 -20"><span class='ocrx_word' id='word_1_425' title='bbox 170 3366 393 3434; x_wconf 88' lang='lat' dir='ltr'><strong>tionem,</strong></span> <span class='ocrx_word' id='word_1_426' title='bbox 432 3380 598 3436; x_wconf 89' lang='lat' dir='ltr'><strong>quare</strong></span> <span class='ocrx_word' id='word_1_427' title='bbox 645 3381 752 3421; x_wconf 92' lang='lat' dir='ltr'><strong>non</strong></span> <span class='ocrx_word' id='word_1_428' title='bbox 812 3365 969 3434; x_wconf 88' lang='lat' dir='ltr'><strong>plane</strong></span> <span class='ocrx_word' id='word_1_429' title='bbox 1000 3367 1155 3421; x_wconf 90' lang='lat' dir='ltr'><strong>nobis</strong></span> <span class='ocrx_word' id='word_1_430' title='bbox 1210 3367 1428 3437; x_wconf 90' lang='lat' dir='ltr'><strong>insuper</strong></span> <span class='ocrx_word' id='word_1_431' title='bbox 1492 3368 1771 3425; x_wconf 87' lang='lat' dir='ltr'><strong>habendus</strong></span> 
     </span>
    </p>
   </div>
   <div class='ocr_carea' id='block_1_62' title="bbox 169 3442 1770 3531">
    <p class='ocr_par' dir='ltr' id='par_1_62' title="bbox 169 3442 1770 3531">
     <span class='ocr_line' id='line_1_62' title="bbox 169 3442 1770 3531; baseline 0.002 -21"><span class='ocrx_word' id='word_1_432' title='bbox 169 3442 702 3513; x_wconf 73' lang='lat' dir='ltr'><strong>vitletur.............</strong></span> <span class='ocrx_word' id='word_1_433' title='bbox 742 3458 819 3514; x_wconf 89' lang='lat' dir='ltr'><strong>De</strong></span> <span class='ocrx_word' id='word_1_434' title='bbox 841 3458 1142 3513; x_wconf 89' lang='lat' dir='ltr'><strong>eruditione</strong></span> <span class='ocrx_word' id='word_1_435' title='bbox 1166 3468 1344 3515; x_wconf 88' lang='lat' dir='ltr'><strong>autem</strong></span> <span class='ocrx_word' id='word_1_436' title='bbox 1376 3460 1535 3530; x_wconf 91' lang='lat' dir='ltr'><strong>hujus</strong></span> <span class='ocrx_word' id='word_1_437' title='bbox 1566 3476 1770 3531; x_wconf 67' lang='lat' dir='ltr'><strong>praesn-</strong></span> 
     </span>
    </p>
   </div>
   <div class='ocr_carea' id='block_1_63' title="bbox 168 3549 1770 3623">
    <p class='ocr_par' dir='ltr' id='par_1_63' title="bbox 168 3549 1770 3623">
     <span class='ocr_line' id='line_1_63' title="bbox 168 3549 1770 3623; baseline 0.001 -17"><span class='ocrx_word' id='word_1_438' title='bbox 168 3552 251 3618; x_wconf 85' lang='lat' dir='ltr'><strong>lis,</strong></span> <span class='ocrx_word' id='word_1_439' title='bbox 285 3550 435 3621; x_wconf 88' lang='lat' dir='ltr'><strong>quod</strong></span> <span class='ocrx_word' id='word_1_440' title='bbox 455 3549 589 3615; x_wconf 79' lang='lat' dir='ltr'><strong>dixi,</strong></span> <span class='ocrx_word' id='word_1_441' title='bbox 621 3549 777 3605; x_wconf 82' lang='lat' dir='ltr'><strong>facile</strong></span> <span class='ocrx_word' id='word_1_442' title='bbox 796 3560 1045 3606; x_wconf 91' lang='lat' dir='ltr'><strong>auctores</strong></span> <span class='ocrx_word' id='word_1_443' title='bbox 1076 3552 1327 3621; x_wconf 89' lang='lat' dir='ltr'><strong>probant,</strong></span> <span class='ocrx_word' id='word_1_444' title='bbox 1356 3568 1488 3623; x_wconf 90' lang='lat' dir='ltr'><strong>quos</strong></span> <span class='ocrx_word' id='word_1_445' title='bbox 1520 3552 1770 3608; x_wconf 84' lang='lat' dir='ltr'><strong>nornina-</strong></span> 
     </span>
    </p>
   </div>
   <div class='ocr_carea' id='block_1_64' title="bbox 170 3644 1765 3717">
    <p class='ocr_par' dir='ltr' id='par_1_64' title="bbox 170 3644 1765 3717">
     <span class='ocr_line' id='line_1_64' title="bbox 170 3644 1765 3717; baseline 0 -17"><span class='ocrx_word' id='word_1_446' title='bbox 170 3646 259 3699; x_wconf 90' lang='lat' dir='ltr'><strong>tim</strong></span> <span class='ocrx_word' id='word_1_447' title='bbox 287 3645 459 3700; x_wconf 89' lang='lat' dir='ltr'><strong>citat:</strong></span> <span class='ocrx_word' id='word_1_448' title='bbox 496 3644 783 3711; x_wconf 89' lang='lat' dir='ltr'><strong>llomerns,</strong></span> <span class='ocrx_word' id='word_1_449' title='bbox 817 3644 1131 3711; x_wconf 78' lang='lat' dir='ltr'><strong>Menander,</strong></span> <span class='ocrx_word' id='word_1_450' title='bbox 1153 3645 1370 3708; x_wconf 82' lang='lat' dir='ltr'><strong>Aratus,</strong></span> <span class='ocrx_word' id='word_1_451' title='bbox 1391 3645 1540 3711; x_wconf 88' lang='lat' dir='ltr'><strong>Cato,</strong></span> <span class='ocrx_word' id='word_1_452' title='bbox 1571 3646 1765 3717; x_wconf 83' lang='lat' dir='ltr'><strong>Pytha-</strong></span> 
     </span>
    </p>
   </div>
   <div class='ocr_carea' id='block_1_65' title="bbox 170 3735 1765 3809">
    <p class='ocr_par' dir='ltr' id='par_1_65' title="bbox 170 3735 1765 3809">
     <span class='ocr_line' id='line_1_65' title="bbox 170 3735 1765 3809; baseline 0 -16"><span class='ocrx_word' id='word_1_453' title='bbox 170 3754 344 3809; x_wconf 88' lang='lat' dir='ltr'><strong>goras,</strong></span> <span class='ocrx_word' id='word_1_454' title='bbox 402 3736 758 3807; x_wconf 83' lang='lat' dir='ltr'><strong>Chrysippus,</strong></span> <span class='ocrx_word' id='word_1_455' title='bbox 794 3735 960 3803; x_wconf 84' lang='lat' dir='ltr'><strong>Plato,</strong></span> <span class='ocrx_word' id='word_1_456' title='bbox 996 3736 1267 3803; x_wconf 88' lang='lat' dir='ltr'><strong>Cleantes,</strong></span> <span class='ocrx_word' id='word_1_457' title='bbox 1299 3735 1541 3805; x_wconf 82' lang='lat' dir='ltr'><strong>Ovidius,</strong></span> <span class='ocrx_word' id='word_1_458' title='bbox 1590 3737 1765 3809; x_wconf 84' lang='lat' dir='ltr'><strong>Virgi-</strong></span> 
     </span>
    </p>
   </div>
   <div class='ocr_carea' id='block_1_66' title="bbox 171 3825 1771 3901">
    <p class='ocr_par' dir='ltr' id='par_1_66' title="bbox 171 3825 1771 3901">
     <span class='ocr_line' id='line_1_66' title="bbox 171 3825 1771 3901; baseline 0.001 -15"><span class='ocrx_word' id='word_1_459' title='bbox 171 3832 292 3901; x_wconf 79' lang='lat' dir='ltr'><strong>lius,</strong></span> <span class='ocrx_word' id='word_1_460' title='bbox 325 3830 608 3896; x_wconf 87' lang='lat' dir='ltr'><strong>Horatius,</strong></span> <span class='ocrx_word' id='word_1_461' title='bbox 659 3825 869 3894; x_wconf 85' lang='lat' dir='ltr'><strong>Cicero,</strong></span> <span class='ocrx_word' id='word_1_462' title='bbox 909 3828 1194 3897; x_wconf 82' lang='lat' dir='ltr'><strong>Pindarus,</strong></span> <span class='ocrx_word' id='word_1_463' title='bbox 1244 3831 1461 3901; x_wconf 89' lang='lat' dir='ltr'><strong>Sappho</strong></span> <span class='ocrx_word' id='word_1_464' title='bbox 1491 3847 1505 3896; x_wconf 91' lang='lat'><strong>;</strong></span> <span class='ocrx_word' id='word_1_465' title='bbox 1538 3830 1771 3901; x_wconf 90' lang='lat' dir='ltr'><strong>denique</strong></span> 
     </span>
    </p>
   </div>
   <div class='ocr_carea' id='block_1_67' title="bbox 171 3919 1771 3991">
    <p class='ocr_par' dir='ltr' id='par_1_67' title="bbox 171 3919 1771 3991">
     <span class='ocr_line' id='line_1_67' title="bbox 171 3919 1771 3991; baseline 0.001 -15"><span class='ocrx_word' id='word_1_466' title='bbox 171 3922 481 3991; x_wconf 91' lang='lat' dir='ltr'><strong>quicunque</strong></span> <span class='ocrx_word' id='word_1_467' title='bbox 510 3919 840 3975; x_wconf 88' lang='lat' dir='ltr'><strong>celebriores</strong></span> <span class='ocrx_word' id='word_1_468' title='bbox 871 3920 1010 3975; x_wconf 88' lang='lat' dir='ltr'><strong>inter</strong></span> <span class='ocrx_word' id='word_1_469' title='bbox 1040 3920 1281 3986; x_wconf 69' lang='lat' dir='ltr'><strong>Grrecos,</strong></span> <span class='ocrx_word' id='word_1_470' title='bbox 1315 3921 1640 3991; x_wconf 88' lang='lat' dir='ltr'><strong>Latinosque</strong></span> <span class='ocrx_word' id='word_1_471' title='bbox 1669 3922 1771 3977; x_wconf 87' lang='lat' dir='ltr'><strong>Pa-</strong></span> 
     </span>
    </p>
   </div>
   <div class='ocr_carea' id='block_1_68' title="bbox 174 4012 1769 4082">
    <p class='ocr_par' dir='ltr' id='par_1_68' title="bbox 174 4012 1769 4082">
     <span class='ocr_line' id='line_1_68' title="bbox 174 4012 1769 4082; baseline 0.001 -15"><span class='ocrx_word' id='word_1_472' title='bbox 174 4025 298 4075; x_wconf 84' lang='lat' dir='ltr'><strong>tres,</strong></span> <span class='ocrx_word' id='word_1_473' title='bbox 334 4029 569 4081; x_wconf 90' lang='lat' dir='ltr'><strong>quorum</strong></span> <span class='ocrx_word' id='word_1_474' title='bbox 591 4022 698 4067; x_wconf 90' lang='lat' dir='ltr'><strong>tam</strong></span> <span class='ocrx_word' id='word_1_475' title='bbox 725 4012 1002 4082; x_wconf 87' lang='lat' dir='ltr'><strong>gentilium</strong></span> <span class='ocrx_word' id='word_1_476' title='bbox 1022 4028 1180 4081; x_wconf 90' lang='lat' dir='ltr'><strong>quam</strong></span> <span class='ocrx_word' id='word_1_477' title='bbox 1208 4012 1635 4069; x_wconf 78' lang='lat' dir='ltr'><strong>Christianorum</strong></span> <span class='ocrx_word' id='word_1_478' title='bbox 1662 4030 1769 4069; x_wconf 90' lang='lat' dir='ltr'><strong>non</strong></span> 
     </span>
    </p>
   </div>
   <div class='ocr_carea' id='block_1_69' title="bbox 170 4104 1769 4175">
    <p class='ocr_par' dir='ltr' id='par_1_69' title="bbox 170 4104 1769 4175">
     <span class='ocr_line' id='line_1_69' title="bbox 170 4104 1769 4175; baseline -0.003 -13"><span class='ocrx_word' id='word_1_479' title='bbox 170 4108 341 4162; x_wconf 85' lang='lat' dir='ltr'><strong>solum</strong></span> <span class='ocrx_word' id='word_1_480' title='bbox 403 4105 623 4160; x_wconf 89' lang='lat' dir='ltr'><strong>nomina</strong></span> <span class='ocrx_word' id='word_1_481' title='bbox 657 4105 831 4174; x_wconf 89' lang='lat' dir='ltr'><strong>ponit,</strong></span> <span class='ocrx_word' id='word_1_482' title='bbox 863 4104 957 4159; x_wconf 89' lang='lat' dir='ltr'><strong>sed</strong></span> <span class='ocrx_word' id='word_1_483' title='bbox 1002 4104 1241 4175; x_wconf 88' lang='lat' dir='ltr'><strong>phrasim</strong></span> <span class='ocrx_word' id='word_1_484' title='bbox 1271 4104 1468 4174; x_wconf 65' lang='lat' dir='ltr'><strong>saepius</strong></span> <span class='ocrx_word' id='word_1_485' title='bbox 1496 4106 1769 4175; x_wconf 79' lang='lat' dir='ltr'><strong>exprimit,</strong></span> 
     </span>
    </p>
   </div>
   <div class='ocr_carea' id='block_1_70' title="bbox 172 4197 1768 4271">
    <p class='ocr_par' dir='ltr' id='par_1_70' title="bbox 172 4197 1768 4271">
     <span class='ocr_line' id='line_1_70' title="bbox 172 4197 1768 4271; baseline -0.002 -16"><span class='ocrx_word' id='word_1_486' title='bbox 172 4201 587 4271; x_wconf 86' lang='lat' dir='ltr'><strong>doctrinamque</strong></span> <span class='ocrx_word' id='word_1_487' title='bbox 613 4199 852 4255; x_wconf 88' lang='lat' dir='ltr'><strong>numeris</strong></span> <span class='ocrx_word' id='word_1_488' title='bbox 874 4198 1167 4254; x_wconf 90' lang='lat' dir='ltr'><strong>concludit.</strong></span> <span class='ocrx_word' id='word_1_489' title='bbox 1192 4197 1344 4253; x_wconf 83' lang='lat' dir='ltr'><strong>Adde</strong></span> <span class='ocrx_word' id='word_1_490' title='bbox 1362 4214 1467 4252; x_wconf 90' lang='lat' dir='ltr'><strong>non</strong></span> <span class='ocrx_word' id='word_1_491' title='bbox 1495 4199 1768 4269; x_wconf 86' lang='lat' dir='ltr'><strong>vulgarem</strong></span> 
     </span>
    </p>
   </div>
   <div class='ocr_carea' id='block_1_71' title="bbox 172 4290 1770 4363">
    <p class='ocr_par' dir='ltr' id='par_1_71' title="bbox 172 4290 1770 4363">
     <span class='ocr_line' id='line_1_71' title="bbox 172 4290 1770 4363; baseline -0.002 -15"><span class='ocrx_word' id='word_1_492' title='bbox 172 4292 412 4349; x_wconf 70' lang='lat' dir='ltr'><strong>historiae</strong></span> <span class='ocrx_word' id='word_1_493' title='bbox 460 4304 515 4347; x_wconf 91' lang='lat' dir='ltr'><strong>et</strong></span> <span class='ocrx_word' id='word_1_494' title='bbox 544 4290 885 4363; x_wconf 77' lang='lat' dir='ltr'><strong>geographia:</strong></span> <span class='ocrx_word' id='word_1_495' title='bbox 913 4305 981 4346; x_wconf 91' lang='lat' dir='ltr'><strong>eo</strong></span> <span class='ocrx_word' id='word_1_496' title='bbox 1016 4299 1258 4360; x_wconf 89' lang='lat' dir='ltr'><strong>tempore</strong></span> <span class='ocrx_word' id='word_1_497' title='bbox 1305 4290 1551 4345; x_wconf 89' lang='lat' dir='ltr'><strong>notitiam</strong></span> <span class='ocrx_word' id='word_1_498' title='bbox 1588 4308 1601 4356; x_wconf 92' lang='lat'><strong>;</strong></span> <span class='ocrx_word' id='word_1_499' title='bbox 1636 4291 1770 4346; x_wconf 89' lang='lat' dir='ltr'><strong>adde</strong></span> 
     </span>
    </p>
   </div>
   <div class='ocr_carea' id='block_1_72' title="bbox 176 4384 1771 4458">
    <p class='ocr_par' dir='ltr' id='par_1_72' title="bbox 176 4384 1771 4458">
     <span class='ocr_line' id='line_1_72' title="bbox 176 4384 1771 4458; baseline 0.001 -21"><span class='ocrx_word' id='word_1_500' title='bbox 176 4388 427 4458; x_wconf 80' lang='lat' dir='ltr'><strong>physices</strong></span> <span class='ocrx_word' id='word_1_501' title='bbox 458 4400 564 4439; x_wconf 89' lang='lat' dir='ltr'><strong>non</strong></span> <span class='ocrx_word' id='word_1_502' title='bbox 588 4384 772 4439; x_wconf 81' lang='lat' dir='ltr'><strong>infelix</strong></span> <span class='ocrx_word' id='word_1_503' title='bbox 803 4384 1066 4450; x_wconf 90' lang='lat' dir='ltr'><strong>studium,</strong></span> <span class='ocrx_word' id='word_1_504' title='bbox 1103 4394 1160 4438; x_wconf 92' lang='lat' dir='ltr'><strong>ut</strong></span> <span class='ocrx_word' id='word_1_505' title='bbox 1181 4398 1246 4438; x_wconf 81' lang='lat' dir='ltr'><strong>ex</strong></span> <span class='ocrx_word' id='word_1_506' title='bbox 1272 4384 1554 4438; x_wconf 75' lang='lat' dir='ltr'><strong>herbarum</strong></span> <span class='ocrx_word' id='word_1_507' title='bbox 1582 4427 1596 4449; x_wconf 93' lang='lat'><strong>,</strong></span> <span class='ocrx_word' id='word_1_508' title='bbox 1622 4398 1771 4453; x_wconf 83' lang='lat' dir='ltr'><strong>gem-</strong></span> 
     </span>
    </p>
   </div>
   <div class='ocr_carea' id='block_1_73' title="bbox 172 4476 1770 4547">
    <p class='ocr_par' dir='ltr' id='par_1_73' title="bbox 172 4476 1770 4547">
     <span class='ocr_line' id='line_1_73' title="bbox 172 4476 1770 4547; baseline -0.001 -12"><span class='ocrx_word' id='word_1_509' title='bbox 172 4497 398 4545; x_wconf 85' lang='lat' dir='ltr'><strong>marum,</strong></span> <span class='ocrx_word' id='word_1_510' title='bbox 431 4480 688 4533; x_wconf 87' lang='lat' dir='ltr'><strong>arborum</strong></span> <span class='ocrx_word' id='word_1_511' title='bbox 712 4519 728 4545; x_wconf 94' lang='lat'><strong>,</strong></span> <span class='ocrx_word' id='word_1_512' title='bbox 781 4487 1080 4533; x_wconf 88' lang='lat' dir='ltr'><strong>aromatum</strong></span> <span class='ocrx_word' id='word_1_513' title='bbox 1124 4476 1403 4547; x_wconf 87' lang='lat' dir='ltr'><strong>speciebus</strong></span> <span class='ocrx_word' id='word_1_514' title='bbox 1441 4484 1674 4545; x_wconf 88' lang='lat' dir='ltr'><strong>constat,</strong></span> <span class='ocrx_word' id='word_1_515' title='bbox 1702 4478 1770 4533; x_wconf 89' lang='lat' dir='ltr'><strong>de</strong></span> 
     </span>
    </p>
   </div>
   <div class='ocr_carea' id='block_1_74' title="bbox 172 4571 1423 4648">
    <p class='ocr_par' dir='ltr' id='par_1_74' title="bbox 172 4571 1423 4648">
     <span class='ocr_line' id='line_1_74' title="bbox 172 4571 1423 4648; baseline -0.006 -17"><span class='ocrx_word' id='word_1_516' title='bbox 172 4578 365 4648; x_wconf 88' lang='lat' dir='ltr'><strong>quibus</strong></span> <span class='ocrx_word' id='word_1_517' title='bbox 388 4572 683 4629; x_wconf 87' lang='lat' dir='ltr'><strong>commode</strong></span> <span class='ocrx_word' id='word_1_518' title='bbox 715 4580 769 4626; x_wconf 92' lang='lat' dir='ltr'><strong>et</strong></span> <span class='ocrx_word' id='word_1_519' title='bbox 798 4572 1006 4627; x_wconf 83' lang='lat' dir='ltr'><strong>erudite</strong></span> <span class='ocrx_word' id='word_1_520' title='bbox 1037 4571 1292 4639; x_wconf 90' lang='lat' dir='ltr'><strong>loquitur,</strong></span> <span class='ocrx_word' id='word_1_521' title='bbox 1320 4580 1423 4627; x_wconf 91' lang='lat' dir='ltr'><strong>etc.</strong></span> 
     </span>
    </p>
   </div>
   <div class='ocr_carea' id='block_1_75' title="bbox 635 4702 1335 4774">
    <p class='ocr_par' dir='ltr' id='par_1_75' title="bbox 635 4702 1335 4774">
     <span class='ocr_line' id='line_1_75' title="bbox 635 4702 1335 4774; baseline -0.001 -15"><span class='ocrx_word' id='word_1_522' title='bbox 635 4705 783 4761; x_wconf 79' lang='lat' dir='ltr'><strong>Idem</strong></span> <span class='ocrx_word' id='word_1_523' title='bbox 811 4704 901 4759; x_wconf 86' lang='lat' dir='ltr'><strong>lib.</strong></span> <span class='ocrx_word' id='word_1_524' title='bbox 939 4719 1084 4769; x_wconf 77' lang='lat' dir='ltr'><strong>XLVI,</strong></span> <span class='ocrx_word' id='word_1_525' title='bbox 1121 4718 1236 4774; x_wconf 77' lang='lat' dir='ltr'><strong>cap.</strong></span> <span class='ocrx_word' id='word_1_526' title='bbox 1280 4702 1335 4758; x_wconf 76' lang='lat'><strong>5.</strong></span> 
     </span>
    </p>
   </div>
   <div class='ocr_carea' id='block_1_76' title="bbox 241 4798 1771 4873">
    <p class='ocr_par' dir='ltr' id='par_1_76' title="bbox 241 4798 1771 4873">
     <span class='ocr_line' id='line_1_76' title="bbox 241 4798 1771 4873; baseline -0.003 -17"><span class='ocrx_word' id='word_1_527' title='bbox 241 4806 337 4873; x_wconf 83' lang='lat' dir='ltr'><strong>Qui</strong></span> <span class='ocrx_word' id='word_1_528' title='bbox 394 4802 719 4858; x_wconf 73' lang='lat' dir='ltr'><strong>Venantium</strong></span> <span class='ocrx_word' id='word_1_529' title='bbox 779 4799 1128 4855; x_wconf 85' lang='lat' dir='ltr'><strong>Fortunatum</strong></span> <span class='ocrx_word' id='word_1_530' title='bbox 1178 4798 1484 4865; x_wconf 88' lang='lat' dir='ltr'><strong>ediderunt,</strong></span> <span class='ocrx_word' id='word_1_531' title='bbox 1541 4799 1771 4854; x_wconf 89' lang='lat' dir='ltr'><strong>multum</strong></span> 
     </span>
    </p>
   </div>
   <div class='ocr_carea' id='block_1_77' title="bbox 176 4891 1771 4969">
    <p class='ocr_par' dir='ltr' id='par_1_77' title="bbox 176 4891 1771 4969">
     <span class='ocr_line' id='line_1_77' title="bbox 176 4891 1771 4969; baseline -0.003 -18"><span class='ocrx_word' id='word_1_532' title='bbox 176 4903 355 4969; x_wconf 72' lang='lat' dir='ltr'><strong>gratia:</strong></span> <span class='ocrx_word' id='word_1_533' title='bbox 408 4902 833 4969; x_wconf 88' lang='lat' dir='ltr'><strong>promeruernnt</strong></span> <span class='ocrx_word' id='word_1_534' title='bbox 860 4893 925 4947; x_wconf 90' lang='lat' dir='ltr'><strong>ab</strong></span> <span class='ocrx_word' id='word_1_535' title='bbox 956 4892 1206 4947; x_wconf 90' lang='lat' dir='ltr'><strong>omnibus</strong></span> <span class='ocrx_word' id='word_1_536' title='bbox 1235 4900 1451 4945; x_wconf 65' lang='lat' dir='ltr'><strong>relatum</strong></span> <span class='ocrx_word' id='word_1_537' title='bbox 1504 4891 1771 4946; x_wconf 84' lang='lat' dir='ltr'><strong>Christia-</strong></span> 
     </span>
    </p>
   </div>
   <div class='ocr_carea' id='block_1_78' title="bbox 176 4984 1772 5046">
    <p class='ocr_par' dir='ltr' id='par_1_78' title="bbox 176 4984 1772 5046">
     <span class='ocr_line' id='line_1_78' title="bbox 176 4984 1772 5046; baseline -0.003 -1"><span class='ocrx_word' id='word_1_538' title='bbox 176 5008 360 5046; x_wconf 85' lang='lat' dir='ltr'><strong>narum</strong></span> <span class='ocrx_word' id='word_1_539' title='bbox 393 4989 718 5045; x_wconf 88' lang='lat' dir='ltr'><strong>lectoribus.</strong></span> <span class='ocrx_word' id='word_1_540' title='bbox 749 4987 959 5041; x_wconf 83' lang='lat' dir='ltr'><strong>Inﬁnita</strong></span> <span class='ocrx_word' id='word_1_541' title='bbox 991 4984 1133 5041; x_wconf 87' lang='lat' dir='ltr'><strong>enim</strong></span> <span class='ocrx_word' id='word_1_542' title='bbox 1161 4993 1289 5039; x_wconf 88' lang='lat' dir='ltr'><strong>sunt</strong></span> <span class='ocrx_word' id='word_1_543' title='bbox 1315 4985 1380 5039; x_wconf 89' lang='lat' dir='ltr'><strong>ad</strong></span> <span class='ocrx_word' id='word_1_544' title='bbox 1400 4984 1668 5039; x_wconf 90' lang='lat' dir='ltr'><strong>clarorum</strong></span> <span class='ocrx_word' id='word_1_545' title='bbox 1690 4986 1772 5040; x_wconf 89' lang='lat' dir='ltr'><strong>vi-</strong></span> 
     </span>
    </p>
   </div>
   <div class='ocr_carea' id='block_1_79' title="bbox 176 5080 1774 5157">
    <p class='ocr_par' dir='ltr' id='par_1_79' title="bbox 176 5080 1774 5157">
     <span class='ocr_line' id='line_1_79' title="bbox 176 5080 1774 5157; baseline -0.009 -8"><span class='ocrx_word' id='word_1_546' title='bbox 176 5109 377 5155; x_wconf 78' lang='lat' dir='ltr'><strong>rorum,</strong></span> <span class='ocrx_word' id='word_1_547' title='bbox 396 5089 638 5152; x_wconf 88' lang='lat' dir='ltr'><strong>urbium,</strong></span> <span class='ocrx_word' id='word_1_548' title='bbox 665 5086 1004 5157; x_wconf 87' lang='lat' dir='ltr'><strong>populorum,</strong></span> <span class='ocrx_word' id='word_1_549' title='bbox 1025 5098 1231 5139; x_wconf 87' lang='lat' dir='ltr'><strong>morum</strong></span> <span class='ocrx_word' id='word_1_550' title='bbox 1256 5091 1312 5137; x_wconf 91' lang='lat' dir='ltr'><strong>et</strong></span> <span class='ocrx_word' id='word_1_551' title='bbox 1358 5081 1601 5136; x_wconf 73' lang='lat' dir='ltr'><strong>historia:</strong></span> <span class='ocrx_word' id='word_1_552' title='bbox 1630 5080 1774 5136; x_wconf 87' lang='lat' dir='ltr'><strong>illus-</strong></span> 
     </span>
    </p>
   </div>
   <div class='ocr_carea' id='block_1_80' title="bbox 180 5175 1775 5247">
    <p class='ocr_par' dir='ltr' id='par_1_80' title="bbox 180 5175 1775 5247">
     <span class='ocr_line' id='line_1_80' title="bbox 180 5175 1775 5247; baseline -0.005 -8"><span class='ocrx_word' id='word_1_553' title='bbox 180 5190 491 5246; x_wconf 82' lang='lat' dir='ltr'><strong>trationetn,</strong></span> <span class='ocrx_word' id='word_1_554' title='bbox 523 5181 800 5235; x_wconf 89' lang='lat' dir='ltr'><strong>utilissima</strong></span> <span class='ocrx_word' id='word_1_555' title='bbox 834 5179 888 5233; x_wconf 91' lang='lat' dir='ltr'><strong>in</strong></span> <span class='ocrx_word' id='word_1_556' title='bbox 920 5178 1010 5231; x_wconf 93' lang='lat' dir='ltr'><strong>illo</strong></span> <span class='ocrx_word' id='word_1_557' title='bbox 1040 5176 1260 5231; x_wconf 81' lang='lat' dir='ltr'><strong>maximi</strong></span> <span class='ocrx_word' id='word_1_558' title='bbox 1286 5175 1485 5247; x_wconf 87' lang='lat' dir='ltr'><strong>ingenii</strong></span> <span class='ocrx_word' id='word_1_559' title='bbox 1509 5183 1647 5238; x_wconf 88' lang='lat' dir='ltr'><strong>vate,</strong></span> <span class='ocrx_word' id='word_1_560' title='bbox 1674 5190 1775 5231; x_wconf 88' lang='lat' dir='ltr'><strong>nec</strong></span> 
     </span>
    </p>
   </div>
   <div class='ocr_carea' id='block_1_81' title="bbox 178 5266 1771 5339">
    <p class='ocr_par' dir='ltr' id='par_1_81' title="bbox 178 5266 1771 5339">
     <span class='ocr_line' id='line_1_81' title="bbox 178 5266 1771 5339; baseline -0.005 -7"><span class='ocrx_word' id='word_1_561' title='bbox 178 5278 461 5334; x_wconf 85' lang='lat' dir='ltr'><strong>infeliciter</strong></span> <span class='ocrx_word' id='word_1_562' title='bbox 492 5275 563 5328; x_wconf 87' lang='lat' dir='ltr'><strong>ab</strong></span> <span class='ocrx_word' id='word_1_563' title='bbox 598 5272 863 5327; x_wconf 82' lang='lat' dir='ltr'><strong>iisdemex</strong></span> <span class='ocrx_word' id='word_1_564' title='bbox 893 5278 1040 5339; x_wconf 89' lang='lat' dir='ltr'><strong>parte</strong></span> <span class='ocrx_word' id='word_1_565' title='bbox 1064 5278 1310 5322; x_wconf 86' lang='lat' dir='ltr'><strong>enarrata</strong></span> <span class='ocrx_word' id='word_1_566' title='bbox 1330 5278 1489 5336; x_wconf 90' lang='lat' dir='ltr'><strong>atque</strong></span> <span class='ocrx_word' id='word_1_567' title='bbox 1505 5266 1771 5335; x_wconf 80' lang='lat' dir='ltr'><strong>exposita.</strong></span> 
     </span>
    </p>
   </div>
   <div class='ocr_carea' id='block_1_82' title="bbox 180 5359 1775 5430">
    <p class='ocr_par' dir='ltr' id='par_1_82' title="bbox 180 5359 1775 5430">
     <span class='ocr_line' id='line_1_82' title="bbox 180 5359 1775 5430; baseline -0.008 -5"><span class='ocrx_word' id='word_1_568' title='bbox 180 5370 377 5425; x_wconf 85' lang='lat' dir='ltr'><strong>Tamen</strong></span> <span class='ocrx_word' id='word_1_569' title='bbox 434 5382 544 5420; x_wconf 87' lang='lat' dir='ltr'><strong>non</strong></span> <span class='ocrx_word' id='word_1_570' title='bbox 576 5365 693 5419; x_wconf 88' lang='lat' dir='ltr'><strong>sine</strong></span> <span class='ocrx_word' id='word_1_571' title='bbox 722 5374 845 5417; x_wconf 88' lang='lat' dir='ltr'><strong>nota</strong></span> <span class='ocrx_word' id='word_1_572' title='bbox 903 5360 1171 5430; x_wconf 88' lang='lat' dir='ltr'><strong>properati</strong></span> <span class='ocrx_word' id='word_1_573' title='bbox 1202 5359 1364 5413; x_wconf 89' lang='lat' dir='ltr'><strong>nimis</strong></span> <span class='ocrx_word' id='word_1_574' title='bbox 1393 5359 1574 5426; x_wconf 88' lang='lat' dir='ltr'><strong>operis</strong></span> <span class='ocrx_word' id='word_1_575' title='bbox 1604 5402 1617 5425; x_wconf 92' lang='lat'><strong>,</strong></span> <span class='ocrx_word' id='word_1_576' title='bbox 1655 5374 1775 5427; x_wconf 63' lang='lat' dir='ltr'><strong>quae</strong></span> 
     </span>
    </p>
   </div>
   <div class='ocr_carea' id='block_1_83' title="bbox 181 5452 1770 5527">
    <p class='ocr_par' dir='ltr' id='par_1_83' title="bbox 181 5452 1770 5527">
     <span class='ocr_line' id='line_1_83' title="bbox 181 5452 1770 5527; baseline -0.008 -9"><span class='ocrx_word' id='word_1_577' title='bbox 181 5465 240 5517; x_wconf 85' lang='lat' dir='ltr'><strong>ad</strong></span> <span class='ocrx_word' id='word_1_578' title='bbox 266 5464 610 5518; x_wconf 84' lang='lat' dir='ltr'><strong>intellectura</strong></span> <span class='ocrx_word' id='word_1_579' title='bbox 644 5458 759 5527; x_wconf 87' lang='lat' dir='ltr'><strong>ejus</strong></span> <span class='ocrx_word' id='word_1_580' title='bbox 792 5456 1061 5526; x_wconf 88' lang='lat' dir='ltr'><strong>pertinent</strong></span> <span class='ocrx_word' id='word_1_581' title='bbox 1091 5453 1267 5525; x_wconf 89' lang='lat' dir='ltr'><strong>quoad</strong></span> <span class='ocrx_word' id='word_1_582' title='bbox 1308 5466 1505 5523; x_wconf 83' lang='lat' dir='ltr'><strong>genera</strong></span> <span class='ocrx_word' id='word_1_583' title='bbox 1557 5452 1770 5506; x_wconf 90' lang='lat' dir='ltr'><strong>dicendi</strong></span> 
     </span>
    </p>
   </div>
   <div class='ocr_carea' id='block_1_84' title="bbox 178 5545 1769 5627">
    <p class='ocr_par' dir='ltr' id='par_1_84' title="bbox 178 5545 1769 5627">
     <span class='ocr_line' id='line_1_84' title="bbox 178 5545 1769 5627; baseline -0.005 -17"><span class='ocrx_word' id='word_1_584' title='bbox 178 5568 225 5610; x_wconf 88' lang='lat' dir='ltr'><strong>et</strong></span> <span class='ocrx_word' id='word_1_585' title='bbox 258 5556 457 5627; x_wconf 82' lang='lat' dir='ltr'><strong>stylnm</strong></span> <span class='ocrx_word' id='word_1_586' title='bbox 496 5551 875 5621; x_wconf 84' lang='lat' dir='ltr'><strong>ipsum,etiam</strong></span> <span class='ocrx_word' id='word_1_587' title='bbox 903 5550 1015 5602; x_wconf 84' lang='lat' dir='ltr'><strong>loca</strong></span> <span class='ocrx_word' id='word_1_588' title='bbox 1050 5545 1262 5601; x_wconf 80' lang='lat' dir='ltr'><strong>mendis</strong></span> <span class='ocrx_word' id='word_1_589' title='bbox 1288 5547 1562 5616; x_wconf 80' lang='lat' dir='ltr'><strong>inquinata</strong></span> <span class='ocrx_word' id='word_1_590' title='bbox 1581 5561 1769 5615; x_wconf 88' lang='lat' dir='ltr'><strong>parum</strong></span> 
     </span>
    </p>
   </div>
   <div class='ocr_carea' id='block_1_85' title="bbox 178 5638 1768 5711">
    <p class='ocr_par' dir='ltr' id='par_1_85' title="bbox 178 5638 1768 5711">
     <span class='ocr_line' id='line_1_85' title="bbox 178 5638 1768 5711; baseline -0.008 -7"><span class='ocrx_word' id='word_1_591' title='bbox 178 5649 344 5703; x_wconf 83' lang='lat' dir='ltr'><strong>eidem</strong></span> <span class='ocrx_word' id='word_1_592' title='bbox 376 5645 750 5699; x_wconf 60' lang='lat' dir='ltr'><strong>cunuleruut.</strong></span> <span class='ocrx_word' id='word_1_593' title='bbox 782 5643 956 5711; x_wconf 77' lang='lat' dir='ltr'><strong>Atque</strong></span> <span class='ocrx_word' id='word_1_594' title='bbox 1009 5638 1127 5693; x_wconf 90' lang='lat' dir='ltr'><strong>talis</strong></span> <span class='ocrx_word' id='word_1_595' title='bbox 1159 5638 1246 5706; x_wconf 89' lang='lat' dir='ltr'><strong>qui</strong></span> <span class='ocrx_word' id='word_1_596' title='bbox 1282 5638 1332 5691; x_wconf 92' lang='lat' dir='ltr'><strong>in</strong></span> <span class='ocrx_word' id='word_1_597' title='bbox 1386 5638 1525 5691; x_wconf 90' lang='lat' dir='ltr'><strong>hunc</strong></span> <span class='ocrx_word' id='word_1_598' title='bbox 1553 5647 1768 5706; x_wconf 87' lang='lat' dir='ltr'><strong>poetam</strong></span> 
     </span>
    </p>
   </div>
   <div class='ocr_carea' id='block_1_86' title="bbox 180 5727 1774 5801">
    <p class='ocr_par' dir='ltr' id='par_1_86' title="bbox 180 5727 1774 5801">
     <span class='ocr_line' id='line_1_86' title="bbox 180 5727 1774 5801; baseline -0.007 -5"><span class='ocrx_word' id='word_1_599' title='bbox 180 5751 325 5796; x_wconf 87' lang='lat' dir='ltr'><strong>notas</strong></span> <span class='ocrx_word' id='word_1_600' title='bbox 355 5736 725 5793; x_wconf 64' lang='lat' dir='ltr'><strong>elaborat-erit</strong></span> <span class='ocrx_word' id='word_1_601' title='bbox 760 5776 775 5800; x_wconf 93' lang='lat'><strong>,</strong></span> <span class='ocrx_word' id='word_1_602' title='bbox 828 5748 934 5787; x_wconf 90' lang='lat' dir='ltr'><strong>non</strong></span> <span class='ocrx_word' id='word_1_603' title='bbox 982 5731 1153 5785; x_wconf 89' lang='lat' dir='ltr'><strong>solum</strong></span> <span class='ocrx_word' id='word_1_604' title='bbox 1214 5727 1391 5801; x_wconf 89' lang='lat' dir='ltr'><strong>ipsum</strong></span> <span class='ocrx_word' id='word_1_605' title='bbox 1424 5770 1438 5795; x_wconf 91' lang='lat'><strong>,</strong></span> <span class='ocrx_word' id='word_1_606' title='bbox 1472 5730 1561 5785; x_wconf 81' lang='lat' dir='ltr'><strong>sed</strong></span> <span class='ocrx_word' id='word_1_607' title='bbox 1615 5744 1774 5785; x_wconf 88' lang='lat' dir='ltr'><strong>omne</strong></span> 
     </span>
    </p>
   </div>
   <div class='ocr_carea' id='block_1_87' title="bbox 180 5824 1768 5906">
    <p class='ocr_par' dir='ltr' id='par_1_87' title="bbox 180 5824 1768 5906">
     <span class='ocr_line' id='line_1_87' title="bbox 180 5824 1768 5906; baseline -0.009 -14"><span class='ocrx_word' id='word_1_608' title='bbox 180 5835 340 5906; x_wconf 84' lang='lat' dir='ltr'><strong>ipsius</strong></span> <span class='ocrx_word' id='word_1_609' title='bbox 370 5832 659 5893; x_wconf 72' lang='lat' dir='ltr'><strong>saeculum,</strong></span> <span class='ocrx_word' id='word_1_610' title='bbox 684 5845 804 5883; x_wconf 85' lang='lat' dir='ltr'><strong>cum</strong></span> <span class='ocrx_word' id='word_1_611' title='bbox 827 5828 1097 5881; x_wconf 81' lang='lat' dir='ltr'><strong>universis</strong></span> <span class='ocrx_word' id='word_1_612' title='bbox 1114 5824 1464 5893; x_wconf 85' lang='lat' dir='ltr'><strong>sequentibus</strong></span> <span class='ocrx_word' id='word_1_613' title='bbox 1486 5824 1768 5892; x_wconf 88' lang='lat' dir='ltr'><strong>adjuverit.</strong></span> 
     </span>
    </p>
   </div>
   <div class='ocr_carea' id='block_1_88' title="bbox 183 5913 1770 5987">
    <p class='ocr_par' dir='ltr' id='par_1_88' title="bbox 183 5913 1770 5987">
     <span class='ocr_line' id='line_1_88' title="bbox 183 5913 1770 5987; baseline -0.01 0"><span class='ocrx_word' id='word_1_614' title='bbox 183 5933 257 5987; x_wconf 76' lang='lat' dir='ltr'><strong>Ad</strong></span> <span class='ocrx_word' id='word_1_615' title='bbox 280 5929 424 5987; x_wconf 84' lang='lat' dir='ltr'><strong>hunc</strong></span> <span class='ocrx_word' id='word_1_616' title='bbox 444 5928 593 5985; x_wconf 89' lang='lat' dir='ltr'><strong>enim</strong></span> <span class='ocrx_word' id='word_1_617' title='bbox 618 5922 993 5985; x_wconf 79' lang='lat' dir='ltr'><strong>Fortunatum,</strong></span> <span class='ocrx_word' id='word_1_618' title='bbox 1015 5917 1226 5975; x_wconf 85' lang='lat' dir='ltr'><strong>velutad</strong></span> <span class='ocrx_word' id='word_1_619' title='bbox 1247 5913 1563 5987; x_wconf 87' lang='lat' dir='ltr'><strong>Calliopium</strong></span> <span class='ocrx_word' id='word_1_620' title='bbox 1586 5931 1770 5987; x_wconf 85' lang='lat' dir='ltr'><strong>quem-</strong></span> 
     </span>
    </p>
   </div>
   <div class='ocr_carea' id='block_1_89' title="bbox 1881 3370 3467 3436">
    <p class='ocr_par' dir='ltr' id='par_1_89' title="bbox 1881 3370 3467 3436">
     <span class='ocr_line' id='line_1_89' title="bbox 1881 3370 3467 3436; baseline -0.003 -7"><span class='ocrx_word' id='word_1_621' title='bbox 1881 3387 2001 3429; x_wconf 92' lang='lat' dir='ltr'><strong>cum</strong></span> <span class='ocrx_word' id='word_1_622' title='bbox 2033 3373 2083 3427; x_wconf 90' lang='lat' dir='ltr'><strong>in</strong></span> <span class='ocrx_word' id='word_1_623' title='bbox 2116 3371 2329 3428; x_wconf 86' lang='lat' dir='ltr'><strong>assidua</strong></span> <span class='ocrx_word' id='word_1_624' title='bbox 2378 3372 2517 3426; x_wconf 91' lang='lat' dir='ltr'><strong>sacri</strong></span> <span class='ocrx_word' id='word_1_625' title='bbox 2569 3373 2809 3426; x_wconf 89' lang='lat' dir='ltr'><strong>muneris</strong></span> <span class='ocrx_word' id='word_1_626' title='bbox 2845 3371 3214 3436; x_wconf 80' lang='lat' dir='ltr'><strong>exsecutione,</strong></span> <span class='ocrx_word' id='word_1_627' title='bbox 3253 3380 3362 3424; x_wconf 87' lang='lat' dir='ltr'><strong>tum</strong></span> <span class='ocrx_word' id='word_1_628' title='bbox 3412 3370 3467 3425; x_wconf 92' lang='lat' dir='ltr'><strong>in</strong></span> 
     </span>
    </p>
   </div>
   <div class='ocr_carea' id='block_1_90' title="bbox 1874 3463 3461 3533">
    <p class='ocr_par' dir='ltr' id='par_1_90' title="bbox 1874 3463 3461 3533">
     <span class='ocr_line' id='line_1_90' title="bbox 1874 3463 3461 3533; baseline -0.003 -14"><span class='ocrx_word' id='word_1_629' title='bbox 1874 3463 2198 3519; x_wconf 72' lang='lat' dir='ltr'><strong>Christiana:</strong></span> <span class='ocrx_word' id='word_1_630' title='bbox 2245 3464 2522 3529; x_wconf 55' lang='lat' dir='ltr'><strong>sapientia</strong></span> <span class='ocrx_word' id='word_1_631' title='bbox 2570 3463 2714 3517; x_wconf 90' lang='lat' dir='ltr'><strong>cultu</strong></span> <span class='ocrx_word' id='word_1_632' title='bbox 2771 3472 2826 3517; x_wconf 91' lang='lat' dir='ltr'><strong>et</strong></span> <span class='ocrx_word' id='word_1_633' title='bbox 2856 3463 3191 3533; x_wconf 86' lang='lat' dir='ltr'><strong>egregiorum</strong></span> <span class='ocrx_word' id='word_1_634' title='bbox 3238 3477 3461 3532; x_wconf 89' lang='lat' dir='ltr'><strong>operum</strong></span> 
     </span>
    </p>
   </div>
   <div class='ocr_carea' id='block_1_91' title="bbox 1875 3554 3465 3621">
    <p class='ocr_par' dir='ltr' id='par_1_91' title="bbox 1875 3554 3465 3621">
     <span class='ocr_line' id='line_1_91' title="bbox 1875 3554 3465 3621; baseline -0.003 -10"><span class='ocrx_word' id='word_1_635' title='bbox 1875 3556 2187 3612; x_wconf 81' lang='lat' dir='ltr'><strong>exaratione</strong></span> <span class='ocrx_word' id='word_1_636' title='bbox 2236 3555 2422 3621; x_wconf 86' lang='lat' dir='ltr'><strong>subiit,</strong></span> <span class='ocrx_word' id='word_1_637' title='bbox 2468 3555 2573 3609; x_wconf 89' lang='lat' dir='ltr'><strong>fine</strong></span> <span class='ocrx_word' id='word_1_638' title='bbox 2627 3554 2781 3609; x_wconf 76' lang='lat' dir='ltr'><strong>beitn</strong></span> <span class='ocrx_word' id='word_1_639' title='bbox 2832 3565 3261 3619; x_wconf 87' lang='lat' dir='ltr'><strong>consummatur,</strong></span> <span class='ocrx_word' id='word_1_640' title='bbox 3304 3564 3465 3621; x_wconf 89' lang='lat' dir='ltr'><strong>atque</strong></span> 
     </span>
    </p>
   </div>
   <div class='ocr_carea' id='block_1_92' title="bbox 1875 3646 3467 3718">
    <p class='ocr_par' dir='ltr' id='par_1_92' title="bbox 1875 3646 3467 3718">
     <span class='ocr_line' id='line_1_92' title="bbox 1875 3646 3467 3718; baseline -0.003 -14"><span class='ocrx_word' id='word_1_641' title='bbox 1875 3650 1943 3704; x_wconf 91' lang='lat' dir='ltr'><strong>ad</strong></span> <span class='ocrx_word' id='word_1_642' title='bbox 1972 3650 2208 3704; x_wconf 85' lang='lat' dir='ltr'><strong>lauream</strong></span> <span class='ocrx_word' id='word_1_643' title='bbox 2252 3648 2531 3704; x_wconf 73' lang='lat' dir='ltr'><strong>cmlestem</strong></span> <span class='ocrx_word' id='word_1_644' title='bbox 2587 3646 2961 3718; x_wconf 83' lang='lat' dir='ltr'><strong>progreditur,</strong></span> <span class='ocrx_word' id='word_1_645' title='bbox 3005 3647 3073 3700; x_wconf 88' lang='lat' dir='ltr'><strong>ab</strong></span> <span class='ocrx_word' id='word_1_646' title='bbox 3123 3646 3311 3700; x_wconf 85' lang='lat' dir='ltr'><strong>amicis</strong></span> <span class='ocrx_word' id='word_1_647' title='bbox 3362 3646 3467 3699; x_wconf 91' lang='lat' dir='ltr'><strong>illis</strong></span> 
     </span>
    </p>
   </div>
   <div class='ocr_carea' id='block_1_93' title="bbox 1874 3737 3463 3811">
    <p class='ocr_par' dir='ltr' id='par_1_93' title="bbox 1874 3737 3463 3811">
     <span class='ocr_line' id='line_1_93' title="bbox 1874 3737 3463 3811; baseline -0.004 -12"><span class='ocrx_word' id='word_1_648' title='bbox 1874 3754 2075 3800; x_wconf 67' lang='lat' dir='ltr'><strong>interna</strong></span> <span class='ocrx_word' id='word_1_649' title='bbox 2109 3743 2161 3797; x_wconf 93' lang='lat' dir='ltr'><strong>in</strong></span> <span class='ocrx_word' id='word_1_650' title='bbox 2195 3741 2539 3798; x_wconf 88' lang='lat' dir='ltr'><strong>tabernacula</strong></span> <span class='ocrx_word' id='word_1_651' title='bbox 2572 3740 2925 3811; x_wconf 80' lang='lat' dir='ltr'><strong>excipiendus</strong></span> <span class='ocrx_word' id='word_1_652' title='bbox 2953 3754 3091 3811; x_wconf 89' lang='lat' dir='ltr'><strong>quos</strong></span> <span class='ocrx_word' id='word_1_653' title='bbox 3129 3738 3232 3794; x_wconf 90' lang='lat' dir='ltr'><strong>sibi</strong></span> <span class='ocrx_word' id='word_1_654' title='bbox 3256 3755 3364 3792; x_wconf 87' lang='lat' dir='ltr'><strong>non</strong></span> <span class='ocrx_word' id='word_1_655' title='bbox 3395 3737 3463 3793; x_wconf 86' lang='lat' dir='ltr'><strong>de</strong></span> 
     </span>
    </p>
   </div>
   <div class='ocr_carea' id='block_1_94' title="bbox 1875 3834 3466 3907">
    <p class='ocr_par' dir='ltr' id='par_1_94' title="bbox 1875 3834 3466 3907">
     <span class='ocr_line' id='line_1_94' title="bbox 1875 3834 3466 3907; baseline -0.006 -12"><span class='ocrx_word' id='word_1_656' title='bbox 1875 3838 2174 3907; x_wconf 89' lang='lat' dir='ltr'><strong>iniquitatis</strong></span> <span class='ocrx_word' id='word_1_657' title='bbox 2217 3852 2546 3901; x_wconf 87' lang='lat' dir='ltr'><strong>mammona,</strong></span> <span class='ocrx_word' id='word_1_658' title='bbox 2582 3834 2678 3890; x_wconf 90' lang='lat' dir='ltr'><strong>sed</strong></span> <span class='ocrx_word' id='word_1_659' title='bbox 2710 3850 2780 3890; x_wconf 78' lang='lat' dir='ltr'><strong>ex</strong></span> <span class='ocrx_word' id='word_1_660' title='bbox 2826 3834 2963 3888; x_wconf 87' lang='lat' dir='ltr'><strong>doni&#39;</strong></span> <span class='ocrx_word' id='word_1_661' title='bbox 3004 3834 3242 3888; x_wconf 64' lang='lat' dir='ltr'><strong>scientiae</strong></span> <span class='ocrx_word' id='word_1_662' title='bbox 3294 3848 3466 3901; x_wconf 89' lang='lat' dir='ltr'><strong>penu,</strong></span> 
     </span>
    </p>
   </div>
   <div class='ocr_carea' id='block_1_95' title="bbox 1874 3924 3463 4001">
    <p class='ocr_par' dir='ltr' id='par_1_95' title="bbox 1874 3924 3463 4001">
     <span class='ocr_line' id='line_1_95' title="bbox 1874 3924 3463 4001; baseline -0.006 -16"><span class='ocrx_word' id='word_1_663' title='bbox 1874 3932 2172 4001; x_wconf 56' lang='lat' dir='ltr'><strong>gratiaque</strong></span> <span class='ocrx_word' id='word_1_664' title='bbox 2194 3945 2256 3983; x_wconf 93' lang='lat' dir='ltr'><strong>ac</strong></span> <span class='ocrx_word' id='word_1_665' title='bbox 2281 3929 2493 3999; x_wconf 88' lang='lat' dir='ltr'><strong>pietatis</strong></span> <span class='ocrx_word' id='word_1_666' title='bbox 2512 3927 2699 3982; x_wconf 89' lang='lat' dir='ltr'><strong>fenore</strong></span> <span class='ocrx_word' id='word_1_667' title='bbox 2727 3927 3029 3997; x_wconf 76' lang='lat' dir='ltr'><strong>iustissimo</strong></span> <span class='ocrx_word' id='word_1_668' title='bbox 3066 3924 3463 3994; x_wconf 85' lang='lat' dir='ltr'><strong>comparavit...</strong></span> 
     </span>
    </p>
   </div>
   <div class='ocr_carea' id='block_1_96' title="bbox 1878 4016 3470 4091">
    <p class='ocr_par' dir='ltr' id='par_1_96' title="bbox 1878 4016 3470 4091">
     <span class='ocr_line' id='line_1_96' title="bbox 1878 4016 3470 4091; baseline -0.006 -14"><span class='ocrx_word' id='word_1_669' title='bbox 1878 4037 1985 4091; x_wconf 89' lang='lat' dir='ltr'><strong>quo</strong></span> <span class='ocrx_word' id='word_1_670' title='bbox 2019 4021 2172 4076; x_wconf 92' lang='lat' dir='ltr'><strong>titulo</strong></span> <span class='ocrx_word' id='word_1_671' title='bbox 2202 4021 2387 4085; x_wconf 80' lang='lat' dir='ltr'><strong>sancti,</strong></span> <span class='ocrx_word' id='word_1_672' title='bbox 2420 4030 2477 4075; x_wconf 91' lang='lat' dir='ltr'><strong>et</strong></span> <span class='ocrx_word' id='word_1_673' title='bbox 2507 4021 2549 4074; x_wconf 89' lang='lat' dir='ltr'><strong>si</strong></span> <span class='ocrx_word' id='word_1_674' title='bbox 2586 4018 2809 4074; x_wconf 88' lang='lat' dir='ltr'><strong>minime</strong></span> <span class='ocrx_word' id='word_1_675' title='bbox 2840 4028 3154 4074; x_wconf 87' lang='lat' dir='ltr'><strong>recensetur</strong></span> <span class='ocrx_word' id='word_1_676' title='bbox 3184 4017 3236 4071; x_wconf 92' lang='lat' dir='ltr'><strong>in</strong></span> <span class='ocrx_word' id='word_1_677' title='bbox 3273 4016 3470 4086; x_wconf 80' lang='lat' dir='ltr'><strong>ﬂagic-</strong></span> 
     </span>
    </p>
   </div>
   <div class='ocr_carea' id='block_1_97' title="bbox 1878 4109 3466 4185">
    <p class='ocr_par' dir='ltr' id='par_1_97' title="bbox 1878 4109 3466 4185">
     <span class='ocr_line' id='line_1_97' title="bbox 1878 4109 3466 4185; baseline -0.004 -16"><span class='ocrx_word' id='word_1_678' title='bbox 1878 4113 2020 4185; x_wconf 84' lang='lat' dir='ltr'><strong>logio</strong></span> <span class='ocrx_word' id='word_1_679' title='bbox 2053 4114 2311 4168; x_wconf 64' lang='lat' dir='ltr'><strong>Romanae</strong></span> <span class='ocrx_word' id='word_1_680' title='bbox 2343 4112 2619 4174; x_wconf 65' lang='lat' dir='ltr'><strong>Ecclesiw,</strong></span> <span class='ocrx_word' id='word_1_681' title='bbox 2652 4113 2846 4166; x_wconf 86' lang='lat' dir='ltr'><strong>merito</strong></span> <span class='ocrx_word' id='word_1_682' title='bbox 2878 4120 3053 4165; x_wconf 82' lang='lat' dir='ltr'><strong>tamen</strong></span> <span class='ocrx_word' id='word_1_683' title='bbox 3101 4110 3298 4163; x_wconf 89' lang='lat' dir='ltr'><strong>dudum</strong></span> <span class='ocrx_word' id='word_1_684' title='bbox 3327 4109 3466 4163; x_wconf 87' lang='lat' dir='ltr'><strong>inter</strong></span> 
     </span>
    </p>
   </div>
   <div class='ocr_carea' id='block_1_98' title="bbox 1878 4203 3465 4268">
    <p class='ocr_par' dir='ltr' id='par_1_98' title="bbox 1878 4203 3465 4268">
     <span class='ocr_line' id='line_1_98' title="bbox 1878 4203 3465 4268; baseline -0.004 -8"><span class='ocrx_word' id='word_1_685' title='bbox 1878 4217 2095 4262; x_wconf 87' lang='lat' dir='ltr'><strong>sanctos</strong></span> <span class='ocrx_word' id='word_1_686' title='bbox 2122 4218 2572 4268; x_wconf 87' lang='lat' dir='ltr'><strong>connumeratum</strong></span> <span class='ocrx_word' id='word_1_687' title='bbox 2600 4204 2939 4260; x_wconf 84' lang='lat' dir='ltr'><strong>solertissimi</strong></span> <span class='ocrx_word' id='word_1_688' title='bbox 2967 4213 3273 4258; x_wconf 87' lang='lat' dir='ltr'><strong>sanctorum</strong></span> <span class='ocrx_word' id='word_1_689' title='bbox 3317 4203 3465 4255; x_wconf 84' lang='lat' dir='ltr'><strong>inda-</strong></span> 
     </span>
    </p>
   </div>
   <div class='ocr_carea' id='block_1_99' title="bbox 1874 4296 3462 4370">
    <p class='ocr_par' dir='ltr' id='par_1_99' title="bbox 1874 4296 3462 4370">
     <span class='ocr_line' id='line_1_99' title="bbox 1874 4296 3462 4370; baseline -0.003 -16"><span class='ocrx_word' id='word_1_690' title='bbox 1874 4308 2089 4370; x_wconf 79' lang='lat' dir='ltr'><strong>gatores</strong></span> <span class='ocrx_word' id='word_1_691' title='bbox 2116 4308 2400 4355; x_wconf 86' lang='lat' dir='ltr'><strong>testantur.</strong></span> <span class='ocrx_word' id='word_1_692' title='bbox 2428 4300 2493 4354; x_wconf 79' lang='lat' dir='ltr'><strong>Et</strong></span> <span class='ocrx_word' id='word_1_693' title='bbox 2516 4314 2701 4353; x_wconf 86' lang='lat' dir='ltr'><strong>revera</strong></span> <span class='ocrx_word' id='word_1_694' title='bbox 2737 4298 2937 4365; x_wconf 88' lang='lat' dir='ltr'><strong>pridem</strong></span> <span class='ocrx_word' id='word_1_695' title='bbox 2969 4297 3020 4351; x_wconf 92' lang='lat' dir='ltr'><strong>in</strong></span> <span class='ocrx_word' id='word_1_696' title='bbox 3053 4296 3334 4366; x_wconf 80' lang='lat' dir='ltr'><strong>Aquitania</strong></span> <span class='ocrx_word' id='word_1_697' title='bbox 3364 4297 3462 4350; x_wconf 89' lang='lat' dir='ltr'><strong>ho-</strong></span> 
     </span>
    </p>
   </div>
   <div class='ocr_carea' id='block_1_100' title="bbox 1876 4388 3431 4461">
    <p class='ocr_par' dir='ltr' id='par_1_100' title="bbox 1876 4388 3431 4461">
     <span class='ocr_line' id='line_1_100' title="bbox 1876 4388 3431 4461; baseline -0.005 -14"><span class='ocrx_word' id='word_1_698' title='bbox 1876 4392 2099 4447; x_wconf 87' lang='lat' dir='ltr'><strong>noribus</strong></span> <span class='ocrx_word' id='word_1_699' title='bbox 2122 4392 2322 4447; x_wconf 88' lang='lat' dir='ltr'><strong>sanctis</strong></span> <span class='ocrx_word' id='word_1_700' title='bbox 2354 4392 2443 4461; x_wconf 87' lang='lat' dir='ltr'><strong>qui</strong></span> <span class='ocrx_word' id='word_1_701' title='bbox 2475 4391 2645 4446; x_wconf 88' lang='lat' dir='ltr'><strong>beatis</strong></span> <span class='ocrx_word' id='word_1_702' title='bbox 2669 4390 2984 4445; x_wconf 82' lang='lat' dir='ltr'><strong>deferuntur</strong></span> <span class='ocrx_word' id='word_1_703' title='bbox 3008 4388 3307 4443; x_wconf 84' lang='lat' dir='ltr'><strong>celebratus</strong></span> <span class='ocrx_word' id='word_1_704' title='bbox 3333 4398 3431 4441; x_wconf 91' lang='lat' dir='ltr'><strong>est.</strong></span> 
     </span>
    </p>
   </div>
   <div class='ocr_carea' id='block_1_101' title="bbox 2372 4504 2970 4573">
    <p class='ocr_par' dir='ltr' id='par_1_101' title="bbox 2372 4504 2970 4573">
     <span class='ocr_line' id='line_1_101' title="bbox 2372 4504 2970 4573; baseline -0.012 -9"><span class='ocrx_word' id='word_1_705' title='bbox 2372 4508 2621 4573; x_wconf 82' lang='lat' dir='ltr'><strong>Cointius,</strong></span> <span class='ocrx_word' id='word_1_706' title='bbox 2645 4507 2713 4560; x_wconf 85' lang='lat' dir='ltr'><strong>ad</strong></span> <span class='ocrx_word' id='word_1_707' title='bbox 2738 4524 2825 4560; x_wconf 91' lang='lat' dir='ltr'><strong>an.</strong></span> <span class='ocrx_word' id='word_1_708' title='bbox 2850 4504 2970 4558; x_wconf 72' lang='lat'><strong>591).</strong></span> 
     </span>
    </p>
   </div>
   <div class='ocr_carea' id='block_1_102' title="bbox 1805 4600 3469 4697">
    <p class='ocr_par' dir='ltr' id='par_1_102' title="bbox 1805 4600 3469 4697">
     <span class='ocr_line' id='line_1_102' title="bbox 1805 4600 3469 4697; baseline -0.007 -33"><span class='ocrx_word' id='word_1_709' title='bbox 1805 4636 1859 4697; x_wconf 82' lang='lat' dir='ltr'><strong>D</strong></span> <span class='ocrx_word' id='word_1_710' title='bbox 1955 4608 2279 4664; x_wconf 84' lang='lat' dir='ltr'><strong>Fortunatus</strong></span> <span class='ocrx_word' id='word_1_711' title='bbox 2306 4614 2364 4660; x_wconf 90' lang='lat' dir='ltr'><strong>ut</strong></span> <span class='ocrx_word' id='word_1_712' title='bbox 2394 4604 2716 4669; x_wconf 82' lang='lat' dir='ltr'><strong>eruditione,</strong></span> <span class='ocrx_word' id='word_1_713' title='bbox 2761 4604 2828 4655; x_wconf 88' lang='lat' dir='ltr'><strong>ita</strong></span> <span class='ocrx_word' id='word_1_714' title='bbox 2861 4603 3055 4669; x_wconf 85' lang='lat' dir='ltr'><strong>pietate</strong></span> <span class='ocrx_word' id='word_1_715' title='bbox 3086 4602 3302 4655; x_wconf 86' lang='lat' dir='ltr'><strong>emicuit</strong></span> <span class='ocrx_word' id='word_1_716' title='bbox 3324 4639 3339 4665; x_wconf 92' lang='lat'><strong>,</strong></span> <span class='ocrx_word' id='word_1_717' title='bbox 3388 4600 3469 4653; x_wconf 87' lang='lat' dir='ltr'><strong>itt-</strong></span> 
     </span>
    </p>
   </div>
   <div class='ocr_carea' id='block_1_103' title="bbox 1881 4693 3463 4771">
    <p class='ocr_par' dir='ltr' id='par_1_103' title="bbox 1881 4693 3463 4771">
     <span class='ocr_line' id='line_1_103' title="bbox 1881 4693 3463 4771; baseline -0.009 -12"><span class='ocrx_word' id='word_1_718' title='bbox 1881 4711 2211 4771; x_wconf 83' lang='lat' dir='ltr'><strong>vocaturque</strong></span> <span class='ocrx_word' id='word_1_719' title='bbox 2244 4702 2293 4753; x_wconf 90' lang='lat' dir='ltr'><strong>in</strong></span> <span class='ocrx_word' id='word_1_720' title='bbox 2327 4698 2523 4753; x_wconf 88' lang='lat' dir='ltr'><strong>litaniis</strong></span> <span class='ocrx_word' id='word_1_721' title='bbox 2557 4696 2867 4751; x_wconf 84' lang='lat' dir='ltr'><strong>monasterii</strong></span> <span class='ocrx_word' id='word_1_722' title='bbox 2899 4694 3065 4748; x_wconf 87' lang='lat' dir='ltr'><strong>sancti</strong></span> <span class='ocrx_word' id='word_1_723' title='bbox 3090 4693 3341 4763; x_wconf 76' lang='lat' dir='ltr'><strong>Cypriani</strong></span> <span class='ocrx_word' id='word_1_724' title='bbox 3368 4708 3463 4745; x_wconf 76' lang='lat' dir='ltr'><strong>ex-</strong></span> 
     </span>
    </p>
   </div>
   <div class='ocr_carea' id='block_1_104' title="bbox 1881 4784 3464 4855">
    <p class='ocr_par' dir='ltr' id='par_1_104' title="bbox 1881 4784 3464 4855">
     <span class='ocr_line' id='line_1_104' title="bbox 1881 4784 3464 4855; baseline -0.008 -2"><span class='ocrx_word' id='word_1_725' title='bbox 1881 4811 1960 4853; x_wconf 83' lang='lat' dir='ltr'><strong>tra</strong></span> <span class='ocrx_word' id='word_1_726' title='bbox 1988 4814 2170 4855; x_wconf 86' lang='lat' dir='ltr'><strong>muros</strong></span> <span class='ocrx_word' id='word_1_727' title='bbox 2198 4795 2580 4855; x_wconf 83' lang='lat' dir='ltr'><strong>Pictavienses,</strong></span> <span class='ocrx_word' id='word_1_728' title='bbox 2619 4801 2673 4842; x_wconf 90' lang='lat' dir='ltr'><strong>ut</strong></span> <span class='ocrx_word' id='word_1_729' title='bbox 2703 4805 2772 4844; x_wconf 81' lang='lat' dir='ltr'><strong>ex</strong></span> <span class='ocrx_word' id='word_1_730' title='bbox 2800 4788 2969 4843; x_wconf 87' lang='lat' dir='ltr'><strong>sacris</strong></span> <span class='ocrx_word' id='word_1_731' title='bbox 3003 4787 3257 4841; x_wconf 75' lang='lat' dir='ltr'><strong>Ecclesia:</strong></span> <span class='ocrx_word' id='word_1_732' title='bbox 3288 4784 3464 4840; x_wconf 86' lang='lat' dir='ltr'><strong>Picta-</strong></span> 
     </span>
    </p>
   </div>
   <div class='ocr_carea' id='block_1_105' title="bbox 1879 4879 3464 4947">
    <p class='ocr_par' dir='ltr' id='par_1_105' title="bbox 1879 4879 3464 4947">
     <span class='ocr_line' id='line_1_105' title="bbox 1879 4879 3464 4947; baseline -0.009 -1"><span class='ocrx_word' id='word_1_733' title='bbox 1879 4892 2079 4947; x_wconf 88' lang='lat' dir='ltr'><strong>viensis</strong></span> <span class='ocrx_word' id='word_1_734' title='bbox 2135 4889 2497 4944; x_wconf 83' lang='lat' dir='ltr'><strong>monumentis</strong></span> <span class='ocrx_word' id='word_1_735' title='bbox 2556 4885 2721 4940; x_wconf 88' lang='lat' dir='ltr'><strong>refert</strong></span> <span class='ocrx_word' id='word_1_736' title='bbox 2764 4882 3007 4938; x_wconf 83' lang='lat' dir='ltr'><strong>Andreas</strong></span> <span class='ocrx_word' id='word_1_737' title='bbox 3066 4879 3347 4937; x_wconf 82' lang='lat' dir='ltr'><strong>Suassaius</strong></span> <span class='ocrx_word' id='word_1_738' title='bbox 3400 4881 3464 4933; x_wconf 87' lang='lat' dir='ltr'><strong>ad</strong></span> 
     </span>
    </p>
   </div>
   <div class='ocr_carea' id='block_1_106' title="bbox 1879 4978 2487 5052">
    <p class='ocr_par' dir='ltr' id='par_1_106' title="bbox 1879 4978 2487 5052">
     <span class='ocr_line' id='line_1_106' title="bbox 1879 4978 2487 5052; baseline -0.018 -11"><span class='ocrx_word' id='word_1_739' title='bbox 1879 4986 2080 5042; x_wconf 88' lang='lat' dir='ltr'><strong>calcem</strong></span> <span class='ocrx_word' id='word_1_740' title='bbox 2106 4983 2325 5052; x_wconf 83' lang='lat' dir='ltr'><strong>Martyr.</strong></span> <span class='ocrx_word' id='word_1_741' title='bbox 2354 4978 2487 5033; x_wconf 80' lang='lat' dir='ltr'><strong>Gali.</strong></span> 
     </span>
    </p>
   </div>
   <div class='ocr_carea' id='block_1_107' title="bbox 1880 5110 3463 5192">
    <p class='ocr_par' dir='ltr' id='par_1_107' title="bbox 1880 5110 3463 5192">
     <span class='ocr_line' id='line_1_107' title="bbox 1880 5110 3463 5192; baseline -0.007 -15"><span class='ocrx_word' id='word_1_742' title='bbox 1880 5122 2158 5192; x_wconf 86' lang='lat' dir='ltr'><strong>Dupinius,</strong></span> <span class='ocrx_word' id='word_1_743' title='bbox 2201 5136 2251 5172; x_wconf 84' lang='lat' dir='ltr'><strong>tu</strong></span> <span class='ocrx_word' id='word_1_744' title='bbox 2285 5132 2411 5171; x_wconf 83' lang='lat' dir='ltr'><strong>ttova</strong></span> <span class='ocrx_word' id='word_1_745' title='bbox 2443 5111 2767 5168; x_wconf 70' lang='lat' dir='ltr'><strong>Biblimhrca</strong></span> <span class='ocrx_word' id='word_1_746' title='bbox 2801 5120 3070 5166; x_wconf 78' lang='lat' dir='ltr'><strong>auctorum</strong></span> <span class='ocrx_word' id='word_1_747' title='bbox 3101 5112 3251 5179; x_wconf 84' lang='lat' dir='ltr'><strong>eccl.,</strong></span> <span class='ocrx_word' id='word_1_748' title='bbox 3305 5120 3342 5163; x_wconf 91' lang='lat' dir='ltr'><strong>t.</strong></span> <span class='ocrx_word' id='word_1_749' title='bbox 3398 5110 3463 5166; x_wconf 89' lang='lat' dir='ltr'><strong>V.</strong></span> 
     </span>
    </p>
   </div>
   <div class='ocr_carea' id='block_1_108' title="bbox 1950 5251 3467 5327">
    <p class='ocr_par' dir='ltr' id='par_1_108' title="bbox 1950 5251 3467 5327">
     <span class='ocr_line' id='line_1_108' title="bbox 1950 5251 3467 5327; baseline -0.007 -11"><span class='ocrx_word' id='word_1_750' title='bbox 1950 5260 2264 5316; x_wconf 82' lang='lat' dir='ltr'><strong>Fortunata</strong></span> <span class='ocrx_word' id='word_1_751' title='bbox 2298 5256 2454 5327; x_wconf 70' lang='lat' dir='ltr'><strong>posse</strong></span> <span class='ocrx_word' id='word_1_752' title='bbox 2491 5271 2556 5309; x_wconf 79' lang='lat' dir='ltr'><strong>cn</strong></span> <span class='ocrx_word' id='word_1_753' title='bbox 2598 5270 2695 5309; x_wconf 91' lang='lat' dir='ltr'><strong>son</strong></span> <span class='ocrx_word' id='word_1_754' title='bbox 2719 5266 2891 5322; x_wconf 87' lang='lat' dir='ltr'><strong>temps</strong></span> <span class='ocrx_word' id='word_1_755' title='bbox 2934 5266 3069 5321; x_wconf 87' lang='lat' dir='ltr'><strong>pour</strong></span> <span class='ocrx_word' id='word_1_756' title='bbox 3094 5266 3162 5304; x_wconf 91' lang='lat' dir='ltr'><strong>un</strong></span> <span class='ocrx_word' id='word_1_757' title='bbox 3205 5251 3467 5306; x_wconf 79' lang='lat' dir='ltr'><strong>excellent</strong></span> 
     </span>
    </p>
   </div>
   <div class='ocr_carea' id='block_1_109' title="bbox 1878 5346 3455 5419">
    <p class='ocr_par' dir='ltr' id='par_1_109' title="bbox 1878 5346 3455 5419">
     <span class='ocr_line' id='line_1_109' title="bbox 1878 5346 3455 5419; baseline -0.006 -9"><span class='ocrx_word' id='word_1_758' title='bbox 1878 5356 2109 5410; x_wconf 89' lang='lat' dir='ltr'><strong>Orateur</strong></span> <span class='ocrx_word' id='word_1_759' title='bbox 2137 5362 2191 5408; x_wconf 91' lang='lat' dir='ltr'><strong>et</strong></span> <span class='ocrx_word' id='word_1_760' title='bbox 2219 5367 2354 5419; x_wconf 91' lang='lat' dir='ltr'><strong>pour</strong></span> <span class='ocrx_word' id='word_1_761' title='bbox 2381 5367 2451 5404; x_wconf 90' lang='lat' dir='ltr'><strong>nn</strong></span> <span class='ocrx_word' id='word_1_762' title='bbox 2486 5350 2589 5403; x_wconf 90' lang='lat' dir='ltr'><strong>bon</strong></span> <span class='ocrx_word' id='word_1_763' title='bbox 2625 5350 2785 5403; x_wconf 85' lang='lat' dir='ltr'><strong>Poete</strong></span> <span class='ocrx_word' id='word_1_764' title='bbox 2815 5366 2825 5400; x_wconf 89' lang='lat'>:</span> <span class='ocrx_word' id='word_1_765' title='bbox 2857 5358 2909 5402; x_wconf 92' lang='lat' dir='ltr'><strong>et</strong></span> <span class='ocrx_word' id='word_1_766' title='bbox 2940 5362 3001 5400; x_wconf 92' lang='lat' dir='ltr'><strong>ce</strong></span> <span class='ocrx_word' id='word_1_767' title='bbox 3041 5346 3178 5400; x_wconf 88' lang='lat' dir='ltr'><strong>n‘est</strong></span> <span class='ocrx_word' id='word_1_768' title='bbox 3210 5362 3304 5415; x_wconf 87' lang='lat' dir='ltr'><strong>pas</strong></span> <span class='ocrx_word' id='word_1_769' title='bbox 3330 5363 3455 5401; x_wconf 85' lang='lat' dir='ltr'><strong>sans</strong></span> 
     </span>
    </p>
   </div>
   <div class='ocr_carea' id='block_1_110' title="bbox 1884 5440 3466 5508">
    <p class='ocr_par' dir='ltr' id='par_1_110' title="bbox 1884 5440 3466 5508">
     <span class='ocr_line' id='line_1_110' title="bbox 1884 5440 3466 5508; baseline -0.008 -4"><span class='ocrx_word' id='word_1_770' title='bbox 1884 5450 2061 5504; x_wconf 90' lang='lat' dir='ltr'><strong>raison</strong></span> <span class='ocrx_word' id='word_1_771' title='bbox 2095 5465 2107 5500; x_wconf 91' lang='lat'>:</span> <span class='ocrx_word' id='word_1_772' title='bbox 2141 5460 2235 5501; x_wconf 90' lang='lat' dir='ltr'><strong>car</strong></span> <span class='ocrx_word' id='word_1_773' title='bbox 2270 5460 2374 5498; x_wconf 91' lang='lat' dir='ltr'><strong>non</strong></span> <span class='ocrx_word' id='word_1_774' title='bbox 2407 5444 2715 5498; x_wconf 75' lang='lat' dir='ltr'><strong>settlement</strong></span> <span class='ocrx_word' id='word_1_775' title='bbox 2748 5442 2778 5493; x_wconf 95' lang='lat' dir='ltr'><strong>il</strong></span> <span class='ocrx_word' id='word_1_776' title='bbox 2819 5454 3072 5508; x_wconf 87' lang='lat' dir='ltr'><strong>surpasse</strong></span> <span class='ocrx_word' id='word_1_777' title='bbox 3106 5451 3223 5493; x_wconf 87' lang='lat' dir='ltr'><strong>tuus</strong></span> <span class='ocrx_word' id='word_1_778' title='bbox 3264 5440 3340 5493; x_wconf 79' lang='lat' dir='ltr'><strong>les</strong></span> <span class='ocrx_word' id='word_1_779' title='bbox 3367 5453 3466 5492; x_wconf 87' lang='lat' dir='ltr'><strong>au-</strong></span> 
     </span>
    </p>
   </div>
   <div class='ocr_carea' id='block_1_111' title="bbox 1877 5531 3460 5602">
    <p class='ocr_par' dir='ltr' id='par_1_111' title="bbox 1877 5531 3460 5602">
     <span class='ocr_line' id='line_1_111' title="bbox 1877 5531 3460 5602; baseline -0.005 -6"><span class='ocrx_word' id='word_1_780' title='bbox 1877 5551 1988 5597; x_wconf 87' lang='lat' dir='ltr'><strong>tres</strong></span> <span class='ocrx_word' id='word_1_781' title='bbox 2020 5539 2208 5595; x_wconf 89' lang='lat' dir='ltr'><strong>Poetes</strong></span> <span class='ocrx_word' id='word_1_782' title='bbox 2234 5537 2302 5593; x_wconf 90' lang='lat' dir='ltr'><strong>de</strong></span> <span class='ocrx_word' id='word_1_783' title='bbox 2336 5551 2431 5591; x_wconf 90' lang='lat' dir='ltr'><strong>son</strong></span> <span class='ocrx_word' id='word_1_784' title='bbox 2464 5536 2630 5590; x_wconf 90' lang='lat' dir='ltr'><strong>siecle</strong></span> <span class='ocrx_word' id='word_1_785' title='bbox 2653 5579 2666 5602; x_wconf 93' lang='lat'><strong>,</strong></span> <span class='ocrx_word' id='word_1_786' title='bbox 2702 5534 2836 5587; x_wconf 89' lang='lat' dir='ltr'><strong>mais</strong></span> <span class='ocrx_word' id='word_1_787' title='bbox 2867 5532 2902 5586; x_wconf 91' lang='lat' dir='ltr'><strong>il</strong></span> <span class='ocrx_word' id='word_1_788' title='bbox 2934 5531 3205 5600; x_wconf 87' lang='lat' dir='ltr'><strong>apprnche</strong></span> <span class='ocrx_word' id='word_1_789' title='bbox 3229 5532 3293 5585; x_wconf 89' lang='lat' dir='ltr'><strong>de</strong></span> <span class='ocrx_word' id='word_1_790' title='bbox 3324 5548 3460 5587; x_wconf 81' lang='lat' dir='ltr'><strong>ceux</strong></span> 
     </span>
    </p>
   </div>
   <div class='ocr_carea' id='block_1_112' title="bbox 1876 5627 3463 5698">
    <p class='ocr_par' dir='ltr' id='par_1_112' title="bbox 1876 5627 3463 5698">
     <span class='ocr_line' id='line_1_112' title="bbox 1876 5627 3463 5698; baseline -0.006 -8"><span class='ocrx_word' id='word_1_791' title='bbox 1876 5636 2000 5690; x_wconf 87' lang='lat' dir='ltr'><strong>d&#39;un</strong></span> <span class='ocrx_word' id='word_1_792' title='bbox 2034 5632 2279 5687; x_wconf 91' lang='lat' dir='ltr'><strong>meilleur</strong></span> <span class='ocrx_word' id='word_1_793' title='bbox 2310 5646 2415 5685; x_wconf 90' lang='lat' dir='ltr'><strong>non</strong></span> <span class='ocrx_word' id='word_1_794' title='bbox 2449 5644 2541 5698; x_wconf 87' lang='lat' dir='ltr'><strong>pas</strong></span> <span class='ocrx_word' id='word_1_795' title='bbox 2584 5645 2612 5681; x_wconf 91' lang='lat' dir='ltr'><strong>a</strong></span> <span class='ocrx_word' id='word_1_796' title='bbox 2662 5629 2709 5683; x_wconf 84' lang='lat' dir='ltr'><strong>la</strong></span> <span class='ocrx_word' id='word_1_797' title='bbox 2744 5627 2911 5683; x_wconf 83' lang='lat' dir='ltr'><strong>verité</strong></span> <span class='ocrx_word' id='word_1_798' title='bbox 2940 5643 3032 5697; x_wconf 90' lang='lat' dir='ltr'><strong>par</strong></span> <span class='ocrx_word' id='word_1_799' title='bbox 3065 5628 3111 5680; x_wconf 93' lang='lat' dir='ltr'><strong>la</strong></span> <span class='ocrx_word' id='word_1_800' title='bbox 3153 5637 3337 5695; x_wconf 89' lang='lat' dir='ltr'><strong>purete</strong></span> <span class='ocrx_word' id='word_1_801' title='bbox 3368 5630 3463 5683; x_wconf 84' lang='lat' dir='ltr'><strong>des</strong></span> 
     </span>
    </p>
   </div>
   <div class='ocr_carea' id='block_1_113' title="bbox 1877 5720 3462 5795">
    <p class='ocr_par' dir='ltr' id='par_1_113' title="bbox 1877 5720 3462 5795">
     <span class='ocr_line' id='line_1_113' title="bbox 1877 5720 3462 5795; baseline -0.006 -11"><span class='ocrx_word' id='word_1_802' title='bbox 1877 5725 2236 5795; x_wconf 82' lang='lat' dir='ltr'><strong>expressions,</strong></span> <span class='ocrx_word' id='word_1_803' title='bbox 2266 5723 2318 5776; x_wconf 91' lang='lat' dir='ltr'><strong>ni</strong></span> <span class='ocrx_word' id='word_1_804' title='bbox 2351 5736 2443 5789; x_wconf 87' lang='lat' dir='ltr'><strong>par</strong></span> <span class='ocrx_word' id='word_1_805' title='bbox 2470 5722 2515 5775; x_wconf 90' lang='lat' dir='ltr'><strong>la</strong></span> <span class='ocrx_word' id='word_1_806' title='bbox 2548 5720 2741 5775; x_wconf 88' lang='lat' dir='ltr'><strong>heaute</strong></span> <span class='ocrx_word' id='word_1_807' title='bbox 2770 5720 2863 5774; x_wconf 91' lang='lat' dir='ltr'><strong>des</strong></span> <span class='ocrx_word' id='word_1_808' title='bbox 2913 5736 3053 5785; x_wconf 86' lang='lat' dir='ltr'><strong>vers,</strong></span> <span class='ocrx_word' id='word_1_809' title='bbox 3099 5720 3233 5775; x_wconf 89' lang='lat' dir='ltr'><strong>mais</strong></span> <span class='ocrx_word' id='word_1_810' title='bbox 3279 5735 3373 5790; x_wconf 87' lang='lat' dir='ltr'><strong>par</strong></span> <span class='ocrx_word' id='word_1_811' title='bbox 3414 5722 3462 5775; x_wconf 89' lang='lat' dir='ltr'><strong>le</strong></span> 
     </span>
    </p>
   </div>
   <div class='ocr_carea' id='block_1_114' title="bbox 1886 5814 3458 5888">
    <p class='ocr_par' dir='ltr' id='par_1_114' title="bbox 1886 5814 3458 5888">
     <span class='ocr_line' id='line_1_114' title="bbox 1886 5814 3458 5888; baseline -0.002 -13"><span class='ocrx_word' id='word_1_812' title='bbox 1886 5832 2006 5875; x_wconf 86' lang='lat' dir='ltr'><strong>tour</strong></span> <span class='ocrx_word' id='word_1_813' title='bbox 2064 5820 2331 5888; x_wconf 87' lang='lat' dir='ltr'><strong>poetique,</strong></span> <span class='ocrx_word' id='word_1_814' title='bbox 2379 5824 2433 5871; x_wconf 91' lang='lat' dir='ltr'><strong>et</strong></span> <span class='ocrx_word' id='word_1_815' title='bbox 2482 5817 2527 5867; x_wconf 88' lang='lat' dir='ltr'><strong>la</strong></span> <span class='ocrx_word' id='word_1_816' title='bbox 2579 5814 2777 5872; x_wconf 78' lang='lat' dir='ltr'><strong>facilite</strong></span> <span class='ocrx_word' id='word_1_817' title='bbox 2823 5816 3199 5875; x_wconf 84' lang='lat' dir='ltr'><strong>merveilleuse</strong></span> <span class='ocrx_word' id='word_1_818' title='bbox 3229 5831 3358 5872; x_wconf 87' lang='lat' dir='ltr'><strong>avec</strong></span> <span class='ocrx_word' id='word_1_819' title='bbox 3410 5818 3458 5872; x_wconf 88' lang='lat' dir='ltr'><strong>la</strong></span> 
     </span>
    </p>
   </div>
   <div class='ocr_carea' id='block_1_115' title="bbox 1875 5910 2578 5985">
    <p class='ocr_par' dir='ltr' id='par_1_115' title="bbox 1875 5910 2578 5985">
     <span class='ocr_line' id='line_1_115' title="bbox 1875 5910 2578 5985; baseline -0.004 -17"><span class='ocrx_word' id='word_1_820' title='bbox 1875 5914 2052 5985; x_wconf 89' lang='lat' dir='ltr'><strong>quelle</strong></span> <span class='ocrx_word' id='word_1_821' title='bbox 2080 5911 2115 5968; x_wconf 88' lang='lat' dir='ltr'><strong>il</strong></span> <span class='ocrx_word' id='word_1_822' title='bbox 2146 5910 2311 5969; x_wconf 90' lang='lat' dir='ltr'><strong>escrit</strong></span> <span class='ocrx_word' id='word_1_823' title='bbox 2340 5926 2405 5967; x_wconf 89' lang='lat' dir='ltr'><strong>en</strong></span> <span class='ocrx_word' id='word_1_824' title='bbox 2441 5924 2578 5966; x_wconf 86' lang='lat' dir='ltr'><strong>vers.</strong></span> 
     </span>
    </p>
   </div>
  </div>
