4236 6562
711 438 781 496 65
1433 431 1744 487 VENAN-TII
1806 432 1963 487 HON.
2009 432 2217 487 CLEM.
2261 430 2656 488 FOIiTUNATI
2706 434 2992 493 OPEliUM
3028 440 3203 496 PARS
3244 437 3280 491 I.
3935 426 4005 486 64

714 554 819 619 nis,
852 566 1036 623 poema
1068 564 1170 604 non
1202 563 1473 613 canerem,
1529 548 1621 603 sed
1670 549 1960 618 garrirem,
2013 564 2119 618 quo
2168 549 2375 611 τρεῖ-Α
2407 552 2544 621 gusti
2592 567 2783 607 sensus
2812 555 3085 624 ingenium
3133 571 3193 610 se
3242 563 3516 609 mensuret
3566 566 3821 617 censore,
3857 548 4003 619 quod

713 647 904 703 dentes
932 644 1221 708 auditores,
1257 642 1397 697 inter
1426 656 1651 696 acernea
1684 642 1875 709 pocula
1908 642 2079 698 salute
2113 641 2300 695 biben-

706 750 798 795 tes
833 740 1040 800 insana,
1093 734 1301 789 Baccho
1344 733 1561 803 judice,
1605 732 2019 788 debacchnreut.
2049 733 2183 800 Quid
2230 731 2299 785 ibi

715 829 916 884 alfabre
944 825 972 864 ι’
1005 827 1205 880 dictum
1258 826 1358 889 sit,
1410 827 1498 879 ubi
1548 827 1665 895 quis
1709 840 1875 889 sanus
1908 826 1997 879 vix
2044 824 2296 887 creditur,

719 921 825 977 nisi
880 935 1060 975 secum
1093 918 1293 985 pariter
1324 931 1344 957 ε
1378 918 1673 973 insanitur?
1716 935 1819 988 quo
1850 919 2100 990 gratulari
2135 920 2301 986 magis

713 1025 817 1081 est,
850 1016 893 1068 si
922 1014 1100 1067 vivere
1132 1012 1277 1079 licet,
1312 1020 1432 1081 post
1477 1012 1699 1079 bibere;
1746 1013 1815 1067 de
1870 1029 1974 1081 quo
2020 1012 2299 1066 convivam

714 1106 1041 1177 thyrsicum,
1092 1120 1197 1159 non
1229 1104 1504 1159 fatidicum
1556 1106 1679 1159 licet
1724 1106 1870 1159 exite
1892 1147 1904 1171 ,
1938 1105 2030 1159 sed
2064 1103 2295 1169 fatuum,

713 1214 835 1255 cum
863 1208 1115 1268 quantum
1148 1199 1213 1254 ad
1247 1201 1351 1254 mei
1383 1214 1574 1254 sensus
1603 1199 2013 1268 intelligentiam
2048 1200 2300 1268 pertinet,

714 1291 836 1364 quia
865 1306 923 1346 se
949 1292 1158 1363 pigram
1184 1308 1287 1345 non
1320 1291 1551 1360 explicat
1575 1290 1744 1345 bruta:
1774 1291 1991 1354 animm,
2024 1293 2135 1357 ipsa
2163 1290 2301 1359 jeth-

716 1383 804 1439 nia
829 1391 955 1439 sunt
981 1383 1150 1439 ebria.
1180 1384 1311 1437 Hinc
1335 1391 1416 1437 est
1443 1383 1583 1452 quod
1616 1383 1787 1437 latens
1817 1382 2151 1452 apusculum,
2178 1392 2230 1435 et
2256 1380 2299 1434 si

714 1478 893 1531 minus
949 1476 1157 1531 videtur
1209 1472 1236 1511 ἀ
1296 1476 1554 1529 famosum
1607 1489 1653 1542 ε,
1715 1475 1831 1544 plus
1897 1484 1977 1527 est
2035 1475 2298 1538 liberum,

715 1568 839 1639 quia
891 1567 959 1625 de
985 1568 1382 1623 examinatione
1420 1566 1437 1604 τ
1477 1584 1581 1621 non
1617 1567 1776 1621 habet
1806 1568 1945 1635 quod
1996 1576 2101 1621 tam
2137 1567 2301 1636 trepi—

716 1660 811 1717 det
836 1661 1095 1729 privatum
1128 1675 1285 1729 quam
1337 1657 1647 1728 publicum;
1682 1656 1823 1711 unde
1872 1658 2177 1712 necessarie
2206 1672 2304 1710 au-

718 1832 804 1879 est
850 1832 1213 1893 repercutere,
1267 1824 1567 1892 repulsare.
1622 1820 1797 1876 Utitur
1842 1820 1941 1875 hac
1984 1834 2115 1875 voce
2168 1820 2303 1875 alias

720 1895 1059 1950 Fortunatus.

791 1975 816 2003 λ
870 1965 1066 2021 Deraso
1124 1969 1251 2036 ﬂore
1313 1966 1577 2036 redditum
1630 1972 1848 2036 estex
1916 1975 2095 2016 vetere
2163 1977 2293 2015 mss.

717 2036 880 2103 Galli,
913 2038 977 2091 de
1001 2034 1146 2090 rosea
1172 2040 1318 2105 ﬂore,
1369 2046 1426 2090 ut
1456 2035 1581 2089 olim
1625 2034 1922 2105 legebatur,
1975 2042 2238 2101 expuncto
2266 2048 2295 2087 a

720 2106 894 2161 Brow.
934 2108 1132 2162 Faveut
1164 2104 1283 2161 huic
1324 2107 1541 2161 lectioni
1572 2116 1627 2158 et
1655 2106 1826 2158 Codd.
1863 2104 1985 2157 Vat.

790 2176 818 2216 δ
846 2179 991 2232 Unus
1022 2179 1148 2232 Cod.
1172 2179 1314 2238 Vat..
1344 2177 1465 2242 quid
1496 2177 1563 2229 ibi
1597 2177 1775 2245 fabre?

793 2259 814 2287 ο
853 2249 953 2304 Un.
983 2250 1114 2302 Cod.
1150 2249 1292 2313 Vat.,
1324 2250 1422 2302 nisi
1450 2265 1617 2301 secum
1641 2248 1913 2302 insanitur.

789 2316 813 2356 ἀ
853 2319 909 2373 In
942 2320 1102 2373 duob.
1135 2320 1301 2374 Codd.
1332 2320 1453 2373 Vat.
1486 2320 1685 2372 videtur
1714 2333 1820 2372 esse
1848 2318 2122 2388 famosum.

792 2402 816 2430 ο
851 2391 987 2443 Edit.
1021 2391 1213 2456 I’aris.,
1248 2393 1444 2443 videtur
1473 2406 1579 2443 esse
1609 2394 1907 2460 formas-um.

792 2459 995 2516 'Unus
1045 2461 1182 2516 Cod.
1241 2461 1386 2528 Vat.,
1438 2460 1555 2529 quia
1609 2457 1673 2520 de
1731 2460 1959 2514 examine
2017 2457 2152 2513 alius
2200 2474 2305 2513 non

717 2533 877 2589 dabit.

791 2614 816 2653 8
845 2604 989 2660 Unus
1026 2603 1158 2661 Cod.
1198 2604 1339 2671 Vat.,
1381 2604 1624 2658 arbitrem
1652 2604 1787 2657 idem
1817 2602 2157 2672 conﬁtentem.

2330 1926 2378 1984 B

2405 656 2488 699 est
2532 646 2850 700 mittendum
2901 648 3001 700 sub
3054 648 3254 713 judice.
3290 648 3395 702 Sed
3441 648 3690 716 quoniam
3742 644 4000 699 humilem

2406 737 2691 806 impulsum
2724 739 2975 793 alacriter
3005 741 3181 793 acrius
3215 743 3534 794 retinentem
3590 738 3695 793 sub
3742 739 3998 793 testifica-

2410 829 2553 884 tione
2582 830 2745 884 divini
2779 833 3040 902 mySterii,
3072 842 3125 886 et
3169 833 3457 901 splendore
3489 831 3749 885 virtutum
3801 830 4000 884 beatis-

2405 922 2525 976 simi
2578 922 2787 976 Martini
2833 924 3119 993 conjurans
3170 924 3402 977 hortaris
3452 922 3641 977 sedulo
3692 931 3753 975 ut
3805 931 3997 974 contra

2405 1013 2660 1082 pudorem
2715 1030 2893 1068 meum
2949 1016 3185 1069 deducar
3233 1016 3286 1070 in
3332 1014 3628 1083 publicum,
3662 1028 3747 1068 me
3777 1014 3829 1066 in
3862 1012 3999 1066 meis

2404 1106 2607 1161 frivolis
2638 1106 2843 1161 arbitro
2873 1116 2921 1172 κ,
2958 1107 3195 1162 scabrosi
3238 1107 3418 1175 operis
3466 1106 3826 1175 ignorantiam
3868 1119 3999 1157 con-

2406 1201 2590 1256 fitente
2619 1197 2668 1265 δ,
2701 1200 2842 1270 quod
2889 1200 3010 1255 aliis
3050 1201 3393 1267 poscentibus
3436 1201 3738 1269 patefacere
3785 1198 3993 1262 distuli,

2404 1292 2704 1347 obediendo
2744 1291 2877 1346 cedo
2906 1293 3130 1358 virtuti,
3165 1291 3303 1346 hanc
3343 1292 3535 1346 saltem
3586 1288 3996 1359 obtemperandi

2406 1383 2827 1437 vicissitudinem
2883 1382 2899 1419 ί
2960 1398 3313 1452 repensuros,
3370 1392 3427 1437 ut
3466 1383 3587 1452 quia
3642 1383 3759 1435 haec
3814 1379 3998 1435 favore

2405 1477 2575 1547 magis
2621 1478 2934 1545 delegantur
2961 1478 3006 1542 i,
3036 1492 3195 1546 quam
3224 1476 3428 1545 judice,
3468 1484 3559 1529 aut
3587 1474 3684 1528 tibi
3734 1484 3942 1528 tantunt
3967 1470 3997 1513 ι

2407 1570 2793 1625 innotescentia
2826 1570 3057 1639 relegas,
3090 1579 3179 1623 aut
3210 1569 3522 1623 intimorum
3553 1567 3772 1623 auribus
3798 1569 3998 1623 amica-

2409 1660 2529 1716 liter
2561 1660 2608 1728 1,
2642 1676 2847 1732 quteso,
2880 1662 3142 1716 collatura
3171 1659 3210 1682 “
3240 1661 3546 1715 committas
3577 1669 3623 1714 ἰ.

2482 1820 2509 1854 δ
2535 1817 2675 1873 Edit.
2712 1818 2985 1872 Paris.....
3017 1818 3265 1871 deducant
3296 1833 3375 1871 me
3403 1819 3456 1870 in
3481 1817 3762 1888 publicum,

2405 1889 2743 1944 arbitrum...
2776 1891 3115 1956 conﬁtentem.

2490 1957 2653 2014 lDuo
2708 1960 2880 2015 Codd.
2928 1959 3071 2027 Vat.,
3129 1958 3555 2015 vicissitudinem
3607 1976 3848 2029 repensus
3892 1962 3995 2027 usi,

2409 2033 2684 2087 mendose.

2485 2102 2499 2152 i
2536 2104 2646 2157 Duo
2670 2102 2843 2156 Codd.
2876 2102 3021 2167 Vat.,
3052 2102 3389 2155 delectantur.

2484 2174 2511 2211 ι
2539 2174 2590 2227 lu
2625 2189 2730 2228 uno
2751 2172 2911 2238 Cod.,
2941 2185 3030 2226 aut
3062 2175 3149 2227 tibi
3180 2176 3550 2226 tantummodo.

2491 2242 2507 2281 ι
2536 2244 2693 2309 lhid.,
2727 2256 2890 2298 tecum
2923 2245 3277 2299 amicabtliter.

2482 2326 2521 2352 ω
2549 2317 2602 2369 In
2645 2332 2750 2369 uno
2798 2316 2955 2381 ϐοά..
2996 2331 3167 2385 quwso
3214 2316 3562 2369 consolatura.
3598 2316 3865 2371 Collatura
3897 2332 3994 2386 pro

2410 2388 2755 2446 conferenda,
2792 2398 2851 2441 ut
2879 2403 3061 2456 supra,
3106 2396 3347 2440 curatura
3380 2402 3474 2454 pro
3518 2389 3776 2441 curanda.
3812 2387 3991 2443 Fami-

2410 2458 2546 2513 Iiare
2581 2459 2679 2513 hoc
2710 2457 3024 2522 Fortunato,
3058 2467 3116 2512 ut
3138 2458 3515 2513 animadvertit
3547 2458 3605 2513 P.
3644 2458 3821 2513 Brow.

2486 2538 2512 2565 υ
2537 2529 2681 2585 Edtt.
2714 2530 2913 2598 Paris.,
2946 2530 3219 2599 rependas.
3338 2546 3339 2549 ‘

725 2759 4001 2793 ________——__—_—__—_—————————————————-—————-————

1959 2906 2258 2984 LIBER
2312 2901 2726 2982 PRIMUS.

1230 3067 1455 3125 CAPUT
1498 3066 1783 3125 PRIMUM.

950 3162 1027 3218 Ad
1058 3160 1276 3217 Vitalem
1303 3169 1328 3200 ο
1352 3160 1645 3231 episcopum
1673 3160 2072 3215 Ravemtensem.

2414 3038 2701 3132 Sumpsisti
2728 3076 2757 3115 a
2788 3060 3015 3115 Domino
3044 3062 3281 3128 culmen,
3312 3061 3395 3115 cui
3425 3061 3659 3117 culmina
3688 3064 3901 3130 condis,

2480 3154 2584 3222 Qui
2617 3154 2708 3208 tibi
2732 3152 2892 3221 digna
2927 3152 3094 3218 dedit,
3128 3151 3309 3207 reddis
3334 3151 3538 3209 honore
3567 3155 3763 3211 vicem.

722 3257 1031 3335 [Basilicam
1061 3255 1231 3335 sancti
1265 3254 1510 3335 Audi-ere,
1551 3268 1588 3335 ξι.
1614 3253 1791 3317 Vitali,
1822 3253 2157 3335 Ra‘vcnnensi
2180 3252 2297 3320 epi-
2330 3246 2377 3313 C
2409 3250 2621 3306 Emicat
2649 3248 2767 3303 aula
2796 3256 3005 3318 potens,
3042 3247 3218 3302 solido
3252 3246 3485 3317 perfecta
3518 3249 3758 3313 metallo,

788 3345 976 3397 scopo,
1009 3327 1322 3381 :edifieatam
1363 3340 1426 3380 ac
1470 3325 1992 3397 tledicatam,relert
2038 3326 2137 3377 hoc
2177 3340 2297 3377 car-

794 3396 954 3455 mine.
990 3396 1351 3453 Dedicatiouis
1401 3396 1563 3465 ipsius
1614 3396 1985 3451 celebritatem
2025 3410 2088 3449 ac
2114 3397 2296 3466 singu-

792 3474 901 3526 lare
933 3470 1114 3539 pepuli
1144 3468 1455 3539 ingVitalem
1488 3466 1721 3521 studium
1754 3478 1809 3522 et
1840 3467 2292 3527 benevolentiam,

790 3538 1225 3612 cotnmemorat.]

728 3637 968 3692 Antistes
996 3634 1225 3698 domini,
1259 3633 1467 3688 meritis
1498 3632 1551 3686 iu
1582 3632 1776 3688 stecula
1807 3633 2014 3696 vivens,

796 3728 999 3783 Gaudia
1028 3726 1114 3795 qui
1146 3726 1348 3781 Christi
1378 3725 1446 3781 de
1474 3741 1637 3796 grege
1670 3735 1851 3795 pastor
1876 3725 2058 3789 habes,

723 3822 854 3876 Cum
887 3830 939 3876 te
970 3819 1196 3874 Vitalem
1230 3817 1398 3872 voluit
1427 3818 1664 3872 vocitare
1692 3826 1956 3883 vetustas,

796 3911 1027 3967 Noverat
1053 3918 1314 3964 internum
1341 3920 1390 3962 te
1420 3909 1683 3963 meruisse
1710 3906 1873 3963 diem.

728 4004 929 4075 Dignus
952 4002 1245 4072 apostolica
1284 4000 1601 4070 prtefulgens
1624 4009 1804 4054 mente
1842 3997 2120 4062 sacerdos,

801 4098 899 4163 Qui
925 4110 1078 4150 sacer
1109 4093 1334 4147 Andreae
1364 4102 1471 4147 tam
1506 4093 1587 4161 pia
1621 4092 1814 4163 templa
1842 4091 2005 4147 locas.

734 4188 901 4255 Quam
924 4186 1059 4241 bene
1090 4199 1186 4253 pro
1217 4182 1424 4238 meritis
1455 4181 1699 4238 domini”
1726 4181 1974 4237 consedit
1996 4181 2048 4236 in
2078 4179 2218 4244 aula,

804 4282 905 4337 Per
931 4297 1086 4351 quem
1111 4280 1268 4352 digna
1297 4279 1407 4334 Deo
1434 4288 1518 4334 est
1549 4279 1809 4336 mdilicata
1839 4280 2048 4334 domus.

804 4394 947 4448 "llic
999 4393 1204 4455 Vitalis,
1250 4391 1350 4446 etsi
1402 4390 1621 4446 minime
1650 4404 1896 4447 occurrat
1938 4395 1989 4449 in
2039 4394 2298 4462 calalogis

731 4466 1100 4534 episcoporum
1156 4465 1520 4517 ltaveunatum
1568 4463 1648 4531 (ut
1690 4464 2003 4529 iampridem
2060 4466 2302 4519 animad-

730 4536 891 4589 vertit
920 4537 978 4590 Ρ.
1028 4535 1356 4598 Browerus),
1403 4536 1447 4587 is
1497 4546 1641 4588 certe
1685 4536 1937 4591 Ecclesia:
1970 4536 2309 4591 ltavenuensi

2480 3343 2600 3409 Quo
2627 3342 2743 3395 sine
2772 3350 2931 3395 nocte
2954 3348 3134 3395 manet
3154 3340 3462 3394 continuata
3493 3338 3626 3394 dies.

2406 3432 2598 3488 Invitat
2630 3432 2779 3486 locus
2804 3432 2915 3501 ipse
2948 3432 3136 3498 Deum,
3160 3431 3263 3485 sub
3290 3431 3410 3485 luce
3438 3432 3689 3501 perenni,

2476 3526 2758 3582 Gressibus
2788 3536 2847 3579 ut
2876 3525 3100 3595 placidis
3141 3526 3304 3579 intret
3345 3524 3575 3579 amando
3610 3525 3771 3580 lares.

2406 3619 2508 3685 Qui
2528 3618 2641 3672 loca
2671 3617 2769 3672 das
2797 3616 3026 3687 pepulis,
3054 3617 3337 3671 Dominum
3362 3630 3713 3686 quo.semper
3747 3617 3997 3688 adorent,

2484 3714 2550 3768 Ut
2581 3712 2794 3781 capiant
2826 3713 3062 3776 veniam,
3094 3720 3149 3765 tu
3182 3711 3312 3765 facis
3340 3720 3363 3749 ο
3392 3726 3513 3767 esse
3542 3710 3700 3783 [ipse]
3732 3712 3893 3767 viam.

2411 3804 2614 3869 Gratia,
2650 3819 2826 3870 mens,
2862 3806 3099 3871 animus,
3124 3803 3359 3873 bonitas,
3392 3802 3610 3859 dilectio
3640 3805 3834 3874 plebis,

2487 3898 2554 3952 Et
2576 3897 2797 3966 gradus,
2827 3906 2883 3951 et
2912 3897 3081 3966 pietas
3112 3906 3163 3951 te
3189 3896 3339 3951 dedit
3361 3910 3482 3951 esse
3513 3907 3741 3965 patrem.

2412 3989 2751 4061 Prosperitas
2771 3988 2798 4027 ά
2827 4004 2886 4044 se
2912 3998 3089 4044 vestra
3114 3989 3328 4058 probat,
3356 3991 3686 4061 quasgaudia
3717 3992 3995 4062 suppleas,

2483 4084 2668 4139 Intulit
2694 4082 2937 4153 egregios
2972 4083 3036 4137 ad
3069 4093 3157 4138 tua
3186 4094 3308 4137 vota
3337 4085 3500 4139 viros.

2414 4177 2530 4232 Dux
2561 4186 2585 4213 ο
2619 4176 2749 4229 nitet
2780 4175 2905 4230 hinc
2932 4176 3121 4242 armis,
3152 4175 3440 4244 praefectus
3470 4176 3677 4245 legibus
3699 4178 3887 4243 illinc;

2493 4272 2764 4326 Venerunt
2795 4286 2888 4341 per
2918 4286 3049 4341 quos
3074 4272 3485 4327 crescere'festa
3514 4272 3708 4329 solent.
3754 4277 3759 4285 '

2416 4392 2660 4467 Galliam,
2691 4403 2746 4449 ut
2788 4396 2902 4463 ipse
2932 4395 3109 4448 Brow.
3144 4393 3369 4448 fatetur.
3406 4392 3573 4467 (Dicta
3602 4396 3783 4464 prima:
3813 4400 4003 4467 cura'.)

2416 4495 2483 4506 —
2515 4466 2733 4529 Ducem,
2764 4467 2852 4530 qui
2896 4476 3348 4519 commemoratur
3391 4481 3419 4519 a
3454 4465 3774 4529 Fortunato.
3813 4470 3916 4523 hoc
3945 4465 4001 4525 in

2415 4537 2675 4602 carmine,
2704 4535 3007 4592 interfuisse
3029 4536 3351 4590 dedicatioui
3384 4536 3625 4592 basilica:
3655 4539 3715 4594 S.
3739 4540 3858 4593 And
3872 4556 3999 4605 rem,

734 4608 875 4662 circa
909 4607 958 4684 id
993 4618 1202 4672 tempus
1230 4604 1950 4684 praefuissedicendusnest,
1983 4622 2090 4684 quo
2122 4608 2309 4684 [fortn-
2340 4624 2392 4684 Ι)
2418 4622 2458 4684 a_
2481 4608 2639 4661 Vitali
2691 4608 3025 4684 Itavenneusi
3078 4606 3447 4684 exa‘dilieataa,
3496 4610 3610 4684 sive
3659 4604 3993 4684 restaurata,

739 4687 895 4731 natus
917 4677 1183 4731 Ravenna:
1210 4675 1455 4739 degebat,
1478 4674 1564 4729 ttbi
1599 4675 1743 4728 illum
1769 4678 2076 4745 aliquandiu
2112 4678 2308 4733 vixisse

732 4749 961 4803 diximus
992 4750 1041 4800 in
1070 4746 1189 4817 ejus
1215 4745 1351 4807 Vita,
1387 4762 1531 4797 nmn.
1572 4748 1632 4798 l7
1664 4757 1716 4801 et
1746 4762 1883 4817 seq..
1928 4750 2080 4815 cujus
2112 4747 2303 4803 Vitalis

734 4834 895 4873 suasu
923 4820 1059 4871 forte
1091 4827 1145 4871 et
1170 4816 1394 4871 consilio
1423 4817 1655 4871 basilica:
1683 4818 1750 4871 ab
1778 4816 1965 4873 eodem
2012 4830 2302 4873 exstructas

732 4890 1125 4943 dedicatiooeiu
1176 4889 1274 4942 hoc
1322 4898 1567 4953 poemate
1620 4888 1777 4942 fuerit
1838 4901 2172 4955 prosecatus.
2234 4895 2301 4943 At

736 4961 917 5016 Brow.
946 4961 1223 5014 existimat
1254 4958 1477 5012 Vitalem
1510 4958 1666 5011 Petro
1696 4961 1894 5013 seniori
1923 4960 2300 5014 sul'liciendum

734 5045 878 5093 esse,
918 5035 1004 5098 qui
1038 5047 1139 5084 non
1175 5028 1272 5082 nisi
1306 5044 1445 5080 anno
1474 5026 1579 5082 568
1612 5029 1976 5085 Havennensis
2024 5031 2308 5099 episcenos

736 5112 945 5155 creatus
973 5110 1084 5163 est;
1118 5116 1223 5168 quo
1247 5099 1356 5169 jam
1387 5110 1651 5163 tempore.
1685 5100 1852 5165 ipsius
1883 5102 2121 5156 Broweri
2155 5102 2304 5155 testi-

739 5174 941 5238 monio,
976 5174 1024 5225 in
1066 5170 1288 5225 Galliam
1343 5181 1661 5238 pervenerat
1706 5171 2049 5227 Fortunatus.
2088 5175 2159 5227 De
2207 5173 2307 5227 hoc

741 5243 895 5296 Vilali
926 5243 1047 5312 quid
1083 5243 1200 5312 IpSt‘.
1232 5256 1503 5312 censeam,
1528 5242 1656 5294 infra
1683 5248 1982 5297 ostendam.

812 5312 837 5351 δ
870 5310 969 5369 Uu.
1005 5316 1135 5368 Cod.
1164 5310 1306 5374 Vat.,
1337 5328 1448 5364 cum
1476 5310 1681 5365 Domini
1702 5315 1850 5366 sedit.
1881 5330 2018 5368 corr.

811 5397 831 5423 ε
857 5386 1007 5439 Alius
1035 5384 1166 5437 Cod.
1200 5381 1343 5445 Vat.,
1379 5394 1432 5434 tu
1457 5385 1583 5449 facis
1614 5385 1722 5451 ipse
1754 5386 1903 5437 viam.

808 5455 831 5493 ι]
858 5457 1013 5518 lhid.,
1048 5456 1354 5523 prosperitas
1384 5469 1559 5505 secura
1589 5455 1787 5517 probot.

811 5536 833 5563 ε
860 5527 918 5581 Ρ.
956 5528 1236 5580 Browerus
1283 5525 1532 5591 opinatur
1581 5526 1662 5577 his
1695 5528 1867 5580 verbis
1903 5530 2189 5581 cxarchum
2229 5527 2308 5581 in-

741 5598 903 5651 dicari
974 5597 1062 5663 qui
1110 5612 1228 5649 cum
1264 5595 1662 5664 Nomopltylace
1704 5599 2023 5652 dediCttlioni
2077 5600 2306 5653 basilica:

740 5667 1065 5724 interfuerit.
1098 5670 1165 5720 At
1194 5682 1313 5719 cum
1345 5668 1560 5721 exarchi
1596 5670 1805 5721 nonnisi
1848 5685 1933 5722 an.
1968 5671 2071 5724 503
2103 5672 2304 5722 [iuven-

742 5754 824 5792 ηε
855 5742 1043 5793 sedere
1072 5739 1354 5804 emperiut,
1398 5752 1618 5803 quorum
1650 5737 1847 5807 primus
1881 5740 1975 5791 fuit
2013 5739 2303 5809 Longinus.

742 5822 888 5865 certe
928 5809 1189 5862 exartdms
1238 5825 1341 5861 non
1377 5810 1544 5874 potttit
1578 5812 1833 5863 interesse
1883 5812 2126 5864 ccclesun
2157 5811 2305 5864 dedi-

740 5882 959 5942 cationi,
993 5896 1112 5934 cum
1144 5881 1317 5932 adhuc
1349 5877 1617 5933 Ilaveuuze
1651 5889 1792 5935 esset
1824 5880 2180 5943 Fortunatus;
2212 5882 2303 5949 qui

745 5966 830 6004 an.
866 5950 988 6007 565.
1022 5962 1110 6004 aut
1153 5952 1213 6003 ad
1266 5966 1528 6004 summum
1560 5952 1685 6019 550,
1733 5954 1996 6021 prolectus
2032 5954 2201 6008 fuerat
2251 5952 2302 6005 iu

2417 4677 2695 4731 Narsetem
2720 4682 2967 4731 comitem
2996 4692 3115 4731 esse
3142 4678 3485 4743 crediderim,
3519 4680 3609 4746 qui
3639 4694 3669 4733 a
3694 4680 4002 4737 Iustiniano

2418 4751 2572 4814 imp.,
2608 4761 2661 4801 ut
2694 4751 3028 4802 notissimum
3051 4759 3155 4811 est,
3200 4748 3397 4802 missus
3426 4750 3477 4802 in
3508 4749 3711 4803 Italiam
3744 4767 3833 4805 an.
3865 4752 3995 4816 551,

2417 4821 2481 4872 ad
2514 4821 2873 4887 OstrOgothos
2920 4819 3291 4883 debellandos,
3335 4819 3605 4873 Ravenna:
3637 4823 3905 4889 residere,
3939 4833 3996 4878 et

2416 4891 2670 4951 Itasiliraz,
2728 4890 2793 4943 de
2836 4905 2938 4957 qua
2983 4889 3067 4943 hic
3115 4903 3316 4956 sermo,
3359 4890 3685 4945 dedicationi
3734 4892 3998 4949 interesse

2413 4962 2695 5017 commode
2727 4971 2918 5029 potud.
2954 4960 3095 5029 Idem
3130 4962 3343 5023 Narses,
3371 4976 3653 5017 revocatus
3682 4963 4000 5017 Constanti-

2414 5033 2648 5099 n0politn
2702 5028 2785 5087 est
2833 5048 2971 5085 anno
3004 5028 3107 5086 538
3160 5032 3243 5085 vel
3275 5030 3400 5097 567,
3452 5034 3524 5086 uti
3570 5045 3757 5088 censet
3803 5035 3999 5103 Pagius

2412 5104 2477 5156 ad
2517 5104 2657 5156 hunc
2685 5118 2882 5156 annum
2911 5120 2923 5154 :
2958 5118 3115 5168 quem
3147 5105 3358 5171 excepit
3405 5102 3677 5171 Longinus
3702 5121 3717 5169 ;
3742 5107 3833 5173 qui
3882 5102 3995 5172 pri-

2414 5188 2531 5226 mus
2564 5178 2758 5227 missus
2806 5175 2858 5227 iu
2906 5174 3112 5227 Italiam
3167 5182 3247 5227 est
3300 5189 3419 5227 cum
3470 5176 3625 5228 titulo
3674 5185 3727 5227 et
3786 5178 3995 5231 honore

2412 5245 2670 5303 exure/iw.
2704 5256 2755 5297 et
2790 5245 3057 5297 Ravennae
3086 5245 3285 5297 resedit
3314 5260 3475 5308 anno,
3508 5254 3563 5298 ut
3594 5245 3826 5312 videtur,
3862 5246 3992 5312 568,

2413 5330 2516 5385 quo
2548 5315 2882 5384 Longobardi
2915 5316 2963 5367 in
2997 5315 3199 5385 Italiam
3248 5316 3510 5382 irrupere.
3564 5315 3641 5369 Ex
3682 5319 3880 5382 qidbus
3912 5319 3998 5371 in-

2417 5383 2683 5455 telligitur
2722 5397 2955 5455 tempus,
2986 5400 3090 5453 quo
3118 5383 3314 5438 Narses
3346 5386 3398 5439 in
3425 5384 3569 5439 Italia
3616 5387 3767 5451 visit,
3793 5390 3998 5454 optime

2413 5471 2711 5526 congruere
2733 5472 2849 5510 Cum
2878 5470 2967 5519 eo,
2996 5473 3101 5525 quo
3125 5465 3181 5509 et
3204 5455 3526 5510 Fortunatus
3546 5458 3816 5512 Ravenna:
3833 5464 3995 5525 degev

2414 5529 2674 5596 batzquu
2738 5538 3003 5595 praesente
3048 5527 3417 5581 existimamus
3469 5528 3737 5581 basilicam
3788 5530 4000 5584 llaveu-

2414 5614 2632 5652 uenseut
2686 5599 2982 5652 dedicatam
3035 5598 3216 5651 fuisse.
3262 5597 3379 5665 Ipse
3426 5598 3620 5652 Narses
3673 5600 3790 5653 Dux
3821 5598 3998 5656 Italia:

2414 5674 2721 5723 nominatur
2743 5687 2769 5721 a
2794 5669 2951 5733 Greg.
2982 5668 3183 5722 Turon.
3226 5668 3262 5721 Ι.
3297 5684 3347 5722 v.
3384 5670 3628 5723 Ilistonize
3662 5670 3993 5727 Francorum

2413 5758 2532 5806 cap.
2562 5740 2632 5793 20
2663 5758 2676 5791 :
2708 5740 2860 5807 cujus
2886 5740 3109 5807 proinde
3137 5754 3406 5809 personm,
3431 5751 3481 5793 et
3513 5741 3751 5808 dignitati
3781 5758 3844 5795 ea
3868 5760 3998 5797 cutt-

2412 5811 2631 5865 veuiunt
2663 5828 2781 5878 qua-
2819 5812 2903 5864 hic
2944 5826 2972 5862 a
3007 5811 3298 5864 Fortunato
3347 5811 3414 5864 de
3444 5810 3533 5864 illo
3564 5827 3992 5868 commemorau-

2412 5894 2496 5939 tur
2532 5901 2543 5934 :
2574 5883 2695 5937 Dux
2726 5884 2849 5937 nitet
2872 5882 2988 5936 hinc
3019 5882 3194 5947 armis,
3229 5893 3333 5936 etc.
3362 5882 3640 5951 (Secundw
3668 5899 3806 5938 cura:
3828 5886 3995 5953 nota.)
