4236 6548
182 355 248 413 65
1401 365 1904 431 MISCELLANEA.
1929 402 2002 415 —
2031 371 2162 431 LIB.
2207 376 2248 433 l.

3412 386 3483 450 66

177 469 254 527 Ne
287 470 384 528 tibi
416 471 557 530 desit
595 472 793 543 honor,
837 476 1092 547 populum
1140 477 1282 536 Dens
1311 485 1461 540 auxit
1501 485 1765 558 opimum,
1796 492 1850 552 Α
1876 488 1994 555 Quo
2023 488 2324 544 veneranda
2358 486 2427 558 pii
2457 490 2803 561 requiescunt
2831 493 3037 549 viscera
3074 495 3239 567 Petri,

241 564 341 630 Qui
378 566 513 620 vidit
541 581 758 623 sensum
794 567 893 625 boc
925 572 1159 628 voluisse
1192 582 1365 632 tuum.

173 654 486 728 lilysterium
516 657 641 715 fidei
667 662 960 731 complevit
986 675 1107 719 vota
1141 669 1382 735 petendi,

242 749 413 816 Felix,
443 751 530 808 cui
559 752 835 822 dominus,
866 772 990 827 quae
1019 761 1194 829 cupis,
1232 762 1343 832 ipsa
1377 764 1546 820 vehit.

172 844 406 900 Plurima
434 846 624 902 divino
651 850 895 906 celebres
923 854 1187 909 solemnia
1217 856 1381 923 dono,

237 939 411 1010 Atque
435 938 529 996 Dei
564 941 766 999 llorens
796 946 996 1015 templa
1023 946 1251 1003 locando
1281 952 1432 1005 colas
1456 958 1509 1005 η.

799 1057 1027 1117 CAPUT
1068 1061 1133 1117 ll.

168 1168 243 1226 De
282 1172 475 1247 tempto
504 1170 533 1247 lt
558 1174 735 1228 damni
763 1175 1028 1247 _An‘drea:,
1058 1194 1196 1242 quoa
1244 1178 1518 1247 adi/ienuit
1575 1180 1764 1239 Vitalis

418 1241 706 1316 Epismpus
752 1245 1029 1302 anennas
1062 1241 1499 1325 [liaventteitsis].

166 1354 447 1429 [Bamdem
504 1359 677 1413 sancti
730 1359 961 1415 Andreas
1010 1360 1282 1417 basilicam
1332 1365 1653 1420 :edificalam
1689 1369 1755 1422 'el

233 1428 659 1497 brevitempore
683 1430 982 1486 absolutam
1018 1433 1183 1489 fuisse
1208 1446 1391 1489 narrat
1424 1452 1638 1491 summa
1667 1438 1761 1492 Vi-

236 1498 356 1581 talis
384 1500 564 1581 studio
588 1515 651 1581 ac
681 1502 1023 1559 liberalitate.
1051 1506 1246 1581 Sacras
1277 1508 1535 1578 reliquias
1562 1510 1759 1581 quibus

228 1570 419 1625 eadem
450 1571 680 1642 insignis
710 1584 828 1628 erat
852 1576 1145 1647 recenset.]

163 1686 413 1757 Quisquis
439 1686 507 1743 ad
530 1686 646 1744 haec
672 1692 846 1745 sancti
878 1694 1161 1748 concurris
1192 1693 1379 1749 limina
1416 1695 1623 1767 templi,

227 1780 280 1837 Si
306 1782 495 1837 venias
518 1781 777 1852 supplex,
811 1783 899 1839 bic
928 1799 1092 1854 prece
1125 1787 1295 1841 sumis
1324 1803 1504 1857 opem.

161 1872 326 1939 Quam
359 1886 514 1928 sacer
545 1873 776 1929 antistes
800 1872 991 1930 Vitalis
1024 1877 1267 1932 condidit
1297 1894 1501 1947 arcem,

225 1960 475 2019 Culmine
502 1979 625 2034 qua:
650 1965 789 2020 caelo
816 1976 837 2003 ε
867 1978 951 2021 est
982 1976 1228 2037 tempore
1258 1972 1416 2025 ducta
1451 1972 1623 2029 brevi.

160 2052 446 2118 Fundavit,
476 2056 694 2123 struxit,
729 2058 970 2125 doravit;
999 2058 1195 2115 deinde
1223 2060 1441 2129 dicavit,

228 2146 297 2201 Et
317 2147 523 2203 meruit
554 2149 739 2219 templi
762 2150 973 2207 solvere
1004 2163 1126 2208 vota
1157 2156 1262 2210 sui.

226 2272 251 2301 ⁸
279 2263 425 2319 Edit.
458 2263 629 2319 Paris.
664 2283 676 2319 :

279 2344 445 2408 Atque
470 2344 567 2395 Dei
595 2345 767 2396 laudes
792 2347 973 2410 templs
996 2348 1201 2399 colenda
1227 2350 1379 2402 loces.

224 2412 332 2471 1'ln
366 2432 478 2489 uno
520 2416 652 2471 Ccd.
686 2416 805 2471 Vat.
838 2418 1033 2489 legitur
1060 2421 1139 2475 sic
1169 2422 1356 2477 titulus
1384 2421 1490 2477 istc
1516 2440 1528 2475 :
1559 2420 1753 2478 Versus

158 2488 221 2565 d_e
247 2486 439 2558 templo
468 2491 639 2543 sancti
670 2486 924 2557 Andrew';
955 2490 1226 2560 wdi/icavit
1272 2492 1454 2548 Vitatis
1485 2494 1755 2565 episcOpus

161 2558 425 2613 Ravenna.

228 2640 251 2705 ξ
285 2630 406 2705 [tuo
436 2629 606 2705 codd.
640 2632 835 2697 Vattc.,
869 2634 1090 2689 culmine
1116 2652 1233 2705 qua:
1255 2636 1452 2692 Celso..

225 2698 251 2737 δ
295 2702 557 2780 Maturius
598 2716 761 2780 atque
807 2707 1065 2762 Sisennus
1114 2698 1376 2780 tiiartyres
1419 2713 1571 2766 luere
1602 2726 1632 2765 e
1665 2710 1742 2767 Ie-

158 2771 315 2857 gione
337 2771 707 2857 _F.eliei,.dicti
739 2789 1003 2857 martyres
1031 2771 1399 2847 Agaunenses,
1442 2781 1511 2836 tle
1538 2784 1737 2853 quibus

158 2845 306 2915 plura
337 2844 502 2911 infra,
533 2846 627 2901 lib.
662 2862 719 2909 tt,
750 2864 803 2903 c.
833 2844 921 2902 l5.

230 2925 253 2953 ο
299 2915 384 2972 Cl.
432 2918 900 2992 vir_Baccbinius,
953 2919 1006 2992 in
1054 2920 1323 2990 agnellum
1374 2923 1639 2992 Ravenn.,
1689 2925 1740 2981 in

155 2987 368 3044 observ.
411 2989 478 3043 ad
519 2987 692 3044 Vitam
735 2993 906 3045 sancti
958 2987 1291 3057 Maximiani,
1343 3006 1527 3050 censet
1576 2987 1741 3052 Joan-

156 3060 422 3136 nem,_de
464 3059 697 3136 quobic
728 3061 1080 3136 Fortunatus,
1116 3064 1488 3120 Ravennatem
1520 3070 1736 3136 episco-

158 3147 277 3206 pum
308 3129 503 3206 fuisse,
551 3132 727 3206 illum,
774 3136 869 3206 qui
923 3135 1163 3206 proxime
1192 3136 1331 3189 sedit
1375 3150 1493 3206 post
1522 3129 1737 3194 Petrum

154 3203 457 3278 Senioretn.
488 3204 608 3278 ipse
633 3204 948 3278 Baccbinius
971 3204 1190 3274 insuper
1212 3203 1459 3276 opinatur
1486 3209 1736 3278 Vitalem,

152 3289 180 3326 a
222 3289 329 3342 quo
384 3273 672 3328 Basilicam
721 3277 889 3330 sancti
939 3273 1167 3331 Andreae
1219 3273 1606 3333 extedilicatam
1650 3273 1735 3337 hic

153 3343 313 3419 refert
360 3344 711 3419 Fortunatus,
746 3363 851 3401 non
875 3347 1088 3417 quidem
1114 3351 1435 3419 episcopum
1458 3351 1728 3407 Ravenna:

154 3416 353 3481 fuisse,
402 3417 722 3491 sed‘solum
778 3416 1391 3491 Ravennatemmatr‘ta,
1440 3432 1486 3476 et
1532 3424 1733 3491 episco-

155 3503 275 3563 pum
324 3488 623 3563 eujuspiam
672 3504 736 3563 ea:
774 3491 1091 3563 dioecesibus,
1146 3488 1430 3547 Ravennati
1482 3488 1737 3563 metropo-

150 3559 252 3636 litw
294 3561 685 3636 subject_is,_qn_i
731 3568 777 3636 et
826 3562 935 3636 ipse
962 3562 1077 3613 divo
1124 3562 1339 3616 Androm
1376 3564 1538 3618 eodem
1587 3559 1731 3636 egre-

150 3632 283 3703 giant
304 3632 621 3695 condiderit,
644 3631 1022 3701 dedicaritque,
1037 3644 1083 3686 et
1098 3649 1131 3685 a
1154 3640 1479 3703 metropolita
1506 3631 1734 3693 obtinue-

149 3702 213 3755 rit
248 3702 503 3771 reliquias
544 3713 833 3769 enarratas,
872 3720 1149 3774 earumque
1197 3702 1474 3760 solemnem
1523 3707 1577 3760 in
1611 3726 1731 3763 suos

150 3772 345 3848 [oculos
366 3774 766 3848 translationem
787 3816 799 3837 ,
832 3772 1278 3831 intervenientibus
1304 3776 1615 3832 Ravennatis
1642 3798 1731 3848 po-

148 3846 253 3919 puli
276 3844 603 3919 proceribus,
641 3860 927 3917 magnaque
954 3848 1283 3913 ﬁnitimorum
1312 3850 1619 3919 frequentia,
1642 3844 1729 3906 ’σε-

149 3916 377 3990 lebrarit.
443 3916 584 3990 Eum
632 3931 764 3972 vero
814 3920 1246 3987 metropolitam,
1300 3916 1328 3971 a
1378 3916 1487 3990 quo
1542 3922 1731 3978 Vitalis

147 3988 426 4064 reliquias,
453 3989 509 4043 in
542 3989 645 4042 isto
671 3992 1154 4064 carminegrelatas,
1176 3988 1426 4064 obtinuit,
1460 3992 1624 4048 fuisse
1660 3997 1731 4064 ip-

145 4071 259 4113 sum
290 4060 587 4131 Joannem,
616 4060 708 4130 qui
756 4069 875 4131 post
906 4059 1119 4115 Petrum
1170 4062 1449 4117 Seniorem
1496 4059 1731 4121 tenuisse

148 4132 325 4203 sedem
360 4130 774 4186 Ravennensem
805 4131 1018 4203 legitur.

217 4202 414 4283 Yet-um
446 4212 632 4283 etcgo
661 4202 881 4257 minime
908 4203 1138 4283 fortasse
1183 4206 1575 4283 recusaremiin
1607 4223 1730 4283 eru-

146 4270 391 4328 ditissimi
432 4273 534 4327 viri
574 4270 653 4329 ire
691 4276 1033 4342 sententiam,
1067 4278 1111 4329 si
1143 4287 1233 4329 aut
1256 4278 1552 4332 verisimile
1582 4281 1731 4336 vide-

144 4356 284 4398 retur
316 4345 678 4420 Fortunatum
708 4345 1015 4400 nominasse
1053 4346 1277 4420 t'italem
1312 4353 1487 4417 potius
1516 4366 1582 4404 ex
1632 4366 1729 4420 pa-

147 4417 255 4470 tria
284 4431 448 4485 quant
478 4430 545 4471 ex
578 4415 725 4471 sedis
748 4433 906 4487 quam
940 4416 1151 4472 tenebat
1183 4415 1397 4474 nomine
1441 4415 1725 4476 Itavent'ta-

147 4497 246 4542 tem
288 4492 635 4570 episcopum,
668 4492 1000 4569 reclamante
1029 4492 1191 4570 totius
1221 4494 1505 4570 vetustatis
1532 4502 1725 4563 (quan-

146 4567 249 4612 tum
292 4575 393 4630 ego
436 4558 655 4633 quidem
703 4561 915 4629 assequi
965 4561 1135 4633 potui)
1181 4558 1596 4628 consuetudine,
1637 4575 1729 4619 aut

145 4633 345 4685 ostendi
401 4643 590 4701 posset
638 4631 739 4686 hoc
770 4646 956 4700 poema
988 4631 1247 4701 scriptum
1278 4634 1447 4689 fuisse
1473 4650 1502 4687 a
1536 4634 1727 4691 Fortu-

147 4712 265 4774 nato
291 4717 417 4756 cum
459 4703 574 4771 jam
598 4702 816 4771 degeret
845 4704 897 4756 in
926 4702 1120 4774 Gallia,
1153 4720 1259 4773 quo
1288 4718 1606 4774 pervenerat
1635 4723 1725 4763 an.

143 4771 263 4847 b635,
287 4775 370 4828 Vel
398 4779 466 4827 ad
502 4789 770 4847 summum
802 4789 894 4847 an.
927 4773 1053 4839 566,
1087 4786 1142 4829 ut
1166 4771 1377 4831 ostendi
1406 4778 1456 4830 itt
1482 4776 1729 4847 ejusdem

144 4842 276 4918 ytta,
311 4862 470 4918 nunt.
518 4844 589 4918 26
616 4855 671 4900 et
699 4859 815 4914 seq.
846 4846 1084 4901 Joannes
1116 4862 1265 4914 vero,
1312 4850 1401 4917 qui
1444 4842 1582 4903 sedit
1608 4862 1730 4918 post

143 4914 349 4970 Petrum
395 4916 707 4981 Senioretn,
742 4932 847 4970 non
896 4920 1033 4971 rexit
1076 4914 1374 4973 Ecclesium
1408 4914 1729 4977 Itavenuen-

142 4996 409 5042 seruante
457 5003 550 5041 an.
603 4986 735 5054 575,
787 4988 903 5057 ipso
946 4990 1248 5044 atlirmante
1296 4990 1607 5045 Baccltinio.
1659 4995 1728 5049 At

142 5058 376 5133 profecto
424 5058 691 5133 credibile
732 5074 837 5113 non
868 5070 985 5133 test,
1022 5064 1292 5130 praecipue
1324 5070 1431 5115 tam
1466 5066 1730 5133 procello-

143 5131 229 5202 sis,
261 5145 324 5184 ac
352 5131 587 5185 turbidis
630 5131 983 5199 temporibus,
1031 5147 1061 5185 a
1105 5146 1373 5202 qunquatn
1406 5131 1723 5201 amicorum,

144 5200 190 5253 in
219 5203 366 5255 Italia
389 5201 730 5271 degentium,
757 5200 1138 5271 compellatum
1163 5207 1326 5259 tuisse
1350 5200 1725 5273 Furtunatum,

145 5284 195 5324 ut
239 5287 458 5328 carmen
502 5274 768 5328 scriberet
794 5276 845 5327 in
876 5274 1268 5330 dedicationem
1300 5277 1532 5331 basilica:
1562 5278 1724 5343 illius,

145 5347 429 5409 praesertim
464 5360 589 5399 cum
624 5344 739 5413 ipse
773 5343 841 5398 ab
869 5345 1018 5399 Italia
1052 5351 1141 5401 diu
1173 5350 1325 5402 exsul
1375 5349 1502 5403 illud
1543 5366 1726 5406 secum

144 5426 588 5488 Conquereretur,
612 5417 647 5467 Ι.
684 5432 776 5481 vn,
799 5431 848 5471 c.
879 5417 940 5471 ll
970 5434 982 5469 :

258 5510 408 5562 Exsul
436 5514 500 5561 ab
526 5510 665 5563 Italia
691 5522 817 5558 nono
843 5517 957 5572 puto
977 5510 1138 5559 volvor
1156 5512 1220 5564 ab
1243 5523 1387 5576 anno,

319 5576 523 5625 Littoris
541 5576 728 5628 .Oceaot
747 5583 1063 5634 contiguante
1084 5576 1204 5623 salo.

255 5638 503 5707 Tempora
531 5646 603 5707 tot
618 5637 830 5707 fugiunt,
844 5646 896 5684 et
912 5637 1069 5685 adhuc
1094 5651 1182 5707 per
1201 5642 1381 5701 scripta
1397 5647 1669 5707 parentum,

316 5698 495 5750 Nullus
515 5702 578 5750 ab
602 5698 817 5749 exclusis
835 5709 917 5746 me
942 5702 1185 5750 recreavit
1209 5698 1356 5764 apex.

210 5774 274 5829 At
302 5790 431 5830 vero
455 5776 501 5829 si
532 5775 651 5841 quis
700 5775 888 5828 litteris
940 5770 1293 5829 Fortunatum
1342 5776 1576 5837 Salulttre
1630 5784 1725 5838 ab-

148 5858 339 5900 sontem
366 5846 641 5922 debebat,
676 5846 719 5900 is
752 5846 941 5922 fuisset
967 5846 1231 5922 quispiam
1257 5862 1326 5922 ex
1364 5852 1677 5921 propinquis
1705 5874 1719 5922 ;

150 5919 433 5975 brasertitti
468 5933 615 5986 cum,
651 5928 707 5971 ut
735 5918 837 5972 alto
866 5917 983 5973 loco
1008 5928 1190 5973 narrat
1217 5917 1526 5992 idem’ipse,
1560 5917 1727 5981 Mater

1786 1884 1839 1946 B

1949 579 2047 647 Qui
2078 579 2274 633 meruit
2305 580 2451 636 solus
2475 580 2627 637 clave
2661 583 2829 655 ligare
2861 589 3038 654 polos.

1876 672 2080 729 Paulus
2105 677 2398 746 apostolica
2427 676 2587 733 simul
2619 678 2719 733 ltac
2747 680 3010 736 retinetur
3042 682 3095 738 in
3126 686 3269 754 aula,

1958 767 2224 823 Seductor
2247 770 2539 838 quondam,
2574 772 2662 839 qui
2698 772 2858 826 modo
2888 777 3075 830 dOl‘lnl'
3100 786 3245 833 ovat.

1883 858 2035 915 Hanc
2060 875 2216 916 sacer
2247 862 2492 918 Andreas
2526 865 2795 934 pr0priam
2847 864 2946 918 sibi
2994 868 3229 924 vindicat
3258 886 3472 942 arcem,

1947 951 2014 1005 Et
2039 966 2161 1005 cum
2191 951 2357 1008 fratre
2387 954 2477 1024 pio
2506 955 2826 1025 participata
2852 958 3013 1027 regit.

1872 1043 1999 1098 Hazc
2026 1058 2119 1099 sua
2156 1055 2297 1100 tecta
2329 1046 2503 1114 replet
2530 1047 2856 1105 Laurentius
2885 1051 3007 1121 igne
3039 1067 3255 1125 sereno,

1940 1134 2038 1189 Cui
2068 1138 2153 1204 pia
2184 1136 2398 1194 ﬂamma
2428 1138 2575 1193 dedit
2607 1140 2725 1195 luce
2754 1157 2989 1211 perenne
3016 1145 3179 1200 diem.

1868 1226 2028 1282 \‘itali
2062 1228 2251 1286 domus
2284 1232 2384 1286 ista
2418 1233 2623 1303 placet,
2664 1235 2756 1304 qui
2788 1239 2941 1292 vivus
2971 1241 3149 1297 arenis

1941 1319 2197 1378 Defossns
2228 1326 2423 1379 meruit
2456 1327 2684 1396 perdere
2713 1330 2902 1385 mortis
2932 1332 3053 1387 iter.

1869 1414 2007 1469 Sunt
2038 1416 2155 1470 loca
2186 1417 2423 1483 Martini,
2458 1420 2549 1489 qui
2581 1422 2719 1476 texit
2749 1434 2901 1479 veste
2936 1433 3234 1494 tonantem,

1940 1505 2019 1561 Ne
2041 1506 2210 1576 magis
2241 1511 2466 1579 algeret,
2494 1527 2554 1567 se
2580 1514 2817 1583 spoliare
2848 1517 3017 1571 dedit.

1870 1596 2013 1653 Ecce
2046 1598 2201 1669 Vigili
2232 1616 2324 1655 arx
2356 1613 2461 1669 est,
2494 1618 2656 1673 quem
2682 1605 2888 1662 rustica
2916 1607 3068 1663 turba
3096 1612 3363 1679 peremit:

1942 1692 2095 1748 Unde
2124 1696 2262 1749 mori
2289 1697 2479 1761 voluit,
2515 1714 2661 1753 mors
2689 1701 2859 1769 magis
2889 1702 3003 1773 ipsa
3031 1702 3185 1775 fugit.

1867 1782 2057 1838 Incolit
2085 1786 2200 1839 lucc
2232 1786 2435 1856 pariter
2464 1786 2725 1844 Maturius
2748 1787 2775 1826 ι¹
2807 1801 2968 1861 atque
2997 1795 3257 1852 Si~ennus
3285 1818 3295 1850 :

1935 1874 2080 1943 Quos
2102 1892 2273 1945 genus
2302 1887 2465 1947 atque
2499 1880 2650 1945 fides,
2680 1890 2736 1937 et
2765 1891 2913 1938 tenet
2940 1901 3042 1939 una
3076 1888 3242 1943 salus.

1866 1968 2096 2023 Sanctus
2126 1970 2433 2048 Alexander
2462 1973 2696 2044 lelixque
2726 1975 2923 2031 Cecilia
2956 1977 3157 2048 pollent
3188 1998 3199 2033 :

1936 2063 2082 2131 Quos
2112 2064 2317 2119 meritis
2344 2044 2533 2121 omnes
2564 2082 2668 2121 una
2696 2084 2894 2123 corona
2926 2082 3127 2127 manet.

1869 2161 1891 2188 ⁸
1916 2156 2041 2212 llaec
2067 2156 2241 2213 bonus
2270 2160 2549 2225 antistes,f
2572 2160 2725 2215 Vitali
2758 2173 3002 2233 urgente,
3034 2165 3293 2235 Joannes,

1862 2268 1960 2323 sibi
1993 2280 2039 2323 et
2078 2286 2222 2346 soror
2275 2273 2500 2346 viveret,
2531 2283 2583 2328 et
2605 2274 2760 2346 longa
2807 2285 3045 2344 nepotum
3097 2282 3252 2336 series
3325 2295 3447 2341 Cum

1862 2351 2064 2424 tamen,
2097 2343 2299 2397 exclusi
2340 2345 2603 2399 bellorum
2647 2343 2978 2424 tumultibus,
3004 2350 3141 2424 nihil
3169 2354 3235 2406 ad
3265 2352 3441 2424 ipsum

1862 2412 2156 2486 litterarum
2190 2430 2380 2468 novem
2411 2432 2671 2471 annorum
2702 2420 2878 2486 spatio
2908 2423 3203 2478 misissent.
3233 2412 3442 2483 Deinde

1866 2483 1968 2537 ltoc
2018 2487 2068 2538 in
2117 2488 2355 2540 carmine
2406 2486 2626 2542 Fortun.
2677 2483 2748 2544 se'
2777 2507 2880 2544 non
2916 2493 3115 2546 indicat
3162 2496 3441 2553 absentetn

1862 2570 2005 2618 esse,
2036 2557 2176 2625 quod
2208 2557 2281 2609 Illi
2313 2558 2553 2613 solemne
2582 2562 2713 2614 alias
2744 2560 2858 2625 fuit,
2895 2578 2992 2616 net;
3018 2564 3269 2621 absentes
3298 2582 3447 2623 com-

1859 2627 2046 2705 pellat,
2096 2638 2151 2705 et
2180 2642 2274 2705 eos
2305 2627 2424 2682 huic
2456 2632 2777 2685 dedicationi
2807 2634 3120 2705 interfuisse
3160 2638 3309 2704 dicit,
3353 2638 3441 2705 qui

1856 2700 2053 2773 ntirum
2107 2699 2170 2773 si_
2210 2701 2399 2753 absens
2457 2716 2616 2757 nosse
2670 2704 2845 2773 potuit
2895 2708 3037 2773 quod
3092 2699 3431 2765 interessent.

1848 2766 2131 2849 Postremo
2160 2769 2472 2849 ltocpoema
2495 2774 2651 2849 _tanti
2672 2766 2802 2849 'nott
2834 2766 2955 2849 esse
2983 2778 3213 2842 videtur,
3246 2796 3433 2849 quam-

1849 2839 2036 2894 obrem
2079 2856 2143 2896 ex
2188 2840 2360 2895 Gallia
2403 2846 2453 2897 in
2492 2845 2697 2899 Italiam
2751 2847 2881 2900 illud
2929 2854 3170 2905 mitteret
3204 2839 3323 2908 'sive
3370 2854 3439 2910 de

1847 2910 2130 2987 industria,
2160 2912 2273 2967 sive
2303 2915 2556 2968 invitatus-
2583 2916 2650 2971 ab
2672 2916 2849 2987 aliquo
2877 2933 3196 2976 amicorum.

1920 2981 2184 3063 Quocirca
2215 2998 2281 3038 eo
2310 2988 2575 3041 sententia
2610 2981 2941 3058 propendeo,
2976 3002 3031 3045 ut
3064 3004 3246 3063 putem
3288 2994 3429 3053 hunc

1850 3050 2081 3107 Vitalem
2128 3055 2533 3111 Ravennensem
2565 3050 2881 3181 episcopum
2920 3050 3025 3117 non
3064 3050 3229 3120 alium
3264 3050 3434 3122 fuisse

1850 3138 1876 3177 a
1913 3125 2259 3181 Maximiano.
2290 3130 2403 3181 aui.
2434 3145 2522 3181 an.
2554 3131 2586 3181 5
2627 3130 2683 3181 6.
2732 3142 2945 3181 creatus
2993 3136 3278 3181 eniscnmte
3322 3137 3429 3181 Ra-

1848 3138 1876 3177 a
1913 3125 2403 3206 Maxiuqianotqui,
2434 3145 2522 3182 an.
2554 3125 2683 3206 546,
2732 3125 2945 3206 creatus
2993 3136 3278 3206 episcopus
3320 3137 3429 3192 Ra-

1771 3219 1817 3283 C
1850 3197 2161 3283 venaensis,
2199 3198 2335 3251 sedit
2367 3214 2531 3283 usque
2557 3202 2622 3254 ad
2648 3215 2736 3283 an.
2764 3197 3115 3283 $53,_qui_que
3146 3197 3421 3264 basilicam

1846 3270 2015 3321 saneti
2045 3270 2273 3345 Andreae
2293 3282 2631 3345 restaurasse
2654 3274 2721 3327 ab
2751 3270 2975 3345 Agnellio
3004 3270 3210 3333 Raven.
3241 3296 3424 3335 narra-

1846 3347 1954 3421 tur,
1988 3350 2042 3421 ut
2088 3340 2226 3421 infra
2264 3342 2503 3421 dicetur.
2562 3346 2641 3398 Ac
2683 3340 2821 3421 cum‘
2850 3347 2901 3421 is
2947 3348 3030 3421 [ut
3074 3352 3238 3405 refert
3288 3353 3427 3407 idem

1849 3411 2126 3492 Agnellus]
2156 3414 2391 3492 venisset
2419 3411 2966 3492 Constantinopolim:
2993 3428 3051 3492 ut
3077 3436 3271 3492 corpus
3300 3440 3427 3477 san-

1844 3482 1916 3535 cti
1949 3481 2464 3561 andreteaul'erret,
2514 3501 2577 3540 ac
2617 3481 2922 3561 Ravennam
2973 3481 3284 3561 develte'ret,
3323 3510 3425 3550 nec

1840 3554 2106 3677 potuisset
2151 3553 2219 3608 ab
2271 3556 2594 3624 imperatore
2642 3559 3052 3631 Constantinop.
3107 3553 3418 3634 impetrare,

1878 3624 2058 3677 arbam
2098 3625 2166 3677 de
2212 3642 2441 3677 corpore
2490 3629 2728 3677 eiusdem
2769 3633 2938 3677 salicti
2974 3634 3201 3677 Andreus,
3230 3638 3415 3677 api-uir

1878 3624 2058 3701 arbam
2098 3625 2166 3679 de
2212 3642 2441 3701 corpore
2490 3629 2939 3696 ejusdemsancti
2972 3624 3201 3690 AIndreaE
3229 3624 3420 3701 secuit,

1838 3694 2240 3773 ac__l{av_ennatn
2288 3699 2483 3752 detulit
2514 3694 2643 3773 cum
2679 3694 2797 3755 aliis
2836 3703 3076 3773 pluribus
3106 3694 3418 3762 sanetorutn

1839 3766 2100 3848 reliquiis.
2134 3767 2482 3848 Nequevero
2512 3769 2753 3826 insolens
2773 3766 3000 3848 _ut'unus
3051 3778 3295 3848 idemque
3342 3781 3424 3832 vir

1840 3846 1895 3891 et
1927 3836 2111 3892 Vitalis
2140 3840 2579 3916 et-Maximianus
2606 3845 2997 3913 appellaretur,
3028 3836 3327 3916 praesrtim
3358 3866 3420 3905 ea

1840 3917 1997 3989 relate
2036 3924 2138 3989 qua
2171 3911 2370 3989 singuli
2411 3914 2561 3989 plura
2593 3911 2693 3989 sibi
2727 3918 2937 3971 nomina
2980 3911 3333 3989 usurpabant,
3366 3932 3424 3977 ut

1839 3978 2318 4035 animadverttmus
2361 3978 2426 4036 iu'
2461 3984 2576 4039 Vita
2620 3985 2790 4053 Fort.,
2824 4004 2973 4042 num.
3002 3991 3036 4044 5
3064 3978 3129 4046 εί
3148 3992 3201 4044 ιι.
3236 3992 3289 4045 ld
3320 3978 3421 4047 au-

1840 4057 1947 4104 tem
1969 4059 2035 4131 ut
2067 4055 2330 4132 sentiam,
2349 4066 2527 4132 ῃιογςι
2557 4058 2607 4132 in
2638 4060 2826 4127 primis
2850 4059 3018 4129 ipsius
3043 4064 3249 4132 Agnelli
3276 4066 3424 4119 testi-

1837 4122 2101 4188 tnonium,
2134 4128 2223 4191 qui
2267 4124 2414 4179 addit
2442 4122 2821 4182 Maximianum
2853 4122 3119 4186 ὁποιαιαῶ
3147 4133 3280 4188 beati
3310 4139 3421 4190 An-

1836 4194 1973 4270 ἄγρας
2000 4196 2217 4270 apostoli
2262 4210 2376 4249 cum
2407 4199 2546 4270 omni
2576 4198 2842 4270 diligentia
2892 4205 3145 4258 columnis
3197 4223 3427 4260 marmo-

1834 4265 1935 4317 reis
1976 4264 2279 4341 suﬁ'ulsisse,
2331 4269 2611 4337 ablutisque
2641 4264 2848 4326 vEInstis
2876 4274 3056 4341 ligneis
3100 4280 3163 4329 de
3208 4280 3424 4334 nucibus

1835 4339 2120 4412 proconisis
2160 4338 2445 4412 decorasse.
2486 4341 2568 4394 Ab
2600 4356 2664 4395 eo
2709 4342 2889 4412 itaque
2917 4338 2981 4397 ἐι
3025 4347 3421 4404 dedicationem

1837 4408 2070 4489 basilica:
2089 4410 2265 4489 sancti
2293 4414 2519 4466 Andrea:
2542 4408 2872 4468 celebratam
2898 4416 3193 4475 verisimile
3223 4432 3326 4489 est,
3351 4422 3420 4478 de

1834 4492 1937 4546 qua
1971 4478 2056 4532 hic
2086 4478 2428 4539 Fortunatus.

1904 4550 2055 4614 Quod
2088 4564 2217 4604 vero
2265 4554 2458 4632 attinet
2506 4553 2571 4609 ad
2620 4552 2905 4624 Joannem,
2936 4559 3005 4615 de
3033 4578 3143 4632 quo
3174 4566 3276 4618 hoc
3304 4564 3422 4621 loco

1759 4606 1807 4666 Ι)
1838 4606 2018 4674 sermo
2047 4633 2287 4698 est,non
2327 4606 2737 4682 Haveniiensem
2786 4606 3276 4698 antistitem:de
3304 4606 3418 4691 ﬁo:

1846 4708 2061 4772 manum
2101 4693 2267 4748 fuisse
2296 4699 2637 4773 crediderim,
2674 4702 2901 4756 fortasse
2932 4693 3156 4773 hujusce
3185 4709 3419 4763 nominis

1848 4766 2085 4846 tertium,
2130 4782 2163 4846 a
2187 4780 2292 4844 quo
2326 4766 2534 4846 Vitalis,
2565 4773 2855 4842 episcopus
2883 4766 3417 4846 jam'ltavennensis,

1844 4847 1995 4909 saeta
2028 4836 2115 4889 illa
2148 4838 2377 4906 Lipsana
2413 4836 2731 4909 impetrarit,
2758 4836 2819 4897 ἰη
2854 4836 3075 4901 basilica
3104 4859 3277 4903 sanctt
3308 4836 3417 4904 An;

1842 4906 1987 4984 drea;
2003 4909 2313 4984 “condenda.
2348 4906 2513 4984 l’orro
2545 4914 2594 4965 id
2626 4917 2677 4966 in
2708 4906 2859 4969 more
2883 4917 3066 4984 fuisse,
3099 4930 3155 4973 ut
3193 4936 3223 4974 a
3257 4920 3413 4977 ltum.

1843 4978 2184 5060 pontilicibus
2217 4982 2454 5060 reliquiae
2491 4994 2799 5060 sanctorum
2846 4990 2912 5043 ad
2958 4978 3151 5060 templa
3205 4993 3421 5049 ditanda

1842 5051 2279 5116 postularentur,
2344 5057 2473 5108 satis
2533 5058 2769 5110 declarat
2833 5071 2986 5115 vetus
3059 5051 3275 5117 carmen
3352 5067 3422 5120 ab

1841 5123 2064 5201 Agnello
2119 5126 2342 5178 relatum
2372 5125 2424 5179 itt
2476 5125 2591 5180 Vita
2642 5128 2861 5204 Joannis
2908 5133 3419 5204 episcopi-limem,

1843 5198 2364 5269 quintonasteriutu
2420 5208 2726 5253 sanctorum
2785 5198 2990 5269 Marci,
3042 5198 3313 5269 Marcelli.
3368 5198 3425 5264 et

1845 5262 2107 5347 relicom.
2146 5276 2481 5347 exstinxerat
2526 5288 2547 5347 _:
2605 5272 2745 5340 quod
2795 5262 3047 5341 Carmen,
3098 5292 3261 5347 supra
3303 5262 3422 5333 'vals

1842 5348 1935 5388 vas
1982 5337 2109 5391 dicti
2164 5339 2471 5394 monasterii
2524 5337 2859 5414 inscriptum,
2914 5337 3043 5402 haec
3083 5337 3243 5405 habet
3282 5354 3422 5406 inter

1841 5416 2031 5460 caetera
2066 5426 2075 5459 :

1965 5478 2131 5557 lucida
2158 5482 2449 5557 prin-fulgent
2473 5496 2743 5557 sanctorum
2772 5489 2935 5557 limina
2957 5492 3129 5557 templi

2035 5544 2196 5611 Muret,
2225 5544 2457 5611 Marcelli,
2486 5548 2811 5611 Fttliculaaque
2836 5555 2996 5604 simul.

1966 5604 2338 5682 Pontilicesltos
2364 5610 2511 5658 liettta
2533 5622 2679 5682 cepit,
2705 5604 2808 5664 inec
2830 5627 3009 5679 martyr
3030 5619 3253 5682 habetur;

2029 5668 2210 5716 Horum
2232 5674 2496 5731 tjrcgortus
2521 5668 2603 5723 dat
2626 5668 2741 5738 pqia
2767 5668 3023 5741 relliquias
3052 5698 3062 5732 :

1966 5732 2093 5809 Quas
2119 5739 2242 5809 petit
2265 5746 2467 5785 allllsle)
2490 5750 2584 5784 mei
2600 5732 2957 5809 itisiaummque
2978 5747 3217 5809 Joannes;

2028 5794 2332 5870 l'att'ttla_pr_t)
2357 5804 2790 5870 sutttmtsnreddcre
2814 5794 2936 5853 duit:
2962 5818 3094 5870 parat

1918 5853 1933 5893 ί
1968 5855 2023 5910 1η
2058 5875 2159 5911 uno
2203 5853 2335 5915 eoa.
2373 5862 2511 5927 Vat.,
2551 5863 2715 5919 l’italc
2759 5853 3094 5940 argentei—er
3120 5880 3401 5949 superscri.

1836 5937 1984 6000 plum
2013 5944 2241 5999 rogante.
