4236 6552
756 407 818 461 0‘7
1466 394 1781 454 VENANTII
1823 393 1986 449 HON.
2029 391 2239 447 CLEM.
2286 385 2674 444 FOBTUNA'l‘l
2716 384 2996 441 OPERUM
3040 384 3217 441 PARS
3258 386 3295 440 Ι.
3957 384 4023 443 68

822 518 1069 574 Condidit
1094 517 1311 585 egregio
1338 515 1543 568 viscera
1574 522 1759 568 sancta
1794 513 1932 565 loco.

750 614 796 671 Ο
820 614 1043 669 nimium
1072 610 1219 673 felix,
1251 617 1511 661 aeternum
1546 607 1596 659 in
1630 607 1807 659 lumen
1835 604 1993 669 ilure,

825 707 984 775 Cujus
1015 704 1121 758 vita
1153 716 1249 757 suo
1277 698 1494 770 prolicit
1521 700 1619 753 ista
1652 698 1763 753 Deo
1790 698 1865 769 [in
1900 694 2121 765 studio].

1359 802 1584 859 CAPUT
1626 800 1714 855 III.

1112 884 1187 940 De
1237 884 1447 938 basilica
1486 882 1661 935 damni
1704 879 1982 948 Stephani.

754 981 952 1051 {Sancti
984 979 1258 1049 Stephani,
1296 974 1819 1051 protomartyris,,in
1862 982 2033 1051 morte
2061 968 2338 1051 subeunda

756 1048 773 1055 ’
832 1068 924 1119 pro
953 1041 1165 1106 Christo
1199 1041 1528 1122 triumphum
1572 1041 1627 1122 et
1655 1045 1889 1122 gloriam
1914 1041 2173 1122 describit
2202 1059 2213 1093 :
2247 1055 2340 1093 cu-

824 1113 909 1191 fus
948 1123 999 1177 in
1051 1113 1379 1177 memoriam'
1413 1113 1687 1173 Palladius
1739 1113 2018 1170 basilicam
2048 1113 2323 1167 dedicave-

826 1218 956 1269 rat.l
1016 1218 1030 1229 ’

826 1212 956 1285 rat.]
1016 1218 1030 1229 ’

760 1307 936 1362 Gloria
963 1305 1103 1360 celsa
1138 1305 1253 1373 pios
1283 1301 1494 1358 Domini
1528 1298 1830 1356 circumdat
1865 1299 2088 1363 amico“,

825 1402 1057 1468 Quorum
1090 1395 1337 1452 diﬂ'usutn
1369 1394 1504 1451 vivit
1535 1395 1589 1450 in
1620 1394 1752 1450 orbe
1780 1395 1965 1449 decus.

756 1492 980 1550 Pertulit
1005 1490 1091 1544 hic
1123 1498 1325 1560 martyr
1352 1502 1448 1557 pro
1474 1486 1692 1541 Christo
1720 1485 1947 1541 orientis
1998 1484 2049 1538 in
2084 1502 2197 1548 ηπ,

829 1586 967 1640 Ecce
997 1582 1097 1640 sub
1125 1594 1317 1637 oceaSu
1355 1580 1553 1652 templa
1584 1581 1775 1635 beatus
1804 1579 1988 1635 habet.

756 1682 1026 1736 Fundulus
1054 1679 1244 1733 virtute
1270 1677 1387 1743 Dei,
1414 1676 1483 1732 de
1513 1685 1685 1729 morte
1714 1673 2055 1742 triumphans

832 1774 1057 1844 Excepit
1081 1772 1313 1842 lapides,
1338 1773 1423 1827 cui
1451 1781 1598 1841 petra
1626 1769 1867 1825 Christus
1888 1776 2027 1822 erat.

761 1869 899 1923 Ceus
929 1868 1108 1923 Judaza
1126 1867 1304 1931 ferox,
1331 1866 1682 1933 Stephanum,
1712 1878 1872 1933 quem
1898 1861 2125 1931 perdere
2152 1862 2341 1927 credis,
2374 1877 2425 1936 Β

830 1959 894 2013 Ει
921 1959 963 2011 si
988 1972 1169 2021 carne,
1199 1964 1375 2011 tamen
1410 1956 1582 2009 nescit
1613 1954 1822 2009 honore
1848 1953 2010 2007 mori.

757 2049 850 2103 ille
880 2058 1022 2102 leuet
1054 2047 1283 2116 palmam
1317 2045 1547 2108 meritis,
1576 2053 1634 2099 tu
1665 2044 1897 2099 crimine
1925 2058 2163 2113 pinnam,

829 2141 1070 2197 Possidet
1093 2140 1184 2195 ille
1216 2140 1390 2209 polos,
1420 2150 1477 2193 tu
1506 2138 1677 2207 magis
1711 2138 1812 2191 ima
1846 2138 2003 2207 petis.

758 2234 884 2293 Haec
914 2248 1065 2291 sacra
1094 2232 1361 2288 Palladius
1392 2239 1418 2268 ι
1451 2230 1651 2287 Levita:
1683 2229 1879 2295 templa
1913 2227 2109 2283 locavit

830 2328 978 2385 Unde
1006 2326 1107 2383 sibi
1138 2325 1268 2383 Sciat
1297 2322 1326 2364 δ
1356 2340 1463 2380 nou
1496 2324 1736 2395 peritura
1764 2322 1981 2378 domus.

1374 2422 1602 2483 CAPUT
1643 2426 1735 2481 IV.

1148 2510 1225 2565 De
1263 2508 1474 2563 basilica
1513 2508 1674 2562 sancti
1717 2504 1955 2559 Martini.

760 2602 1063 2681 [Basilicam
1096 2602 1149 2657 in
1177 2602 1437 2657 honorem
1471 2599 1645 2681 sancti
1675 2598 1886 2681 Martini
1929 2613 1957 2649 a
2004 2594 2202 2681 Fausto
2229 2594 2347 2681 cpia

828 2681 1283 2747 scepoereetam,
1310 2681 1367 2728 et
1410 2670 1678 2727 cel‘ehrem
1728 2670 2015 2739 religione,
2073 2666 2177 2722 hoc
2228 2680 2347 2722 car-

828 2743 974 2804 mine
1006 2743 1286 2817 illuStrat.]

762 2841 973 2901 Emicat
1003 2838 1122 2893 aula
1152 2838 1375 2902 decens,
1406 2833 1718 2890 venerando
1748 2832 1804 2887 in
1836 2828 2071 2887 culmine
2096 2828 2278 2899 ducta,

834 2933 1063 2990 Nomine
1085 2930 1297 2987 Martini
1330 2926 1657 2985 sanctiﬁcata
1687 2926 1820 2982 Deo.

764 3024 860 3083 Cui
892 3027 1013 3082 vita:
1044 3024 1237 3079 merito
1270 3018 1460 3077 liducia
1487 3026 1629 3075 tanta
1662 3030 1928 3087 coruscat,

834 3116 905 3174 Ut
934 3116 1148 3187 populis
1174 3114 1374 3171 tribuat
1395 3112 1538 3184 quod
1582 3112 1665 3183 pia
1700 3123 1825 3167 vota
1855 3121 2067 3183 rogant.

768 3209 970 3266 Extulit
996 3210 1132 3264 hanc
1156 3208 1384 3263 Faustus
1419 3220 1440 3247 ο
1468 3206 1667 3262 devoto
1696 3206 1860 3261 corde
1891 3207 2180 3272 sacerdos;

835 3302 1087 3361 Reddidit
1111 3304 1165 3360 et
1197 3302 1421 3357 Domino
1447 3314 1705 3370 prospera
1726 3299 1865 3354 dona
1897 3311 1997 3355 suo
2026 3298 2072 3354 «³.

1388 3403 1619 3459 CAPUT
1660 3402 1726 3457 V.

803 3494 869 3550 In
909 3493 1152 3550 cellulam
1191 3491 1353 3546 sancti
1396 3489 1633 3561 ﬂartini,
1669 3489 1754 3543 ubi
1793 3504 2070 3561 pauperem
2098 3488 2315 3557 vestivit,

1153 3573 1367 3636 rogante
1409 3558 1660 3633 Gregorio
1697 3558 1962 3631 episcOpo.

779 3656 987 3732 [sancti
1013 3657 1222 3732 Martini
1275 3654 1604 3732 Turonensis
1652 3653 2022 3732 liberalitatem
2056 3654 2129 3732 _in
2176 3652 2355 3709 detra-

850 3728 1157 3785 hendasibi
1193 3727 1609 3795 tunica,,atque
1651 3726 1777 3779 inde
1828 3723 2109 3780 vestiendo
2156 3739 2353 3795 egeno,

844 3800 1080 3856 celebrat
1108 3799 1209 3853 hoc
1234 3798 1497 3862 carmine,
1522 3810 1735 3864 unaque
1754 3796 1854 3866 loci
1884 3795 1938 3851 in
1971 3811 2077 3866 quo
2100 3795 2151 3852 id
2176 3808 2353 3852 actum

844 3874 1016 3927 fuerat
1046 3870 1359 3939 religionem
1392 3864 1781 3938 commendat.]

780 3965 881 4033 Qui
912 3962 1152 4019 celerare
1182 3975 1362 4030 paras,
1393 3959 1494 4014 iter
1524 3958 1625 4014 huc
1654 3957 1879 4016 deflecte
1905 3960 2102 4027 viator,

847 4052 943 4107 Hic
966 4052 1112 4105 locus
1138 4051 1380 4104 orantem
1422 4046 1630 4101 cautius
1667 4046 1743 4101 ire
1774 4047 1955 4102 docet.

850 4193 874 4221 ο
915 4182 1203 4247 Palladius,
1228 4181 1512 4251 episcopus
1542 4180 1917 4247 Santouensis,
1946 4181 2175 4237 ﬂorebat
2199 4190 2359 4239 relate

785 4254 1080 4319 Fortunati,
1111 4253 1264 4321 cujus
1292 4266 1435 4320 saepe
1478 4252 1802 4307 mentionem
1858 4253 1987 4307 facit
2034 4253 2194 4321 Greg.
2226 4253 2357 4309 Tur.

779 4328 832 4383 in
878 4327 1012 4380 llist.
1059 4327 1244 4378 Franc.
1277 4323 1396 4390 lpse
1444 4323 1495 4377 in
1548 4322 1820 4377 basilicam
1872 4325 2040 4379 sancti
2092 4324 2357 4394 Eutropii,

782 4406 1049 4452 vetustate
1079 4396 1391 4463 collapsam,
1445 4408 1508 4447 ac
1556 4394 1779 4460 pristino
1816 4394 1998 4448 decori
2033 4397 2351 4465 restitutam,

778 4470 1017 4537 ejusdem
1049 4468 1217 4520 sancti
1277 4465 1540 4537 pomilicis
1586 4465 1795 4519 eineres
1851 4466 2130 4530 intulerat,
2184 4481 2248 4520 ac
2304 4468 2355 4520 iu

783 4535 901 4592 loco
928 4552 1083 4606 quem
1146 4538 1210 4591 ad
1263 4535 1312 4589 id
1370 4545 1646 4603 paraverat
1689 4537 2027 4605 deposuerat,
2081 4545 2137 4590 ιιι
2176 4548 2357 4592 narrat

2378 3246 2429 3312 (Ξ

2361 513 2411 569 Α
2440 506 2600 560 Exsul
2632 508 2771 559 enim
2809 506 2987 563 terris.
3020 504 3140 560 εωιὶ
3171 506 3340 559 incola
3382 520 3528 573 smne
3552 507 3762 561 solebat

2513 600 2739 655 Clausus
2764 601 3020 655 Martinus
3054 601 3175 654 hinc
3214 600 3425 667 aperire
3460 602 3629 667 polos.

2442 696 2582 750 jEde
2614 696 2712 748 sub
2745 695 2842 748 hac
2872 694 3142 758 habitans,
3172 696 3335 746 (διθιιιί
3388 704 3593 748 secreta
3626 694 3860 755 tenebat,

2516 786 2614 840 Per
2641 786 2848 840 medios
2879 786 3102 854 populos
3132 786 3451 839 anachoreta
3486 796 3700 856 potens.

2443 876 2561 941 Hic,
2592 885 2615 913 ε
2650 891 2710 931 se
2737 877 2960 943 nudato,
2993 876 3170 929 tunica
3199 878 3413 931 vestivit
3455 893 3703 947 egenum,

2516 969 2647 1022 Dum
2671 970 2797 1039 tegit
2824 968 3115 1039 algentem,
3160 970 3277 1038 plus
3305 972 3447 1024 calet
3475 974 3586 1041 ipse
3616 968 3739 1027 fide.

2442 1060 2579 1115 Tum
2608 1062 2694 1115 vili
2730 1062 2903 1115 tunica
2935 1062 3163 1115 vestitur
3194 1072 3245 1115 et
3274 1064 3387 1131 ipse
3410 1066 3693 1131 sacerdos;

2516 1153 2891 1223 Processitque
2918 1153 3061 1223 inopi
3107 1156 3340 1224 tegmine
3369 1171 3610 1212 summus
3652 1160 3849 1214 honor.

2444 1246 2542 1312 Qui
2573 1254 2747 1300 tamen
2775 1243 2956 1300 altaris
2982 1260 3134 1301 saera
3160 1247 3287 1301 dum
3317 1252 3569 1320 mysteria
3606 1259 3793 1307 tractat
3812 1296 3821 1317 ,.

2514 1336 2789 1409 Signando
2812 1340 3056 1405 calicem,
3089 1339 3237 1411 signa
3267 1341 3421 1396 beata
3470 1343 3638 1399 dedit.

2446 1428 2689 1497 Namque
2721 1428 2814 1483 viri
2845 1445 3000 1485 sacro
3027 1431 3094 1487 de
3128 1434 3325 1487 vertice
3356 1434 3571 1489 flamma
3604 1436 3852 1506 refulsit;

2521 1522 2657 1592 Ignis
2685 1533 2739 1579 et
2770 1523 2985 1579 innocui
3016 1526 3188 1595 surgit
3229 1527 3294 1581 ad
3326 1538 3470 1582 astra
3502 1530 3712 1599 globus.

2447 1626 2525 1671 Ac
2557 1615 2803 1671 brevibus
2833 1616 3073 1685 manicis,
3103 1618 3256 1672 fieret
3282 1635 3348 1674 ne
3378 1621 3570 1688 injuria
3602 1622 3831 1691 dextrae,

2589 1706 2860 1763 Texerunt
2885 1725 3125 1779 gemmae,
3163 1728 3264 1781 qua
3300 1728 3425 1768 caro
3452 1716 3593 1769 nuda
3623 1716 3742 1775 fuit.

2450 1800 2673 1856 Brachia
2708 1803 2964 1857 nobilium
2994 1802 3229 1872 lapidum
3263 1806 3467 1877 fulgore
3499 1819 3821 1877 coruscant,

2593 1891 2755 1959 Inque
2785 1892 2902 1947 loco
2931 1894 3123 1948 ιιιιιίρω
3158 1896 3377 1964 pulchra
3406 1900 3725 1968 smaragdus
3755 1910 3896 1955 erat.

2452 1983 2620 2053 Quam
2646 1984 2784 2039 bene
2814 1997 3106 2052 mercatur,
3141 1989 3252 2058 qui,
3284 1989 3410 2044 dum
3442 1992 3653 2046 vestivit
3681 2007 3903 2061 egenum

2594 2076 2848 2147 Tegmine
2880 2093 2974 2147 pro
3006 2080 3197 2135 tunica:
3222 2080 3436 2136 brachia
3463 2098 3672 2153 gemma
3704 2084 3854 2156 tegit.

2451 2169 2531 2225 Tu
2561 2185 2811 2241 quoque,
2857 2173 2947 2241 qui
2979 2173 3135 2229 cmlis
3188 2173 3404 2231 habitas
3431 2220 3445 2243 ,
3490 2178 3717 2236 Martiae
3749 2194 3993 2251 precato-

2605 2265 2709 2321 Pro
2740 2265 3033 2321 Fortunato
3063 2270 3141 2323 fer
3170 2270 3251 2339 pia
3285 2270 3445 2326 verba
3480 2272 3611 2327 Deo.

2450 2356 2696 2429 Imperiis
2725 2374 2909 2428 parere
2944 2356 2964 2396 τ
2994 2361 3125 2425 tuis,
3172 2362 3293 2429 pie,
3340 2365 3504 2420 cbare
3527 2366 3819 2435 sacerdos,

2594 2451 2860 2517 Quantum
2894 2466 3054 2521 posse
3086 2452 3248 2523 valet,
3282 2456 3401 2525 plus
3428 2458 3561 2513 mihi
3587 2460 3723 2515 velle
3754 2460 3953 2530 placet.

3058 2563 3286 2622 CAPUT
3328 2567 3415 2623 Vl.

2854 2653 2934 2710 De
2959 2657 3169 2712 basilica
3198 2662 3360 2714 sancti
3387 2656 3623 2717 Martini.

2458 2743 2691 2818 [Leontii
2734 2744 3155 2817 Burdegaleusis
3198 2750 3467 2818 episcopi,
3500 2752 3553 2808 i'n'
3607 2753 3825 2809 basilica
3873 2759 4050 2814 sancti

2526 2816 2739 2897 Martini
2766 2816 3115 2897 exi-struenda,
3147 2831 3201 2897 et
3231 2816 3518 2897 Placidiuae
3539 2867 3555 2891 ,
3610 2825 3728 2897 ejus
3756 2830 3884 2881 olim
3912 2843 4051 2884 uxo-

2534 2889 2631 2967 ris,
2666 2889 2717 2941 iu
2745 2890 2933 2967 eadem
2956 2891 3199 2967 ornanda
3228 2889 3602 2967 liberalitatem
3631 2889 3695 2967 ac
3721 2897 4045 2967 religionem

2534 2960 2896 3033 commendat;
2924 2969 3033 3033 tum
3064 2961 3167 3017 loci
3190 2964 3243 3018 in
3276 2979 3381 3033 quo
3404 2964 3579 3022 fuerat
3606 2965 3692 3022 illa
3724 2960 4049 3027 inradilicata

2528 3032 2895 3086 ammuitalem
2918 3030 3220 3106 describit.]

2457 3122 2557 3194 Qui
2583 3125 2734 3193 cupit
2762 3134 2964 3180 aeterna
2996 3126 3193 3182 sociari
3222 3137 3249 3177 8
3283 3129 3334 3185 in
3363 3131 3495 3187 sede
3526 3131 3732 3200 beatis,

2606 3218 2713 3273 llos
2740 3217 2841 3274 sibi
2875 3220 3162 3290 participes
3186 3235 3281 3291 per
3308 3221 3391 3291 pia
3422 3233 3543 3279 vota
3572 3223 3721 3281 facit.

2461 3311 2571 3373 Nec
2600 3313 2800 3384 patitur
2826 3313 3045 3369 dilierre
3073 3314 3191 3385 diu,
3222 3318 3362 3385 quod
3389 3326 3605 3388 oportet
3630 3319 3863 3389 agendo,

2598 3404 2735 3461 Cum
2762 3406 2903 3462 bona
2932 3423 3052 3477 qua:
3080 3407 3292 3464 dederit
3325 3410 3439 3465 haec
3466 3426 3563 3465 sua
3588 3412 3735 3467 lucra
3763 3424 3927 3483 putet

2456 3500 2712 3556 Condidit
2736 3516 2864 3571 ergo
2892 3503 3036 3557 arvis
3067 3503 3285 3558 delubra
3321 3504 3578 3561 Leontius
3609 3503 3638 3542 δ
3668 3508 3809 3564 alma
3830 3547 3846 3575 ,

2602 3592 2827 3649 Talibus
2857 3594 3073 3661 officiis,
3106 3596 3269 3651 intret
3294 3604 3354 3651 ut
3383 3597 3498 3668 ipse
3525 3598 3701 3667 polos.

2462 3686 2669 3741 Martini
2700 3687 2907 3742 meritis
2934 3697 2989 3743 et
3016 3688 3237 3744 nomine
3266 3689 3397 3745 fulta
3426 3704 3705 3747 coruscant
3731 3709 3745 3755 ;

2604 3780 2773 3845 Quem
2802 3788 3009 3836 certum
3042 3791 3127 3835 est
3156 3782 3315 3837 terris
3343 3785 3495 3854 signa
3521 3784 3735 3840 dedisse
3768 3787 3896 3856 poli.

2459 3870 2560 3940 Qui
2587 3872 2752 3942 lepra:
2784 3875 3021 3929 maculas
3058 3874 3075 3912 ί
3112 3876 3377 3931 medicata
3410 3889 3503 3945 per
3533 3886 3715 3933 oscuta
3746 3894 4010 3951 purgans,

2606 3962 2757 4017 Pacis
2789 3965 2858 4018 ab
2887 3966 3139 4035 amplexu
3171 3966 3416 4022 morbida
3445 3953 3584 4024 bella
3612 3971 3757 4025 tulit.

2463 4053 2591 4107 Hatc
2622 4063 2802 4109 tamen
2830 4055 3050 4124 ingenio
3078 4065 3205 4111 sunt
3232 4057 3492 4113 aedificata
3524 4061 3699 4128 perito
3720 4094 3737 4128 ,

4030 2224 4043 2249 θ

2460 4188 2835 4249 Matisconensi
2864 4205 2902 4243 ιι
2931 4189 3174 4246 interfuit
3211 4207 3299 4247 an.
3333 4189 3461 4249 585.
3511 4194 3607 4250 ilic
3637 4196 3776 4253 idem
3811 4214 3933 4256 esse
3969 4217 4020 4257 ve

2460 4261 2619 4316 detur
2647 4262 2716 4316 de
2740 4277 2845 4330 quo
2872 4262 2976 4317 hoc
3007 4262 3058 4315 in
3086 4263 3206 4318 loco
3235 4263 3577 4321 Fortunatus.

2530 4330 2559 4369 Α
2600 4331 2748 4405 Unus
2776 4332 2907 4405 Cod.
2930 4330 3088 4405 :Vat.,
3113 4351 3354 4405 prospera
3378 4340 3514 4404 dona
3538 4354 3653 4394 sua.

2537 4412 2561 4439 ε
2590 4402 2882 4477 Sulpicius,
2911 4402 3243 4477 dialogilib.
3266 4423 3324 4473 ιι,
3353 4411 3471 4477 cap.
3502 4402 3552 4476 l,
3591 4422 3772 4466 narrat
3798 4413 3901 4470 hoc
3933 4415 4046 4473 Γεδε-

2466 4485 2575 4530 tum
2617 4475 2907 4553 contigisse
2937 4475 3001 4553 _i_n
3034 4478 3326 4553 secretario
3353 4475 3594 4535 ecclesiae
3625 4498 3639 4535 :
3668 4500 3829 4553 quem
3873 4487 3927 4540 iu
3970 4490 4048 4541 lo-

2462 4560 2585 4626 cum
2618 4560 2679 4600 se
2710 4551 2906 4626 abdere
2934 4547 3189 4626 Martinus
3212 4562 3563 4626 consueverat
3590 4594 3605 4618 ,
3654 4547 3828 4610 donec
3860 4560 3911 4609 in
3949 4575 4050 4626 po—

783 4610 942 4685 Grcg.
975 4608 1323 4685 T_tt_ron.,-lib.
1359 4606 1469 4685 ide
1518 4606 1700 4660 Gloria
1720 4616 2061 4685 Jllal'lyl'uul,
2084 4622 2231 4685 _cap_._
2258 4608 2348 4663 56.
2378 4623 2433 4684 ι)
2463 4618 2666 4685 pulum
2694 4617 3064 4684 prodeundum
3106 4628 3251 4674 esset
3295 4622 3361 4675 ad
3417 4637 3528 4675 rem
3552 4606 4051 4685 *s'ac’rs'ui'rli’czéﬁ.

784 4684 864 4736 An
897 4675 982 4732 hic
1014 4680 1155 4732 idem
1204 4678 1318 4746 ipse
1364 4676 1508 4730 fuita
1564 4693 1669 4746 quo
1718 4675 2039 4731 Fortunatus
2082 4675 2354 4733 basilicam

783 4752 951 4805 sancti
984 4747 1239 4818 Stephani
1273 4755 1603 4802 ex5tructam
1636 4746 1796 4804 fuisse
1843 4751 2007 4804 refert
2035 4750 2088 4803 in
2116 4752 2215 4804 hoc
2240 4765 2358 4805 car-

783 4823 927 4875 mine
950 4821 971 4873 ‘l
1512 4874 1513 4879 η

854 4898 921 4945 At
952 4892 1234 4945 Browerus
1265 4890 1465 4943 mavult
1508 4885 1671 4962 hunc
1694 4888 1993 4962 Palladium
2044 4890 2211 4946 fuisse
2240 4894 2358 4962 epi-

786 4978 1008 5032 scopum
1048 4962 1458 5032 Bituriaensem,
1489 4974 1609 5014 cum
1643 4960 1751 5015 duo
1779 4958 2005 5017 Palladii
2038 4965 2090 5016 iu
2120 4958 2362 5032 catalogo

784 5030 1021 5103 episeop.
1054 5030 1461 5086 Bituricensium
1499 5041 1915 5104 recenseantur,
1962 5049 2188 5102 quorum
2228 5030 2363 5088 alter

785 5107 981 5160 saeculo
1004 5113 1213 5173 quarto,
1241 5104 1372 5157 alter
1398 5104 1597 5173 saeculo
1627 5103 1815 5172 quinto
1844 5106 2093 5159 ﬂoruisse
2115 5105 2312 5158 dicitur
2332 5121 2362 5160 a

794 5171 1032 5243 Dionys.‘
1056 5173 1405 5237 Sammarth.,
1438 5173 1491 5225 in
1521 5171 1693 5227 Gallia
1720 5174 2047 5229 Christiana.
2079 5174 2236 5230 Certe
2267 5177 2364 5230 Bi-

790 5248 974 5313 turigis
997 5246 1249 5312 templum
1280 5255 1393 5298 erat
1420 5243 1503 5297 vel
1536 5252 1692 5299 aetate
1732 5243 1894 5315 Creg.
1927 5245 2157 5311 Turon.,
2190 5250 2364 5302 sancti

785 5317 1037 5386 Stephani
1083 5318 1334 5369 memoria
1386 5328 1781 5380 consecratum,
1812 5318 2049 5387 illudque
2082 5318 2361 5385 religioiie,

789 5404 849 5443 ac
874 5387 1261 5455 inagniliceutia
1292 5388 1516 5454 insigne,
1548 5387 1701 5455 cujus
1732 5388 1884 5442 initia
1916 5388 2169 5444 describit
2221 5390 2362 5445 idem

794 5460 950 5528 Creg.
984 5458 1073 5510 tib.
1108 5471 1125 5509 ι
1172 5456 1305 5510 tlist.
1339 5457 1705 5528 Franc.,gcap.
1738 5457 1827 5515 99.

865 5530 886 5566 υ
908 5526 1108 5581 'Alieua
1139 5543 1295 5581 manu
1324 5529 1524 5581 illatum
1556 5526 1748 5593 fuerat,
1778 5542 1835 5584 ut
1864 5531 2029 5587 refert
2072 5534 2247 5587 Brow.
2275 5549 2364 5587 ex-

793 5610 875 5652 stet
906 5610 956 5651 ut
986 5601 1103 5651 inde
1126 5602 1249 5671 sibi.
1272 5600 1353 5671 Erit,
1373 5600 1604 5667 probatis
1635 5601 1784 5655 libris
1807 5603 1875 5657 ab
1904 5605 2019 5671 ipso
2043 5606 2360 5671 repositum,

790 5672 919 5722 unde
944 5671 1037 5724 8th
1062 5672 1203 5722 sliat.
1238 5670 1289 5722 ln
1324 5670 1506 5724 Venet.
1541 5671 1853 5737 Edit.,unde
1880 5670 1970 5728 tibi
1999 5685 2185 5731 servm.
2224 5670 2363 5731 Edit.

789 5742 980 5808 Paris.,
1016 5740 1159 5795 Unde
1192 5741 1288 5793 sibi
1316 5743 1427 5809 ﬁat.

808 5880 811 5882 _
862 5822 882 5849 ο
926 5810 1082 5885 Greg.
1108 5814 1333 5877 'l'uron.,
1365 5814 1455 5865 lib.
1494 5829 1584 5867 \‘lll
1626 5815 1758 5869 llisr.
1807 5816 2023 5885 Franc.,
2051 5838 2101 5876 c.
2132 5817 2223 5881 22,
2250 5835 2363 5875 me-

792 5894 959 5943 oimat
1009 5882 1251 5937 l'attstum
1294 5885 1596 5945 episronum
1632 5892 1980 5950 Auscenseer
2012 5882 2123 5953 ubi
2156 5892 2358 5957 synodo

2461 4681 2605 4771 dam.
2650 4681 2815 4812 1Plura
2840 4688 3071 4744 diximus
3099 4688 3150 4743 in
3195 4694 3334 4746 notis
3374 4693 3437 4746 ad
3481 4693 3648 4750 Vitam
3682 4700 3855 4752 sancti
3899 4681 4051 4755 illar-

2464 4770 2557 4812 ιιιιι
2585 4802 2599 4812 .
2673 4798 2688 4812 .
2720 4773 2803 4812 Ill.

2464 4761 2557 4815 lini
2585 4802 2599 4821 ,
2650 4761 2688 4813 ι.
2720 4773 2803 4813 ιιι.

2542 4829 2567 4910 ς
2595 4827 2862 4910 Distichus
2896 4845 3253 4910 postremusa
3284 4835 3651 4910 superioribus
3683 4839 3986 4910 sejungitur
4012 4858 4044 4898 a

2463 4901 2777 4970 quibusdam
2840 4916 2960 4957 cum
3019 4903 3119 4959 hoc
3182 4901 3394 4961 titulo’:
3448 4905 3579 4961 Item
3645 4901 4025 4967 ad'eu‘ntdem

2467 4975 2645 5047 Breve.
2696 4973 2752 5026 In
2802 4988 2908 5026 uno
2951 4973 3086 5029 Cod.
3138 4974 3254 5047 Vat.
3303 4976 3496 5047 legitur
3539 4994 3657 5034 cum
3708 4982 3809 5036 hoc
3842 4986 4043 5039 titulo:

2467 5044 2562 5099 Isti
2590 5046 2695 5119 duo
2721 5059 2893 5119 versus
2920 5050 3135 5119 saluted
3167 5043 3490 5119 Gregorium.

2541 5126 2566 5163 ε
2598 5118 2651 5169 lu
2702 5130 2807 5169 uno
2854 5117 2987 5171 Cod.
3045 5116 3161 5172 Vat.
3192 5157 3209 5184 ,
3256 5116 3449 5174 sociare
3496 5137 3548 5174 se
3597 5139 3649 5176 in
3696 5126 3816 5179 aede
3845 5125 4050 5192 beatis,

2467 5196 2740 5256 ciirrttpte.

2542 5256 2567 5294 ιι
2599 5258 2874 5336 Leontius,
2905 5258 2973 5313 de
3002 5274 3109 5329 quo
3134 5258 3217 5313 hic
3246 5260 3587 5330 Fortunatus,
3621 5277 3735 5320 erat
3757 5270 4050 5336 episcopus

2470 5328 2879 5405 Burdegalensis
2905 5371 2919 5394 ,
2960 5345 3058 5405 vir
3098 5348 3218 5384 cum
3273 5336 3465 5401 pietate
3511 5328 3805 5393 acivirtute'
3831 5328 4047 5405 animi,

2471 5410 2581 5455 tum
2610 5403 2820 5472 generis
2851 5400 3127 5456 nobilitate
3160 5400 3487 5459 clarissimus
3514 5449 3528 5472 ,
3582 5409 3713 5463 satis
3773 5423 3938 5465 notus
3980 5400 4049 5466 ei

2471 5472 2798 5553 grmiuibus
2848 5472 3119 5553 Fortunati
3148 5514 3163 5540 ,
3208 5486 3261 5527 et
3308 5491 3371 5549 ex
3433 5479 3752 5553 testimoniis
3797 5482 4050 5553 Gregorii

2471 5542 2795 5599 TurOoeusis
2823 5583 2839 5609 ,
2884 5558 3005 5613 qua:
3044 5546 3219 5615 legere
3248 5544 3329 5600 est
3362 5550 3557 5615 passim
3593 5554 3643 5602 in
3677 5549 3815 5607 llist.
3852 5542 4049 5607 Eritne.

2471 5615 2611 5669 Ubiit
2661 5629 2801 5687 anno
2846 5616 3064 5669 circiter
3104 5614 3237 5674 567.
3284 5614 3369 5671 ac
3398 5624 3619 5687 proinde
3666 5639 3768 5677 non
3820 5626 3913 5679 diu
3955 5641 4047 5678 su-

2475 5700 2685 5757 perSIes
2717 5686 2811 5737 fuit
2844 5698 2957 5751 poSt
2986 5686 3271 5741 adventum
3304 5686 3579 5746 Fortunati
3612 5697 3659 5745 in
3688 5693 3940 5750 Galliam.

2552 5754 2567 5792 ί
2607 5757 3100 5843 Narrate-Sulpicius,
3127 5759 3219 5843 lib.
3246 5763 3315 5843 Ide
3337 5761 3448 5843 Vita
3474 5767 3639 5817 sancti
3663 5766 3914 5843 Martini.
3932 5787 4055 5843 cap.

2479 5829 2573 5890 19,
2619 5827 2758 5902 quod
2794 5828 3044 5902 Martinus
3076 5837 3210 5899 apud
3246 5832 3480 5887 Parisios
3510 5877 3522 5899 ,
3573 5853 3690 5891 cum
3726 5842 3871 5893 urbis
3904 5827 4058 5902 illitis

2485 5908 2685 5963 portam
2740 5899 3138 5961 ingt‘edeietur.
3193 5903 3406 5957 obvium
3440 5908 3621 5962 habuit
3654 5913 3824 5964 virum
3860 5899 4059 5983 lepra:
