4236 6552
157 413 217 471 69
1356 416 1717 476 MISCELLAi

1811 420 1861 475 ι.
1901 451 1973 463 -
2013 419 2142 478 LIB.
2184 420 2224 477 1.
3374 429 3446 494 70

285 529 402 596 Quo
435 536 462 566 ει
495 528 630 584 nihil
661 532 911 603 egregius
938 530 1109 603 gloria
1141 533 1319 589 laudis
1348 546 1493 606 eget.

159 623 377 680 Additur
396 623 466 678 ad
490 627 765 694 specimen
790 627 941 681 locus
964 625 991 663 δ
1018 626 1153 698 ipse,
1180 629 1323 698 quod
1346 631 1550 688 eminet
1571 633 1737 703 arvis,

292 717 557 787 Elatoque
582 718 733 788 jugo,
762 720 904 775 colle
929 729 1191 787 tumente,
1227 731 1374 791 patet
1401 741 1414 777 :

156 809 314 866 Altius
344 810 541 865 educto
572 811 675 866 sub
705 826 764 867 se
798 822 948 868 tenet
975 814 1157 869 omnia
1188 815 1385 881 dorso,

276 892 357 957 Et
384 919 705 974 quacunque
735 907 888 974 petit,
933 907 1187 963 deliciosa
1217 910 1369 964 videt
1402 928 1413 963 :

154 997 195 1051 Λ
222 997 375 1067 longe
402 997 644 1062 veniens,
675 1007 696 1035 ο
730 999 890 1053 oculo
919 1000 1127 1056 vicinus
1157 1001 1407 1064 habetur,

283 1086 535 1156 Jutigitur
565 1099 807 1157 aspectu,
838 1090 1165 1148 dissociante
1195 1094 1335 1149 loco.

153 1180 261 1247 Quo
287 1179 465 1236 fessus
492 1182 721 1250 rapitur,
754 1184 872 1238 visu
901 1184 1199 1253 invitante,
1235 1189 1427 1252 viator,

283 1270 340 1325 Si
374 1273 510 1339 pede
536 1270 800 1328 defecerit
823 1272 870 1340 ἀ,
898 1274 1103 1331 lumine
1131 1287 1335 1331 tractus
1364 1276 1496 1333 adit.

155 1366 273 1433 Qute
304 1366 579 1420 Piacidina
609 1374 632 1403 ε
660 1366 831 1421 sacris
860 1372 1070 1423 ornavit
1095 1368 1333 1424 culmina
1366 1370 1522 1437 velis,

283 1459 461 1529 Atque
497 1457 513 1496 ί
551 1459 709 1513 simul
741 1468 972 1526 certant,
1010 1461 1095 1515 hic
1125 1459 1285 1526 facit,
1332 1462 1418 1517 illa
1451 1462 1597 1516 colit.

736 1562 965 1618 CAPUT
1010 1564 1116 1618 VII.

151 1643 209 1697 In
236 1644 482 1697 honorem
512 1643 737 1698 basilica:
755 1644 933 1714 sancti
963 1644 1207 1705 Martini,
1262 1661 1417 1713 quam
1438 1647 1735 1714 aedificave-

262 1727 384 1769 runt
408 1714 638 1770 Basilius
669 1726 716 1768 et
742 1713 1120 1788 Baudegundes
1147 1713 1597 1790 [BaudegurndiS].

154 1806 450 1879 [Templum
484 1808 537 1879 in
570 1806 831 1862 honorem
864 1809 1035 1862 sancti
1062 1808 1307 1873 Martini,
1337 1824 1367 1864 a
1402 1811 1621 1877 Basilio,
1677 1822 1732 1869 et

210 1878 571 1948 Baudegunde
593 1922 607 1945 ,
640 1879 757 1949 ejus
791 1878 1050 1950 conjuge,
1086 1891 1398 1935 renovatum
1431 1894 1484 1937 et
1511 1894 1719 1939 restau-

209 1962 377 2004 ratum
431 1960 859 2017 commemorat;
913 1954 1065 2020 aquis
1108 1967 1227 2020 qua:
1273 1954 1485 2009 aedilicii
1542 1956 1717 2011 locum

207 2023 451 2077 obtutum
488 2024 742 2078 tenebant
771 2023 876 2077 alio
906 2021 1198 2093 deductis.]

146 2114 350 2179 Discite,
386 2124 412 2162 ε
436 2114 717 2180 mortales,
748 2115 908 2169 terris
938 2114 1067 2169 nihil
1095 2131 1216 2171 esse
1244 2118 1387 2187 quod
1419 2118 1599 2175 obstet

275 2206 408 2262 Cum
438 2222 594 2262 sacra
623 2208 820 2277 templa
845 2206 968 2277 Dei,
1016 2210 1239 2266 ﬂumine
1270 2211 1378 2265 fixa
1412 2222 1649 2270 manent.

144 2360 273 2407 sum,
305 2343 641 2398 horribiliter
688 2341 1008 2409 deformem,
1043 2360 1273 2410 eumque
1323 2347 1508 2401 osculo
1552 2362 1713 2406 sana-

145 2418 228 2469 vit.
265 2415 443 2470 Facile
464 2415 785 2469 crediderim
815 2416 918 2469 hoc
946 2417 1156 2470 Martini
1185 2415 1382 2471 factum
1410 2420 1462 2472 in
1490 2420 1716 2479 Basilica

144 2486 343 2541 Leontii
379 2490 583 2554 pictura
626 2485 802 2553 aliqua
846 2501 1163 2555 expressum
1198 2490 1495 2545 exstitisse.
1555 2494 1717 2551 Certe

140 2559 187 2612 id
218 2557 375 2612 moris
406 2558 591 2622 fuisse,
620 2566 674 2611 ut
702 2558 922 2622 Templa
947 2559 1116 2612 sacris
1143 2558 1363 2620 picturis
1390 2561 1715 2621 decoraren-

141 2639 240 2693 tur,
269 2628 401 2683 satis
426 2628 585 2683 [idem
614 2628 770 2683 nobis
813 2630 934 2683 facit
966 2629 1077 2698 ipse
1114 2628 1434 2686 Fortunatus
1465 2632 1547 2701 (ut
1579 2636 1711 2694 alios

140 2702 310 2768 plures
340 2702 624 2769 omittam)
653 2716 775 2755 cum
806 2701 939 2754 alias
960 2741 974 2764 ,
1024 2710 1134 2755 tum
1164 2701 1254 2755 lib.
1286 2718 1338 2756 tv
1375 2704 1508 2757 Vita:
1539 2711 1709 2764 sancti

143 2772 367 2845 Martini,
422 2772 508 2827 ubi
559 2782 769 2845 narrat,
817 2772 939 2845 oleo
980 2772 1179 2845 lychni,
1211 2775 1301 2841 qui
1349 2782 1473 2829 ante
1514 2776 1712 2845 pictam

138 2844 421 2913 imaginem
494 2841 938 2913 sanctiqMartini
996 2841 1048 2895 in
1111 2846 1330 2899 basilica
1400 2841 1712 2905 sanctorum

138 2912 353 2970 Joannis
394 2924 449 2991 et
484 2913 649 2991 _Pauli
680 2912 945 2969 Ravennae
980 2915 1219 2981 lucebat,
1249 2916 1528 2972 oculorum
1559 2922 1715 2991 agri-

138 2988 309 3042 tudine
338 3002 400 3041 se
423 2985 589 3040 fuisse
611 2996 879 3039 sanatum.

202 3059 321 3134 {‘ln
352 3058 520 3112 duob.
569 3057 740 3134 Codd.
797 3056 914 3113 Vat.
934 3098 949 3123 ,
1000 3073 1101 3128 quo
1126 3059 1199 3113 nil
1226 3061 1462 3132 egregius
1485 3106 1499 3127 ,
1547 3063 1721 3134 gloria

136 3129 296 3185 laudis
324 3139 442 3199 aget
473 3128 614 3199 quod
649 3130 842 3196 placet.

200 3200 228 3275 ξι
258 3198 410 3275 idem
462 3198 788 3275 Fortunatus
811 3215 991 3275 ,__cap.
1013 3199 1095 3275 di)
1127 3210 1180 3256 et
1219 3201 1301 3275 QQ
1332 3202 1454 3259 libri
1498 3204 1719 3275 hujusce

133 3271 304 3341 primi,
339 3271 600 3343 describit
626 3270 809 3343 villam
838 3270 1136 3343 Vercginis,
1160 3280 1215 3327 et
1237 3271 1417 3330 villam
1445 3270 1719 3333 Proemia-

134 3358 283 3407 cum,
332 3341 468 3398 sitas
519 3346 573 3396 in
620 3356 750 3411 agro
798 3341 1221 3413 Durdeg-ilensi,’
1274 3359 1407 3413 quas
1464 3346 1719 3405 Leontius

134 3414 367 3469 :edificiis
442 3422 801 3468 exornaverat
855 3415 1431 3484 magnificentissimis.
1517 3418 1715 3475 Harum

132 3486 282 3553 igitur
314 3487 369 3540 in
394 3486 662 3547 alterutra
692 3484 984 3540 verisimile
1010 3496 1097 3541 est
1118 3528 1132 3551 ,
1184 3486 1324 3544 hanc
1349 3488 1447 3544 sub
1478 3488 1719 3546 Patroci-

130 3558 213 3612 nio
242 3572 305 3613 ac
336 3556 563 3630 nomine
601 3558 771 3614 sancti
808 3556 1042 3622 Martini,
1065 3558 1399 3614 Turonensis
1424 3561 1715 3630 Antistitis,

134 3629 293 3683 aedem
324 3629 500 3683 fuisse
526 3636 852 3683 exstructam
888 3631 1186 3697 praesertim
1219 3644 1341 3684 cum
1376 3631 1591 3687 iilarum
1612 3629 1713 3688 vilé

130 3699 288 3754 larum
320 3700 463 3755 situs
485 3742 501 3767 ,
550 3699 844 3769 positarum
878 3700 931 3753 in
971 3702 1107 3754 colle
1155 3700 1352 3755 leniter
1376 3702 1581 3757 devexo
1603 3744 1619 3769 ,
1654 3719 1718 3759 ac

166 3773 568 3841 r05picientium
620 3770 1017 3826 arntenissimos
1058 3786 1212 3840 agros
1238 3814 1253 3837 ,
1308 3774 1358 3828 ei
1388 3777 1715 3842 respondeat

147 3857 239 3897 oco
275 3842 331 3897 in
381 3859 495 3913 quo
540 3841 840 3909 Basilicam,
865 3844 1038 3913 sancti
1086 3843 1295 3897 Martini
1337 3841 1715 3902 intedilicatam

127 3912 286 3969 fuisse
320 3912 469 3970 idem
514 3913 845 3969 Fortunatus
889 3912 976 3967 hic
1022 3914 1296 3970 describit.
1341 3915 1494 3983 Quod
1536 3926 1714 3973 autem

127 3988 284 4040 moris
333 3986 500 4041 fuerit
547 3983 811 4055 piissimis
852 3983 995 4040 illius
1037 3986 1214 4041 :etatis
1259 3987 1528 4056 episc0pis
1560 3988 1717 4044 villas

133 4071 251 4111 suas
307 4058 556 4112 delubris
609 4070 834 4121 ornare,
872 4070 953 4127 iac
1006 4057 1263 4126 religione
1321 4059 1717 4127 quodammodo

126 4132 482 4191 communire,
537 4128 669 4181 satis
695 4126 997 4183 ostenditur
1024 4129 1272 4197 exemplo
1313 4126 1542 4196 Nicetii,
1589 4132 1717 4198 epi-

129 4202 265 4268 sc0pi
296 4200 647 4254 Trevirensis
670 4240 685 4265 ,
718 4198 871 4267 cujus
898 4198 1075 4252 villam
1104 4199 1421 4255 describens
1447 4200 1714 4257 Fortuna-

128 4279 222 4334 tus,
264 4272 530 4327 sacellum
576 4270 645 4324 ibi
670 4272 901 4339 positum
927 4270 1165 4327 declarat
1193 4280 1382 4340 aperte
1414 4272 1561 4330 hisce
1593 4289 1715 4332 ver-

125 4343 282 4407 sibus,
314 4344 409 4397 lib.
444 4356 525 4408 ιιι,
558 4356 675 4410 cap.
710 4343 818 4394 ηε

236 4436 409 4485 Turris
433 4436 499 4484 ab
522 4434 726 4501 adverso
744 4446 853 4494 qua:
878 4437 1094 4485 constitit
1116 4435 1259 4501 obvia
1285 4435 1441 4501 Clivo,

298 4502 594 4549 Sanctorum
622 4498 752 4545 locus
776 4504 870 4558 est,
890 4510 1020 4547 arma
1042 4500 1254 4547 tenenda
1280 4502 1408 4549 viris.

191 4596 209 4621 ε
244 4583 297 4637 ln
330 4583 468 4638 Cod.
499 4581 645 4649 Vat.,
680 4584 885 4651 alonge
907 4584 1202 4637 adveniens.

187 4656 209 4691 ά
242 4656 383 4709 Εόίι.
424 4653 577 4708 Paris
602 4696 616 4718 ,
659 4653 900 4725 defuerit;
930 4654 981 4707 in
1014 4669 1206 4725 marg.,
1242 4655 1449 4725 defecit.

192 4736 211 4763 °
246 4727 525 4781 Placidina
573 4723 796 4797 Leontii
861 4740 994 4778 uxor
1040 4724 1247 4792 fuerat,
1299 4723 1701 4797 religiosissima

125 4812 179 4851 ac
202 4798 441 4866 piissima
470 4796 685 4850 mulier.
714 4797 1048 4868 Eratillaex
1081 4796 1429 4862 imperatorio
1469 4813 1701 4868 genere,

121 4881 169 4923 ut
196 4865 405 4924 dicetur
438 4870 600 4934 infra,
637 4880 757 4938 cap.
798 4866 861 4921 i5
889 4865 1113 4938 hujusce
1143 4869 1284 4922 libri.

188 4940 206 4978 τ
235 4942 370 4998 Tres
424 4939 598 4996 Codd.
658 4937 811 5006 vae,
866 4950 920 4996 et
973 4937 1105 4996 Ven.
1167 4940 1295 4995 edit.
1352 4952 1703 5015 certantesque

120 5012 279 5069 simul.

187 5096 209 5133 ις
239 5085 293 5139 ln
322 5084 462 5139 Ven.
489 5082 623 5139 edit.

235 5178 451 5239 Discite,
474 5174 724 5235 mortales,
751 5172 869 5223 nihil
892 5181 966 5225 est
986 5173 1112 5235 quod
1131 5174 1298 5225 obstet
1323 5176 1519 5224 amanti.

197 5260 224 5299 ιι
254 5262 588 5317 Fortunatus
609 5260 663 5312 in
684 5256 839 5331 funus
864 5256 1085 5327 hujusce
1114 5258 1300 5331 Basilii
1334 5260 1550 5329 scripsit
1582 5262 1705 5331 lipi-

124 5335 364 5404 taphium,
419 5332 567 5404 quod
599 5339 773 5404 esslat
801 5328 896 5384 lib.
948 5345 1019 5397 tv,
1068 5346 1120 5385 c.
1161 5327 1247 5383 18.
1298 5327 1705 5389 Intercmteras

122 5402 225 5472 ejus
270 5401 517 5465 virtutes,
571 5401 885 5472 religionem
937 5416 1148 5471 quoque
1197 5417 1259 5456 ac
1304 5404 1699 5459 liberalitatem

122 5479 347 5545 ejusdem
395 5478 450 5531 in
500 5474 670 5529 sacris
714 5472 918 5528 aedibus
944 5472 1177 5528 ditandis
1224 5478 1566 5529 commendat
1618 5476 1699 5531 his

123 5550 347 5604 versibus
380 5569 391 5602 :

203 5646 445 5697 Ecclesias
464 5646 646 5703 (litans,
676 5644 775 5693 loca
802 5650 963 5691 saneta
988 5643 1226 5691 decenter
1249 5642 1521 5706 honoratis;

260 5709 824 5772 Pauperibustribueos,
846 5707 986 5756 dives
1000 5707 1058 5754 ad
1084 5716 1214 5755 astra
1238 5712 1387 5756 subit.

125 5808 191 5857 An
215 5820 337 5858 vero
386 5804 473 5857 lnc
507 5801 665 5854 fuerit
696 5799 921 5853 liae-ilius
963 5800 1049 5853 ille
1074 5801 1203 5853 civis
1249 5800 1602 5856 l’ictaviensis
1630 5802 1697 5857 de

125 5891 217 5943 quo
245 5876 403 5945 (λι-ες.
454 5874 688 5937 'l‘nron.,
743 5872 875 5952 lii-st.
924 5869 1115 5952 fit-anc.
1151 5873 1266 5952 lib.
1314 5888 1393 5952 Iv,
1450 5876 1693 5952 capsit“,

124 5962 220 6027 qui,
250 5943 367 6015 Cum
401 5956 569 6011 statel
596 5959 625 6006 ³
656 5943 895 6024 partibus
929 5943 1234 6012 Ullilperici,
1268 5952 1321 5999 et
1345 5945 1692 6001 ilttmmulum

1733 4633 1785 4691 Ι)

1771 526 1821 606 Α
1850 537 2075 593 Pulchra
2112 556 2207 609 per
2235 550 2493 611 angustos
2521 552 2581 597 ut
2613 556 2866 617 surgeret
2894 548 3017 605 aula
3046 561 3277 622 meatus,

1914 632 1982 686 Et
2007 633 2052 687 si
2086 648 2242 688 mons
2270 636 2459 702 vetuit,
2488 637 2717 705 prtebuit
2745 642 2886 696 unda
2924 642 3124 699 locum.

1844 722 1911 779 Ut
1943 725 2300 780 l'amularetur
2334 727 2526 782 Domui
2556 742 2684 800 vaga
2716 730 2915 801 limpha
2947 749 3217 804 supernas,

1910 821 2170 877 Cursibus
2201 823 2449 894 antiquas
2482 839 2572 881 ars
2605 839 2739 880 nova
2768 828 2945 883 subdit
2976 846 3179 900 aquas;

1841 914 1972 969 Cum
2014 914 2379 986 Baudegunde
2405 933 2515 988 quo
2548 928 2732 975 mente
2765 921 2993 977 Basilius
3017 921 3044 960 ¹ι
3078 939 3175 981 una

1913 1007 2024 1062 Hoc
2064 1024 2353 1079 renovans,
2381 1012 2619 1080 priscum
2652 1014 2853 1081 reddit,
2891 1000 3140 1087 et'auget
3167 1032 3321 1089 Opus.

1839 1099 1948 1166 Sic,
1978 1098 2228 1168 Martine,
2261 1112 2384 1157 tuus
2414 1103 2593 1159 honor
2621 1108 2837 1176 amplus
2869 1109 3069 1178 ubique
3100 1126 3358 1183 meretur,

1915 1194 1979 1248 Ut
2006 1195 2122 1249 loca
2151 1198 2295 1252 nulla
2325 1208 2540 1269 negent,
2570 1215 2678 1270 quo
2710 1201 2724 1238 ί
2761 1201 2857 1258 tibi
2887 1203 3023 1260 festa
3067 1219 3283 1265 sonant.

1839 1287 2053 1343 Talibus
2082 1291 2275 1346 ol'llciis
2306 1302 2554 1362 pacatus,
2587 1296 2766 1364 upime
2794 1297 3069 1367 sacerdos,

1908 1378 2146 1445 Quorum
2182 1382 2194 1430 i
2238 1392 2362 1437 vota
2386 1384 2557 1451 vides,
2587 1386 2753 1443 redde
2779 1388 3013 1462 benigne
3043 1391 3239 1449 vicem.

2434 1496 2662 1556 CAPUT
2702 1499 2835 1557 Vill.

1908 1605 1986 1659 De
2014 1606 2225 1662 basilica
2254 1611 2420 1664 sancti
2458 1609 2711 1667 Vincentii
2738 1610 2765 1653 ιε
2794 1615 2936 1687 apud
2965 1614 3288 1673 Garumnam
3311 1617 3356 1675 ι.

1838 1722 2059 1801 [Sancti
2103 1725 2365 1801 Vincentii
2387 1729 2671 1801 martyris
2704 1731 3032 1801 Aginnensis
3064 1745 3335 1790 certamen
3374 1747 3429 1792 et

1906 1795 2458 1873 gloriam’describit.
2491 1795 2696 1852 Leontii
2730 1795 2967 1873 episc0pi
3009 1805 3424 1873 Burdegalensis

1905 1866 1957 1920 in
1991 1866 2107 1942 ejus
2144 1869 2384 1942 basilica,
2419 1871 2519 1923 sita
2553 1886 2718 1942 prope
2755 1866 3048 1941 Agit’nium,
3102 1866 3340 1932 ornanda
3371 1891 3426 1935 et

1899 1940 2191 2081 :illmljenda
2238 1950 2466 1996 stanneo
2518 1940 2683 2004 tectu“,
2736 1940 3113 2003 liberalitatem
3143 1964 3422 2005 commen-

1934 2020 2005 2064 at.

1896 2010 2005 2064 dat.

1826 2122 2093 2193 Tempore
2117 2125 2222 2179 vita
2247 2125 2453 2194 brevis,
2486 2128 2695 2185 meritis
2727 2130 2786 2185 lit
2813 2130 3026 2203 longior
3053 2134 3211 2191 almis

1904 2218 2278 2289 Augustusque
2309 2221 2425 2275 dies
2458 2223 2629 2277 tendit
2656 2222 2863 2280 honore
2886 2225 3042 2283 ﬁdes.

1827 2366 1924 2436 pro
1971 2351 2242 2436 Sigiberto
2295 2354 2665 2436 advenientem
2717 2372 2837 2436 cum
2882 2362 3222 2436 exercituab
3269 2366 3419 2424 urbis

1825 2427 2073 2505 ingressu
2125 2427 2285 2480 vellet
2336 2429 2879 2505 prohibere,_victus
2930 2434 2999 2486 ab
3055 2434 3246 2489 eodem
3305 2451 3409 2505 est,

1824 2496 1983 2565 plane
2010 2496 2293 2574 incertum:
2333 2500 2595 2553 Eumilem
2649 2499 2818 2555 fuisse
2858 2504 2996 2558 forte
3048 2496 3415 2574 conjecturam

1822 2583 1982 2649 exﬁeo
2007 2568 2787 2649 aliquatn__l'acet‘e_possumus,
2813 2574 3067 2649 quodlib.
3102 2568 3177 2649 ιγ’,
3220 2594 3270 2633 c.
3318 2579 3404 2649 l8,

1820 2638 2170 2712 a_Fortnnato
2217 2639 2429 2712 dicatur
2457 2642 2506 2695 iit
2538 2638 2850 2712 Hispaniam
2899 2645 3095 2702 missus
3125 2638 3288 2707 fuisse
3320 2638 3409 2708 re:-

1820 2709 1907 2765 σίυ
1938 2712 2178 2775 nomine,
2215 2711 2279 2766 iis
2312 2713 2490 2766 verbis
2523 2731 2533 2765 :

1947 2800 2085 2875 Hunc
2108 2802 2468 2875 consultantem
2491 2803 2641 2875 legati
2667 2813 2804 2857 sorle
2828 2807 3139 2875 frequenter,

2011 2864 2139 2913 Misit
2162 2867 2223 2915 ad
2246 2865 2490 2929 Hispanos
2506 2864 2687 2919 Gallica
2710 2883 2823 2919 cura
2852 2864 2997 2921 viros.

1902 2948 1979 3002 Ex
2009 2949 2198 3033 quibus
2227 2958 2593 3033 constatneum
2624 2954 2851 3033 publicis
2880 2958 3291 3033 negotiisfungi
3322 2977 3414 3018 so.

1830 3019 2005 3092 litum,
2034 3030 2086 3074 et
2111 3020 2249 3089 apud
2280 3036 2405 3077 suos
2442 3019 2640 3078 illustri
2672 3027 2721 3079 itt
2756 3025 2874 3081 loco
2904 3019 3089 3084 fuisse.
3121 3019 3412 3092 Jatnvvero

1829 3092 1873 3144 si
1924 3091 2236 3175 cujusquam
2292 3102 2407 3175 erat
2458 3093 2659 3175 legatos
2804 3096 3126 3175 Hispaniam
3170 3091 3415 3175 mittere,

1831 3170 1979 3246 certe
2002 3163 2052 3216 id
2075 3172 2189 3244 erat
2210 3164 2457 3246 maxime
2483 3166 2793 3246 Chilperici,
2824 3163 2932 3246 qui
2957 3179 3011 3226 et
3040 3163 3407 3246 Athanagildi,

1747 3257 1795 3323 Ο
1831 3232 2126 3317 Gothorum
2162 3232 2688 3323 inllii_spania_regis,
2710 3232 2869 3323 ίὶΙῖξιιῖι
2902 3242 3130 3298 duxerat
3150 3232 3403 3323 uxo'rem,’

1826 3307 2067 3379 quamvis
2115 3306 2313 3361 infelici
2365 3306 2669 3379 nuptiarum
2721 3312 2888 3379 exitu,
2941 3325 2995 3368 ut
3027 3316 3307 3373 retulimus
3353 3306 3408 3375 in

1825 3378 1929 3458 vita
1967 3376 2268 3458 fortunati,
2324 3396 2381 3458 _n_.
2430 3377 2607 3458 45.__et
2640 3381 2802 3458 filiam
2851 3376 3032 3458 suam,
3060 3386 3404 3458 Rigunthem,

1822 3445 2193 3528 Reccharedo,
2218 3450 2333 3528 regi
2362 3450 2488 3504 item
2519 3450 2921 3528 Hispaniarum,
2952 3445 3289 3528 At'han‘agildi
3316 3445 3410 3518 ne:

1825 3521 1935 3598 puti
1989 3520 2381 3599 desponderat;
2435 3520 2678 3599 quamvis
2724 3522 2836 3593 jam
2863 3526 2981 3599 iter,
3006 3529 3056 3581 in
3089 3520 3402 3599 Hispaniain

1822 3590 2082 3671 ingressa,
2132 3592 2365 3671 additas
2411 3590 2943 3671 nuptias__pervenire
2970 3598 3111 3653 haud
3149 3590 3403 3671 potuerit.

1821 3659 1973 3715 Haud
2017 3661 2373 3736 inverisimile
2411 3659 2590 3734 itaque
2622 3659 2982 3736 Cliilpericum
3017 3659 3170 3726 usum
3218 3659 3403 3732 Basilii

1822 3744 1983 3798 Opera
2019 3746 2086 3809 ac
2127 3732 2418 3804 diligentia,
2457 3732 2561 3809 qui,
2591 3732 2856 3807 legatione
2898 3753 2996 3809 pro
3020 3755 3081 3796 se
3115 3744 3255 3807 apud
3284 3746 3407 3803 llis-

1856 3816 1989 3858 anos
2014 3804 2351 3886 fungeretur,
2407 3804 2763 3886 eumdem'que
2789 3804 3200 3886 pm'Ghilperici
3240 3820 3406 3886 partio

1819 3816 1989 3927 Banos
2014 3816 2351 3872 tungeretur,
2407 3816 2763 3879 eunidetnque
2789 3824 2887 3879 pro
2914 3816 3200 3882 Ghilperici
3240 3820 3403 3886 parti-

1860 3888 1921 3927 us
1978 3874 2254 3959 adversus
2286 3876 2633 3959 Mutnmulum
2684 3884 2941 3959 stetisse._
2972 3883 3131 3940 Certe
3174 3887 3222 3959 is
3256 3890 3403 3959 regis

1819 3960 1968 4027 amor
2017 3946 2327 4027 nominatur
2382 3964 2410 4001 a
2469 3948 2964 4027 FortunatoLlaud.
3020 3957 3261 4027 carmine
3309 3946 3399 4027 1V8,

1819 4014 1912 4071 lib.
1959 4032 2029 4072 tv.
2057 4015 2447 4094 (Primnum;
2481 4022 2655 4094 inata.)
2686 4052 2753 4062 —
2780 4024 3138 4094 lteccaredus,
3173 4040 3231 4083 ut
3274 4014 3402 4088 alibi

1818 4086 2217 4172 annotavimus,
2243 4090 2389 4172 _tilius
2420 4091 2517 4145 fuit
2548 4086 2903 4172 heuyichildi,
2956 4111 3051 4152 seu
3080 4086 3397 4172 Leuvigildi,

1817 4159 1906 4241 qui
1936 4160 2292 4241 Athauagildo
2323 4172 2472 4241 patre
2514 4166 2618 4217 vita
2649 4165 2850 4233 functo,
2886 4159 3134 4241 )egnum
3170 4159 3396 4241 adEptus

1818 4231 1991 4285 fuerat
2032 4247 2156 4287 cum
2201 4232 2378 4287 Leuva
2422 4236 2586 4290 fratre
2637 4249 2756 4303 suo,
2788 4231 2844 4293 et
2882 4231 3059 4295 Leuva
3104 4231 3398 4301 morte-ex-

1818 4303 2037 4384 stincto,
2092 4312 2257 4384 totum
2288 4305 2403 4373 ipse
2418 4320 2664 4384 Jegnum
2698 4308 2845 4384 solus
2878 4313 3069 4377 tenuit,
3101 4325 3157 4384 ut
3200 4316 3395 4384 legitur

1819 4372 1871 4426 in
1893 4374 2111 4441 epitom.
2170 4372 2370 4454 lli-stur.
2415 4372 2709 4454 ῦπαρ.
2756 4381 2844 4435 us.
2878 4384 2926 4454 .t
2958 4372 3396 4454 licut'igildo-ita-

1817 4458 1921 4522 que
1975 4448 2243 4513 procreati
2298 4447 2741 4522 llernienegildus
2772 4492 2787 4517 ,
2843 4452 2930 4521 qui
2981 4468 3078 4522 pro
3121 4447 3398 4514 catholico

1816 4518 2306 4595 dogmatemartyr
2335 4520 2488 4583 obiit,
2538 4518 2760 4577 a’Patre
2804 4518 2903 4577 suo
2950 4518 3304 4595 interiectus;
3343 4536 3401 4586 et

1819 4584 2177 4668 ﬁeccaredus,
2222 4584 2308 4668 qui
2341 4601 2620 4668 paternum
2645 4608 2868 4668 regnum
2894 4595 3141 4668 adeptus,
3174 4584 3388 4668 geniem

1816 4656 2258 4741 Wisigottliorutn
2275 4656 2635 4741 _in'l-l‘i.span_ia_,
2663 4656 2866 4741 eiurata
2882 4656 3076 4723 Aria'na
3095 4656 3397 4741 impietate,

1810 4728 1875 4811 ad
1901 4730 2225 4811 catholicum
2255 4731 2486 4811 de_Filii
2518 4728 2796 4811 diviniiate
2836 4738 3025 4809 dogma
3067 4728 3395 4811 amplecten:

1810 4800 1935 4855 dum
1978 4804 2271 4879 convertit;
2325 4803 2391 4859 de
2434 4819 2539 4874 quo
2581 4806 2671 4860 hic
2722 4800 3053 4867 sermo-est.
3115 4800 3395 4879 (Secunda:

1809 4887 1946 4944 curm
1976 4876 2141 4944 uota.)

1888 4941 1903 5021 ξ
1933 4944 2003 5021 _l_n‘
2026 4941 2132 5021 uno
2159 4944 2288 4999 Cod.
2309 4945 2469 5021 γαί..
2498 4948 2637 5018 quod
2669 4950 2757 5004 tibi
2786 4958 2913 5021 festa
2943 4965 3147 5010 sonant.

1884 5014 1897 5064 i
1929 5014 2064 5071 lbid.
2097 5017 2246 5071 deest
2271 5017 2485 5073 ultimus
2510 5014 2723 5075 versus.

1886 5083 1912 5122 "
1946 5088 2175 5171 Sanctus
2204 5087 2531 5169 Vincentius,
2560 5090 2889 5171 Aginnensis
2915 5095 3147 5171 civitatis
3170 5108 3391 5171 ‘martyr

1814 5158 2010 5239 fuerat,
2033 5160 2400 5239 enbevitarum
2429 5158 2671 5229 numero,
2702 5174 2757 5219 ut
2786 5167 2953 5239 refert
2975 5166 3135 5239 Greg.
3166 5158 3395 5236 Turuii.,

1812 5229 1953 5305 lih._t_
1980 5232 2047 5285 de
2073 5230 2251 5286 Gloria
2281 5244 2600 5303 martyrum,
2625 5249 2744 5305 cap.
2782 5236 2903 5293 105.
2932 5229 3137 5305 Βιοκνῖ,
3171 5240 3224 5296 in
3259 5229 3398 5305 notis

1810 5303 1875 5378 ad
1919 5301 2290 5378 Fortunatum,
2332 5301 2506 5373 carpit
2538 5301 2852 5378 Daronium,
2904 5312 3047 5378 quod
3099 5301 3143 5366 is
3172 5301 3399 5369 Vincen-

1814 5374 1942 5452 tium
1994 5375 2351 5452 _Ag_innen_sem
2406 5392 2525 5452 cum
2582 5374 2862 5434 Vincentio
2912 5374 3395 5452 Ctesaraugustanu

1811 5445 2137 5519 confuderit,
2192 5448 2266 5519 ad;
2288 5462 2376 5500 an.
2416 5448 2510 5502 501
2546 5489 2566 5519 ,ᾗ
2593 5462 2775 5519 aperte
2818 5445 3236 5510 reclamantibus
3286 5467 3394 5512 tatu

1808 5517 2009 5593 apertis
2034 5516 2196 5593 Greg.
2227 5517 2435 5593 Tur-on.
2458 5531 2511 5575 et
2545 5516 2825 5577 Fortunati
2857 5527 3023 5593 ipsius
3055 5528 3396 5585 testimoniis.

1812 5586 1907 5642 llic
1937 5603 2088 5643 error
2115 5591 2325 5645 Daronii
2356 5590 2440 5645 vel
2492 5593 2610 5648 aliis
2654 5586 2897 5663 pluribus
2939 5602 3237 5653 communis
3264 5598 3389 5666 fuit,

3273 5673 3389 5742 qui.

1889 5798 1910 5872 τί
1933 5800 2066 5854 Tres
2091 5800 2266 5856 Codd.
2302 5800 2444 5869 Vat.,
2478 5805 2613 5856 ultra
2646 5803 2911 5872 Garonna,
2942 5809 3021 5862 vel
3051 5807 3369 5864 Garomnam

1810 5871 1863 5997 {Et
1897 5871 2023 5926 Ven.
2080 5873 2216 5927 Edil.
2249 5892 2261 5929 :
2295 5872 2369 5929 De
2400 5875 2609 5930 basilica
2657 5881 2821 5932 sancti
2860 5879 3115 5935 Vincentti
3161 5882 3294 5936 tituli
3325 5884 3389 5939 dc

1858 5960 2071 5997 aronna.

1858 5960 2071 5998 arentia.
