4236 6548
816 412 869 465 "i
1510 414 1833 470 VENANTII
1874 414 2031 470 HON.
2074 412 2282 469 CLEM.
2328 412 2715 471 FORTUNATI
2753 412 3041 469 OPERUM

2416 540 2469 597 Α
2494 526 2625 581 Nam
2658 543 2775 581 cum
2804 527 2999 595 templa
3033 526 3124 579 Dei
3161 527 3351 592 prrrsnl
3386 527 3450 578 de
3481 540 3627 579 more
3660 527 3832 579 dicavi

812 525 939 578 Post
959 524 1116 579 linem
1148 526 1262 581 sine
1290 527 1393 583 fine
1418 537 1599 582 manet
1628 544 1779 583 mens
1807 528 1988 582 dedita
2020 536 2043 564 α
2072 525 2312 592 Christo,

883 617 1148 686 Linquens
1180 618 1387 673 turbam
1421 619 1716 686 hominum,
1747 630 1850 674 stat
1875 622 2081 674 sociata
2103 620 2236 674 Deo.

820 708 927 762 llac
958 725 1056 776 ope
1086 709 1331 765 suﬂ‘ultus
1358 712 1667 766 Vincentius
1695 720 1870 766 exstat
1893 712 1945 765 in
1977 727 2172 777 savum,

882 802 1059 857 Gloria
1090 807 1329 877 martyrii
1356 807 1509 877 cujus
1538 809 1716 875 Opima
1748 810 1903 862 viret.

810 893 1020 949 Vertice
1047 898 1277 964 succiso,
1310 898 1482 967 rapuit
1511 900 1600 968 qui
1626 914 1689 953 ex
1726 910 1899 953 morte
1927 899 2283 968 triumphum,

879 989 944 1042 Et
972 1004 1111 1043 nova
1139 990 1207 1045 de
1242 992 1394 1045 terris
1422 993 1602 1061 proles
1630 992 1695 1046 ad
1727 1004 1870 1047 astra
1900 993 2062 1046 volat.

808 1081 1210 1137 Crediditunde
1233 1099 1442 1151 necem,
1477 1094 1662 1138 sancto
1692 1085 1839 1138 dedit
1866 1084 2036 1139 hostis
2063 1084 2346 1152 honorem,

883 1174 1273 1245 Percussorque
1298 1177 1466 1246 magis
1497 1185 1669 1230 morte
1699 1191 1936 1245 perenne
1966 1176 2131 1246 jacet.

816 1271 1025 1327 Vicerat
1056 1271 1079 1307 ¹ι
1114 1270 1205 1326 ille
1234 1270 1417 1337 miser,
1443 1269 1583 1323 hunc
1611 1269 1656 1322 si
1683 1269 1928 1337 jugulare
1961 1267 2233 1337 nequisset
2264 1286 2278 1333 ;

880 1361 1009 1415 Nam
1036 1362 1255 1416 abstulit
1286 1360 1425 1415 unde
1451 1369 1630 1429 caput,
1656 1361 1881 1414 contulit
1906 1360 2027 1414 inde
2052 1360 2253 1428 polum.

808 1455 976 1525 llujus
1006 1470 1189 1510 amore
1218 1469 1355 1509 novo
1378 1454 1459 1522 pia
1486 1462 1609 1507 vota
1640 1453 1891 1507 Leontius
1927 1454 2167 1521 explens,

877 1548 991 1613 Quo
1022 1559 1043 1585 ε
1073 1561 1224 1601 sacra
1255 1546 1496 1600 membra
1522 1545 1723 1614 jacent,
1760 1554 1979 1598 stannea
2015 1555 2149 1598 tecta
2177 1543 2343 1597 dedit.

810 1641 875 1694 Et
904 1641 1026 1695 licet
1054 1640 1255 1693 cniteat
1281 1635 1484 1692 meritis
1512 1636 1818 1691 venerabile
1851 1636 2127 1703 templum,

878 1736 1127 1787 Attamen
1159 1740 1405 1785 ornatum
1436 1730 1662 1797 praebuit
1695 1729 1794 1781 iste
1819 1742 1995 1781 suum.

812 1826 1037 1882 Prmmia
1070 1823 1361 1879 succedant
1387 1822 1629 1890 operanti
1666 1822 1816 1890 longa
1840 1820 2045 1874 salutis.

882 1917 1049 1986 Hujus
1080 1926 1135 1970 ut
1165 1914 1437 1983 obsequiis
1461 1914 1692 1968 culmina
1732 1920 1912 1966 sancta
1944 1912 2163 1966 micent.

808 2098 885 2152 De
907 2096 1124 2151 basilica
1155 2095 1319 2149 sancti
1352 2012 1941 2147 VincctzijiTVeliﬁrcmetis
1968 2085 2373 2161 [Virnimetis]d.

809 2189 1109 2263 [Basilicam
1154 2189 1204 2240 in
1239 2189 1553 2263 memoriam
1580 2185 1744 2263 sancti
1774 2180 2031 2235 Vincentii
2060 2180 2380 2263 Aginnensis

875 2278 904 2313 a
939 2262 1157 2313 Leontio
1190 2257 1416 2326 positam
1452 2258 1502 2309 in
1536 2257 1652 2308 loco
1684 2256 1977 2326 lfernemete
2002 2256 2159 2321 vulgo
2190 2250 2379 2318 appel-

877 2333 984 2385 lato
1008 2325 1242 2384 eelehrat
1267 2368 1281 2391 ,
1314 2344 1375 2380 ac
1408 2327 1600 2380 malum
1639 2325 1882 2393 spiritum
1919 2340 1982 2377 ex
2015 2336 2377 2393 energumeno

886 2403 1096 2470 pulsum
1122 2400 1185 2453 ad
1207 2398 1446 2466 ejusdem
1471 2391 1702 2451 basilicae
1729 2391 2377 2461 dedicationem,refert.]

803 2493 1035 2548 Cultoris
1067 2490 1277 2545 Domini
1312 2498 1423 2543 toto
1455 2502 1617 2543 sonus
1647 2488 1776 2541 exiit
1808 2488 1956 2551 orbe,

872 2585 978 2639 Nec
1005 2584 1155 2638 locus
1178 2583 1366 2638 estubi
1401 2596 1459 2635 se
1486 2581 1651 2651 gloria
1686 2580 1825 2634 celsa
1860 2586 2035 2648 neget.

802 2677 907 2733 Sed
938 2676 1093 2747 cujus
1125 2676 1374 2729 meritum
1407 2675 1606 2728 scimus
1638 2688 1952 2741 percurrere
1989 2671 2267 2741 mundum,

874 2769 1039 2838 Huius
1062 2768 1255 2837 ubique
1278 2768 1373 2821 viri
1406 2781 1626 2835 surgere
1654 2767 1846 2834 templa
1877 2765 2055 2821 decet.

804 2859 942 2914 Ecce
965 2861 1114 2913 beata
1148 2858 1315 2912 nitent
1344 2857 1584 2911 Vincenti
1616 2858 1847 2911 eulmina
1878 2857 2095 2925 summi,

873 2952 1088 3007 Munere
1120 2952 1355 3021 martyrii
1383 2950 1473 3021 qui
1501 2949 1629 3006 colit
1656 2959 1803 3004 astra
1837 2950 1963 3019 poli.

800 3043 1084 3113 Promptus
1111 3059 1293 3098 amore
1325 3044 1433 3112 pio,
1466 3058 1581 3113 qua:
1622 3058 1753 3112 papa
1788 3042 2041 3097 Leontius
2068 3042 2195 3098 olim

870 3137 1136 3204 Condidit,
1168 3138 1372 3193 eximio
1406 3136 1733 3192 consolidata
1770 3136 1905 3191 loco.

799 3227 1020 3283 Nomine
1044 3228 1384 3283 Vernemetis
1408 3228 1576 3282 voluit
1598 3226 1831 3281 vocitare
1859 3235 2121 3294 vetustas,

871 3322 1022 3389 Quod
1051 3323 1200 3391 quasi
1234 3320 1413 3375 fanum
1451 3329 1473 3357 ε
1507 3320 1694 3391 ingens
1715 3320 1916 3375 Gallica
1948 3320 2126 3390 lingua
2150 3320 2337 3377 refert.

798 3414 1033 3481 AuSpicii
1067 3416 1338 3483 praemissa
1370 3413 1500 3467 fides
1529 3421 1644 3467 erat
1673 3421 1797 3466 ante
1829 3411 1845 3448 τ
1874 3410 2073 3476 futura,

870 3504 934 3561 Ut
964 3506 1123 3560 modo
1148 3506 1292 3561 celsa
1316 3504 1508 3559 domus
1530 3513 1695 3558 staret
1721 3504 1926 3558 honore
1954 3502 2070 3559 Dei.

796 3598 891 3653 llic
917 3598 1078 3652 etiam
1108 3606 1345 3661 sanctus,
1382 3596 1592 3651 Domini
1625 3594 1874 3650 suffultus
1902 3609 2105 3651 amore.

872 3689 1093 3744 Virtutis
1122 3705 1346 3745 summa:
1376 3689 1524 3758 signa
1551 3686 1823 3742 tremenda
1851 3686 2017 3742 dedit.

794 3832 905 3902 qui,
938 3829 1145 3898 decepti
1185 3829 1434 3902 nominis
1466 3828 1836 3902 similitudine,
1875 3824 2210 3880 Vincentium
2258 3822 2375 3902 cre-

794 3895 1236 3969 s'arangust'anum
1282 3916 1380 3966 pro
1414 3900 1702 3968 Aginnensi
1724 3897 1961 3961 coluere,
1996 3911 2057 3951 ac
2082 3910 2268 3969 e_r_r_ore
2299 3895 2375 3969 la:

794 3977 899 4029 tius
947 3965 1217 4035 manante,
1268 3965 1510 4024 Basilica:
1551 3972 1651 4025 sub
1693 3970 1846 4023 titulo
1888 3969 2057 4022 sancti
2106 3965 2370 4035 Vincentii

798 4044 1121 4115 Aginnensis
1170 4034 1293 4115 olim
1326 4040 1589 4115 dedicata:
1619 4042 1700 4110 (ut
1729 4048 1974 4093 censent.
2008 4038 2104 4092 viri
2148 4034 2368 4115 eruditi)

798 4106 997 4170 sevnsim
1028 4112 1358 4167 Vincentium
1381 4106 1915 4181 Caesaraugustanum
1948 4106 2374 4181 patronunlade-

794 4196 899 4254 ptae
929 4190 1072 4238 sunt.
1110 4182 1240 4237 Vide
1279 4184 1347 4235 cl.
1379 4182 1569 4246 Ruiu.,
1619 4178 1669 4235 iii
1721 4184 1860 4254 notis
1886 4183 1971 4254 _ad
2015 4179 2176 4254 Greg_.
2208 4178 2359 4254 T_ur.,

794 4249 832 4311 l.
866 4271 885 4309 ι
906 4254 973 4308 de
1001 4254 1180 4321 Gloria
1210 4261 1525 4322 martyrum,
1568 4268 1685 4321 cap.
1712 4249 1836 4306 105.
1885 4250 2023 4319 Lege
2053 4260 2107 4305 et
2136 4249 2360 4317 Scalig.,

796 4326 892 4382 lib.
925 4340 974 4378 vr
1006 4325 1071 4377 de
1102 4323 1327 4377 Emend.
1352 4334 1669 4390 temporum.

866 4405 890 4430 α
923 4394 978 4447 1η
1002 4393 1141 4448 Ven.
1166 4394 1291 4455 Ed..
1327 4409 1467 4446 mens
1494 4394 1689 4446 reddita
1718 4392 1942 4447 Christo.

866 4464 895 4504 δ
921 4463 978 4519 lu
1028 4479 1132 4518 uno
1174 4464 1308 4523 Cod.
1359 4464 1496 4527 Vat.,
1530 4466 1743 4518 vinceret
1783 4463 1870 4516 ille
1918 4463 2089 4516 miser.
2125 4461 2178 4515 In
2225 4458 2361 4517 Cod.

798 4538 941 4600 Vat.,
976 4534 1202 4604 Slagnea
1232 4543 1384 4599 tecta,
1419 4536 1541 4588 item
1574 4535 1623 4588 in
1662 4536 1790 4587 Ven.
1822 4532 1963 4588 Edit.

868 4620 889 4647 τ
926 4603 1265 4660 Haec’sancti
1298 4604 1561 4663 Vinoentij
1613 4604 1827 4658 basilica
1889 4618 2051 4670 prope
2098 4603 2360 4672 Aginnum

796 4679 897 4733 sita
928 4684 1041 4731 erat
1066 4676 1116 4729 in
1147 4679 1262 4728 loco
1284 4676 1602 4743 Pompeiaco
1633 4678 1795 4737 dicto,
1822 4674 1871 4727 in
1901 4690 2005 4742 quo
2031 4672 2363 4738 Vincentius,

796 4749 1063 4803 Christum
1113 4744 1409 4811 confessus,
1469 4746 1642 4812 capite
1695 4748 1881 4812 plexus
1936 4743 2126 4798 fuerat.
2180 4744 2369 4799 Narrat

799 4819 959 4887 Greg.
986 4817 1208 4878 Turon.,
1242 4816 1336 4869 lib.
1362 4831 1433 4869 vii
1460 4817 1592 4869 llist.
1626 4817 1844 4877 Franc.,
1877 4828 1995 4887 cap.
2040 4814 2320 4887 575,etlib.
2350 4832 2366 4869 ι

796 4891 863 4944 de
901 4886 1079 4943 Gloria
1134 4888 1455 4956 Martyrum,
1500 4900 1617 4955 cap.
1675 4888 1814 4950 10.3,
1874 4886 2010 4940 hanc
2065 4886 2364 4951 basilicam,

803 4977 832 5013 a
868 4958 1184 5012 Guulramni
1230 4958 1484 5011 militibus
1509 4956 1670 5011 fuisse
1701 4958 1973 5022 violatam,
2007 4966 2063 5009 ut
2085 4962 2364 5010 tthanros

797 5030 1100 5085 accolarum
1150 5029 1257 5081 illic
1288 5028 1559 5093 depositos
1588 5037 1856 5093 raperent,
1890 5026 1988 5080 hoc
2018 5042 2201 5080 eorum
2234 5024 2367 5078 faci-

799 5116 899 5155 nus
930 5099 1184 5153 comiuuo
1210 5098 1495 5153 ulciscente
1518 5098 1765 5151 Numine.
1796 5097 2052 5167 Scaliger,
2092 5097 2182 5151 lib.
2220 5112 2267 5150 vi
2299 5096 2365 5151 de

795 5170 1009 5225 cmend.
1043 5178 1227 5233 temp.,
1258 5171 1502 5237 opinatur
1546 5169 1704 5238 Greg.
1756 5170 1956 5221 'l'uron.
1990 5183 2052 5223 ea
2084 5168 2135 5220 in
2168 5183 2225 5221 re
2256 5168 2369 5218 hal-

798 5243 1085 5296 lucinaium
1138 5240 1320 5308 fuisse,
1372 5242 1460 5308 qui
1504 5238 1774 5293 basilicam
1807 5240 1948 5291 illam
1985 5254 2147 5307 prope
2200 5240 2364 5304 Agin-

798 5327 921 5365 num
955 5313 1111 5364 sitam
1141 5310 1541 5375 existimaverit,
1576 5324 1695 5363 cum
1727 5310 1910 5363 eadem
1946 5325 2111 5379 prope
2158 5308 2370 5375 Lugdu-

799 5399 924 5437 num
954 5381 1323 5434 Conicuarum
1359 5384 1524 5449 posita
1556 5381 1731 5442 fuerit,
1765 5390 1989 5447 quatuor
2020 5380 2225 5433 dierum
2266 5383 2365 5431 iter

797 5457 863 5506 ab
894 5452 1100 5520 Agiuno
1140 5452 1361 5503 dismns.
1391 5451 1493 5505 Sed
1526 5450 1685 5520 Greg.
1719 5450 1851 5506 'l‘ur.
1880 5451 2093 5519 egregie
2123 5450 2366 5501 vindica-

800 5534 931 5576 tura
971 5522 1040 5577 cl.
1086 5522 1267 5583 ltuiu.,
1302 5522 1352 5573 in
1398 5536 1463 5575 no
1492 5525 1533 5574 is
1574 5525 1636 5573 ad
1668 5530 1826 5589 caput
1867 5522 1935 5575 55
1979 5524 2072 5574 lili.
2105 5536 2173 5573 vn
2224 5520 2359 5573 llist.

797 5594 987 5647 Franc.

868 5663 891 5699 ά
934 5663 995 5715 lit
1036 5663 1080 5715 si
1124 5664 1426 5731 ignoremus
1468 5663 1680 5715 ubinam
1715 5678 1837 5714 vere
1881 5670 2024 5715 esset
2069 5662 2151 5714 hic
2196 5661 2361 5721 locus,

810 5732 1136 5786 vernemetis
1164 5738 1313 5801 vulgo
1347 5732 1671 5793 nominatus.
1706 5732 1859 5785 facile
1892 5744 2063 5784 tamen
2098 5733 2365 5786 credimus

801 5810 1003 5869 uSpiain
1046 5805 1095 5855 iu
1139 5818 1267 5871 agro
1310 5803 1680 5869 Βιιι·ιιυ;.;.ι1υιιδί
1729 5803 1951 5867 ιιυκίιυιιι
2004 5804 2188 5863 fuisse,
2241 5818 2365 5855 cum

805 5876 933 5930 situs
983 5878 1288 5928 atticenitnte
1356 5885 1461 5926 tum
1504 5874 1759 5931 religione
1802 5875 2169 5941 conspicuum,
2204 5884 2256 5927 ut
2300 5888 2361 5924 ex

2405 3262 2454 3326 C

3112 414 3192 467 ΡΛ
3206 414 3242 466 [ι
3253 416 3285 468 S
3327 418 3338 467 ἱ
4027 420 4080 461 17‘.

2566 622 2810 690 Martyris
2836 620 3067 673 adventu
3096 620 3353 671 daemonis
3385 619 3458 671 ira
3491 621 3639 687 lngit.

2492 712 2755 766 Redditur
2780 711 3059 765 incolumis
3089 712 3304 778 quidam
3338 711 3404 763 de
3435 722 3580 778 parte
3608 720 3632 757 κ
3667 711 3927 772 maligna,

2561 804 2655 857 Cni
2682 805 2878 857 vidisse
2906 805 2972 871 pii
3005 806 3225 871 templa,
3262 804 3485 857 medella
3521 805 3634 857 luit.

2492 897 2699 951 Emicat
2727 898 2846 949 aula
2873 908 3076 961 potens,
3107 896 3289 948 divino
3320 898 3472 965 plena
3498 912 3705 961 sereno,

2562 987 2629 1043 Ut
2659 990 2851 1044 merito
2881 991 3084 1057 placeat
3114 991 3197 1043 hic
3230 990 3468 1043 habitare
3499 989 3625 1045 Deo.

2491 1082 2641 1137 Nunc
2670 1085 2849 1150 specie
2875 1083 3133 1136 suadente
3164 1082 3285 1145 loci,
3317 1098 3377 1137 ac
3410 1084 3619 1136 virtutis
3653 1082 3879 1145 honore,

2564 1179 2761 1231 Evocat
2782 1176 2810 1213 ιι
2841 1178 2926 1231 hic
2950 1177 3197 1247 populos,
3228 1176 3351 1231 hinc
3373 1177 3558 1241 decus,
3586 1176 3709 1231 inde
3736 1177 3905 1231 salus.

2487 1271 2587 1335 Qui
2619 1271 2825 1338 plebem
2850 1272 3092 1325 accendit
3123 1271 3436 1326 venerandm
3465 1271 3712 1325 conditor
3743 1273 3906 1325 arcis.

2560 1360 2776 1415 Talibus
2806 1360 2997 1414 ofliciis
3020 1362 3236 1429 prmmia
3263 1362 3403 1428 justa
3430 1363 3581 1413 metit
3611 1360 3651 1413 ί.

3107 1464 3333 1520 CAPUT
3374 1466 3440 1518 Χ.

2738 1544 2810 1599 De
2838 1550 3021 1598 domno
3046 1545 3277 1601 Nazario
3304 1550 3315 1597 l
3358 1562 3580 1618 martyre
3606 1549 3814 1603 Christi.

2490 1637 2791 1712 basilicam
2838 1640 2891 1692 in
2938 1640 3251 1693 memoriam
3300 1642 3467 1693 sancti
3523 1640 3730 1695 Nazai-ii
3774 1650 4033 1712 martyris

2560 1710 2682 1762 item
2711 1726 2739 1762 a
2773 1710 3016 1773 Leontio,
3052 1712 3429 1779 llurdegalensi
3474 1714 3729 1780 episcopo
3754 1760 3765 1779 ,
3812 1728 3843 1767 ε
3877 1710 4072 1768 funda-

2560 1782 2756 1851 mentis
2785 1784 3097 1844 excitatam,
3131 1787 3443 1846 vetustiore,
3467 1801 3583 1851 qua:
3614 1796 3729 1838 erat
3758 1787 4059 1850 angustior.

2558 1850 2788 1925 dejecta,
2819 1866 3224 1925 commemorat.
3261 1850 3505 1922 Martyris
3540 1856 3703 1924 ipsius
3734 1859 4067 1925 triumphum

2558 1932 2611 1974 et
2635 1924 2856 1989 gloriam
2888 1924 3193 1994 describit.j

2485 2016 2728 2071 Culmina
2756 2018 3034 2087 conspicui
3064 2022 3274 2074 radiant
3308 2024 3604 2077 veneranda
3637 2023 3843 2083 Nazari.

2558 2110 2725 2179 Cujus
2752 2112 2988 2165 membra
3024 2114 3224 2181 polum,
3260 2116 3477 2183 spiritus
3508 2126 3650 2169 astra
3685 2126 3827 2171 tenet

2483 2206 2701 2261 Semine
2733 2208 3023 2276 terrigeno,
3058 2211 3286 2263 terrenis
3315 2211 3502 2265 usibus
3533 2226 3738 2277 exsors,

2553 2299 2853 2355 lmmortale
2894 2302 3113 2369 bonum,
3148 2304 3366 2368 pulvere
3393 2316 3546 2359 natus
3580 2304 3759 2359 homo.

2481 2389 2563 2444 Nil
2590 2391 2806 2446 carnale
2833 2393 3039 2457 volens,
3074 2394 3167 2447 sed
3193 2395 3393 2449 Christi
3430 2398 3647 2464 praemia
3682 2410 3930 2465 poscens.

2554 2482 2823 2553 Sanguine
2851 2487 2919 2539 de
2944 2489 3160 2556 proprio
3186 2486 3399 2543 victima
3432 2489 3591 2557 digna
3624 2490 3751 2543 Deo.

2481 2575 2608 2631 Haec
2637 2576 2733 2631 tibi
2766 2579 2967 2645 templa
2995 2595 3151 2635 sacer
3179 2582 3371 2636 devota
3406 2582 3660 2637 Leontius
3687 2582 3863 2645 offert,

2551 2668 2911 2739 Majoremque
2934 2688 3087 2726 suam
3121 2674 3245 2728 hinc
3274 2676 3421 2744 cupit
3450 2690 3571 2730 esse
3599 2677 3841 2730 domum.

2484 2760 2581 2816 Hic
2606 2762 2755 2830 prius
2788 2772 3020 2831 angusto
3049 2765 3303 2821 fabricata
3329 2778 3412 2823 est
3440 2768 3685 2823 machina
3709 2783 3863 2840 gyro,

2554 2851 2673 2919 Quo
2703 2867 2877 2923 neque
2905 2861 3030 2910 tunc
3061 2866 3265 2925 poterat
3303 2859 3460 2928 plebs
3486 2861 3787 2914 veneranda
3818 2874 3939 2928 cap.

2483 2940 2875 3013 Dejectamque
2904 2947 3018 3000 solo
3049 2962 3233 3002 rursus
3257 2948 3502 3004 fundavit
3525 2950 3595 3004 ab
3626 2950 3754 3017 imo,

2556 3034 2622 3091 Et
2648 3035 2797 3091 dedit
2825 3037 2957 3103 haec,
2998 3054 3115 3108 qua:
3144 3056 3284 3096 nunc
3314 3043 3636 3111 amplificata
3668 3044 3901 3113 placent.

3085 3141 3313 3197 CAPUT
3365 3142 3455 3197 XI.

2851 3220 2927 3274 De
2952 3220 3162 3275 basilica
3188 3222 3364 3276 domni
3394 3221 3631 3295 Dionysii
3654 3221 3702 3276 Ιί.

2492 3306 2801 3384 [Basilicam
2832 3314 3003 3365 sancti
3043 3312 3313 3383 Dionysii,
3343 3316 3578 3384 episcopi
3610 3315 3929 3371 Parisiensis
3951 3357 3968 3382 ,
4012 3334 4065 3372 et

2559 3383 2832 3451 martyris,
2872 3384 3007 3436 item
3049 3398 3079 3436 a
3131 3384 3355 3439 Leontio
3382 3383 3671 3441 redditam
3722 3389 4068 3455 ampliorem,

2556 3462 2974 3517 commemorat,
3005 3469 3111 3507 non
3135 3465 3259 3510 ante
3280 3468 3460 3511 vetere
3485 3457 3689 3527 dejecta
3714 3474 3875 3527 quam
3926 3475 4066 3513 nova

2557 3534 2860 3581 constructa
2884 3528 3090 3583 fuisset.
3113 3531 3280 3598 Ipsius
3298 3539 3550 3607 martyris
3570 3539 3751 3592 Iaudes
3769 3541 4011 3595 celebrat
4025 3540 4068 3609 ,1

2480 3621 2580 3688 Qui
2611 3622 2763 3691 cupis
2784 3626 2977 3693 egregii
3004 3635 3322 3684 structorem
3351 3647 3572 3688 noscere
3600 3636 3803 3701 templi.

2549 3710 2679 3765 Tam
2709 3712 2796 3782 pia
2827 3730 2931 3767 non
2963 3719 3133 3785 patiar
3164 3731 3280 3775 vota
3309 3723 3473 3779 latere
3506 3726 3621 3781 tibi.

2485 3820 2591 3898 hoc
2632 3821 2749 3887 ipso
2793 3822 3027 3876 carmine
3069 3836 3357 3898 possumus
3398 3825 3683 3898 conjicere.
3718 3826 3814 3880 llle
3857 3827 4063 3898 quippe

2482 3892 2698 3965 _videtnr
2723 3902 2994 3965 spectasse
3018 3895 3083 3947 ad
3123 3895 3397 3951 dimcesim
3430 3892 3671 3961 Leontii,
3705 3898 3796 3965 qui
3829 3892 3887 3951 in'
3914 3892 4059 3955 basi-

2481 3961 2583 4016 lica
2612 3966 2779 4016 sancti
2809 3963 3067 4019 Vincentii
3097 3967 3419 4022 exstruenda
3454 3976 3510 4023 et
3530 3961 3769 4022 ornanda
3800 3977 3907 4023 tam
3936 3986 4059 4027 mu-

2477 4033 2668 4087 niﬁcus
2690 4035 2986 4088 exstiterat.

2552 4116 2577 4141 ε
2608 4106 2665 4157 In
2697 4106 2922 4182 vulgatis
2948 4107 3221 4182 legebatur
3247 4109 3417 4177 favum
3442 4111 3644 4182 ingens,
3672 4124 3834 4180 quam
3866 4111 4059 4169 lectio-

2473 4190 2595 4230 nem
2623 4176 2930 4229 emendavit
2958 4176 3137 4231 Brow.

2549 4246 2567 4320 ζ
2597 4246 2729 4320 Tres
2756 4246 2925 4300 Codd.
2962 4247 3107 4311 Vat.,
3140 4265 3256 4305 arce
3287 4251 3485 4320 futura.
3530 4252 3586 4307 In
3631 4253 3762 4308 Ven.
3803 4255 3947 4309 Edil.
3980 4262 4055 4311 sic

2469 4316 2662 4387 legitur
2691 4317 2897 4385 integer
2924 4333 3111 4373 versus
3143 4339 3157 4374 :

2594 4420 2832 4482 Anapiciis
2849 4424 3095 4484 prsmlssa
3118 4421 3238 4474 ﬁdes
3256 4432 3363 4475 erat
3386 4437 3502 4475 arce
3525 4424 3702 4476 futura.

2544 4538 2569 4605 ς
2597 4528 2709 4605 Duo
2730 4527 2898 4605 codd.
2934 4530 3081 4596 Vat.,
3103 4532 3168 4586 de
3190 4542 3327 4600 pate
3350 4536 3599 4605 maligna.

2543 4596 2571 4676 'f
2603 4600 2739 4676 |_'L_dit.
2775 4600 3129 4676 V_en_.,_e_vocat
3158 4596 3275 4656 hinc
3302 4596 3542 4676 populiis.

2550 4667 2566 4707 ί
2608 4670 2755 4727 Unus
2777 4670 2907 4725 Cod.
2939 4671 3084 4734 Vat.,
3109 4686 3279 4729 metet.

2546 4741 2561 4791 l
2602 4740 2865 4813 Incertum
2896 4745 3016 4811 quis
3049 4744 3209 4798 fuerit
3240 4746 3326 4801 hic
3354 4746 3633 4813 Nazarius,
3662 4763 3785 4803 cum
3815 4759 3925 4806 tres
3952 4756 4056 4806 sub

2472 4812 2817 4887 hocnomine
2841 4813 3183 4887 celebrentur
3204 4816 3292 4871 die
3324 4818 3391 4871 12
3424 4818 3589 4873 Junii.
3622 4812 3837 4873 Primus
3864 4838 4057 4887 passus

2472 4896 2554 4937 est.
2588 4883 2869 4960 Mediolani
2908 4900 3030 4960 cum
3060 4883 3219 4941 Celso
3249 4903 3450 4955 puero.
3480 4906 3708 4957 quorum
3751 4883 3979 4960 corpora
4024 4912 4056 4947 a

2472 4961 2658 5007 sancto
2688 4952 2972 5007 Ambrosio
2999 4956 3209 5010 inventa
3238 4952 3387 5015 sunt.
3413 4952 3562 5013 Alter
3591 4952 3863 5015 Ebrodnni
3889 4980 3903 5023 ;
3936 4974 4048 5016 ter-

2476 5029 2579 5099 tius
2607 5024 2786 5099 llomae
2806 5027 3003 5099 ;__cujus
3045 5041 3241 5093 corpus
3270 5031 3503 5083 delatum
3538 5032 3589 5083 in
3621 5029 3850 5085 Calliam
3884 5049 4055 5099 opera

2472 5096 2889 5175 filirodcgandi,
2938 5099 3175 5175 episcopi
3236 5100 3678 5175 b_lettensis,rang.
3736 5104 3864 5156 7b'fi.
3927 5096 4061 5160 Vide

2475 5166 2660 5243 μυξη..
2690 5170 2741 5219 in
2771 5168 2912 5243 notis
2947 5168 3011 5243 ad
3045 5166 3220 5243 Creg._
3240 5170 3394 5243 Tur.,
3423 5173 3488 5224 de
3520 5173 3698 5225 Gloria
3731 5184 4057 5243 martyrum,

2476 5236 2511 5289 Ι.
2548 5251 2585 5298 I,
2613 5251 2732 5303 cap.
2771 5234 2865 5300 6|,
2899 5238 3037 5291 unde
3064 5234 3177 5293 haec
3207 5239 3503 5295 hausimus.

2549 5308 2730 5383 Sancti
2764 5307 3598 5383 Nazarii_reliqu_i:nAcolebantur
3628 5315 3679 5369 in
3717 5330 3845 5383 agro
3892 5316 4059 5369 Nam-

2474 5378 2650 5453 netico
2681 5386 2939 5453 tempore
2964 5378 3208 5447 Gregorii
3251 5381 3578 5441 Turonensis
3601 5426 3616 5453 ,
3645 5395 3702 5439 ut
3741 5378 3928 5441 videre
3977 5396 4064 5443 est

2473 5447 2592 5501 loco
2618 5451 2864 5513 superius
2894 5451 3079 5503 citato.

2547 5517 2569 5555 ¹ι
2618 5519 2843 5597 Sanctus
2895 5519 3209 5597 Dionysius,
3293 5526 3574 5597 episcopus
3620 5526 3977 5593 Parisiensis,
4033 5545 4062 5582 a

2473 5589 2632 5669 ϐψς.
2675 5589 3045 5669 ΤυτοιξζΔΙώέ
3080 5608 3120 5655 r,
3148 5607 3269 5669 _cap.
3301 5589 3395 5658 98,
3452 5589 3586 5652 llist.
3616 5598 3842 5669 Franc.,
3870 5589 4065 5669 pas-sus

2474 5660 2703 5734 refertur
2733 5676 2820 5713 an.
2844 5659 2951 5715 250
2972 5671 3063 5715 aut
3088 5659 3247 5716 etiam
3275 5678 3422 5734 post;
3457 5668 3550 5720 sed
3578 5668 3680 5719 alia
3711 5659 4065 5725 monumenta

2474 5732 2764 5785 ostendunt
2807 5745 2927 5784 eum
2978 5746 3009 5785 a
3060 5735 3213 5788 beato
3241 5732 3516 5790 Clemente
3563 5740 3615 5791 in
3648 5739 3878 5795 Galliam
3931 5743 4066 5798 tuis-

2476 5799 2823 5876 suinluisse;
2860 5803 3014 5876 unde
3049 5806 3165 5869 ejus
3192 5808 3505 5876 martyrium
3554 5810 3617 5862 ad
3664 5814 3924 5867 sxa-ilum
3976 5830 4068 5869 se-

2478 5873 2707 5927 cundum
2759 5884 2899 5926 esset
2942 5873 3347 5945 rejiciendumf
3377 5878 3516 5950 Lege
3561 5880 3716 5935 ltuin.
3744 5926 3758 5951 ,
3813 5883 3866 5940 in
3919 5886 4067 5943 notis
