4206 6556
748 426 852 482 327

755 541 1047 598 visceribus
1075 540 1447 611 processisset,
1471 551 1652 595 tamen
1682 556 1787 594 non
1822 542 1997 595 minns
2024 539 2207 593 adulta
2233 554 2331 593 no-
2362 545 2417 606 Α

750 636 880 691 stris
915 637 965 691 in
995 635 1304 705 pectoribus
1334 633 1593 689 habitavit
1633 634 1829 704 quippe
1868 649 1987 703 qua:
2031 635 2340 704 producens

753 739 963 801 partum
997 745 1061 784 ex
1095 740 1248 783 utero
1279 727 1656 783 transmiseras
1689 728 1840 797 qttasi
1871 730 1922 782 iu
1948 740 2187 782 nostrum
2220 742 2335 798 gre-

751 822 918 878 mium
956 819 1111 894 [Ms.,
1161 828 1347 875 nostro
1384 816 1611 890 gremio]
1640 828 2002 888 recepturum,
2047 829 2105 874 ιιι
2142 835 2262 875 cum
2308 834 2338 874 a

755 917 905 971 vobis
943 922 1108 974 esset,
1137 914 1239 968 etsi
1271 929 1376 967 non
1413 913 1596 976 corde,
1631 922 1806 967 tamen
1834 927 2060 982 corpore
2093 927 2337 968 recessu-

753 1024 835 1073 ra,
866 1006 1022 1061 nobis
1052 1006 1196 1061 velut
1224 1004 1275 1058 in
1307 1013 1485 1058 vestra
1530 1005 1791 1059 cltaritatc
1816 1006 1965 1059 fieret
2012 1005 2340 1073 amplecten-

753 1101 806 1155 di
837 1098 1035 1172 μεόνιη
1074 1094 1493 1168 amplectenda].
1544 1097 1678 1152 llinc
1721 1107 1800 1150 est
1825 1106 1849 1133 ι
1878 1097 2025 1166 quod
2065 1106 2233 1150 mater
2272 1096 2340 1152 de

754 1195 841 1250 illa
898 1194 1144 1265 genitalis
1196 1208 1358 1247 causa
1411 1193 1733 1255 contulerat,
1793 1192 1925 1245 mihi
1975 1199 2141 1246 totmn
2197 1190 2343 1245 velut

754 1287 1034 1357 adoptivus
1056 1301 1207 1342 amor
1233 1286 1506 1356 explebat,
1532 1286 1652 1355 quia
1678 1300 1800 1340 cum
1826 1285 1978 1338 vobis
2014 1285 2212 1353 genita,
2246 1297 2342 1338 no-

753 1380 837 1436 bis
885 1389 1065 1435 tamen
1113 1387 1230 1435 erat
1274 1388 1486 1434 renata.
1539 1377 1799 1448 Equidem
1830 1376 2213 1446 optaveram,b
2245 1390 2342 1447 pro

753 1474 957 1529 meritis
1003 1473 1207 1528 diutius
1259 1472 1347 1526 illa
1403 1472 1721 1539 superstite,
1774 1470 2045 1524 vobiscum
2096 1467 2241 1538 loqui
2276 1468 2343 1523 de

753 1564 949 1634 gaudio
980 1562 1170 1632 magis,
1204 1573 1225 1600 ο
1260 1576 1421 1630 quam
1473 1560 1637 1615 tristis
1665 1560 1880 1615 collatio
1922 1569 2235 1615 nasceretur
2277 1572 2344 1613 ex

755 1655 915 1717 ﬂetu;
939 1653 1034 1709 sed
1066 1651 1250 1708 invida
1282 1667 1464 1707 rermn
1492 1653 1682 1720 series,
1713 1667 1830 1718 qua:
1857 1648 2012 1723 [Ms.,
2038 1646 2184 1720 quia]
2212 1648 2344 1703 illud

757 1747 989 1802 celerius
1032 1744 1263 1815 subripit
1313 1744 1457 1813 quod
1512 1746 1683 1813 magis
1736 1744 1952 1813 placere
1992 1742 2341 1813 cognoverit,

757 1857 874 1898 rem
902 1841 1031 1896 mihi
1050 1839 1465 1895 desiderabilem
1494 1854 1632 1907 pene
1656 1852 1761 1893 uno
1780 1846 2051 1893 momento
2071 1846 2125 1891 et
2150 1834 2346 1891 oﬂ‘erre

760 1936 967 2000 voluit,
1023 1945 1077 1989 et
1121 1932 1355 1989 auferre.
1402 1934 1497 1989 Vel
1527 1948 1693 2001 quare
1756 1932 1909 1987 nobis
1966 1945 2077 1986 rem
2143 1928 2341 1995 attulit,
2377 1918 2425 1979 B

758 2042 918 2097 quam
962 2024 1264 2079 subducere
1306 2022 1615 2077 festinavit?
1642 2021 1776 2075 Cum
1818 2021 1893 2075 nil
1923 2021 1992 2074 sit
2020 2021 2072 2074 itt
2116 2019 2345 2073 humana

757 2116 1064 2173 conditione
1088 2115 1378 2179 crudelius,
1403 2130 1566 2185 quam
1596 2124 1687 2168 aut
1713 2129 1819 2167 non
1860 2113 2042 2166 videre
2072 2110 2217 2181 quod
2250 2110 2346 2164 ha-

756 2212 901 2277 beat,
935 2220 1026 2265 aut
1067 2209 1252 2264 videre
1278 2207 1419 2277 quod
1472 2207 1679 2278 perdat.
1730 2205 1835 2261 Sed
1882 2218 2159 2274 quousque
2188 2217 2342 2257 suum

757 2300 1097 2360 dinterorem
1139 2302 1291 2357 dolor
1336 2302 1669 2369 importunus
1715 2298 1946 2363 exacuit,
1990 2312 2053 2351 ac
2102 2310 2344 2366 prteceps

758 2394 876 2451 sine
931 2394 1084 2449 freno
1137 2392 1429 2446 moderata:
1472 2390 1853 2444 consolationis
1894 2389 2174 2443 excurrit?
2221 2403 2344 2444 cunt

759 2486 1025 2554 ittlt'lligztl
1057 2486 1158 2539 hoc
1191 2482 1476 2552 temperari
1501 2482 1722 2546 debere,
1752 2480 1891 2551 quod
1923 2479 2217 2535 emendare
2244 2496 2343 2535 ne-

757 2579 1008 2649 quiverit,
1032 2587 1085 2631 et
1126 2576 1493 2646 mquenitniter
1517 2574 1732 2639 toleret,
1761 2573 1903 2643 quod
1930 2571 2184 2627 infectum
2218 2571 2347 2627 ⁸1⁵³-

756 2686 882 2727 cere
913 2687 1014 2724 non
1040 2670 1201 2735 valet,
1235 2669 1531 2738 praesertim
1560 2683 1679 2722 cum
1708 2668 1761 2721 in
1789 2667 1876 2721 illa
1907 2674 1982 2720 tot
2012 2664 2345 2719 admiranda

757 2763 1088 2828 refulscriut,
1113 2773 1168 2816 ut
1199 2777 1295 2817 nec
1328 2759 1467 2831 apud
1499 2761 1750 2816 homines
1774 2762 1825 2813 in
1851 2772 2103 2815 sermone
2132 2756 2346 2812 defece-

753 2860 846 2924 rit,
871 2868 925 2912 et
950 2857 1086 2926 apud
1117 2856 1287 2911 Deum
1329 2856 1398 2909 de
1442 2870 1605 2924 opere
1634 2852 1851 2923 praemia
1891 2851 2120 2907 viventis
2148 2864 2343 2920 exspe-

755 2959 887 3005 ctet.
930 2949 1062 3004 Nam
1104 2959 1301 3018 praeter
1329 2949 1532 3019 reliqua
1577 2947 1716 3002 bona
1762 2962 1880 3015 qua:
1927 2960 2047 3000 cum
2098 2944 2189 2999 illa
2232 2944 2344 2998 lau-

754 3042 923 3098 danda
950 3050 1093 3108 sunt,
1126 3056 1224 3097 nec
1254 3050 1430 3097 tamen
1463 3040 1640 3094 clausa
1668 3039 1850 3109 jacent
1875 3039 1926 3093 in
1957 3035 2160 3091 tumulo
2189 3032 2339 3092 itum

754 3133 1040 3192 volvuntur
1079 3150 1174 3206 per
1222 3149 1316 3189 ora
1366 3142 1716 3198 cunctorum,
1760 3133 1863 3185 hoc
1903 3145 2063 3185 unum
2102 3128 2343 3185 breviter

756 3243 978 3285 assero:
1008 3228 1053 3282 si
1082 3226 1213 3282 lides
1259 3234 1313 3281 et
1344 3228 1644 3296 persecutio
1684 3223 1885 3279 Christi
1929 3233 2218 3295 martyrem
2261 3223 2342 3277 fa-

1465 425 1783 482 VENANTII
1828 427 1988 483 IION.
2031 427 2241 483 CLEM.
2284 423 2685 485 FORTUNATI
2725 424 3015 485 OPERUM
3055 421 3236 480 PARS
3280 422 3298 476 Ι

3951 418 4053 477 528

3079 532 3310 591 CAPUT
3356 532 3411 587 V.

2633 632 2898 703 Incipiunt
2926 646 3101 686 versus
3132 628 3196 681 de
3222 626 3466 682 Oratorio
3503 624 3519 662 ί
3549 625 3856 679 Artanensi.

2441 749 2745 821 [Templum
2789 749 2839 802 in
2883 747 3143 821 honore_m
3190 739 3663 821 sanctiGabrielis
3707 738 4047 809 archangeli,

2512 814 2768 876 Art'bonte
2811 834 2841 873 a
2880 818 3047 885 Greg.
3073 816 3206 870 ’l‘ur.
3238 814 3586 885 aediﬁcatum,
3633 820 4050 885 commemorat,

2511 907 2576 947 ac
2607 892 2770 960 ipsius
2800 890 2972 945 sancti
2994 879 3261 943 Gabriclis
3291 884 3477 938 laudes
3505 879 3942 953 complectith

2440 984 2691 1054 Quisquis
2720 982 2787 1037 ad
2816 984 2929 1037 haec
2960 992 3219 1051 properas
3246 975 3535 1033 venerandi
3572 978 3587 1026 1
3629 974 3818 1030 limina
3843 974 4052 1045 templi,

2518 1078 2665 1132 Dona
2695 1084 3041 1146 precaturus,
3069 1088 3189 1141 qute
3219 1071 3310 1125 dat
3339 1084 3526 1125 amore
3559 1068 3727 1134 Deus,

2444 1171 2572 1226 lltrc
2604 1171 2655 1224 in
2685 1170 2887 1225 honore
2911 1167 3052 1223 sacri
3076 1164 3340 1221 Gabrielis
3367 1170 3558 1219 cuncta
3589 1170 3903 1229 coruscant,

2514 1262 2615 1330 Qui
2646 1261 2728 1333 pia
2759 1260 2910 1331 jussu
2945 1258 3037 1314 Dei
3068 1257 3169 1314 rite
3197 1255 3447 1313 minister
3474 1256 3606 1327 agit.

2442 1353 2721 1409 Zacharia:
2753 1353 2972 1408 veniens
3012 1352 3102 1422 qui
3136 1350 3322 1406 nuntia
3354 1349 3548 1404 detulit
3578 1350 3763 1406 astris.

2518 1445 2793 1502 Elisabetb
2819 1446 2974 1501 datus
3002 1453 3087 1499 est
3109 1442 3325 1514 quando
3356 1446 3618 1513 propheta
3651 1450 3871 1512 potens.

2445 1538 2658 1607 Quique
2687 1539 3086 1608 redemptorem
3119 1550 3151 1592 e
3179 1535 3322 1591 ctelo
3351 1550 3531 1605 regem
3562 1535 4021 1605 omnipotentem,

2518 1629 2545 1668 ιι
2580 1630 2709 1686 Post
2733 1630 2829 1698 ait,
2855 1638 2913 1685 ut
2940 1629 3097 1685 terris
3123 1637 3309 1684 ventre
3336 1627 3504 1683 Maria
3535 1627 3715 1685 daret.

2448 1724 2563 1793 Qua
2602 1740 2755 1779 sacer
2795 1724 3020 1779 antistes
3056 1721 3073 1761 ι
3111 1738 3244 1778 nova
3277 1731 3416 1779 tecta
3443 1723 3739 1796 Gregorius
3763 1726 3948 1797 effert,

2522 1818 2590 1875 Ut
2615 1817 2720 1873 sibi
2748 1818 2997 1873 ctelestes
3026 1819 3378 1873 restituantur
3401 1831 3553 1888 opes.

3064 1969 3292 2027 CAPUT
3335 1970 3422 2027 Vl.

2544 2082 2625 2134 Ad
2654 2090 2691 2117 η’
2720 2078 3005 2156 Ecclesium
3036 2079 3362 2156 Toronicam,
3391 2099 3507 2154 qua:
3537 2100 3629 2149 per
3657 2102 3961 2156 episcopum

2895 2151 3199 2223 Gregorium
3229 2151 3472 2207 renovata
3496 2165 3595 2210 est.

2447 2264 2672 2337 [Novam
2701 2265 2872 2320 sedem
2906 2264 2957 2318 id
2989 2264 3246 2319 honorem
3287 2266 3459 2319 sancti
3492 2267 3703 2322 Martini
3724 2311 3738 2335 ,
3768 2262 3820 2321 in
3855 2280 4066 2327 veteris

2520 2338 2717 2401 locum,
2740 2353 2858 2405 qua:
2886 2338 3076 2390 rut-bat
3098 2346 3381 2404 vetustate,
3405 2352 3435 2391 a
3457 2337 3725 2408 Gregorio
3748 2343 4068 2398 Turonensi

2519 2410 2835 2462 aediﬁcatam
2866 2419 3275 2481 commemorat.
3311 2410 3439 2462 Data
3465 2414 3755 2475 ocasione,
3793 2415 3950 2481 plura
3986 2415 4062 2468 de

2523 2481 2723 2534 virtute
2750 2479 2922 2533 sancti
2949 2478 3159 2533 Martini
3197 2489 3254 2535 et
3279 2481 3519 2548 ejusdem
3548 2485 3718 2550 gestis
3746 2478 4027 2557 θύει-ται]

2450 2573 2660 2629 Emicat
2688 2573 2964 2627 altithroni
3002 2572 3146 2627 cultu
3172 2572 3480 2628 venerabile
3512 2575 3799 2644 templum,

2520 2666 2807 2738 Egregium
2838 2665 3067 2734 meritis,
3102 2665 3297 2722 nobilis
3326 2667 3467 2722 arcis
3495 2683 3658 2737 apex.

2447 2759 2564 2830 Quo
2591 2759 2806 2831 propria
2840 2760 3018 2815 tunica
3045 2760 3170 2814 dum
3209 2762 3387 2829 operit
3412 2759 3673 2816 Martinus
3700 2773 3962 2832 egentem

2520 2855 2802 2911 Gestorum
2835 2855 2975 2911 serie
3004 2853 3203 2925 fulgida
3231 2856 3383 2925 signa
3409 2854 3576 2910 dedit.

2447 2949 2689 3019 Namque
2721 2948 2862 3004 idem
2893 2949 3118 3003 antistes
3146 2962 3298 3002 sacra
3328 2947 3455 3003 dom
3496 2946 3756 3020 mysteria
3790 2957 4024 3020 tractat,

2521 3042 2743 3097 Lumina
2771 3055 3099 3110 gemmarum
3130 3050 3212 3095 est
3238 3042 3384 3097 visns
3412 3040 3615 3097 habere
3639 3058 3827 3098 manu.

2450 3137 2527 3190 Ac
2550 3133 2618 3190 de
2646 3144 2796 3189 veste
2818 3132 2916 3187 fuit
2938 3142 3193 3201 quantum
3238 3146 3335 3187 sua
3366 3133 3594 3190 dextera
3626 3136 3793 3203 nuda,

2520 3228 2748 3284 Tantum
2775 3228 3015 3282 membra
3049 3226 3151 3281 sibi
3185 3242 3394 3297 gemma
3425 3243 3653 3282 corusca
3689 3231 3842 3299 tegit.

758 3323 834 3379 cit
856 3338 961 3378 non
992 3320 1179 3386 babes,
1209 3320 1261 3375 in
1295 3321 1385 3375 tali
1430 3320 1537 3375 ﬁlia
1576 3320 1719 3391 quod
1749 3320 1948 3375 dellere
1998 3319 2190 3387 possis,
2222 3317 2344 3388 quia
2372 3290 2421 3356 α
2451 3321 2682 3376 Sanctus
2706 3322 2829 3376 item
2851 3319 3062 3375 Domini
3087 3326 3114 3356 ιι
3140 3290 3337 3373 almam
3361 3319 3487 3373 dum
3510 3290 3863 3375 benediceret
3885 3335 4070 3389 arato,

763 3416 836 3471 illi
865 3423 918 3470 et
966 3422 1109 3469 recte
1151 3411 1374 3467 credere
1408 3412 1650 3481 contigit,
1681 3420 1736 3467 et
1773 3408 2042 3480 perferre,
2070 3418 2095 3457 ε
2137 3419 2187 3463 et
2226 3409 2350 3465 licet

768 3507 956 3562 festina
983 3504 1051 3559 sit
1081 3505 1132 3557 in
1160 3503 1441 3572 juventute
1462 3516 1599 3568 sors,
1632 3502 1797 3557 debet
1824 3498 1853 3538 ιι
1884 3510 2059 3556 tamen
2103 3513 2223 3556 esse
2262 3513 2347 3554 se-

760 3613 884 3655 cura
909 3596 1215 3653 innocentia
1242 3595 1308 3650 de
1338 3594 1537 3666 palma.

837 3764 862 3791 η
894 3752 1041 3810 Unus
1069 3750 1197 3806 Cod.
1237 3750 1375 3815 ναι..
1407 3754 1544 3819 quod
1576 3749 1756 3818 Matri,
1788 3749 1931 3823 quod
1963 3765 2076 3821 seq.

837 3823 866 3863 ι’
894 3823 1050 3891 lhid.,
1082 3839 1175 3893 pro
1206 3823 1394 3877 meritis
1419 3824 1551 3894 ejus.

845 3906 868 3935 ο
901 3896 1060 3961 lhid.,
1088 3910 1237 3964 quant
1265 3895 1421 3947 tristis
1444 3896 1719 3949 consolatio
1750 3905 2059 3949 nasceretur.

836 3965 860 4004 δ
885 3966 939 4022 ln
970 3967 1137 4021 altero
1167 3964 1289 4020 Mss.
1322 3965 1477 4032 (Iod.,
1504 3982 1594 4019 suo
1614 3982 1825 4019 mwrore
1857 3966 2005 4020 dolor
2029 3965 2349 4037 importunus

767 4041 993 4106 exacuit,
1023 4048 1110 4108 aut
1141 4052 1385 4108 prtcceps,
1410 4049 1515 4108 etc.

903 4111 1014 4164 [tuo
1041 4106 1209 4163 Codd.
1250 4108 1390 4172 \‘at.,
1424 4106 1590 4178 facere
1618 4124 1717 4160 non
1746 4107 1950 4162 valebit.

858 4180 947 4236 fIn
979 4195 1085 4233 uno
1110 4178 1243 4233 Cod.
1277 4178 1420 4243 ναι..
1447 4180 1570 4231 dum
1594 4179 1882 4233 volvantur.

897 4251 1053 4317 lhid.,
1086 4261 1133 4303 et
1159 4251 1271 4304 licet
1302 4249 1604 4321 festinasset.

901 4324 955 4377 In
985 4327 1171 4385 altero,
1202 4336 1333 4386 sors,
1380 4322 1545 4374 debita
1594 4331 1757 4376 tamen
1788 4331 1880 4388 est,
1924 4324 2214 4379 innocentia
2263 4340 2355 4380 se-

773 4410 896 4450 cura
929 4396 990 4447 de
1015 4394 1208 4461 palma.

847 4466 865 4503 ί
901 4464 1155 4524 Artltona.
1202 4478 1298 4518 seu
1332 4462 1598 4533 Arclttoaa
1628 4464 1773 4516 vicus
1803 4474 1918 4518 erat
1967 4470 2169 4519 Arvern
2195 4467 2348 4533 tusis,

778 4537 842 4591 de
868 4551 973 4607 quo
1017 4534 1341 4607 mentionem
1383 4533 1511 4607 facit
1545 4532 1765 4598 Gramir.
1796 4535 1998 4589 'l'nroo.
2034 4539 2125 4589 lib.
2162 4537 2229 4590 tle
2263 4538 2347 4590 (il.

777 4603 1028 4670 confess,
1061 4621 1111 4660 c.
1137 4605 1191 4660 ὅ.
1229 4606 1351 4659 Erat
1375 4603 1483 4672 jam
1516 4615 1638 4657 tunc
1672 4609 1922 4673 temporis
1947 4610 2094 4660 vicus
2121 4609 2351 4662 celebris

778 4661 1055 4741 memoria,
1089 4688 1141 4731 et
1168 4661 1434 4729 ιιιιῐιιριιῖιε
1463 4678 1627 4729 sancti
1668 4661 1875 4731 Mariiui
1901 4678 2025 4731 'I'ur.
2082 4680 2174 4733 llic
2204 4661 2355 4732 Arta;
2383 4661 2438 4721 Ῑ)

775 4753 916 4803 ιιειικὶ
941 4764 1036 4819 pro
1055 4747 1322 4801 Arloncnsi
1352 4748 1977 4819 positutuaniunnlvertit
2005 4750 2073 4803 cl.
2107 4749 2352 4805 ltuiuart,

782 4824 834 4876 iu
863 4817 1000 4875 notis
1030 4821 1093 4872 nd
1120 4834 1237 4887 Cap.
1270 4819 1321 4869 4.
1354 4818 1445 4870 lib.
1477 4818 1543 4870 de
1567 4817 1651 4872 Gl.
1677 4819 1905 4874 t'Ottfess.

907 4891 1049 4947 Unus
1073 4891 1207 4942 Cod.
1243 4887 1384 4952 γαίη
1411 4889 1605 4943 lumina
1631 4892 1823 4957 teutpli.

908 4963 1054 5018 Alter
1079 4959 1235 5023 Cod.,
1268 4974 1380 5027 qua:
1402 4962 1526 5030 agit,
1560 4970 1614 5013 ut
1642 4970 1730 5013 teri
1746 4964 1808 5018 is.

912 5035 1057 5087 Unus
1086 5032 1242 5095 Llotl.,
1266 5047 1393 5083 nova
1423 5032 1608 5101 templa
1632 5030 1928 5103 Gregorius.

924 5103 1034 5158 Hoc
1066 5102 1341 5170 templum,
1389 5117 1417 5155 τι
1469 5103 1689 5167 Briccio,
1737 5102 1903 5157 Sancti
1934 5104 2135 5157 Martini
2184 5103 2232 5157 itt
2264 5118 2354 5158 se-

782 5177 848 5229 de
877 5175 1173 5229 'l‘uronensi
1204 5187 1533 5236 successore,
1566 5185 1912 5239 GXaUUL’lUiIl,
1965 5185 2072 5228 tum
2106 5190 2133 5227 τι
2162 5175 2355 5241 Perpe-

784 5258 895 5310 tuo,
926 5250 1050 5299 item
1077 5245 1274 5298 'l'ttrou.
1324 5244 1571 5311 poutitl'e
1601 5284 1616 5308 ,
1648 5246 1783 5298 tuiro
1832 5262 1994 5309 tit-ere
2026 5250 2350 5308 restitutum,

784 5332 963 5371 vetere
995 5319 1191 5379 tlit‘oto,
1248 5314 1388 5380 quod
1446 5314 1680 5368 Bt’iccius
1731 5320 2180 5378 cm'tlilicatmal,
2215 5318 2351 5369 idem

781 5400 1050 5455 postremo
1079 5402 1175 5436 asa
1208 5397 1554 5438 restauratum
1584 5397 1763 5439 uariat
1787 5388 2007 5455 (ἐκθεῖσι.
2032 5389 2231 5441 'l‘urou.
2262 5386 2349 5453 (L.

783 5475 808 5511 λ
842 5459 1035 5511 His!or.
1062 5456 1277 5520 Franc.,
1303 5471 1419 5524 cap.
1562 5474 1701 5510 υκηι,
1850 5462 1929 5512 lus
1962 5462 2134 5512 verbis
2169 5477 2179 5509 ;
2233 5458 2353 5511 A30-

782 5547 873 5580 nas
915 5529 1135 5581 decimas
1169 5526 1442 5599 Gregorius
1474 5545 1562 5599 ego
1618 5529 1855 5599 indignas
1888 5530 2171 5582 [fecit/siam
2218 5529 2355 5581 urbis

783 5600 1065 5663 ἳίιτοηῑσιιι,
1100 5601 1150 5650 in
1177 5614 1272 5663 qua
1303 5596 1472 5651 beatus
1503 5596 1760 5652 Martinus
1790 5612 1832 5651 tt
1863 5603 2032 5654 caeteri
2062 5602 2352 5653 sacerdotes

780 5669 860 5723 Do
885 5670 988 5721 mni
1018 5670 1082 5719 ad
1107 5685 1169 5737 po
1211 5670 1427 5732 ιὶίὲσπιιιιδ
1460 5671 1690 5738 officiant
1713 5673 1990 5724 consecrati
2022 5680 2158 5731 sunt,
2185 5674 2246 5721 ab
2268 5671 2353 5721 in-

781 5741 1269 5792 rcntlittlissolalmt
1294 5741 1647 5807 tlirap'amqre
1674 5752 1851 5794 nactus
1881 5758 2012 5806 sum,
2042 5758 2192 5809 quant
2223 5756 2351 5793 rew-

780 5813 1041 5876 tli,it-t.tam
1071 5811 1124 5862 in
1148 5809 1385 5878 ampliori
1412 5812 1680 5881 alliortque
1714 5812 1942 5880 [κωδίῳ
1970 5814 2183 5880 septimo
2211 5812 2350 5863 (ιρι-ἱ-

782 5900 862 5933 n.o
885 5881 1224 5935 circinationis
1253 5896 1371 5931 mea:
1402 5896 1558 5943 anno,
1584 5884 1833 5934 delicuvi.
1855 5884 1949 5937 Hic
1981 5900 2104 5936 vero
2136 5885 2232 5934 l'utt
2252 5896 2341 5934 au.

783 5952 912 6023 590,
940 5966 1043 6023 quo
1074 5953 1479 6022 auutstriptnm
1509 5952 1718 6007 videtur
1750 5956 1847 6008 hoc
1870 5969 2052 6025 poema
2084 5952 2347 6009 Fortuna-

2527 3415 2601 3471 Dc
2629 3414 2801 3484 capite
2828 3422 2911 3469 est
2939 3414 3089 3467 visus
3116 3411 3397 3467 ﬂammeus
3440 3412 3518 3466 ire
3546 3413 3765 3482 globus.

2450 3507 2582 3576 Qua:
2606 3505 2764 3560 modo
2795 3505 2989 3573 templa
3022 3519 3174 3559 sacer
3202 3512 3456 3558 renovata
3476 3502 3777 3573 Gregorius
3803 3504 3998 3577 effert,

2527 3599 2592 3654 Et
2623 3598 2781 3653 rediit
2810 3599 3017 3668 priscos
3046 3597 3242 3664 cultus,
3277 3598 3555 3668 honorque
3584 3613 3736 3653 suus.

2455 3755 2517 3809 ti.
2550 3752 2780 3823 Hujusce
2804 3767 2934 3808 vero
2983 3751 3163 3819 templi
3198 3752 3482 3823 descriptio
3529 3753 3600 3807 ita
3635 3754 3874 3807 refertur
3925 3757 4073 3821 apud

2453 3822 2678 3891 Gregor.
2710 3824 2753 3879 Τ
2759 3839 2865 3888 nr.,
2893 3823 2929 3877 l.
2971 3839 3005 3878 tt
3040 3824 3173 3877 Hist.
3211 3822 3424 3882 ἴθι-ειυς..
3449 3840 3501 3877 c.
3539 3823 3643 3879 M:
3677 3824 3918 3879 Basilica
3942 3844 4075 3882 san-

2456 3899 2528 3951 cti
2557 3894 2777 3950 Martini
2806 3896 2947 3948 abest
2976 3912 3007 3948 η
3038 3896 3242 3949 cit'itate
3261 3911 3448 3965 passus
3478 3911 3571 3949 οι..
3601 3914 3615 3957 ;
3669 3895 3823 3950 habet
3851 3898 3909 3950 iu
3969 3916 4078 3953 on-

2457 3984 2581 4039 gam
2615 3967 2770 4035 pedes
2827 3982 2953 4040 cex,
3004 3968 3058 4019 in
3087 3966 3249 4040 lalttm
3278 3983 3339 4019 Ls
3365 3983 3380 4031 ;
3436 3965 3589 4040 liabet
3615 3967 3873 4040 inetiam
3911 3988 3926 4019 ι
3947 3987 4077 4040 sque

2455 4037 2523 4092 ad
2549 4054 2807 4091 conteram
2840 4038 2990 4107 pedes
3020 4053 3137 4101 XLV,
3167 4038 3420 4106 fenestras
3446 4038 3499 4090 in
3531 4037 3728 4090 altario
3784 4056 3935 4092 3mm
3960 4037 4071 4106 {in

2458 4126 2631 4177 capso.
2664 4126 2759 4173 xx,
2810 4109 3073 4161 columnas
3108 4122 3218 4181 xta,
3274 4107 3328 4160 in
3358 4115 3463 4181 toto
3501 4109 3739 4181 aedi/ida
3795 4112 4071 4181 fenestras

2459 4197 2585 4247 Lxu,
2610 4181 2873 4234 columnas
2902 4194 3029 4251 cxx,
3063 4180 3193 4232 ostia
3218 4193 3333 4242 vttt,
3365 4179 3466 4251 tria
3494 4178 3548 4232 in
3578 4178 3805 4247 altario,
3823 4184 4069 4251 quinque

2459 4253 2512 4304 in
2537 4266 2709 4321 capso:
2746 4252 2890 4303 Ilauc
2914 4250 3327 4321 descriptionem
3352 4250 3586 4303 basilica:
3619 4256 3793 4305 8:”ch
3826 4250 4055 4308 .tlartint

2464 4320 2641 4376 \’ict0r
2670 4320 2956 4384 Giselinos,
2992 4321 3041 4373 i-t
3071 4320 3211 4373 u0tis
3242 4320 3305 4372 .td
3329 4321 3454 4374 Sev.
3488 4322 3699 4384 Sulpic.
3734 4367 3747 4385 ,
3780 4323 3962 4376 refert
3997 4328 4069 4378 ad

2459 4408 2592 4461 npus
2612 4392 2821 4458 Brzcdi,
2842 4396 2924 4446 vel
2961 4391 3228 4457 Perpetui,
3253 4392 3629 4459 cpi~eoporum
3656 4394 3866 4447 Turno.
3924 4396 4072 4447 ltro-

2462 4480 2641 4519 werus
2671 4464 2873 4517 mavult
2896 4461 2959 4516 ad
2978 4476 3110 4530 opus
3131 4463 3373 4531 Gregorii
3397 4476 3519 4516 esse
3546 4463 3920 4519 referendam.
3958 4465 4077 4521 Sed

2460 4537 2603 4605 quod
2631 4551 2752 4588 mox
2779 4536 2933 4587 allata
2990 4534 3222 4605 basilicae
3281 4533 3613 4587 Turonensis
3666 4545 3950 4591 structura
4009 4555 4079 4591 at.

2462 4603 2750 4673 descriptio
2781 4606 2844 4658 ad
2868 4619 3002 4674 opus
3037 4603 3223 4658 Uriccii
3246 4615 3477 4666 nequeat
3507 4608 3807 4673 pertinere,
3843 4625 3878 4662 ιι
3905 4629 3957 4659 m
3995 4610 4081 4663 \i-

2464 4678 2619 4733 detur
2648 4677 2842 4746 ambigi
2876 4691 3050 4744 posse,
3076 4690 3196 4730 eum
3230 4677 3483 4743 templqu
3514 4691 3543 4729 a
3601 4677 3813 4731 Brict:io
3846 4695 4081 4733 exs-ru-

2463 4760 2606 4804 ctum
2631 4750 2760 4801 satis
2782 4758 2982 4800 arctam
3004 4758 3057 4800 et
3079 4757 3363 4816 angustum
3393 4748 3561 4800 fuisse
3586 4759 3839 4803 narretur
3859 4767 3891 4803 τι
3925 4749 4077 4805 Gre-

2462 4820 2616 4890 gorio
2645 4819 2763 4873 loco
2794 4834 2950 4883 supra
2998 4821 3181 4882 citato,
3213 4829 3267 4872 et
3296 4818 3428 4871 illttd
3458 4833 3486 4871 a
3519 4820 3788 4887 Perpetuo
3813 4833 3866 4874 ut
3901 4837 4077 4877 suout

2461 4893 2769 4953 tedtlicaret,
2795 4890 2955 4943 fuisse
2983 4892 3310 4961 submotutn.
3334 4890 3594 4957 Quocirca
3628 4892 3940 4961 descriptio
3978 4895 4075 4947 illa

2460 4966 2749 5016 Cottveuire
2779 4960 3011 5015 basilicae
3033 4960 3253 5013 dicenda
3309 4971 3411 5026 est,
3462 4976 3620 5029 quam
3665 4960 3904 5030 primum
3944 4966 4085 5019 I’cr-

2461 5045 2650 5100 petuus
2673 5034 3041 5095 exaediﬁcavit,
3074 5046 3135 5104 ac
3166 5038 3348 5101 postea
3382 5042 3706 5104 restaurant
3735 5033 4080 5104 Gregorius:

2458 5108 2547 5173 qui
2577 5106 2674 5159 etsi
2705 5104 2948 5157 eamdem
2983 5103 3221 5172 ampliori
3251 5114 3305 5156 ct
3327 5103 3502 5155 altiori
3529 5104 3745 5173 fastigio
3771 5122 3800 5157 a
3846 5103 3913 5160 Se
3943 5124 4086 5161 uar-

2459 5186 2537 5229 rct
2563 5176 2885 5239 restitutam,
2918 5179 3086 5227 Iorma
3113 5183 3287 5227 tamen
3322 5186 3373 5227 et
3400 5175 3758 5239 amplitudine
3784 5192 3895 5230 uoa
3922 5182 4084 5232 mul-

2462 5257 2573 5300 tum
2604 5248 2672 5300 ab
2703 5246 2790 5299 illa
2821 5246 3067 5313 l’crpctui
3093 5246 3451 5312 tliscrepassc,
3486 5246 3609 5297 ltittc
3640 5262 3874 5313 quisque
3909 5254 4087 5305 intel—

2460 5320 2623 5386 ligere
2643 5327 2835 5386 potest,
2862 5317 3009 5390 quod
3041 5316 3132 5371 lib.
3167 5331 3183 5369 l
3215 5317 3280 5370 de
3304 5315 3486 5372 Mirac.
3518 5320 3697 5390 Sana-ti
3727 5318 3917 5381 Marb.
3951 5337 4084 5390 cap.

2459 5390 2516 5452 6,
2546 5390 2612 5442 de
2642 5390 2827 5443 eadem
2861 5387 3077 5441 basiltca
3104 5392 3347 5457 loquens,
3381 5402 3538 5454 quam
3574 5386 3883 5455 Perpetuus
3920 5386 4091 5447 exct-

2461 5471 2685 5525 tavezat,
2713 5459 2897 5529 suddit
2928 5474 2940 5511 :
2976 5457 3056 5511 De
3077 5456 3183 5529 qua
3230 5456 3428 5525 fabrica
3481 5460 3701 5512 multum
3724 5464 3866 5528 quod
3896 5468 4090 5529 Inque.

2458 5546 2630 5583 remur
2657 5539 2786 5594 erat,
2810 5527 2897 5582 sed
2917 5530 3036 5599 quia
3058 5527 3287 5600 p‘rwsens
3309 5538 3403 5591 est,
3432 5530 3690 5582 comitere
3731 5527 3787 5583 et
3802 5532 3944 5587 inde
3974 5527 4090 5589 rne-

2456 5602 2557 5655 lius
2579 5603 2884 5670 putarimus.
2920 5603 2983 5655 Et
3014 5602 3065 5654 in
3092 5601 3295 5653 Iltstor.
3320 5600 3510 5653 Franc.
3545 5602 3614 5654 de
3640 5602 3753 5668 ipsa
3790 5614 3851 5654 ut
3884 5607 4084 5662 adhuc

2456 5683 2745 5741 superstite
2774 5688 2916 5737 Sil'pﬁ
2942 5674 3190 5737 loquitur.
3243 5671 3451 5724 Videsis
3479 5676 3841 5738 appendicem
3861 5678 3941 5729 ad
3984 5695 4089 5730 no.

2459 5753 2540 5798 tas
2569 5746 2727 5811 Oper.
2755 5742 3180 5810 sauctiGrt-gorii
3205 5741 3433 5804 'l‘urou.,
3467 5746 3554 5793 oui
3588 5745 3655 5796 de
3683 5743 3915 5798 basilica
3948 5763 4086 5805 san-

2456 5818 2531 5869 cli
2562 5816 2768 5867 Martini
2794 5813 2963 5868 fusius
2992 5829 3114 5884 pag.
3148 5812 3288 5866 1390
3321 5814 3458 5865 lidit.
3498 5814 3673 5866 l’arts.
3706 5828 3797 5867 an.
3836 5816 4028 5877 1699,

2532 5894 2559 5920 ι·
2595 5886 2733 5941 Etlit.
2764 5885 2960 5955 Paris,
2992 5883 3187 5939 almum
3216 5885 3336 5938 dum
3363 5883 3686 5941 benedicere:
3710 5887 3873 5950 altar.
