4206 6560
773 421 878 480 551

771 531 1064 594 Martinum
1087 524 1352 584 illustrem
1382 520 1590 577 meritis
1619 519 1710 589 qui
1738 521 1792 575 in
1820 530 2042 575 munere
2072 516 2214 585 divo,

853 626 1079 683 Culmen
1111 621 1164 675 in
1191 618 1426 676 tetherea
1450 615 1579 670 sede
1605 621 1823 669 senator
1850 611 2028 666 habet.

775 718 884 792 Qui
915 719 1077 786 lepra:
1106 711 1347 769 maculas
1378 707 1640 764 medicata
1674 719 1770 774 per
1798 702 1980 757 oscula
2010 710 2221 772 purgat,

853 810 1020 868 Curat
1045 815 1100 863 et
1129 804 1383 860 inlectum
1409 814 1540 871 pura
1570 798 1737 852 saliva
1762 798 1958 850 virum.

782 905 864 964 Ad
892 900 1116 958 ﬂuvium
1139 896 1356 953 Domini
1384 904 1409 932 ⁸
1441 893 1526 947 cui
1561 906 1668 946 non
1699 889 1799 944 luit
1824 890 1920 944 iSte
1950 887 2153 954 labore,

855 993 1009 1065 Quod
1038 992 1289 1050 Iordanis
1322 987 1501 1051 habet,
1535 993 1753 1041 sanctus
1782 982 1849 1038 ab
1874 995 1968 1037 ore
1997 980 2167 1036 dedit.

783 1090 888 1158 Qui
916 1100 1069 1141 sacer
1093 1081 1124 1123 δ
1149 1082 1265 1152 ipse
1292 1078 1421 1132 inibi
1454 1086 1529 1139 te,
1561 1084 1765 1144 pastor,
1797 1080 2008 1139 agente,
2038 1069 2261 1140 Cregori

861 1178 1160 1236 Fortunato
1185 1171 1386 1227 adimat
1418 1175 1498 1221 tot
1521 1165 1794 1221 maculosa
1827 1177 1920 1218 reo

1340 1260 1581 1329 Chlamys
1612 1260 1794 1312 dirisu.

800 1363 936 1422 Dum
960 1370 1300 1429 cntam'yeem
1334 1355 1586 1408 Martinus
1618 1352 1769 1419 inops
1800 1349 1982 1404 divisit
2012 1363 2202 1421 egeno,

856 1455 1104 1512 Christus
1129 1467 1191 1505 ea
1222 1458 1480 1503 memorat
1505 1460 1562 1498 se
1595 1446 1730 1499 bene
1760 1455 1903 1498 Vest-3
1938 1444 2065 1512 tegi.

789 1547 952 1602 Dives
982 1549 1287 1613 paupertas,
1326 1540 1607 1593 Dominum
1632 1554 1749 1606 qnze
1781 1537 1910 1592 texit
1938 1536 2159 1600 amictu,

862 1639 964 1699 Cui
992 1641 1133 1696 Deus
1164 1638 1419 1697 occurrit,
1449 1636 1538 1705 qui
1567 1634 1710 1687 dedit
1745 1643 1884 1687 astra
1921 1632 2070 1687 faber
2105 1633 2118 1685 !

1359 1729 1611 1782 Tunicam
1638 1728 1797 1781 dedit.

793 1833 1031 1891 Noscere
1055 1830 1146 1900 qui
1176 1828 1346 1883 mavis
1378 1824 1586 1879 Martini
1616 1833 1762 1893 gusta
1797 1822 1957 1881 beati,

869 1926 966 1981 llic
994 1921 1197 1993 poteris
1227 1922 1459 1976 breviter
1487 1917 1694 1971 discere
1725 1916 1858 1968 mira
1888 1912 2006 1968 viri.

797 2020 1033 2087 Denique
1052 2031 1173 2070 cum
1200 2017 1429 2068 tunicam
1458 2025 1610 2064 sacer
1640 2010 1751 2076 ipse
1776 2008 2009 2061 dedisset
2040 2012 2215 2075 egenti
2240 2044 2254 2067 ,

870 2112 948 2167 Ac
973 2112 1069 2164 sibi
1102 2124 1224 2177 pars
1247 2104 1438 2159 tunica:
1471 2102 1673 2157 reddita
1706 2116 1861 2168 parva
1896 2099 2055 2162 foret,

798 2202 952 2276 Quod
983 2216 1088 2256 non
1121 2204 1367 2253 texerunt
1400 2207 1421 2234 ο
1457 2194 1676 2249 manimu
1704 2208 1797 2261 per
1827 2190 2040 2245 brachia
2078 2196 2269 2255 curlzn,

872 2294 997 2347 Visa
1040 2291 1142 2360 tegi
1170 2287 1394 2359 g8l..illi5
1420 2297 1499 2341 est
1524 2300 1712 2340 manus
1741 2285 1828 2337 illa
1862 2284 1981 2337 viri.

810 2390 859 2445 0
893 2386 1117 2443 nitnium
1140 2381 1289 2446 felix,
1320 2381 1407 2435 cui
1429 2379 1651 2445 contigit
1672 2378 1723 2432 in
1752 2377 1869 2431 vice
1897 2376 2055 2441 lanae,

876 2477 1143 2533 Nobilium
1180 2473 1411 2541 lapidum
1448 2470 1644 2523 lumine
1669 2467 1908 2522 tnetnbra
1944 2466 2071 2534 tegi,

802 2570 878 2629 Ut
900 2584 1020 2626 cum
1048 2568 1219 2621 adhuc
1248 2566 1427 2619 cinere
1455 2577 1701 2630 aspersus
1727 2562 1889 2625 foret,
1913 2568 2075 2626 atque
2101 2555 2312 2622 favillis,

878 2661 1099 2717 Artifice
1125 2659 1365 2726 angelico
1397 2669 1669 2719 genuucus
1698 2656 1798 2706 iret
1828 2654 1986 2705 homo
2011 2650 2025 2702 !

1246 2749 1482 2804 Mortttos
1507 2758 1608 2801 tres
1634 2745 1923 2801 suscitavit.

806 2849 945 2920 Quid
971 2848 1109 2902 Deus
1130 2846 1182 2899 in
1212 2845 1417 2897 famulis
1447 2852 1698 2909 operetur
1723 2840 1932 2906 opimus
1962 2844 2191 2903 amator,

883 2940 1096 2999 Martini
1123 2936 1286 3007 gestis
1313 2949 1501 3002 magna
1534 2937 1759 2997 probare
1783 2939 1957 2998 potes,

812 3036 1018 3093 Ducere
1042 3031 1130 3099 qui
1162 3027 1356 3083 meruit
1384 3026 1450 3078 de
1478 3033 1652 3077 morte
1670 3020 1929 3075 cadavera
1961 3019 2110 3084 vitm,

887 3123 1109 3181 Rettulit
1133 3129 1292 3189 atque
1324 3117 1488 3180 diem,
1519 3113 1749 3183 reppulit
1775 3110 1917 3166 unde
1944 3124 2153 3165 necem.

1382 3207 1548 3263 Pinus
1570 3205 1763 3259 excisa.

807 3295 946 3351 Dum
975 3290 1212 3349 caderet,
1248 3282 1528 3336 Martinutn
1559 3278 1719 3331 arbor
1748 3287 1997 3344 pressura
2027 3273 2267 3337 beatum,

887 3387 1011 3442 Mox
1032 3378 1162 3437 facit
1192 3378 1307 3446 ipse
1336 3386 1573 3436 crucem,
1603 3370 1759 3439 pinus
1783 3369 1968 3421 abacta
1997 3365 2157 3420 redit.

806 3480 941 3550 Quis
971 3490 1076 3530 non
1109 3467 1289 3524 virtuti
1317 3466 1513 3521 divinae
1544 3460 1849 3516 commodet
1880 3473 2087 3523 aurem,

884 3572 1042 3637 Dum,
1074 3565 1228 3622 trabe
1245 3573 1529 3625 conversa,
1555 3556 1682 3611 dant
1704 3567 1914 3623 quoque
1943 3552 2082 3622 ligna
2115 3549 2330 3621 fugam?

1365 3648 1522 3706 Idola
1550 3654 1833 3718 prostrata.

818 3756 962 3824 ldola
991 3754 1119 3809 dum
1140 3752 1361 3817 cuperet
1388 3742 1642 3798 Martinus
1672 3748 1911 3794 sternere
1948 3734 2078 3790 fulta
2100 3776 2115 3799 ,

890 3846 1135 3906 Conterit
1159 3844 1276 3899 haec
1302 3838 1454 3895 calls
1484 3848 1675 3903 magna
1704 3837 1950 3888 columna
1974 3844 2135 3885 ruens
2167 3846 2178 3880 :

816 3942 1089 4003 Auxilium
1112 3935 1185 3992 ad
1208 3933 1338 4006 justi
1357 3927 1628 4000 dignando
1649 3925 1843 3979 militat
1864 3923 2033 3979 cther
2066 3941 2077 3975 :

892 4032 1099 4099 Quanta
1130 4025 1287 4088 ﬁdes,
1312 4020 1468 4091 cujus
1491 4012 1662 4072 cu'rrit
1689 4014 1756 4070 ad
1785 4028 1935 4069 arma
1959 4011 2155 4083 polus?

1387 4109 1585 4165 Falsus
1609 4116 1829 4175 martyr.

821 4218 985 4275 Forte
1019 4210 1292 4268 colebatur
1313 4204 1440 4260 dum
1470 4201 1588 4271 quis
1610 4211 1707 4267 pro
1736 4204 1970 4265 martyre
2005 4195 2163 4258 latro,

895 4299 1117 4361 Martini
1142 4297 1372 4354 adventu
1399 4307 1459 4349 se
1486 4292 1677 4361 probat
1708 4303 1825 4342 esse
1850 4302 2017 4341 reum.

819 4400 1045 4462 Virtutis
1069 4392 1263 4452 merito
1288 4386 1409 4444 ﬁdei
1439 4386 1679 4442 radiante
1710 4396 1961 4444 corusco,

893 4496 1005 4553 Nec
1024 4498 1167 4547 tacet
1189 4484 1466 4547 exstincti,
1491 4495 1588 4534 nec
1612 4480 1742 4533 latet
1782 4475 1963 4530 umbra
1993 4478 2092 4529 rei.

1444 4618 1667 4674 CAPUT
1692 4617 1808 4671 VII.

822 4728 853 4771 ιι
884 4725 964 4783 Ad
1002 4718 1380 4778 Childebertttm
1402 4730 1592 4784 regem,
1618 4722 1681 4784 et;
1712 4709 2113 4784 ΒνιιηίιψὶιιιοηιΔ
2144 4725 2399 4781 reginam,

1088 4792 1154 4847 de
1180 4788 1414 4843 natatitio
1437 4780 1601 4840 sancti
1630 4782 1843 4837 Martini
1875 4780 2133 4836 Turonici.

829 4910 988 4987 [Cum
1021 4909 1267 4977 pergeret
1296 4898 1619 4956 Fortunatus
1646 4895 1714 4949 ad
1772 4893 2168 4950 Cltildcbertum
2196 4908 2402 4963 regem,

901 5071 927 5100 ι
955 5060 1104 5118 Unus
1126 5054 1261 5110 Cod.
1286 5052 1433 5115 νεα..
1464 5052 1545 5104 cui
1573 5066 1676 5103 non
1692 5048 1789 5118 fuit
1812 5050 1885 5101 ire
1924 5046 2131 5113 labore;
2155 5047 2294 5117 quod
2324 5055 2403 5102 te-

829 5133 1087 5191 nendum.

898 5203 927 5244 δ
959 5201 1116 5264 lhid.,
1148 5199 1256 5267 ipse
1282 5196 1427 5267 mihi.
1456 5192 1547 5247 Sic
1575 5204 1787 5261 quoque
1819 5188 1959 5244 Edit.
1997 5189 2162 5244 Paris.

900 5284 926 5315 ο
959 5272 1101 5327 Edit.
1126 5269 1323 5330 Paris,
1356 5266 1469 5317 telu'
1495 5279 1598 5331 per.

899 5345 930 5387 ὃ
968 5342 1063 5398 llic
1098 5339 1471 5393 Childebcrtus
1498 5330 1756 5399 'Sigiherti
1803 5331 1941 5399 regis
1980 5332 2115 5385 lilius
2148 5330 2271 5390 fuit,
2312 5331 2399 5397 qni

826 5429 983 5489 puer,
1015 5411 1193 5466 occiso
1222 5418 1370 5478 patre
1400 5423 1487 5459 an.
1521 5404 1643 5487 {375,
1679 5404 2009 5489 relicttts,_in
2037 5403 2150 5470 ejus
2182 5417 2401 5470 regnum

824 5475 1121 5547 successit,
1152 5475 1492 5535 Brnnicltildo
1534 5478 1768 5539 interea,
1802 5475 2269 5547 eiusdemﬂmatre,
2296 5489 2400 5547 re-

826 5544 991 5628 gnum
1018 5544 1454 5628 administrante,
1478 5558 1531 5599 nt
1566 5550 1741 5615 legere
1770 5545 2014 5628 est‘apud
2044 5545 2265 5613 Gregor.
2295 5544 2403 5599 Tu-

828 5616 973 5685 ἴση..
1005 5626 1095 5678 lib.
1131 5638 1221 5674 viti
1254 5621 1364 5673 llist
1418 5621 1626 5674 lt‘t'anc..
1660 5631 1775 5678 cap.
1809 5616 1897 5667 ‘32.

902 5708 927 5735 °
972 5697 1116 5751 Unus
1142 5694 1274 5746 Cod.
1312 5694 1447 5752 Vat,
1484 5700 1524 5741 cl
1550 5691 1718 5757 ianus
1752 5689 1931 5755 ρι’τηίι.

900 5764 925 5808 τ
969 5768 1120 5825 lbid.,
1150 5765 1232 5826 qui
1263 5763 1393 5814 aczit;
1428 5766 1547 5823 ipse.

900 5844 929 5886 ι
969 5836 1082 5887 Duo
1111 5834 1275 5886 Co-itl.
1320 5833 1457 5885 νηί..
1484 5836 1709 5883 veremur“
1741 5829 1860 5880 {mni
1884 5844 1947 5888 ηρ,
1977 5826 2112 5879 ι-νιοιί
2143 5841 2236 5879 ερίῐ

904 5904 937 5946 δ
975 5905 1110 5963 Hinc
1134 5906 1443 5977 intelligitur
1472 5904 1567 5957 hoc
1599 5916 1782 5970 poema
1808 5902 1969 5955 fuisse
1997 5900 2253 5970 scriptum
2284 5905 2403 5966 post

1505 404 1825 463 VENANTH
1867 403 2029 463 HON.
2069 402 2283 462 CLEM.
2322 400 2725 464 FORTUNATI
2762 400 3045 460 OPERUM
3086 399 3266 458 PARS
3301 400 3345 456 Ῑ.

3983 393 4079 448 5ὒῖ

2396 519 2454 581 Α
2545 532 2607 573 ac
2629 517 2747 581 eius
2768 526 2994 571 matrem
3026 512 3449 580 Brnnicltildem,
3499 518 3705 586 narrat
3728 510 4081 586 festumsan:

2546 592 2615 643 cti
2672 591 2879 644 Martini
2910 588 3074 650 diem,
3128 586 3217 642 illo
3277 586 3575 649 iuilinerc,
3638 584 3748 637 sibi
3806 583 4079 639 incidisse}

2548 661 2704 724 ilinc,
2730 659 2978 713 diffusam
3005 658 3246 728 ejus-tem
3273 666 3383 709 toto
3417 658 3576 719 orbe,
3618 655 3829 728 famam
3884 657 4078 728 Sancti-

2547 734 2693 793 tatis,
2719 739 2775 786 et
2801 747 2902 799 qua
2933 730 2984 783 itt
3014 726 3156 784 ctelo
3186 729 3465 782 fruebatur
3526 728 3763 799 gloriam
3800 726 4085 799 describit.

2551 796 2849 871 Postremo,
2883 817 2981 872 pro
3022 810 3129 855 tota
3164 802 3306 870 regia
3339 799 3550 853 familia
3578 796 3928 854 Childcberti
3959 809 4080 855 v0ta

2551 874 2695 927 facit.
2720 872 2739 945 ]

2475 990 2754 1047 Praecelsis
2776 988 3013 1043 dominis
3043 987 3278 1041 famulus
3308 986 3435 1041 dum
3466 986 3636 1042 corde
3668 985 3931 1055 pusillus,

2550 1081 2988 1148 Fltnniuibnsqne
3010 1080 3158 1151 vagis
3182 1095 3279 1151 per
3310 1079 3445 1133 vada
3475 1094 3646 1150 pergo
3667 1089 3788 1136 rate
3837 1101 3841 1109 -

2479 1173 2621 1230 Ecce
2649 1176 2958 1244 supervenit
2986 1173 3282 1230 venerandi
3316 1175 3366 1228 in
3396 1175 3596 1228 s:rcula
3627 1174 3792 1237 civis,

2553 1267 2759 1321 Martini
2788 1267 2992 1321 meritis
3021 1267 3137 1320 luce
3170 1281 3408 1335 perenne
3437 1264 3578 1320 dies.

2480 1359 2579 1426 Qui
2609 1360 2766 1413 modo
2794 1360 2859 1414 de
2890 1357 3060 1413 Gallis
3088 1367 3260 1413 totum
3290 1357 3427 1412 mire
3449 1366 3681 1427 occupat
3701 1357 3922 1424 orbem,

2558 1464 2581 1491 ε
2604 1454 2667 1506 Et
2697 1455 2865 1505 virtus
2896 1451 3087 1520 pergit,
3120 1462 3228 1519 quo
3263 1451 3399 1519 pede
3430 1464 3595 1505 nemo
3624 1448 3796 1505 valet.

2482 1548 2581 1611 Qui
2614 1549 2754 1601 velut
2778 1548 2882 1599 alta
2917 1546 3113 1615 phztrus
3145 1546 3328 1602 lumen
3359 1546 3637 1614 pertendit
3663 1546 3730 1599 ad
3768 1545 3958 1614 Indos,

2555 1641 2722 1705 Quem
2754 1638 3037 1702 Htsttanus,
3069 1638 3303 1701 Maurus,
3341 1636 3526 1702 Persa,
3566 1637 3857 1691 Britannus
3889 1644 4064 1691 amat.

2487 1730 2635 1783 llnnc
2667 1732 2864 1791 oriens,
2892 1744 3115 1784 occasus
3145 1730 3303 1784 habet
3329 1747 3342 1793 ;
3376 1730 3518 1784 hunc
3550 1728 3735 1784 Africa
3765 1738 3824 1784 et
3853 1730 4082 1800 Arctos,

2559 1825 2771 1879 Martini
2802 1825 2966 1878 decus
2992 1833 3095 1888 est,
3127 1839 3236 1893 quo
3268 1824 3384 1879 loca
3413 1824 3653 1879 mundus
3682 1824 3863 1880 habet.

2412 1896 2461 1953 Β
2490 1916 2698 1985 Quique
2729 1933 2823 1985 per
2846 1918 3045 1971 Oet‘ani
3079 1916 3334 1970 discurrit
3354 1918 3615 1987 marginis
3645 1917 3842 1985 undas,

2558 2009 2816 2061 Omnibus
2846 2017 2900 2061 ut
2924 2016 3158 2076 praestet,
3187 2007 3381 2062 circuit
3406 2010 3558 2062 orbis
3583 2009 3709 2063 iter.

2490 2100 2593 2153 Per
2615 2101 2846 2154 cinerem
2879 2101 3197 2165 ascendens,
3235 2114 3330 2167 per
3358 2098 3492 2153 dura
3522 2100 3707 2153 cilicia
3738 2100 3938 2163 caelos,

2560 2192 2679 2247 Stat
2709 2192 2868 2246 modo
2896 2203 3220 2262 geminatus,
3255 2207 3460 2262 pauper
3485 2193 3537 2247 in
3567 2192 3707 2248 orbe
3735 2194 3889 2261 prius

2490 2285 2605 2352 Quo
2638 2287 3061 2355 patriarcharum
3084 2286 3246 2341 decus
3270 2295 3372 2350 est,
3416 2285 3744 2355 radiantque
3776 2285 4094 2355 prophetae,

2562 2381 2677 2444 Quo
2702 2389 2781 2431 est
2809 2392 2964 2432 saera
2995 2380 3146 2432 turba
3175 2393 3365 2432 senum
3401 2378 3487 2433 bis
3515 2379 3771 2434 duodena
3801 2388 4048 2448 patrum.

2493 2470 2636 2523 Inter
2660 2470 3008 2536 apostolicum
3037 2485 3352 2535 numerum,
3385 2469 3647 2525 rutilante
3668 2482 3891 2538 senatu,

2570 2560 2587 2598 ί
2617 2562 2729 2629 Quo
2755 2563 2905 2615 sedet
2931 2561 3047 2627 ipse
3072 2572 3284 2626 throno,
3319 2576 3413 2616 rex
3445 2562 3547 2616 sibi
3578 2560 3838 2616 Christus
3856 2576 4042 2624 amor,

2494 2655 2611 2722 Quo
2639 2656 2847 2707 excellit
2868 2670 2988 2707 cum
3016 2656 3169 2708 clave
3191 2654 3408 2720 Petrus,
3431 2671 3554 2710 eum
3583 2655 3843 2725 dogmate
3866 2655 4095 2723 Paulus,

2565 2746 2753 2813 Fulget
2776 2758 2822 2799 et
2860 2747 2910 2798 in
2941 2745 3163 2813 reliquis
3188 2747 3385 2811 palma,
3415 2760 3639 2811 corona,
3672 2747 3836 2811 tides,

2496 2839 2645 2905 Quod
2678 2839 2789 2890 loca
2817 2838 3142 2907 martyribus
3173 2847 3197 2885 8
3224 2840 3505 2893 veneranti
3536 2840 3743 2895 lumine
3763 2841 3997 2904 florent,

2569 2933 2741 2996 Atque
2767 2928 2903 2983 libro
2934 2928 3057 2982 vita:
3089 2936 3175 2984 est
3202 2932 3436 2999 scriptus
3459 2929 3669 2986 honore
3699 2945 3863 2995 cruor

2498 3019 2615 3086 Quo
2644 3020 2981 3074 confessores
2998 3029 3260 3087 gemmata
3290 3021 3491 3090 palatia
3518 3025 3826 3091 complent,

2568 3114 2957 3184 IEternumque
2980 3123 3163 3170 tenent
3189 3130 3353 3170 aurea
3385 3125 3525 3172 tecta
3551 3117 3723 3183 diem,

2448 3266 2467 3292 ,
2499 3210 2615 3266 Stat
2636 3224 2844 3279 quoque
2872 3222 2989 3279 pOSt
3038 3209 3303 3280 lacrymas
3331 3208 3421 3266 ubi
3458 3224 3602 3266 nunc
3631 3208 3656 3249 ¹³
3721 3212 4089 3284 Radegundes

2420 3270 2470 3332 ὓ
2652 3270 2667 3279 ¹
2758 3270 2772 3279 .
2872 3270 2888 3279 -
3152 3270 3170 3280 υ
3776 3270 4009 3375 lopiitia,

2574 3400 2775 3453 Forsan
2799 3405 2853 3453 et
2875 3397 3111 3466 Eugenia
3143 3396 3281 3451 hanc
3307 3405 3456 3451 tenet
3487 3397 3579 3452 illa
3607 3396 3624 3435 ί
3656 3412 3910 3453 manum.

2506 3493 2521 3543 i
2560 3491 2675 3547 Hos
2699 3490 2840 3543 inter
2864 3489 3119 3544 Martinus
3149 3488 3311 3544 habet
3339 3489 3644 3544 diademata
3677 3490 3937 3559 pulcher,

2572 3584 2748 3652 Atque
2772 3580 2939 3636 sacris
2962 3581 3156 3636 lumbis
3187 3581 3383 3651 tulgida
3406 3596 3541 3637 zona
3570 3583 3736 3638 viret.

2502 3674 2529 3713 ιι
2552 3673 2746 3729 Cantat
2772 3672 3061 3744 Gregorius
3086 3672 3292 3729 Christi
3317 3673 3388 3731 de
3408 3683 3586 3730 morte
3610 3676 3951 3746 triumphos,

2575 3774 2747 3835 Atque
2767 3769 3065 3837 resurgenti
3088 3765 3292 3836 plaudit
3318 3781 3503 3823 amore
3534 3768 3667 3824 Deo.

2504 3857 2653 3914 Hunc
2666 3873 2876 3928 quoque
2895 3857 3182 3912 Martinum
3196 3857 3376 3913 colitis
3387 3872 3550 3928 quem
3584 3874 3752 3929 regna
3780 3871 4095 3933 patronum,

2579 3952 2684 4008 Vos
2706 3954 2845 4007 hunc
2870 3953 2923 4008 in
2952 3953 3129 4018 terris,
3154 3966 3250 4007 vos
3278 3966 3490 4010 memor
3514 3952 3610 4009 ille
3638 3954 3806 4022 polis.

2505 4045 2611 4101 Vos
2647 4044 2666 4081 ι
2692 4046 2795 4100 iter
2823 4045 3094 4114 angelicas
3117 4052 3318 4100 turmas
3342 4053 3503 4101 canat
3521 4045 3619 4101 ille
3642 4047 3748 4103 sub
3773 4047 3964 4116 astris,

2575 4139 2670 4193 Cui
2710 4152 2803 4192 vos
2833 4146 2958 4193 ante
2987 4137 3233 4192 homines
3266 4136 3420 4192 fertis
3446 4136 3658 4193 honore
3677 4137 3845 4194 diem.

2504 4231 2727 4287 Nomina
2758 4238 2934 4285 vestra
2964 4228 3106 4298 legat
3139 4226 3479 4298 patriarchis,
3513 4237 3676 4299 atque
3709 4230 4024 4300 prophetis,

2575 4334 2614 4362 ω
2641 4324 2736 4378 Cui
2770 4323 2927 4378 hodie
2954 4323 3007 4377 in
3040 4321 3245 4390 templo
3271 4320 3561 4392 diptycbus
3590 4322 3728 4387 edit,
3758 4325 3923 4378 ebur.

2458 4472 2464 4481 ,
2506 4416 2711 4471 Reddat
2740 4415 3061 4484 apostolicos
3082 4427 3357 4483 proceres,
3385 4414 3740 4483 reliquosque
3763 4425 4050 4484 patronos,

2574 4508 2742 4575 Quem
2773 4522 2866 4561 vos
2891 4506 2973 4560 hic
3004 4505 3200 4571 colitis,
3236 4503 3322 4558 vel
3354 4503 3438 4572 pia
3466 4504 3599 4558 festa
3625 4504 3803 4560 datis.

2428 4630 2481 4693 υ
2506 4602 2701 4671 Pergat
2725 4612 2779 4658 et
2792 4599 2857 4655 ad
2887 4598 3159 4693 Christum
3191 4613 3289 4667 pro
3312 4597 3466 4653 vobis
3488 4606 3517 4635 ιι
3549 4597 3643 4653 ille
3678 4611 3954 4669 precator,

2578 4691 2675 4746 Cui
2718 4704 2815 4743 vos
2841 4689 2895 4743 in
2924 4685 3136 4756 templis
3162 4696 3279 4741 vota
3307 4686 3583 4756 precando
3608 4686 3777 4742 datis.

2507 4787 2643 4841 Ante
2668 4783 2772 4852 poli
2801 4782 2998 4836 referat
3027 4794 3123 4834 sua
3154 4779 3271 4835 haec
3296 4778 3557 4834 solemnia
3591 4795 3807 4851 regem,

2578 4878 2777 4933 Dentur
2806 4886 2863 4931 ut
2892 4877 3018 4931 hinc
3042 4876 3193 4931 vobis
3214 4890 3400 4946 regna,
3441 4876 3634 4931 salutis
3661 4891 3822 4947 opes.

2502 5040 2706 5094 obitum
2754 5041 2922 5094 beatae
2967 5035 3329 5106 Radeguudis.
3381 5035 3455 5091 Ea
3493 5049 3627 5091 vero
3670 5035 3914 5096 decessit
3956 5038 4098 5096 circa

2501 5126 2590 5166 an.
2623 5112 2745 5165 587.

2578 5181 2595 5220 ί
2640 5183 2762 5247 Ms.,
2792 5197 2967 5235 manu.

2579 5254 2592 5303 i
2646 5254 2788 5307 Unus
2813 5251 3116 5315 Cod..Vat.,
3146 5265 3231 5305 vos
3257 5251 3407 5304 inter.

2575 5322 2603 5362 ιι
2647 5325 2786 5377 Edit.
2822 5324 3008 5383 Paris,
3040 5323 3223 5375 Cantat
3247 5331 3296 5375 et
3322 5322 3567 5389 egregios.

2581 5394 2596 5433 ι
2642 5395 2739 5448 Ms.
2770 5397 2921 5448 inter.
2954 5394 3091 5448 Edit.
3127 5394 3315 5452 Paris.
3343 5394 3500 5445 intra.

2576 5478 2613 5504 ιη
2647 5467 2758 5521 Hoc
2799 5481 2955 5520 versu
3000 5467 3142 5518 tnnni
3186 5466 3393 5517 videtur
3434 5465 3751 5533 diptychutn
3801 5467 3856 5520 in
3888 5482 3998 5531 quo
4039 5468 4095 5523 Β.

2505 5540 2709 5595 Martini
2741 5553 2931 5591 nomen
2954 5579 2969 5600 ,
2998 5536 3123 5588 olim
3157 5536 3408 5588 Εωιθμίιιθ
3437 5537 3643 5589 'I‘uron.
3681 5541 3984 5604 pontiﬁcis,
4014 5541 4094 5594 in—

2505 5613 2757 5675 scriptum
2794 5618 2954 5660 lltcral
2990 5624 3050 5659 ex
3083 5619 3243 5657 onor"
3277 5616 3560 5668 structum,
3591 5609 3710 5661 sive
3735 5621 4012 5673 ornatum,
4048 5614 4093 5664 in

2507 5683 2703 5736 Tum".
2744 5680 2966 5731 ρει-[ι’κειι
3012 5689 3340 5729 ςιςνιιισγηὶῚηι
3374 5681 3559 5732 loose.
3607 5678 3772 5737 Plura
3815 5684 3995 5738 Btuw.
4035 5683 4095 5736 de

2507 5754 2767 5820 ditttvi-his
2798 5759 2858 5801 ad
2891 5751 3027 5802 hunc
3059 5758 3249 5800 locum.

2566 5817 2602 5861 ἰι
2625 5817 2788 5877 Ἱληιιε
2813 5820 2946 5875 Cod.
2986 5821 3123 5881 ναι,
3155 5820 3241 5873 ille
3273 5828 3525 5887 precatur.
