4206 6550
153 409 254 468 533

157 526 377 592 Deputet
401 527 456 578 et
486 517 744 576 Dominus
764 523 1001 573 vestrum
1021 517 1165 571 hunc
1191 530 1314 572 esse
1337 527 1530 586 patron
1545 519 1666 588 umf,

225 616 292 671 Ut
314 612 477 669 modo
508 611 600 680 qui
630 610 848 675 colitur,
878 623 974 663 vos
1002 608 1144 664 colat
1173 608 1335 678 hujus
1365 610 1502 677 opis.

155 709 252 777 Qui
282 706 431 762 dedit
453 704 537 759 his
568 703 818 758 habitans
839 701 1102 756 miracula
1133 703 1358 769 plurima
1390 702 1571 769 terris,

226 797 521 852 Distribuat
548 791 701 848 vobis
725 792 812 847 hic
835 805 1050 862 quoque
1082 791 1218 846 mira
1248 801 1461 860 potens.

156 889 320 960 Cujus
347 898 614 960 gemmata
638 896 765 942 tunc
790 887 1014 942 dextera
1044 886 1158 940 visa
1181 886 1351 954 beati,

226 983 333 1038 Vos
359 981 519 1037 simul
547 990 604 1037 et
633 989 846 1035 vestras
869 987 1112 1049 protegat
1136 978 1226 1032 illa
1257 993 1469 1034 manus.

153 1077 248 1144 Qui
273 1085 399 1129 tunc
430 1073 732 1144 promeruit
761 1088 1018 1128 revocare
1047 1072 1310 1128 cadavera
1343 1073 1495 1139 vitta,

184 1165 318 1220 -Hic
343 1179 558 1235 quoque
583 1180 678 1232 pro
709 1173 888 1218 vestra
919 1163 1058 1218 dona
1083 1164 1261 1218 salute
1295 1162 1454 1218 ferat.

156 1238 250 1303 Qui
282 1250 539 1306 percusso
567 1235 772 1290 homini
805 1236 1066 1290 abstraxit
1091 1235 1159 1289 de
1184 1249 1346 1290 carne
1376 1249 1667 1303 venenum,

219 1327 388 1381 Noxia
420 1328 486 1381 de
514 1328 668 1382 vobis
693 1330 806 1395 ipse
834 1340 1035 1381 venena
1065 1335 1226 1381 vetet.

151 1419 248 1487 Qui
273 1418 543 1484 serpentis
579 1418 678 1472 iter
709 1417 836 1472 fecit
865 1432 1127 1473 revocare
1157 1411 1479 1482 retrorsum,

221 1511 337 1579 Ipse
357 1526 551 1580 graves
581 1527 741 1566 casus
768 1520 794 1548 α
826 1511 952 1566 hinc
978 1512 1124 1580 fuget
1150 1513 1226 1565 ire
1247 1521 1416 1567 retro.

150 1601 177 1640 δ
198 1601 297 1669 Qui
327 1603 396 1658 de
419 1613 569 1671 peste
593 1603 810 1656 domum
845 1604 1048 1656 salvam
1082 1604 1229 1658 dedit
1259 1619 1380 1662 esse
1412 1605 1650 1672 Liconti,

219 1694 346 1748 Haec
371 1694 562 1748 domus
586 1694 870 1750 incolumis
911 1693 1100 1749 ﬂoreat
1130 1695 1289 1762 hujus
1311 1711 1434 1766 ope.

149 1784 310 1854 Cujus
362 1787 540 1853 Opima
589 1786 836 1855 chlamys
881 1787 1295 1842 tremebundum
1343 1788 1483 1844 texit
1511 1804 1741 1860 egenum

1349 399 1849 460 MISCELLANEA.
1887 433 1963 446 -
2002 403 2133 462 LIB.
2180 406 2246 464 X.

3339 415 3445 473 534

1763 518 1820 578 Α
1844 517 1976 584 Vos,
2006 519 2201 589 quibus
2227 528 2283 576 et
2309 523 2609 590 Speculum,
2639 531 2694 579 et
2721 525 2832 590 lux,
2858 532 2914 581 et
2938 525 3168 584 dulcedo
3195 533 3448 602 manetis,

1917 609 2154 665 Charum
2185 625 2583 678 ornamentum,
2617 614 2700 669 his
2730 618 2888 672 simul
2917 620 3047 674 estis
3076 620 3271 677 honos.

1846 699 2183 771 Praecipuum
2213 706 2434 771 donum,
2470 708 2736 777 placidum
2767 721 2819 763 et
2851 713 3110 779 placabile
3140 730 3385 786 regnum,

1917 795 1996 848 Ac
2027 802 2204 849 vestro
2235 795 2290 850 in
2319 806 2462 852 statu
2493 808 2576 854 est
2606 800 2817 855 culmen
2849 804 2899 856 in
2930 806 3060 860 orbe
3093 809 3259 876 pium.

1845 883 2049 954 Hisque
2079 888 2352 954 parentela
2383 897 2437 944 et
2468 890 2638 958 patria
2670 900 2724 944 et
2756 893 2920 948 tutela
2951 909 3219 965 coruscat,

1917 977 2016 1032 Hic
2043 978 2225 1045 decus,
2256 989 2418 1052 atque
2444 982 2662 1052 gradus,
2697 982 2781 1038 hic
2813 985 3024 1053 pietatis
3057 1003 3213 1057 opus.

1848 1069 1946 1125 Hic
1976 1072 2264 1140 tranquilla
2295 1073 2431 1138 dies,
2466 1074 2551 1128 hic
2580 1089 2704 1142 spes
2727 1076 2962 1144 jucunda
2992 1078 3159 1147 fideli,

1918 1162 2149 1232 Postque
2180 1163 2367 1229 Deum,
2403 1165 2457 1218 in
2488 1164 2642 1220 vobis
2672 1166 2810 1221 dona
2841 1169 3029 1227 salutis
3058 1171 3277 1231 habent.

1846 1254 1943 1310 ilic
1971 1269 2071 1326 ego
2098 1269 2218 1310 cum
2254 1257 2451 1326 populo
2481 1272 2601 1312 mea
2631 1266 2757 1312 vota
2787 1269 2840 1314 et
2869 1263 3058 1329 gaudia
3086 1265 3276 1336 jungo,

1918 1348 2058 1413 Quae
2079 1351 2197 1417 pius
2229 1351 2562 1419 ampliticans
2590 1364 2836 1407 crescere
2865 1353 3111 1412 Christus
3140 1370 3282 1428 agat.

1847 1439 2070 1495 Praestet
2100 1457 2224 1496 cura
2254 1440 2351 1497 Dei
2379 1457 2476 1498 vos
2509 1445 2660 1514 longa
2693 1444 2747 1499 iu
2777 1445 2907 1501 sede
2938 1449 3098 1516 tueri,

1917 1531 2131 1586 Caelesti
2163 1547 2225 1587 ac
2252 1533 2393 1588 dono
2425 1549 2588 1603 regna
2621 1544 2806 1592 tenere
2835 1536 2948 1593 diu.

1846 1623 2148 1691 Acquiratis
2180 1624 2356 1679 adhuc
2387 1640 2546 1692 nova,
2584 1628 2670 1683 vel
2704 1644 2948 1698 possessa
2975 1634 3194 1704 regatis,

1919 1719 1994 1772 Ac
2023 1718 2108 1787 pie
2138 1721 2423 1789 participes
2454 1721 2550 1776 has
2581 1721 2806 1778 foveatis
2837 1740 2990 1793 opes.

1851 1807 1916 1863 Ut
1945 1809 2036 1864 tibi
2067 1824 2186 1878 qua:
2213 1809 2368 1866 ﬂoret
2397 1811 2464 1868 de
2498 1821 2623 1867 nato
2653 1822 2707 1868 et
2738 1817 2998 1885 germine,
3033 1833 3262 1876 messem

1551 1883 1742 1954 [τοιηά
1777 1892 1824 1953 Β
1923 1902 2179 1957 Maturam
2212 1904 2395 1958 videas
2426 1914 2618 1974 mater,
2656 1906 2858 1964 honore
2889 1911 3117 1967 micans.

219 1968 347 2036 Ejus
371 1970 648 2036 apostolici
684 1983 780 2022 vos
806 1977 951 2038 tegat
977 1971 1062 2023 ala
1089 1971 1209 2025 viri.

147 2059 245 2125 Qui
275 2059 452 2113 viduae
476 2059 633 2112 matri
672 2069 694 2096 ο
727 2059 1082 2114 revocavitad
1114 2061 1277 2116 ubera
1312 2069 1520 2127 natum,

217 2150 338 2217 ipse
371 2151 462 2204 tibi
495 2152 611 2204 haec
636 2151 838 2204 tribuat
869 2152 1092 2220 pignora
1123 2163 1317 2219 mater,
1346 2154 1373 2189 ά
1405 2169 1526 2207 ava.

149 2243 212 2299 Ut
231 2241 615 2298 Childebertus
644 2253 862 2298 maneat
892 2259 1012 2298 cum
1052 2255 1075 2282 °
1100 2248 1250 2315 prole
1279 2248 1517 2313 novella,

216 2337 326 2391 ltex
359 2351 454 2389 sua
486 2351 648 2405 regna
681 2346 892 2403 tenens,
943 2348 998 2392 et
1025 2352 1160 2392 nova
1189 2355 1350 2408 regna
1378 2342 1624 2395 trahens.

147 2426 219 2481 De
249 2425 267 2462 ί
295 2428 475 2494 genita
509 2435 567 2479 ut
599 2427 785 2481 videas
814 2429 1070 2495 genitrix,
1102 2439 1158 2482 ut
1188 2428 1398 2484 dulcius
1431 2439 1605 2498 optas,

218 2517 406 2586 Deque
434 2534 569 2574 nuru
601 2519 784 2583 chara,
819 2521 961 2589 quod
993 2531 1080 2574 tua
1109 2529 1232 2576 vota
1266 2531 1476 2592 rogant.

151 2611 299 2667 Unde
332 2611 423 2665 hic
451 2611 639 2666 felices
664 2613 897 2666 habeant
920 2628 1017 2667 sua
1051 2615 1183 2668 festa
1217 2614 1424 2684 fideles,

215 2705 282 2758 Et
309 2705 527 2759 Domini
557 2704 770 2759 famulis
801 2707 918 2760 sitis
941 2706 1160 2762 honoris
1187 2723 1343 2776 apex.

147 2793 260 2860 Quo
294 2794 389 2848 tibi
419 2795 539 2863 plus
564 2795 747 2858 libeat,
782 2796 1162 2864 Brunichildis,
1189 2798 1392 2854 habere
1425 2809 1736 2868 patronum,

217 2895 240 2933 δ
269 2886 500 2953 Quando
527 2887 745 2941 domum
778 2889 1034 2942 Dominus
1065 2899 1246 2944 servat
1275 2892 1327 2944 in
1351 2890 1482 2946 orbe
1505 2893 1646 2962 pius.

145 2980 229 3035 Sic
256 2995 473 3050 quoque
502 2990 554 3035 te
582 2981 816 3046 erudiat,
850 2991 1018 3052 regat,
1050 2991 1104 3036 et
1132 2984 1209 3037 sic
1241 2984 1452 3040 tramite
1479 2985 1662 3056 ducat,

211 3074 438 3130 Actibus
467 3075 586 3144 ipsa
611 3076 712 3144 piis
743 3085 801 3130 ut
829 3077 928 3129 sibi
955 3076 1140 3144 juncta
1174 3077 1362 3132 mices.

743 3165 969 3221 CAPUT
1011 3166 1142 3220 VIII.

648 3237 729 3288 Ad
757 3238 960 3290 eosdem
985 3241 1039 3290 in
1065 3237 1238 3293 laude.
1773 3252 1816 3314 Ο

149 3324 450 3401 [Ηοᾳηὶιθφ
491 3340 711 3401 carmen
751 3326 1110 3401 Brunichildis
1154 3345 1217 3384 ac
1258 3331 1419 3384 totius
1461 3331 1621 3401 regiae
1669 3331 1745 3384 fa-

212 3397 376 3451 milia
413 3397 470 3451 in
501 3398 709 3451 Iaudem
751 3400 1037 3469 scribitur;
1088 3400 1138 3453 in
1168 3416 1357 3468 eoque,
1397 3397 1744 3469 posteaquam

212 3482 552 3540 amorem‘ac
581 3483 846 3536 propensa
889 3468 941 3521 in
985 3484 1137 3535 reges
1165 3487 1304 3526 suos
1347 3468 1528 3540 pupuli
1569 3473 1746 3526 studia

215 3538 399 3612 retulit
448 3536 814 3612 Fortunatus,
865 3554 960 3606 pro
1013 3540 1201 3612 iisdem
1251 3536 1371 3594 vota
1422 3536 1582 3604 facit,
1639 3558 1747 3612 quo

214 3609 416 3662 diutius
445 3609 742 3662 incolumes
768 3612 897 3674 sint,
920 3625 983 3663 ac
1006 3609 1234 3666 ﬂoreant
1260 3614 1418 3668 rebus
1444 3609 1745 3686 omnibus.]

143 3698 197 3757 Si
231 3710 582 3770 praestaretur
612 3702 878 3770 praeconia
909 3704 1145 3771 pandere
1173 3719 1387 3775 regum,

209 3793 330 3849 Non
360 3795 495 3848 mihi
523 3792 796 3850 sufficeret
822 3805 980 3850 nocte
1008 3795 1201 3866 dieque
1232 3797 1396 3868 loqui.

145 3883 380 3950 Qualiter
410 3884 500 3938 hic
530 3885 778 3954 populus.
793 3884 1132 3940 dominorum
1165 3888 1362 3955 pendet
1390 3903 1600 3958 amore,

213 3975 278 4029 Et
309 3976 506 4031 vestris
535 3977 708 4031 oculis
735 3975 939 4032 lumina
969 3978 1074 4032 ﬂxa
1105 3987 1309 4034 tenent.

211 4120 236 4184 fl
276 4111 423 4184 ﬁdit.
457 4110 651 4184 Paris”
683 4112 800 4166 hinc
829 4125 948 4184 agat
977 4115 1071 4167 ire.

208 4179 236 4219 δ
275 4182 662 4257 gadetnEdit.
691 4184 790 4249 Qui
845 4179 1028 4236 virtute
1066 4188 1346 4240 domum...
1380 4203 1487 4240 esse
1528 4189 1743 4257 (ruenti.

213 4260 235 4288 ε
279 4251 430 4305 Unus
460 4253 593 4304 Cod.
626 4254 763 4318 Vat.,
795 4266 992 4309 revocat
1023 4258 1088 4308 ad
1116 4258 1270 4310 ubera
1294 4269 1487 4312 natum.

209 4320 233 4357 ά
278 4323 380 4376 llic
413 4323 807 4378 Brunichiltlem
847 4336 1053 4392 spectat
1086 4326 1230 4380 Fort.
1266 4328 1485 4382 Matrem
1522 4328 1741 4387 Childe-

143 4393 296 4456 berti,
339 4403 395 4446 et
441 4393 666 4462 proinde
695 4395 926 4451 filiorum
954 4396 1071 4465 ejus
1112 4399 1306 4451 aviam.
1350 4399 1407 4452 In
1450 4415 1568 4470 seq.
1609 4417 1775 4471 poe-,

143 4473 277 4519 male
312 4481 326 4516 :

257 4555 418 4622 Sicut
441 4566 506 4604 ex
529 4558 699 4616 genito
725 4558 1006 4622 geniusque
1025 4561 1302 4622 nepotibus
1327 4560 1502 4622 amplis
1533 4599 1547 4622 ,

318 4617 496 4666 Altera
525 4617 792 4680 progenies
817 4617 990 4682 inclyta
1007 4617 1153 4670 detur
1179 4634 1298 4670 εγω.

210 4713 234 4738 ο
273 4703 606 4757 Childeberti
664 4702 756 4757 ﬂlii
804 4705 1210 4761 Theodobertus
1263 4715 1316 4762 et
1363 4708 1729 4768 Theodoricus

143 4772 386 4849 fuerunt,
418 4784 475 4826 ut
515 4774 695 4843 legere
734 4784 817 4830 est
842 4777 992 4849 apud
1025 4776 1185 4844 Greg.
1219 4777 1371 4839 Tur..
1415 4779 1450 4832 1.
1484 4796 1532 4833 tx
1569 4782 1727 4849 llist.,

141 4859 188 4898 c.
214 4844 302 4898 20.
348 4845 617 4899 Germana
649 4860 776 4900 vero
805 4848 1046 4915 ejusdem
1087 4863 1258 4913 soror,
1295 4849 1399 4902 lilia
1441 4853 1564 4904 item
1599 4844 1732 4907 Βριιὲ

143 4915 425 4987 nichildis,
476 4915 884 4987 iClodosuinda;
943 4934 1076 4972 uxor
1129 4930 1306 4973 autem
1358 4919 1730 4987 Cltildcbetti,

142 4983 412 5049 Faileuba,
455 4986 525 5039 de
566 4988 757 5054 quibus
799 4989 885 5042 hic
915 4989 1115 5042 mentio
1146 4992 1204 5043 iit
1241 5005 1272 5043 a
1315 4990 1628 5047 Fortunato.
1663 4983 1733 5049 At

143 5054 423 5132 grovvcrus
456 5057 518 5132 _in
549 5072 614 5112 eo
645 5059 875 5132 maxime
921 5059 1290 5132 hallucinatur,
1327 5065 1466 5128 quod
1510 5063 1732 5132 hujusce

142 5124 469 5200 Childeberti
519 5144 740 5183 uxorem
786 5130 1249 5200 Ultrogotthonem
1279 5124 1416 5188 esse
1461 5124 1634 5190 tradat
1679 5137 1732 5192 in

143 5198 275 5250 notis
306 5198 372 5271 ad
408 5199 513 5251 hoc
543 5213 756 5266 poema,
790 5216 910 5256 cum
941 5198 1031 5268 re,
1067 5212 1175 5255 tum
1211 5207 1540 5271 temporibus
1570 5209 1732 5262 aber-

143 5269 660 5341 rans._U_ltrogottho
688 5272 904 5341 quippe.
932 5272 1000 5326 de
1023 5289 1122 5340 qua
1149 5269 1382 5329 diximus
1412 5277 1462 5330 in
1497 5278 1639 5332 notis
1667 5280 1732 5334 ad

143 5336 322 5418 eam}
353 5336 563 5418 lib.‘_’vt,
596 5336 729 5394 uxor
761 5336 1403 5418 fuitAChiIt-leberti‘hujus
1428 5349 1662 5403 nominis
1692 5351 1731 5418 l,

147 5407 234 5461 filii
261 5409 510 5474 Clotarii,
543 5426 647 5464 non
672 5427 798 5466 vero
826 5414 1175 5478 Childeberti,
1205 5415 1271 5469 de
1300 5407 1406 5483 quo
1437 5435 1576 5474 nunc
1605 5407 1734 5476 For;

146 5489 385 5555 tunatus,
423 5484 514 5548 qui
548 5483 687 5536 (ilius
721 5485 816 5537 fuit
847 5486 1092 5555 Sigiberti
1125 5496 1176 5541 et
1221 5487 1600 5545 Brunicltildis.
1641 5493 1732 5547 Ul-

146 5553 415 5632 tmguttho
468 5561 630 5607 attate
675 5553 1293 5632 Childeberti,_de__quo
1346 5575 1485 5615 nunc
1531 5578 1730 5632 sermo,

148 5625 352 5702 nonnisi
383 5639 553 5702 senex
586 5636 944 5702 essebpoterat
966 5629 1057 5702 ,_si
1088 5625 1264 5702 adhuc
1294 5646 1408 5685 erat
1439 5625 1731 5702 superstes.

220 5693 237 5729 τ
262 5695 808 5772 _Clodosuinda,_tiiia
839 5700 1225 5772 Bruuichildis,
1254 5717 1315 5756 ac
1340 5693 1736 5762 soror-Childe—

150 5763 295 5842 berti,
341 5783 370 5819 a
418 5767 748 5847 “eccaredn,
795 5785 919 5841 rege
968 5766 1362 5847 llis‘paniarutn,
1412 5777 1476 5829 ad
1523 5779 1734 5847 nuptias

151 5836 300 5900 petita
322 5879 346 5918 ,_
369 5849 424 5892 et
453 5839 628 5893 cidem
648 5836 934 5918 ‘despon'sa
964 5836 1080 5918 est,
1114 5845 1187 5899 uti
1222 5836 1403 5918 narrat
1430 5836 1732 5918 Greg."l‘u-

152 5919 286 5977 ron.,
332 5908 369 5966 Ι.
425 5925 500 5976 ιι,
548 5927 598 5968 c.
645 5910 736 5978 εὖ,
779 5928 895 5969 cum
944 5915 1130 5971 eadem
1179 5917 1258 5972 vel
1308 5908 1735 5978 Autharivantea

1845 1992 1934 2048 Sic
1963 2002 2020 2046 ut
2048 2007 2111 2047 ex
2142 1994 2343 2064 genito,
2373 1995 2673 2065 genitisquc
2703 2001 2981 2067 nepotibus
3013 2004 3226 2073 amplis,

1914 2089 2096 2141 Altera
2126 2089 2404 2156 progenies
2434 2089 2631 2159 inclyta
2662 2092 2819 2145 detur
2847 2107 2980 2147 avre.

1847 2177 1918 2231 De
1945 2177 2275 2233 Childeberti
2304 2179 2605 2246 dulcedine,
2639 2181 2791 2248 ﬂore,
2827 2184 3022 2253 salute,

1916 2271 2171 2326 Fructum
2202 2273 2398 2327 habeas
2425 2275 2679 2342 genitrix,
2711 2276 2859 2342 plebs
2886 2291 2980 2331 sua
3007 2288 3128 2334 vota
3158 2282 3366 2340 videns.

1847 2364 1921 2419 De
1951 2373 2099 2433 nata,
2134 2373 2295 2435 atque
2326 2382 2459 2421 nuru
2490 2369 2726 2423 cumulet
2757 2370 2852 2425 tibi
2883 2371 3024 2427 dona
3055 2375 3296 2444 Creator,

1914 2457 2152 2528 Cumque
2181 2462 2266 2526 pio
2302 2461 2490 2515 merito
2516 2471 2626 2516 stes
2657 2462 2914 2531 placitura
2948 2466 3075 2522 Deo.

1843 2549 1939 2604 Hic
1970 2566 2182 2618 quoque
2212 2567 2522 2619 promerear
2547 2551 2575 2589 ιι
2600 2554 2814 2609 rediens
2842 2557 2970 2612 dare
2999 2561 3160 2615 verba
3192 2563 3401 2632 salutis,

1915 2642 2267 2710 Congaudens
2297 2644 2526 2699 dominis
2558 2648 2808 2714 parvulus
2837 2648 2952 2716 ipse
2982 2653 3104 2720 piis.

1845 2732 2043 2801 Pro;pe
2093 2752 2103 2785 ι
2132 2735 2239 2787 sint
2268 2750 2474 2804 regum,
2508 2737 2822 2805 populorum
2850 2741 3042 2810 gaudia
3071 2757 3344 2814 crescant,

1915 2824 2157 2881 Exsultet
2187 2827 2355 2895 regio,
2389 2837 2494 2882 stet
2524 2827 2695 2884 honor
2724 2829 2825 2886 iste
2855 2833 2967 2888 diu.

2456 2941 2684 2998 CAPUT
2725 2945 2814 2998 IX.

2191 3033 2207 3068 ί
2240 3031 2372 3086 Item
2400 3034 2468 3086 ad
2501 3034 2877 3092 Cltildeberlum
2908 3056 3093 3108 regem.

1811 3118 2196 3199 '[Childeberti
2242 3123 2550 3199 dignitatem
2593 3135 2648 3182 et
2688 3130 2936 3184 virtutem
2981 3135 3215 3199 pluribus
3257 3139 3436 3198 verbis

1922 3193 2158 3256 extollit,
2191 3204 2374 3269 _atq_ue
2424 3198 2600 3252 eidem
2657 3199 2724 3253 ad
2786 3193 3086 3260 extremum
3144 3193 3432 3269 Audulfutxi

1920 3264 2306 3336 conuuendatj

1848 3351 1984 3417 Rex,
2014 3357 2247 3425 regionis
2274 3373 2429 3427 apex,
2461 3369 2515 3414 et
2540 3376 2699 3430 supra
2728 3376 2892 3431 regna
2923 3380 3180 3439 regtmen,

1921 3447 2020 3513 Qui
2046 3458 2205 3518 caput
2229 3464 2287 3506 es
2315 3453 2568 3522 capitum,
2601 3455 2687 3509 vir
2716 3458 2941 3524 capitale
2973 3460 3187 3519 bonum.

1854 3541 1867 3587 l
1900 3537 2350 3596 Ornamentorutn
2379 3553 2621 3611 ornatus,
2657 3549 2901 3604 ornatius
2926 3566 3146 3619 ornans,

1917 3634 2021 3700 Qui
2050 3635 2236 3701 decus,
2265 3645 2427 3708 atque
2454 3639 2673 3705 decens,
2708 3653 2904 3696 cuncta
2927 3645 3181 3702 decenter
3209 3651 3343 3720 agis.

1849 3726 2079 3794 Primus,
2104 3739 2159 3783 et
2188 3745 2216 3783 a
2240 3729 2452 3800 primis,
2485 3731 2636 3800 prior
2667 3745 2718 3786 et
2741 3735 3070 3802 primoribus
3102 3739 3256 3808 ipsis,

1921 3821 2019 3888 Qui
2055 3831 2208 3891 potes
2242 3824 2356 3893 ipse
2387 3836 2600 3894 potens,
2629 3841 2786 3894 quem
2810 3826 2964 3897 juvat
2989 3831 3365 3902 Omnipotens.

1850 3911 2041 3967 Dulcia
2066 3914 2366 3980 delectans,
2396 3917 2592 3980 dulcis,
2623 3917 2817 3971 dilecta
2851 3930 3114 3990 potestas,

1918 4004 2052 4073 Spes
2082 4005 2255 4073 bona,
2279 4007 2364 4061 vel
2388 4007 2599 4063 bonitas
2621 4049 2636 4073 ,
2665 4009 2732 4063 de
2763 4010 3001 4066 bonitate
3032 4015 3226 4070 bonus.

1847 4139 2405 4215 fuissetdesponsata
2441 4184 2454 4207 ,
2509 4143 2982 4213 Langobardorum
3032 4149 3166 4215 regi.
3220 4149 3440 4209 Videtur

1847 4209 2026 4283 itaque
2057 4211 2158 4262 hoc
2192 4213 2293 4283 loci
2325 4209 2649 4267 Fortunatus
2677 4231 2772 4283 pro
2799 4219 3026 4282 Speratis
3055 4209 3438 4280 Clodosuinda

1846 4282 2045 4342 nuptiis
2072 4290 2190 4333 vota
2227 4281 2424 4349 facere,
2465 4288 2566 4338 etsi
2611 4281 2872 4342 incertum
2912 4301 2993 4343 est
3038 4301 3215 4344 utrum
3244 4293 3434 4350 eadem

1849 4353 2680 4429 postea.utipserit_Reccaredo;
2731 4359 2799 4412 de
2841 4375 2944 4429 quo
2992 4361 3115 4415 vide
3162 4370 3315 4418 notas
3359 4365 3432 4421 cl.

1843 4421 2003 4475 Ruin.
2039 4422 2088 4474 in
2121 4423 2279 4490 Greg.
2315 4424 2466 4490 Tur.,
2503 4425 2619 4480 loco
2648 4429 2829 4482 citato.

1917 4501 1942 4540 s
1972 4491 2135 4575 .Unus
2161 4492 2293 4548 Cod.
2331 4493 2447 4550 Vat.
2476 4498 2680 4565 quando
2707 4499 2940 4567 domum,
2966 4512 3012 4556 et
3043 4501 3335 4574 Dominus;
3368 4509 3433 4580 f.,

1844 4564 2093 4618 dominos.

1763 4619 1852 4709 1)⁸
1913 4631 1943 4670 h
1988 4635 2207 4709 Videtur
2251 4636 2352 4692 hoc
2393 4652 2576 4706 poema
2608 4641 2862 4707 scriptum
2895 4658 2924 4696 a
2957 4643 3271 4709 Fortunato,
3303 4649 3429 4706 dum

1840 4706 2064 4786 is__esset_
2099 4708 2151 4786 in
2194 4709 2402 4770 itinere.
2433 4725 2496 4762 ac
2523 4706 2851 4786 Childeberti
2895 4718 3033 4782 regis
3069 4706 3324 4786 hospitio,
3357 4725 3434 4778 uti

1839 4776 1989 4860 alias,
2044 4777 2229 4859 luisset
2255 4790 2548 4860 exceptus,
2594 4782 2790 4860 quippe
2829 4786 2927 4860 qui
2954 4776 3184 4860 :exoptet'.
3228 4776 3430 4860 regiam

1837 4847 2058 4900 domum
2090 4849 2366 4929 inureditu‘
2389 4847 2485 4929 suo
2527 4847 2858 4908 resalutare;
2888 4847 3433 4929 Edit.,'Paris.,vllic

1837 4933 2035 4971 merear
2059 4919 2259 4973 rediens
2287 4921 2443 4974 vobis.

1913 4985 1932 5026 ί
1976 4989 2089 5061 Hoc
2115 5006 2327 5045 carmen
2358 4995 2725 5061 excerpsimus
2775 5006 2906 5050 ext.
2934 4997 2950 5050 l
2983 5009 3149 5053 veter.
3182 5003 3428 5059 Analect.

1836 5060 1993 5116 Joau.
2044 5060 2245 5138 _Ma_bill.
2281 5063 2423 5138 Edit.
2460 5060 2676 5138 ΔΡὲιιηίεη
2711 5083 2799 5123 an.
2833 5068 2997 5132 1675,
3037 5085 3157 5138 pag.
3192 5071 3322 5129 566.
3355 5076 3431 5131 Hi

1835 5132 2138 5208 uersusluti
2168 5143 2314 5186 notat
2365 5135 2494 5188 ibid.
2541 5138 2920 5208 Mabillonius),
2958 5132 3212 5208 nifalior,
3246 5145 3431 5200 desunt

1836 5202 1889 5254 in
1922 5201 2108 5277 Editjs,
2145 5222 2174 5256 α
2205 5221 2281 5258 mc
2310 5208 2505 5277 excepti
2536 5223 2598 5260 ex
2626 5207 2814 5263 Codice
2844 5201 3434 5271 V'irdunemt's'ctznobt'i

1835 5273 2232 5354 διινισς-ξΙΥἱῑριξὶΣ
2257 5277 2319 5327 ab
2341 5273 2492 5354 annis
2516 5283 2620 5346 fere
2645 5281 2953 5354 octingentis
2975 5287 3351 5354 manuscripto,
3378 5290 3433 5342 in

1835 5359 1935 5425 quo
1961 5343 2232 5425 Theodulﬁ
2253 5349 2486 5425 carmina
2515 5343 2862 5425 continentur.
2891 5352 3130 5425 ,Legitur
3162 5343 3292 5410 vero
3323 5343 3432 5414 illic

1836 5415 1937 5468 δίει)
1960 5417 2058 5469 hoc
2085 5419 2266 5469 titulo:
2308 5417 2547 5473 Venantii
2596 5420 2876 5476 Fortunati
2923 5415 3098 5480 versus
3123 5428 3190 5480 ad
3216 5426 3433 5484 Childe-

1839 5484 2033 5560 bertum
2061 5505 2249 5555 regem,
2287 5490 2532 5560 Sigiberti
2555 5508 2599 5544 r.
2634 5497 2821 5554 lilium.
3418 5517 3426 5522 ·

1913 5556 1952 5636 t'_
1978 5557 2034 5636 _ln
2066 5561 2272 5636 deliciis
2330 5556 2614 5628 aliquando
2661 5568 2866 5620 videtur
2899 5567 3066 5622 fuisse
3108 5569 3429 5636 Fortunato,

1841 5629 2020 5710 verbis
2051 5631 2324 5710 parilibus,
2357 5643 2518 5710 atque
2576 5635 2642 5688 ab
2674 5638 2857 5689 iisdem
2898 5639 3093 5694 litteris
3128 5629 3431 5710 incipienti;

1844 5699 1963 5762 bus,
1991 5713 2047 5754 ut
2081 5703 2183 5754 isto
2217 5705 2265 5755 in
2314 5699 2572 5769 carmine,
2635 5710 2929 5765 colludere.
2987 5712 3060 5765 Ita
3086 5713 3138 5767 in
3187 5699 3282 5770 lib.
3318 5729 3333 5769 t
3364 5715 3434 5770 de

1848 5770 1962 5825 Vita
1995 5781 2165 5827 sancti
2197 5775 2438 5841 Mattini,
2473 5793 2657 5834 versas
2694 5784 2877 5847 linem,
2911 5784 2986 5837 sic
3017 5787 3210 5840 habet:

1970 5869 2151 5935 inclyta
2177 5872 2353 5929 religio
2375 5871 2584 5934 Martini,
2613 5878 2748 5935 cujus
2769 5878 2954 5928 honoro

1969 5930 2178 5983 Fmdera
2205 5935 2292 5983 tida
2322 5935 2440 5984 tidcs
2465 5930 2691 5986 formaset
2715 5937 2844 5993 feda.
2868 5938 3035 5990 ﬂdelis.
