4206 6546
137 448 237 503 537

209 655 349 710 llinc
370 652 591 708 Rhenus
615 661 890 721 spumans,
924 643 1046 698 inde
1064 640 1280 695 Mosella
1307 637 1475 693 ferax.

137 747 314 805 Omne
346 761 439 816 per
471 743 603 799 illud
631 742 733 796 iter
755 737 783 775 "
814 737 1091 793 servibant
1123 733 1357 803 piscibus
1385 730 1561 796 undze,

214 853 236 878 ε
275 838 506 909 Regibus
529 844 584 888 et
614 832 845 888 dominis
873 831 1023 900 copia
1053 827 1223 882 fervet
1246 825 1420 895 aquis.

142 933 222 988 Ne
269 945 453 987 tamen
485 932 590 984 ulla
622 929 750 983 mihi
783 925 1010 980 dulcedo
1042 924 1252 977 deesset
1281 919 1450 986 eunti,

215 1023 482 1080 Pascebar
513 1023 702 1086 musis,
734 1037 860 1074 aure
893 1020 1107 1073 biliente
1135 1020 1322 1072 melos.

145 1123 386 1178 Vocibus
410 1120 655 1176 excussis
686 1117 964 1188 pulsabant
997 1128 1194 1183 organa
1229 1120 1462 1177 montes,

215 1212 641 1282 Reddebantquc
674 1223 796 1262 Suos
829 1205 1057 1274 pendula
1092 1220 1216 1261 saxa
1239 1201 1264 1240 δ
1301 1213 1504 1271 tropos.

139 1305 390 1361 Laxabat
423 1305 658 1372 placidos
689 1317 810 1356 mox
841 1315 980 1353 aerea
1012 1299 1113 1352 tela
1146 1309 1415 1361 susurros,

216 1396 523 1470 Respondit
551 1393 738 1451 cannis
769 1407 955 1448 rursus
985 1390 1052 1444 ab
1082 1389 1202 1458 alpe
1234 1388 1427 1442 frutex.

140 1493 302 1548 Nunc
336 1493 564 1548 tremulo
594 1493 832 1552 fremitu,
863 1487 1025 1542 modo
1054 1485 1218 1557 plano
1248 1484 1450 1538 musica
1481 1489 1659 1545 cantu,

220 1587 372 1642 Talis
401 1604 533 1655 rupe
555 1595 731 1645 sonat,
765 1583 938 1651 qualis
968 1583 1032 1635 ab
1062 1596 1168 1635 tere
1199 1588 1361 1634 ineat.

146 1677 412 1739 Carmina
446 1679 643 1734 divisas
668 1679 895 1745 jungunt
919 1673 1203 1729 dulcedine
1232 1671 1394 1738 ripas,

217 1777 464 1835 Collibus
496 1785 549 1830 et
577 1773 752 1828 fluviis
780 1787 882 1825 vox
919 1779 1035 1824 erat
1065 1784 1166 1822 una
1202 1766 1390 1834 tropis.

1323 421 1820 484 MISCELLANEA.
1863 449 1933 462 -
1972 417 2096 473 ΜΒ.
2145 417 2202 473 .\.

133 563 272 620 Tum
318 561 476 616 venio
515 571 617 628 qua
646 569 704 611 se
733 554 839 609 duo
873 561 894 589 α
927 549 1144 607 ﬂumina
1198 544 1409 602 conflua
1435 545 1681 615 jungunt,
1757 541 1808 600 Α

3323 404 3423 462 sse

2451 527 2673 585 CAPUT
2709 526 2796 582 XI.

2268 644 2280 691 i
2309 641 2385 696 De
2415 640 2639 696 oratorio
2660 636 2989 692 Artannensi.

1836 763 2037 837 [Sacra
2067 760 2293 837 pignora
2314 771 2464 837 ,__seu
2516 751 2770 837 reliquias
2791 765 2952 837 .-ψη
2980 746 3033 837 in
3062 745 3296 801 oratorio

1907 813 2154 889 ilioneilsi
2181 813 2187 814 ⁷
2211 813 2440 884 conditae
2478 813 2927 885 asservabantiir,
2961 830 3016 874 et
3045 831 3268 885 quarum
3297 813 3424 889 reli-

1905 881 2200 976 gione
2219 881 2352 956 illud
2379 898 2607 966 insigne,
2637 881 2924 950 enumerat
2944 907 3006 945 ac
3031 881 3358 958 percenset]

1836 1043 2025 1113 Magna
2052 1040 2329 1096 beatorum
2377 1034 2581 1090 retinet
2613 1033 2728 1086 haec
2763 1037 2904 1082 terra
2929 1026 3148 1090 talenta,

1909 1134 2113 1190 Divinis
2134 1132 2327 1204 opibus
2360 1129 2512 1184 dives
2545 1126 2772 1180 habetur
2806 1124 3024 1176 humus.

1839 1228 1948 1283 Pax
1979 1227 2162 1281 dextra
2212 1221 2455 1293 angelico
2506 1217 2771 1274 Gabrielis
2803 1215 3009 1268 honore
3038 1214 3322 1274 coruscat,

1910 1320 2109 1376 Gaudia
2140 1318 2230 1387 qui
2257 1314 2454 1370 mundo
2481 1310 2673 1368 detulit.
2693 1325 2786 1364 ore
2809 1322 2983 1361 sacro.

1840 1412 2065 1480 Quando
2096 1409 2402 1466 aeternalem
2433 1404 2682 1474 concepit
2707 1403 2857 1471 virgo
2891 1398 3143 1462 salutem,

1913 1507 2061 1562 Dona
2092 1503 2466 1571 Redemptoris
2497 1502 2716 1554 nuntius
2738 1497 2839 1551 iste
2864 1495 3058 1549 ferens.

1843 1602 1999 1656 Laeva
2029 1608 2112 1654 est
2145 1606 2295 1667 parte
2318 1594 2452 1663 lapis
2479 1594 2664 1645 tumuli
2688 1628 2702 1653 ,
2729 1604 2889 1658 quem
2913 1598 3144 1654 corpore
3173 1579 3437 1649 Christus,

1915 1691 2112 1748 Pressit
2143 1697 2312 1742 morte
2342 1684 2523 1750 brevi,
2550 1683 2719 1736 victor
2747 1681 2922 1735 eundo
2952 1677 3113 1734 Patri.

1847 1784 1945 1840 liiic
1986 1797 2196 1852 quoque
2219 1779 2482 1846 relliquiis
2523 1776 2681 1830 micat
2711 1772 2800 1827 ille
2832 1770 2856 1809 ι
2885 1771 3150 1840 Georgius
3192 1767 3348 1823 almis

147 1886 171 1913 ε
199 1873 324 1941 Quo
365 1877 577 1925 recreet
607 1864 882 1933 pupulum,
915 1868 1019 1917 hoc
1045 1861 1283 1930 exquirit
1308 1857 1477 1926 gratia
1510 1871 1708 1926 regum,
1782 1901 1821 1948 ἃ
1917 1875 2014 1941 Qui
2041 1874 2234 1942 pmbus
2260 1872 2380 1937 igne
2431 1868 2570 1924 redit
2592 1910 2606 1933 ν
2643 1880 2744 1920 nec
2767 1865 2887 1934 pice
2922 1876 3135 1917 mersus
3163 1859 3298 1914 ob".

222 1961 436 2019 invenit
459 1969 512 2015 et
540 1973 773 2026 semper,
806 1972 912 2022 quo
951 1971 1046 2009 sua
1079 1968 1205 2007 cura
1235 1951 1402 2021 jubet.

153 2057 171 2096 ι
210 2055 647 2112 Antonnacensis
679 2049 884 2104 castelli
917 2053 1194 2115 promptus
1226 2044 1289 2097 ad
1316 2055 1489 2105 arces,

223 2149 357 2205 inde
382 2155 406 2193 ε
436 2160 604 2215 ρτονθ
629 2141 890 2196 accedens
921 2139 1127 2193 sarcina
1155 2151 1316 2204 pergo
1345 2135 1494 2189 ratis.

147 2240 277 2296 Sint
310 2238 432 2293 licet
455 2237 539 2290 hic
571 2235 758 2303 spatiis
789 2234 967 2285 vineta
998 2231 1048 2282 in
1085 2229 1313 2282 collibus
1345 2224 1556 2296 amplis,

230 2331 418 2386 Altera
452 2343 575 2395 pars
603 2325 742 2395 plani
768 2324 956 2377 fertilis
984 2330 1158 2375 exstat
1190 2320 1324 2390 agri,
1449 2389 1454 2395 θ

150 2424 290 2480 Plus
323 2430 498 2475 tamen
531 2418 618 2472 illa
653 2419 750 2471 loci
781 2415 1010 2481 speciosi
1038 2412 1187 2479 collia
1214 2412 1399 2481 pollet,

231 2515 390 2571 Alter
418 2512 558 2580 quod
591 2508 802 2578 populis
835 2508 1036 2559 fructus
1064 2505 1290 2557 habetur
1323 2504 1496 2570 aquis.

152 2607 409 2675 Denique
440 2602 566 2656 dum
596 2607 832 2670 prmsunt
862 2610 1016 2667 reges
1047 2595 1098 2648 in
1131 2593 1355 2648 sedibus
1389 2591 1545 2657 aulae,

233 2700 319 2755 Ac
350 2708 551 2752 mensae
588 2692 767 2747 ollicio
799 2687 1018 2759 prandia
1049 2685 1180 2741 feSIa
1213 2686 1429 2739 colunt:

156 2793 396 2849 Retibus
427 2787 707 2858 inspicitur
729 2799 833 2854 quo
855 2783 1025 2836 salino
1052 2782 1195 2834 fasce
1225 2780 1450 2842 levatur,

238 2887 311 2940 Et
337 2889 584 2937 numerat
613 2880 813 2948 pisces,
838 2891 959 2931 cum
991 2875 1059 2928 sit
1093 2873 1144 2927 in
1174 2886 1296 2926 arce
1325 2871 1538 2925 sedens.

160 2977 286 3032 Rex
314 2976 477 3037 favet,
509 2973 767 3026 immensa
799 2966 975 3022 resilit
1005 2966 1127 3019 dum
1153 2965 1312 3035 piscis
1337 2964 1402 3017 ab
1433 2961 1591 3023 unda,

238 3072 424 3137 Atque
454 3067 664 3118 animos
691 3061 883 3124 reficit,
916 3075 1022 3128 quo
1047 3073 1141 3111 sua
1173 3054 1347 3122 praeda
1372 3054 1542 3108 venit.

165 3161 309 3216 lllue
346 3157 526 3212 fausta
586 3154 793 3215 videns,
823 3152 925 3204 huc
955 3152 1072 3203 lieta
1107 3147 1296 3216 palatia
1325 3145 1577 3210 reddens,

244 3251 478 3305 Pascens
508 3255 630 3298 ante
663 3243 688 3279 ιι
719 3241 922 3304 oculos,
950 3247 1069 3309 post
1100 3239 1245 3292 fovet
1273 3238 1388 3305 ipse
1410 3234 1568 3295 ciliis,

165 3345 535 3398 Prasentatur
565 3335 692 3390 item
719 3347 919 3387 mensae
959 3328 974 3367 ί
1008 3328 1179 3382 Rheni
1208 3326 1412 3381 advena
1442 3323 1598 3390 civis,

251 3431 542 3500 Turbaque
571 3442 677 3498 quo
701 3425 941 3480 residens
969 3421 1300 3494 gratiﬁcatur
1329 3419 1512 3474 edens.

171 3533 276 3586 ista
303 3527 396 3582 diu
428 3525 678 3580 dominus
701 3520 932 3575 dominis
961 3516 1263 3587 spectacula
1301 3520 1542 3585 priestet,

244 3620 318 3677 Et
342 3618 551 3690 populis
576 3615 766 3672 dulces
797 3612 933 3668 detis
961 3611 1159 3666 habere
1189 3609 1325 3664 dies.

162 3713 430 3770 Vultibus
462 3726 527 3765 ex
559 3707 784 3777 placidis
807 3706 1058 3760 tribuatis
1082 3704 1270 3774 gaudia
1298 3703 1526 3768 cunctis,

245 3803 444 3859 Vester
467 3808 520 3855 et
544 3813 611 3854 ex
635 3797 828 3853 vestris
851 3795 1153 3852 laetificetur
1176 3809 1331 3864 apex.

250 3987 277 4014 ³
321 3978 404 4036 Ad
460 3978 638 4032 locum
692 3988 796 4044 quo
841 3973 1082 4044 Rhenus_
1101 3969 1418 4044 et_Mosella
1467 3972 1763 4044 confluunt,

165 4055 337 4107 situm
369 4059 486 4104 erat
514 4041 750 4100 castrum
781 4045 994 4099 celebre
1044 4041 1364 4109 Con/hiemis
1392 4042 1718 4104 appellatum
1751 4057 1763 4106 ;

166 4123 334 4189 cujus
368 4118 615 4173 meminit
660 4116 822 4183 Greg.
858 4114 1084 4189 Iuram,
1122 4113 1156 4166 l.
1189 4126 1300 4173 vni,
1327 4126 1380 4189 _c_.
1424 4111 1505 4164 15.
1543 4111 1767 4189 Celebre

166 4181 339 4248 etiam
397 4204 568 4253 nunc,
622 4196 674 4240 et
726 4181 1152 4253 munitissimum,
1215 4181 1761 4253 oppiduinkdictum

169 4263 450 4323 Coblmtz,
484 4249 657 4312 exstat
686 4257 734 4309 in
759 4252 1235 4323 dimcesiTrevig,
1261 4264 1314 4305 ut
1340 4251 1499 4305 habet
1524 4249 1682 4304 Ruin.
1714 4252 1768 4306 in

167 4335 321 4388 notis
353 4331 418 4382 ad
441 4321 721 4397 'prmfatuiu
755 4322 1124 4397 locumAGreg.
1152 4321 1281 4397 Tur.

249 4403 275 4440 δ
323 4393 475 4455 Unus
501 4398 631 4452 Cod.
671 4395 791 4449 Vat.
822 4395 1105 4447 serviebant
1139 4393 1382 4456 piscibus.

256 4484 278 4511 ο
323 4470 502 4525 Hosce
541 4481 715 4537 reges,
765 4479 998 4537 quorum
1025 4463 1109 4516 hic
1145 4462 1464 4537 Fortunatus
1505 4463 1760 4530 meminit,

169 4533 745 4669 :Zbilfehertuin'esse
777 4533 1124 4602 intelligimus
1166 4546 1289 4588 cum
1337 4535 1478 4602 regia
1524 4533 1769 4602 ejusdem

193 4630 305 4668 amt
338 4627 410 4663 la.

193 4611 410 4668 'amilia.

251 4683 278 4719 ά
327 4681 481 4735 Unus
507 4677 642 4731 Cod.
678 4675 826 4744 Vat.,
861 4673 1092 4746 traphos,
1115 4681 1167 4728 et
1199 4673 1356 4744 paulo
1381 4683 1523 4742 post,
1560 4674 1772 4746 trophis.

257 4763 280 4790 ο
333 4752 477 4804 Edit.
507 4747 674 4802 Paris.
703 4767 712 4799 :

277 4845 390 4902 Quo
417 4847 554 4890 recte
575 4835 806 4901 pepulum
833 4839 1109 4898 primatum,
1138 4841 1191 4885 et
1208 4834 1289 4885 lex
1312 4835 1440 4885 bons
1460 4848 1654 4898 regum.

263 4927 280 4965 ι
329 4928 730 4985 Antennacum,
764 4921 919 4989 vulgo
952 4919 1281 4981 Andrcnnch,
1306 4918 1562 4987 oppidum
1588 4928 1669 4973 est
1701 4919 1781 4974 in-

177 5009 268 5053 ter
298 4997 570 5057 Bonnam,
609 5003 662 5047 et
691 4991 1040 5054 confluentes,
1074 4991 1196 5050 situ,
1239 4991 1476 5060 cultuque
1519 4991 1673 5054 juxta
1703 4989 1785 5059 (ut

178 5069 340 5122 addit
393 5066 572 5119 Brow.
607 5065 656 5115 in
690 5064 827 5116 notis
868 5061 931 5114 ad
964 5061 1100 5113 hunc
1130 5061 1325 5119 locum)
1356 5074 1399 5112 et
1427 5060 1580 5114 hodie
1624 5077 1780 5113 anite-

180 5155 340 5200 num,
375 5137 468 5189 etsi
511 5150 649 5188 verso
684 5134 886 5187 no'nine
915 5133 966 5184 in
995 5131 1374 5192 Andernacmn,
1432 5145 1542 5182 octo
1587 5131 1786 5184 circiter

181 5222 444 5281 passuum
493 5205 719 5281 uultibus
761 5204 911 5281 iner
944 5203 1278 5281 conﬂuentes,
1308 5205 1374 5279 art
1412 5201 1574 5281 Rheni
1617 5201 1786 5269 ripam

182 5269 408 5334 insidet.
451 5278 632 5329 vetusti
673 5275 839 5343 aperis
869 5271 1125 5331 Ecclesia,
1167 5269 1518 5324 Vilentiniani
1559 5271 1784 5333 impera-

183 5351 321 5403 toris
348 5339 767 5406 monumento,”
792 5344 897 5396 alia
927 5347 1041 5397 item
1066 5345 1317 5410 elegantia
1346 5343 1632 5406 visendum,
1660 5339 1789 5395 Tre-

187 5425 421 5474 virorum
473 5417 677 5482 pra'suh
717 5417 767 5468 in
817 5417 1000 5478 sacris,
1047 5412 1499 5484 Agrippinensium
1546 5414 1598 5466 in
1653 5413 1788 5467 civili

188 5493 394 5544 ditione
421 5498 586 5559 paret.

263 5570 290 5608 ς
339 5555 488 5616 Unus
518 5557 648 5613 Cod.
679 5556 824 5620 νει..
857 5557 974 5610 inde
1002 5573 1090 5625 per
1110 5555 1374 5610 accedens.

263 5631 293 5670 ει
340 5632 437 5685 Ed.
474 5629 670 5689 Paris.,
705 5630 884 5681 oculis.

273 5703 290 5741 ί
345 5701 512 5756 Rheni
566 5699 769 5754 advena
823 5699 986 5758 civis;
1038 5698 1207 5760 pisces
1238 5740 1252 5762 ,
1309 5698 1555 5763 scilicet,
1618 5697 1786 5753 Rheni

195 5773 415 5831 incolae.
456 5772 598 5826 ludit.
637 5772 807 5826 Paris.
829 5812 842 5832 ,
874 5773 990 5822 item
1025 5767 1193 5822 Rheni
1225 5772 1373 5822 simul
1403 5770 1616 5822 adrena.

268 5849 281 5896 i
327 5843 536 5898 Vidcsis
553 5857 674 5909 qua:
691 5841 1060 5894 adnotavimus
1082 5843 1145 5893 ad
1167 5851 1327 5906 caput
1397 5840 1617 5895 huiusne
1643 5842 1786 5895 libr}.

266 5919 286 5954 κ
325 5915 473 5971 Unus
501 5913 636 5968 (30d.
679 5914 821 5972 γει..
858 5911 1134 5977 Gregorius
1163 5914 1366 5975 (inuitis.

1859 1968 2042 2023 1Sunt
2068 1966 2225 2018 etiam
2248 1962 2504 2022 Cosmas,
2559 1957 2846 2011 Damianus
2896 1968 2950 2010 et
2995 1953 3146 2024 ipse,
3200 1947 3440 2006 salubres

1921 2059 2034 2112 Non
2056 2053 2200 2108 ferro
2227 2051 2460 2106 artifices
2483 2047 2576 2103 sed
2608 2047 2910 2102 medicante
2960 2045 3087 2098 fide.

1852 2155 1946 2210 Est
1975 2160 2015 2187 ω
2047 2149 2290 2204 Julianus
2321 2145 2471 2212 item,
2502 2142 2680 2212 gladio
2703 2139 2979 2210 jugulatus
3006 2136 3205 2200 amico,

1928 2241 2082 2296 Plebs
2107 2246 2308 2310 quemn
2347 2236 2586 2290 Arverna
2619 2232 2804 2286 colens
2833 2241 2978 2283 arma
3007 2226 3193 2280 salutis
3221 2223 3403 2278 habet.

1855 2333 2213 2401 Martinusque
2247 2344 2399 2384 sacer
2423 2370 2437 2394 ,
2469 2328 2664 2382 retinet
2694 2339 2852 2391 quem
2885 2321 3123 2378 Gallicus
3153 2318 3326 2382 orbis,

1929 2425 2089 2494 Cujus
2117 2422 2390 2477 Christum
2422 2419 2598 2486 operit
2621 2416 2894 2493 dimidiata
2918 2413 3181 2483 chlamys.

1856 2521 1928 2576 Se
1949 2518 2120 2572 tunica
2143 2514 2381 2583 spolians
2402 2553 2416 2577 ,
2444 2510 2642 2565 nudum
2674 2508 2762 2578 qui
2786 2506 2944 2561 vestit
2965 2518 3191 2576 egenum
3214 2543 3229 2567 ,

1926 2610 2082 2667 Unde
2111 2609 2246 2662 data:
2282 2605 2374 2659 tibi
2407 2611 2532 2658 sunt
2562 2602 2680 2657 alba
2703 2643 2716 2668 ,
2743 2610 2996 2669 topazus,
3026 2613 3204 2669 onyx,

1857 2705 1986 2772 Quae
2020 2714 2265 2758 meruere
2295 2697 2455 2768 aliqui
2494 2695 2596 2750 hoc
2628 2697 2680 2748 in
2710 2708 2939 2762 corpore
2972 2703 3197 2746 cernere
3225 2687 3422 2756 sancti,

1930 2799 2365 2862 Gemmarnnque
2391 2804 2556 2845 sonus
2585 2787 2725 2858 quod
2760 2784 3013 2856 patefecit
3035 2797 3190 2852 opus.

1853 2888 2088 2946 'Additur
2120 2886 2204 2940 hic
2238 2882 2445 2938 meritis
2477 2895 2597 2936 eum
2633 2893 2756 2933 nom
2789 2893 2851 2931 ne
2872 2887 2895 2912 ο
2931 2875 3115 2930 Victor
3141 2872 3334 2944 opimis
3365 2913 3378 2938 ,

1934 2979 2156 3035 Munere
2185 2973 2426 3041 martvrii
2449 2983 2475 3021 ι·
2509 2971 2598 3040 qui
2629 2981 2773 3023 tenet
2804 2968 2909 3021 alta
2936 2967 3066 3036 poli.

1865 3071 1960 3126 llic
1988 3069 2182 3124 veteris
2211 3067 2405 3120 virtute
2434 3062 2534 3117 viri
2567 3077 2702 3116 nova
2735 3059 2908 3127 palma
2933 3068 2960 3107 ιι
2991 3057 3178 3113 Nicetii
3199 3097 3214 3122 ,

1905 3201 1908 3220 ι
1941 3163 2142 3220 Urbem
2174 3158 2490 3228 Lugdunum
2524 3154 2612 3225 qui
2646 3153 2790 3206 fovet
2819 3166 2914 3205 ore
2935 3191 2947 3215 ,
2981 3151 3102 3205 sinu

1794 3257 1840 3338 ρ
1875 3254 2074 3311 llorum
2101 3261 2282 3322 pastor
2305 3263 2483 3318 opem,
2518 3244 2701 3309 corde,
2725 3254 2857 3298 ore"
2883 3242 3174 3313 Gregorius
3199 3248 3339 3306 orat,

1939 3345 2096 3402 Vivat
2120 3353 2178 3400 ut
2209 3341 2509 3398 Altiturono
2528 3337 2611 3392 vir
2639 3336 2754 3392 sine
2783 3335 2888 3391 ﬁne
2917 3333 3045 3391 Deo.

2478 3488 2704 3545 CAPUT
2736 3486 2850 3542 XII.

1876 3607 2068 3664 Versus
2122 3605 2244 3674 facti
2285 3618 2438 3674 super
2478 3617 2653 3655 mensa
2699 3600 2749 3674 in
2780 3598 2902 3652 villa
2935 3608 2956 3635 ⁸
2992 3597 3173 3654 Sancti
3202 3595 3460 3665 Martini,

2373 3729 2384 3741 ,
2409 3681 2527 3727 ante
2555 3672 2918 3740 descriptores.

1875 3792 2539 3865 [Fortunatus,exceptus
2562 3785 2814 3842 convivio
2836 3783 2891 3840 in
2924 3785 3052 3842 villa
3093 3786 3264 3842 sancti
3316 3779 3458 3840 Mar-

1950 3967 1969 4006 ι
1997 3968 2145 4022 Alter
2169 3967 2277 4021 Cod
2308 3966 2452 4028 Vat.,
2478 3965 2565 4021 sed
2588 3965 2744 4020 etiam
2771 3964 3009 4021 Cosmus.

1945 4049 1981 4076 m
2009 4040 2140 4093 Vide
2161 4053 2208 4092 c.
2236 4040 2268 4093 ὅ
2308 4038 2398 4091 lib.
2427 4053 2478 4105 ν,
2510 4049 2561 4090 et
2587 4047 2739 4090 notas
2772 4039 2820 4090 in
2854 4037 3003 4090 illud.

1946 4118 1973 4147 ιι
2006 4110 2151 4164 Unus
2179 4108 2313 4162 Cod.
2342 4107 2461 4161 Vat.
2497 4108 2732 4160 Aruenna
2764 4110 2970 4171 colens;
3002 4116 3279 4176 corrupte.

1949 4189 1973 4216 °
2007 4181 2101 4234 llic
2151 4180 2360 4233 videtur
2406 4192 2525 4233 esse
2585 4177 2765 4232 Victor
2808 4177 3176 4244 Massiliensis,
3233 4178 3300 4234 de
3355 4191 3460 4247 quo

1877 4252 2036 4322 Greg.
2067 4251 2218 4322 Tur.,
2249 4249 2340 4304 lib.
2373 4264 2390 4303 ι
2417 4249 2488 4322 de
2519 4248 2695 4302 Gloria
2730 4248 3047 4322 hlartyr.,c.
3071 4249 3162 4303 77.
3200 4248 3247 4322 Is
3274 4261 3464 4317 passus

1875 4334 1960 4378 est
1991 4319 2233 4378 Massilia:
2261 4322 2379 4374 sub.
2415 4321 2637 4373 Dioclet.
2671 4331 2726 4374 et
2781 4319 3126 4380 Maximiano,
3157 4319 3315 4389 cujus
3345 4327 3465 4373 acta

1878 4401 2088 4449 exstant
2119 4394 2256 4444 inter
2278 4393 2484 4444 sincera
2521 4402 2766 4455 martyr”
2801 4391 2833 4442 Ι.
2872 4406 2907 4457 t,
2946 4406 3062 4460 pag.
3088 4391 3216 4444 292.

1949 4475 1976 4514 P
2011 4465 2154 4518 Unus
2180 4461 2468 4526 Cod.Vat.,
2500 4476 2603 4530 qua
2631 4470 2783 4514 tenet.

1951 4566 1976 4605 ct
1998 4555 2225 4609 Sanctus
2254 4553 2486 4607 Nicetius
2522 4554 2805 4621 episcopus
2823 4551 3190 4621 Lugdunensis
3211 4551 3464 4615 fuit,san-

1799 4617 1853 4678 D
1882 4628 2129 4682 ctitateet
2157 4628 2422 4683 miraculis
2442 4626 2687 4678 celebris.
2709 4617 2769 4676 is
2791 4639 2817 4675 a
2841 4617 3097 4693 Gregorio
3126 4623 3256 4678 Tur.
3281 4622 3469 4677 matris

1885 4712 1996 4752 sua:
2045 4697 2335 4750 avunculus
2386 4696 2548 4748 luisse
2599 4694 2793 4747 dicitur
2842 4695 2934 4748 lib.
2970 4710 3019 4757 v,
3053 4710 3170 4762 cap.
3225 4699 3277 4755 5,
3325 4693 3465 4747 Hist.

1888 4768 2284 4836 EjusdeinVita,
2303 4782 2328 4818 a
2347 4763 2605 4836 Gregorio
2624 4765 2945 4832 conscripta.
2967 4776 3140 4836 exstat
3161 4764 3216 4818 in
3244 4763 3377 4836 libro
3401 4765 3470 4816 de

1886 4833 2022 4893 Vitis
2056 4839 2291 4897 Patrum,
2322 4851 2439 4904 cap.
2471 4837 2524 4887 8.
2575 4835 2621 4888 ls
2643 4836 2890 4888 ob.itan.
2936 4836 3061 4891 5'75.
3107 4835 3276 4890 Porro
3325 4833 3470 4887 idem

1888 4910 2172 4987 Gregorius
2203 4906 2540 4987 iii-Ejll‘S‘Vllﬂ
2569 4945 2581 4968 ,
2612 4920 2731 4973 cap.
2763 4907 2817 4972 8,
2854 4910 3079 4987 loquens
3108 4906 3178 4959 de
3218 4904 3473 4987 .reliquiis

1887 4983 2050 5035 sancti
2084 4979 2272 5032 Nicetii
2302 4975 2416 5030 {Ad
2446 4993 2534 5029 nos
2569 4993 2785 5044 quoque,
2819 4978 2890 5029 ait
2920 5020 2932 5038 ,
2969 4977 3348 5046 j'arietergium,
3385 4975 3475 5026 de-

1889 5049 2218 5122 pendentibus
2249 5049 2657 5122 villisintea'tunt
2681 5091 2692 5113 ,
2720 5051 2858 5122 quod
2891 5057 3102 5100 sanctus
3140 5063 3293 5116 super
3317 5054 3474 5111 caput

1891 5119 1941 5175 in
1965 5124 2045 5176 die
2076 5123 2240 5174 abitus
2271 5121 2349 5172 sui
2382 5119 2555 5172 habuit
2579 5161 2588 5174 .
2617 5130 2691 5171 est
2717 5121 2967 5182 perlatum
2994 5160 3008 5182 ,
3039 5119 3175 5186 quod
3200 5133 3291 5170 nos
3316 5157 3331 5177 ,
3361 5128 3476 5169 tan-

1892 5210 2040 5263 quam
2089 5192 2282 5245 ealeste
2304 5229 2320 5254 ,
2348 5193 2679 5263 suscepimus.
2715 5191 2971 5263 Decerpta
2989 5190 3080 5256 [ita
3103 5191 3284 5242 exhuc
3306 5188 3473 5263 lin_t_eo

1893 5256 2030 5319 idem
2072 5264 2144 5317 ait
2173 5278 2229 5316 se
2261 5256 2553 5316 collocasse
2582 5262 2629 5312 in
2663 5256 2894 5327 quadam
2918 5261 3136 5314 basilica
3168 5258 3316 5312 urbis
3366 5256 3444 5310 Tu
3465 5287 3477 5296 ο

1893 5336 2123 5399 ronicac,
2159 5349 2276 5402 qum
2300 5334 2476 5386 statim
2513 5333 2769 5385 miraculo
2800 5335 3184 5394 inclaruvriut;
3212 5338 3322 5382 tum
3378 5327 3474 5382 ad-

1893 5408 2007 5462 dit:
2047 5398 2228 5465 Postii.
2268 5408 2456 5470 fateor.
2491 5405 2553 5455 de
2594 5402 2669 5453 his
2709 5404 3008 5473 pignoribus
3037 5413 3080 5456 et
3107 5403 3160 5454 in
3190 5401 3321 5473 aliis
3384 5398 3477 5450 ba~

1893 5478 2157 5532 silicarum
2188 5477 2434 5529 altaribus
2459 5517 2472 5537 ,
2500 5477 2549 5525 in
2581 5471 2778 5539 quibus
2799 5486 2840 5526 et
2873 5471 3198 5540 eneriinnteni
3239 5480 3476 5540 sanctum

1894 5550 2204 5616 confitentur
2228 5588 2240 5607 ,
2273 5556 2317 5598 et
2349 5546 2512 5614 fidelis
2545 5538 2709 5597 oratio
2764 5547 2953 5610 sa'pins
2994 5538 3314 5616 promeretur
3357 5538 3480 5606 effe--

1897 5613 2018 5674 iuni.
2055 5617 2318 5674 Cuedibile
2349 5621 2521 5683 itaque
2544 5627 2665 5675 est.
2698 5616 2745 5668 id
2768 5630 2935 5684 genus
2992 5615 3242 5684 reliquias
3297 5613 3472 5684 sancti

1896 5691 2080 5746 Nieetii
2114 5691 2196 5743 vel
2232 5689 2283 5742 in
2317 5681 2550 5742 oratorio
2580 5681 2905 5742 Arthonensi
2935 5700 2965 5740 α
2997 5681 3255 5753 Gregorio
3302 5681 3474 5736 colle-

1895 5774 2038 5819 catas
2062 5763 2247 5816 fuisse.

1973 5846 1991 5873 ν
2027 5834 2164 5887 Edit.
2201 5830 2367 5886 Paris.
2387 5871 2401 5896 ,
2426 5830 2704 5901 Gregorius
2731 5840 2903 5884 ornat.

1972 5917 1988 5941 υ
2017 5905 2204 5962 Narrat
2233 5903 2390 5969 Greg.
2419 5898 2573 5966 Turl,
2620 5904 2708 5961 lib.
2739 5920 2788 5958 ix
2820 5903 2975 5963 llist.,
3003 5913 3122 5964 cap.
3157 5898 3248 5967 ὅθ,
3281 5912 3308 5953 a
3355 5911 3477 5965 rege
