4206 6546
755 407 857 464 539

1462 405 1773 460 VENANTII
1818 404 1971 458 llllN.
2019 401 2225 457 CLEM.
2268 396 2659 453 FORTUNATI
2702 396 2984 454 OPERUI
3030 398 3206 456 PARS
3250 400 3293 455 I.

3928 395 4031 452 ’540

824 521 950 583 tini,
985 518 1223 573 Paschali
1253 521 1355 581 die,
1402 529 1715 584 provocatus
1749 515 1963 568 musicis
2008 514 2332 566 instrumen-
2362 510 2413 568 Α
2439 509 2572 576 Qua:
2597 510 2773 565 bonus
2800 512 3023 567 antistes
3051 511 3320 568 nascendo
3350 513 3646 583 Gregorius
3672 526 3903 578 expers,

825 591 913 651 tis,
946 602 997 643 et
1017 592 1279 648 cantibus,
1306 602 1732 656 sequenspoema
1766 585 1934 656 fundit
1965 600 2025 636 ex
2056 595 2324 656 tempore,

824 661 878 714 in
910 676 1014 727 quo
1044 670 1097 714 et
1127 661 1194 715 de
1232 653 1471 714 laudibus
1492 653 1660 710 sancti
1695 655 1929 719 Martini,
1957 665 2009 707 et
2037 654 2104 708 de
2128 653 2328 727 Grego-

824 724 937 795 rio,
963 730 1203 799 ejusdem
1234 731 1285 782 in
1315 729 1609 782 Turoneusi
1636 727 2126 799 sedesuccessore,
2182 724 2329 789 plura

826 794 1182 855 cen'celebrat.
1204 800 1479 853 Postremo
1502 814 1592 851 eos
1616 797 1703 864 qui
1721 795 1782 849 ad
1805 794 2111 864 convivium
2144 806 2330 864 conve-

826 880 1019 925 nerant
1043 870 1286 924 hortatur
1308 912 1322 933 ,
1356 881 1411 923 ut
1453 869 1589 922 diem
1613 868 1760 920 illum
1780 866 1898 921 late
1921 876 2078 933 atque
2098 863 2327 933 jucunde

826 950 1021 1010 agant,
1047 954 1109 994 ac
1140 948 1261 995 Vola
1288 940 1483 995 faciant
1511 955 1604 1007 pro
1627 938 1860 1008 regibus.
1882 935 1899 1007 ]

756 1079 887 1132 Cum
920 1076 1128 1132 videam
1157 1076 1379 1131 cithara!
1400 1082 1621 1128 cantare
1651 1070 1895 1140 loquacia
1923 1067 2057 1137 ligna
2081 1108 2096 1136 ,

827 1168 1080 1223 Dulcibus
1108 1177 1160 1222 et
1189 1166 1401 1221 chordis
1425 1162 1776 1218 admodularc
1810 1161 1977 1230 lyram
2004 1177 2016 1223 ;

761 1258 878 1326 Quo
897 1258 1103 1325 placido
1124 1266 1280 1310 cantu
1314 1272 1574 1312 reattiiare
1603 1255 1847 1308 videntur
1878 1262 1930 1304 et
1960 1265 2088 1315 tera,

828 1350 1051 1403 Mulcrat
1080 1358 1237 1416 atque
1263 1364 1417 1400 aures
1452 1347 1623 1399 lislula
1674 1343 1865 1397 blanda
1896 1341 2061 1408 tropis
2090 1357 2100 1390 :

758 1441 1015 1509 Quamvis
1046 1440 1130 1493 hic
1161 1441 1401 1507 stupidus
1438 1437 1635 1490 habear
1660 1435 1881 1490 Cl)ll\'l\8
1902 1474 1913 1495 ,
1941 1437 2186 1501 receptus
2207 1470 2222 1496 ,

832 1532 899 1586 Et
926 1547 1039 1586 mea
1072 1532 1181 1584 vult
1203 1529 1397 1597 aliquid
1426 1529 1599 1582 listula
1633 1540 1774 1580 mula
1801 1527 1968 1592 loqui.

759 1620 901 1679 Ecce
924 1625 1038 1677 dies
1067 1622 1116 1676 in
1150 1638 1254 1691 quo
1285 1621 1529 1675 Christus
1555 1618 1791 1673 surrexit
1815 1618 1879 1670 ab
1910 1616 2015 1669 imo
2038 1655 2052 1679 ,

837 1718 1058 1771 Inlcrnte
1087 1716 1214 1783 legis
1246 1732 1495 1783 rumpere
1546 1713 1721 1767 vinela
1756 1723 1944 1778 potens
1970 1750 1982 1773 ,

764 1811 986 1878 Quando
1018 1819 1070 1865 et
1098 1810 1394 1863 vinctorum
1422 1806 1765 1877 laerymantia
1805 1803 1967 1856 millia
2027 1799 2223 1858 solvit.

839 1903 905 1957 Et
930 1912 1210 1957 revomunt
1238 1901 1430 1955 multus
1486 1900 1709 1952 Tartara
1742 1894 1904 1948 fracta
1934 1892 2097 1947 viros.

765 1991 993 2048 Additur
1021 1992 1106 2045 hic
1137 1991 1274 2043 aliud
1295 2030 1309 2053 ,
1341 1988 1479 2057 quod
1514 1985 1719 2040 Martini
1745 1984 1862 2037 aula
1894 1982 2032 2036 beati

840 2082 1043 2137 Emicat
1075 2085 1188 2135 bmc
1211 2121 1224 2145 ,
1251 2082 1336 2133 ubi
1368 2093 1505 2133 nunc
1528 2077 1746 2145 prandia
1774 2076 1905 2128 festa
1934 2075 2125 2126 lluunl.

770 2174 873 2242 Qui
902 2176 1063 2229 valuit
1093 2175 1253 2242 gestis
1272 2188 1423 2226 aures
1449 2173 1657 2240 pulsare
1691 2169 1944 2222 Tonantis
1965 2207 1979 2231 ,

843 2271 1058 2323 Obtinet
1079 2279 1132 2323 et
1157 2268 1358 2321 meritis
1387 2265 1523 2333 quod
1553 2265 1683 2331 petit
1716 2264 1816 2317 alta
1851 2262 2001 2315 fides.

770 2359 871 2426 Qui
913 2360 996 2426 pie
1027 2357 1258 2411 restituit
1288 2356 1538 2407 defuncta
1572 2354 1832 2406 eallavera
1865 2351 1990 2403 vitm
2011 2390 2023 2413 ,

846 2451 1021 2518 Atque
1049 2449 1138 2503 Dei
1175 2458 1415 2515 prompte
1442 2446 1643 2513 prtcbet
1664 2445 1862 2496 amicus
1885 2457 2061 2509 opem.

776 2540 872 2593 Cui
898 2552 1173 2593 successor
1214 2550 1377 2589 ovans
1405 2535 1563 2587 modo
1609 2535 1709 2586 rite
1738 2532 2027 2600 Gregorius
2058 2539 2308 2592 exsmns,

847 2630 945 2685 Ille
967 2629 1106 2699 quod
1134 2627 1358 2697 acquirit
1384 2670 1395 2689 ,
1422 2626 1507 2679 hic
1536 2625 1671 2693 regit
1701 2640 1793 2677 ore
1818 2665 1830 2685 ,
1868 2625 1991 2676 lillc.

774 2720 873 2788 Qui
896 2731 1044 2790 rogat
1068 2718 1151 2774 hic
1184 2733 1437 2788 prmsens,
1472 2715 1595 2769 alibi
1627 2716 1745 2769 licet
1784 2715 1975 2768 insidet
2006 2716 2221 2779 absens,

854 2811 1083 2865 Exhibet
1106 2819 1273 2877 atque
1289 2809 1438 2863 cibos
1468 2815 1645 2875 pastor
1676 2806 1726 2859 in
1756 2806 1886 2857 orbe
1912 2804 2106 2857 bonus.

781 2910 806 2937 ⁸
834 2901 987 2956 Nune
1014 2902 1172 2971 igitur
1200 2900 1465 2953 celebrate
1492 2898 1630 2951 diem
1660 2897 1969 2950 solemuiter
1995 2910 2203 2957 omnes,

850 2993 994 3060 Quos
1027 2994 1165 3047 Deus
1196 2992 1537 3059 omnipotens
1570 2991 1674 3044 huc
1707 2990 1852 3042 dedit
1881 3002 1998 3042 esse
2031 3002 2201 3053 pares.

780 3086 928 3150 Quos
951 3083 1052 3138 sibi
1075 3082 1330 3136 Martinus
1352 3081 1563 3147 collegit
1598 3079 1621 3117 δ
1653 3092 1833 3131 amore
1859 3077 2131 3144 benignus,

855 3180 919 3233 Et
944 3179 1069 3233 facit
1098 3192 1223 3232 ecce
1256 3190 1407 3230 escas
1440 3174 1523 3228 hic
1549 3172 1764 3240 epulare
1788 3185 1931 3223 suas.

779 3271 923 3342 Ergo
949 3268 1047 3324 sub
1076 3268 1327 3323 incolumi
1368 3265 1713 3320 Childeberto
1744 3277 1805 3316 ac
1838 3260 2199 3324 Brnuicbilde,

858 3362 1003 3430 Quos
1034 3360 1217 3415 tribuit
1237 3359 1411 3413 celsus
1434 3371 1593 3425 regna
1624 3358 1799 3410 l‘ovcrc
1832 3354 1987 3416 Deus,

791 3457 917 3522 Vos,
951 3470 1085 3526 quos
1109 3456 1372 3509 miserunt
1397 3453 1652 3522 populqu
1688 3462 1709 3487 ε
1745 3448 2023 3502 moderare
2056 3445 2281 3507 IItICIl'nl,

857 3550 927 3605 Et
955 3550 1191 3604 relevare
1229 3547 1439 3612 inopes,
1471 3543 1514 3597 si
1538 3543 1655 3610 quis
1679 3551 1731 3594 et
1761 3548 1932 3594 exstat
1958 3552 2140 3598 egens,

785 3646 864 3699 Ac
883 3642 1021 3698 bona
1052 3637 1077 3678 δ
1108 3641 1173 3695 de
1212 3639 1445 3695 dominis
1475 3636 1746 3690 nascendo
1786 3642 1841 3687 ct
1867 3630 2071 3694 agendo
2104 3629 2350 3698 benigna,

857 3731 977 3787 Sint
1001 3744 1210 3800 quoque
1240 3727 1436 3781 lzetitite
1464 3724 1654 3793 pabula
1689 3731 1865 3776 vestra
1898 3718 2020 3772 tide.

788 3822 937 3891 Quos
958 3820 1199 3875 invitavit
1228 3817 1437 3873 Martini
1463 3830 1645 3870 mensa
1674 3813 1840 3878 beati,

865 3914 1070 3973 Sumite
1095 3913 1412 3985 gaudentes,
1445 3908 1582 3979 quod
1605 3906 1697 3962 dat
1720 3920 1905 3960 amore
1934 3904 2071 3957 dies.

787 4106 1155 4169 Childeberto,
1198 4102 1621 4159 Florentiannm,
1666 4095 1915 4169 Majurem
1945 4090 2105 4161 regice
2144 4089 2357 4169 domus,

790 4160 1239 4239 etwﬂomullu'm,
1289 4170 1471 4239 palatii
1512 4160 1783 4229 comitem,
1837 4165 2109 4216 l’ictavum
2164 4160 2361 4213 missos

790 4248 980 4311 fuisse,
1008 4247 1095 4314 qui
1130 4244 1380 4314 populqu
1425 4240 1809 4314 describerent,
1864 4246 2170 4314 accensum
2213 4242 2363 4314 vete:

791 4300 1291 4377 rem‘innbn'rent;
1330 4322 1438 4364 tum
1483 4311 1603 4362 inde
1636 4309 1875 4361 'l‘urones
1917 4303 2216 4377 advenisse,
2263 4300 2357 4354 sed

794 4372 925 4444 nihil
958 4372 1350 4441 innovatum'in
1374 4380 1669 4434 'l‘uronensi
1705 4378 1878 4445 plebe,
1911 4375 1981 4445 ob
2013 4372 2270 4445 honorem
2299 4384 2363 4424 ac

792 4440 1152 4515 reverentiam
1200 4456 1250 4507 in
1300 4460 1541 4505 sanctum
1600 4440 1911 4507 Mar'tinum,
1965 4444 2082 4515 ipso
2131 4440 2363 4515 masime

797 4513 987 4595 agente
1026 4520 1619 4595 GregorioTuroneusi.
1669 4520 1793 4595 I_I:ec
1819 4518 1952 4569 Acta
1993 4514 2057 4595 ad
2093 4526 2182 4595 an.
2229 4513 2355 4575 589,

797 4584 906 4668 quo
933 4584 1174 4668 tempore
1227 4593 1435 4648 videtur
1478 4591 1580 4647 hoc
1608 4603 1639 4644 a
1668 4588 1956 4644 Fortunato
1998 4584 2196 4638 dictum
2238 4596 2358 4636 car-

796 4666 917 4723 then
950 4666 1131 4719 fuisse.
1627 4710 1635 4725 ο

869 4746 895 4773 ³
920 4737 1060 4791 Est.
1096 4736 1262 4789 Paris.
1298 4731 1451 4786 Hunc
1480 4732 1653 4798 igitur.

867 4806 897 4846 δ
918 4806 1066 4861 Unus
1096 4806 1227 4859 Cod.
1256 4803 1397 4864 \’at.,
1424 4818 1592 4855 amore
1620 4800 1852 4867 benigno.

874 4889 895 4917 ο
927 4877 1050 4941 Ms.,
1080 4878 1335 4928 moderate
1364 4882 1417 4927 et
1444 4888 1583 4925 vers.
1614 4866 1751 4933 seq.,
1783 4866 2016 4941 relevate.

870 4944 896 4983 δ
922 4934 1048 4999 Βυό
1072 4944 1240 5001 Codd.
1276 4942 1418 5007 για..
1464 4944 1525 4995 de
1564 4941 1764 4995 damnis
1789 4937 2041 4991 nascendo
2071 4943 2114 4988 et
2144 4934 2366 5003 agendo,

798 5016 939 5085 qmd
963 5032 1075 5084 seq.

875 5096 897 5124 °
926 5081 1069 5141 Unus
1092 5083 1224 5139 Cod.
1252 5082 1397 5147 Vat.,
1423 5081 1613 5150 gaudia
1635 5089 1797 5133 vestra
1825 5088 1996 5150 canat.

872 5155 1105 5221 ‘Alter,
1157 5169 1274 5222 rege
1319 5147 1443 5207 suos
1497 5153 1731 5223 populos.
1789 5150 1932 5204 Edit.
1981 5147 2199 5213 Paris.,
2256 5162 2371 5199 cum

800 5242 918 5294 rege
942 5236 1009 5279 et.

874 5291 899 5344 ε
934 5296 1083 5350 Unus
1104 5294 1235 5348 Cod.
1262 5294 1403 5359 \’at.,
1429 5309 1492 5348 ne
1516 5292 1678 5347 desint
1701 5291 1855 5345 aulis.

872 5363 899 5402 ιι
929 5366 1089 5421 Forte
1115 5368 1222 5433 ﬂet.

878 5435 897 5474 ί
931 5436 1084 5497 Ibid.,
1118 5435 1373 5488 illuminat
1403 5436 1561 5487 orbes.

877 5508 892 5557 l
928 5505 982 5559 In
1010 5508 1111 5557 alio
1132 5507 1284 5568 Cod.,
1316 5506 1469 5557 redde
1497 5505 1700 5556 vivendo
1730 5505 1902 5564 diem;
1926 5511 2192 5568 corrupte.

877 5574 904 5612 κ
930 5576 1028 5630 Hic
1069 5575 1417 5641 Iiomulphus,
1448 5576 1600 5627 sicuti
1633 5586 1683 5628 et
1716 5567 2097 5633 Florentiuus,
2124 5584 2215 5621 seu
2251 5567 2373 5621 Flo-

804 5647 1083 5716 rentianus
1136 5645 1239 5716 (ad
1270 5663 1422 5712 quem
1474 5646 1657 5698 scribit
1686 5661 1899 5697 carmen
1952 5644 2009 5694 lli
2045 5641 2284 5716 hujusce.
2310 5641 2370 5716 il-

805 5714 888 5770 bri
916 5718 956 5785 ),
991 5732 1093 5768 non
1122 5709 1369 5768 videntur
1405 5717 1488 5767 alii
1533 5731 1649 5767 esse
1685 5732 1833 5782 quam
1868 5732 1998 5779 quos
2032 5726 2188 5769 supra
2236 5709 2375 5761 dixi-

808 5782 948 5852 mus,
990 5789 1055 5839 ad
1079 5802 1291 5839 carmen
1352 5786 1438 5846 12,
1491 5788 1697 5840 venisse
1741 5782 2367 5843 Picmvumct'l’urones,

813 5869 919 5927 quo
946 5855 1157 5928 plebem
1184 5863 1483 5925 censerent,
1528 5872 1588 5913 ac
1618 5869 1795 5913 vetera
1841 5854 2032 5910 arbuta
2078 5854 2367 5921 exigetent.

2427 606 2430 613 ‘
2504 597 2750 662 Plaudat,
2774 611 2828 655 et
2855 602 2965 655 haec
3000 604 3206 671 pupulis
3235 616 3253 637 ιη
3281 603 3445 673 gloria
3477 613 3661 659 vestra
3685 610 3876 656 canat.

2431 686 2594 758 Cujus
2619 701 2671 744 et
2698 691 2808 745 lucc
2830 694 3020 747 domus
3053 705 3157 761 est,
3196 710 3223 747 a
3254 694 3470 750 Christo
3499 702 3699 750 exoret
3722 705 3963 758 amator,

2506 778 2527 817 ί
2563 781 2756 851 Reges,
2793 798 2852 837 ac
2881 785 3104 853 pupulos
3137 796 3190 840 ut
3224 794 3365 854 tegat
3390 800 3516 842 arce
3548 785 3719 841 Deus.

3030 900 3251 955 CAPUT
3280 899 3418 957 XIII.

2433 962 2539 1017 Pro
2564 969 2753 1035 puella,
2776 971 3078 1029 ajuu’icilrus
3101 973 3353 1040 captu,arl
3375 970 3684 1043 Gregorium
3703 970 4034 1039 ερὶιεοριιηι.

2434 1052 2453 1126 [
2486 1054 2729 1132 Gregorii
2781 1058 3030 1126 implorat
3059 1076 3238 1129 opem,
3273 1076 3378 1125 quo
3409 1061 3647 1132 puellam
3674 1076 3707 1115 a
3739 1069 3903 1130 patre
3931 1061 4030 1113 ab-

2502 1126 2714 1268 ggﬁtaiii
2757 1137 2809 1182 et
2855 1126 3118 1199 captivam
3172 1134 3307 1199 patri
3365 1126 3463 1187 suo
3519 1141 3676 1188 curet
3726 1126 4030 1187 restituen-

2436 1292 2692 1361 Exemplo
2725 1293 2935 1349 Domini
2967 1295 3094 1350 mihi
3120 1311 3205 1352 vel
3237 1296 3564 1352 venerabilis
3590 1296 3737 1360 orbi,

2507 1388 2604 1455 Qui
2634 1391 2879 1445 minimas
2908 1405 3013 1446 non
3040 1394 3120 1447 vis
3151 1392 3398 1460 perdere,
3434 1397 3637 1459 pastor,
3675 1404 3813 1447 oves

2438 1481 2699 1536 Sollicitis
2730 1482 2921 1537 animis
2953 1497 3133 1538 curam
3160 1499 3256 1553 per
3288 1499 3484 1551 pascua
3518 1484 3751 1538 tendens

2511 1584 2533 1620 Β
2566 1574 2639 1627 Ne
2666 1573 2838 1628 desint
2866 1574 3053 1639 caulis,
3079 1576 3275 1630 circuis
3301 1589 3396 1631 ore
3415 1587 3627 1641 greges.

2438 1665 2535 1721 llic
2576 1667 2732 1735 igitur
2761 1669 2995 1735 gerulus,
3040 1668 3274 1737 genitam
3300 1665 3326 1703 ιι
3360 1667 3494 1721 tiens
3527 1665 3692 1734 impie
3732 1662 4040 1734 demptam.

2511 1762 2784 1828 Captivam
2817 1765 3052 1819 sobolem
3086 1774 3329 1829 tempore
3359 1764 3507 1832 pacis
3537 1762 3772 1818 habens.

2372 1858 2421 1919 B
2447 1853 2767 1922 Martinique
2794 1855 2865 1923 pii
2890 1869 3173 1911 successor
3196 1856 3421 1921 honore,
3451 1852 3700 1922 Gregori,

2518 1945 2618 2011 Qui
2650 1954 2800 2011 pater
2829 1958 2887 1999 es
2916 1944 3118 2013 populi,
3152 1943 3292 2000 banc
3319 1958 3468 2015 rogo,
3500 1944 3672 1999 redde
3705 1943 3869 2013 patri.

2447 2038 2648 2108 Jugiter
2673 2037 2761 2091 ille
2791 2037 2958 2091 sacris
2982 2037 3187 2092 meritis
3224 2035 3239 2073 ί
3269 2037 3533 2090 illuminat
3559 2035 3767 2100 orbos;

2518 2132 2767 2186 Orbatam
2792 2129 2927 2182 hanc
2954 2127 3093 2196 patri
3123 2126 3137 2176 t’
3178 2126 3341 2182 redde
3361 2124 3595 2181 videndo
3616 2124 3784 2180 diem.

3030 2237 3255 2294 CAPUT
3293 2235 3436 2291 XIV.

2451 2329 2576 2384 Item
2607 2346 2695 2397 pro
2728 2330 2902 2383 eadem
2938 2345 2992 2381 re
3032 2328 3098 2379 ml
3122 2325 3147 2364 ¹ι
3178 2324 3551 2393 Romulplmm,
3595 2324 3673 2376 vel
3704 2322 4044 2385 Rainnlfnnt.

2451 2422 2653 2495 [Suam
2703 2422 2752 2474 in
2797 2417 3153 2485 Romulpbum
3207 2413 3642 2495 benevolenti-am
3703 2411 4045 2466 Fortunatus

2523 2502 2765 2551 testatur,
2811 2505 2966 2559 quam
2996 2484 3138 2541 cum
3181 2500 3413 2553 praesens
3438 2484 3660 2552 explere
3683 2497 3797 2559 non
3833 2493 4045 2547 posset,

2538 2562 2729 2615 Iillt'ris
2757 2554 3019 2613 se’narrat
3047 2570 3424 2625 compensare,
3457 2564 3571 2608 tum
3610 2554 3788 2625 cidem
3819 2567 4046 2606 causam

2522 2632 2686 2698 patris
2713 2644 2806 2698 pro
2837 2629 3062 2682 abducta
3092 2622 3196 2681 tilia
3229 2625 3589 2681 commendat.
3620 2622 3638 2695 ]

2458 2722 2474 2760 ι
2502 2724 2556 2778 Si
2580 2722 2779 2791 rapidis
2807 2719 2975 2775 oculis
3004 2727 3056 2773 te
3089 2731 3320 2786 semper,
3346 2716 3538 2781 amice,
3571 2714 3838 2779 viderem,

2528 2813 2616 2868 Sic
2644 2825 2853 2879 quoque
2877 2811 2966 2862 vix
2996 2810 3210 2865 avidum
3235 2822 3320 2862 me
3342 2805 3561 2861 satiaret
3592 2819 3767 2858 amor.

2453 2905 2551 2970 Qui
2582 2906 2623 2957 si
2649 2902 2925 2971 praesentis
2950 2916 3054 2955 non
3081 2914 3298 2969 possum
3330 2912 3551 2951 cernere
3577 2896 3784 2947 vultum
3810 2936 3823 2960 ,

2524 2996 2597 3048 'l'e
2629 2994 2756 3047 mihi
2789 2992 2874 3045 vel
2898 2991 3137 3059 scriptis,
3162 3000 3198 3026 ιυ
3223 2988 3401 3054 cbare,
3435 2988 3610 3041 saluto
3642 2986 3841 3041 libens.

2456 3087 2602 3141 Iquc
2627 3086 2784 3138 etiam
2809 3083 3065 3137 famulum
3084 3080 3454 3143 commendo,"
3477 3079 3728 3148 benigne.
3754 3087 4025 3132 verenter

2377 3209 2425 3271 Ο
2530 3178 2657 3230 Etsi
2687 3176 2827 3244 justa
2853 3175 3011 3243 petit,
3036 3171 3175 3227 hunc
3199 3183 3284 3225 tua
3314 3173 3486 3239 lingua
3506 3171 3679 3238 juvet.

2455 3277 2552 3343 Qui
2588 3286 2756 3329 tortus
2789 3274 3023 3344 graviter
3044 3269 3279 3339 genitam
3310 3268 3409 3321 sibi
3442 3268 3586 3335 luget
3612 3267 3887 3333 abactam,

2527 3368 2625 3420 l’er
2655 3380 2746 3418 vos
2768 3374 2822 3418 ut
2848 3363 3030 3418 redeat
3058 3362 3185 3425 lilia,
3211 3367 3235 3393 ο
3265 3372 3421 3412 causa
3455 3365 3627 3425 rogat.

2456 3458 2691 3527 I’aupere
2723 3465 2779 3509 ut
2807 3454 3013 3517 audito,
3050 3452 3174 3505 dum
3205 3450 3337 3503 estis
3366 3446 3635 3502 medicina
3666 3445 3899 3511 dolenti,

2530 3550 2595 3603 Et
2619 3544 2810 3601 vestris
2838 3543 2979 3599 curis
3002 3544 3071 3599 sit
3102 3542 3187 3610 pia
3207 3554 3333 3595 cura
3359 3537 3518 3591 Deus.

3055 3644 3282 3700 CAPUT
3324 3643 3436 3697 XV.

2748 3740 2874 3793 Item
2902 3755 2990 3809 pro
3014 3738 3192 3792 eadem
3221 3751 3273 3788 re
3297 3734 3364 3786 ad
3384 3743 3410 3781 tt
3437 3731 3753 3785 Gallienum.

2462 3833 2707 3909 [Laudat
2737 3832 3063 3894 Gallienum,
3096 3841 3158 3881 ac
3189 3839 3342 3880 suam
3373 3825 3425 3906 in
3451 3838 3573 3904 eum
3607 3820 4053 3909 benevolentiam

2530 3906 2796 3968 declarat;
2858 3911 2965 3956 tum
3009 3891 3227 3970 gravem
3271 3896 3435 3966 patris
3481 3894 3534 3947 in
3586 3892 3888 3947 amittenda
3948 3891 4058 3946 ﬁlia

2463 4082 2720 4150 Quocirca
2761 4076 3011 4150 veljllud
3058 4075 3185 4130 licet
3217 4073 3529 4150 conji_cere,_
3565 4071 3798 4139 puellam
3836 4070 4055 4150 deuqua

2464 4142 2550 4209 bic
2588 4152 2818 4220 loquitur
2858 4147 3184 4203 Fortunatus
3221 4144 3463 4220 eamdem
3505 4142 3847 4220 fortasse__ac
3900 4142 4057 4220 illam

2463 4226 2532 4279 de
2565 4212 2674 4292 qua
2697 4223 2750 4275 in
2779 4220 3054 4286 superiore
3078 4215 3339 4292 carmine,
3378 4230 3409 4268 a
3433 4212 3889 4292 descriptoribus,
3940 4214 4061 4267 sive

2464 4282 2599 4364 ejus'
2627 4282 2944 4364 satellitibus
2990 4303 3055 4364 ac
3111 4286 3408 4364 ministris,
3468 4300 3499 4338 a
3549 4294 3703 4364 patre
3760 4282 4056 4364 abductam

2465 4354 2650 4426 finisse,
2694 4377 2814 4417 cum
2855 4362 2901 4415 is
2930 4357 3188 4413 solvendo
3226 4371 3335 4411 non
3373 4365 3535 4409 esset.
3571 4354 3943 4426 Quamobrem
3993 4355 4059 4407 il-

2465 4435 2555 4491 lud
2607 4423 2764 4487 facile
2820 4430 3179 4491 crediderim,
3246 4426 3600 4483 Fortunatum
3658 4438 3690 4477 e
3740 4423 4055 4476 Turonensi

2466 4506 2618 4569 urbe,
2642 4505 2694 4558 in
2717 4518 2818 4571 qua
2843 4512 2898 4555 et
2922 4501 3173 4571 convivio
3204 4498 3549 4571 interfuerat,
3561 4507 3850 4571 reversum
3874 4493 4062 4547 Picta-

2467 4563 2615 4638 vunt,
2656 4563 2761 4627 illic
2788 4581 2990 4637 patrem
3021 4570 3144 4623 tiliae
3172 4568 3469 4636 supplicem
3507 4563 3622 4638 sibi
3644 4564 3927 4638 habuisse,
3982 4574 4062 4638 at-

2466 4662 2570 4716 que
2598 4633 2739 4698 hunc
2770 4633 3251 4716 uroneslegasse
3280 4633 3356 4716 ad
3402 4634 3726 4716 Gregoriu_m
3756 4643 3814 4687 et
3842 4633 4059 4687 descri-

2467 4704 2671 4789 ptores,
2703 4713 2839 4789 qui,
2867 4704 3190 4789 utvidetiir,
3244 4707 3418 4789 adhuc
3458 4705 3598 4789 apud
3645 4704 3900 4789 Tur-ones
3934 4718 4059 4757 sese

2468 4775 2739 4851 ienebant,
2782 4782 3110 4838 Cbildeberti
3140 4779 3297 4851 regis
3326 4778 3678 4851 jussa_atque
3716 4775 3932 4851 litteras
3960 4791 4055 4851 ex-

2466 4843 2791 4927 spectantes,
2823 4853 3088 4927 quibusis
3110 4843 3437 4927 signiﬁcaret
3466 4843 3805 4927 Turonensis
3858 4845 4061 4927 eixitas

2468 4913 2568 4983 nec
2592 4942 2657 4983 ue
2674 4913 2816 4981 esset
2838 4913 3208 4977 describenda.
3237 4919 3369 4984 Qua:
3392 4918 3572 4972 omnia
3600 4923 3793 4985 patent
3818 4928 3887 4969 ex
3915 4913 4059 4969 Gre—

2468 5000 2603 5069 gorii
2630 4998 2855 5069 Historia
2888 4994 3010 5069 loco
3027 5006 3187 5069 supra
3218 4994 3400 5043 citato.

2548 5066 2644 5122 llu
2668 5083 2774 5120 uno
2804 5063 2935 5119 Cod.
2972 5054 3226 5116 Vatfboc
3248 5072 3434 5128 poema
3460 5070 3582 5112 cum
3619 5056 3905 5125 superiore
3922 5054 4056 5125 jun-

2469 5139 2632 5210 gitur,
2666 5138 2815 5210 nullo
2838 5134 2991 5210 titqu
3024 5133 3365 5210 intermedio.

2539 5220 2578 5247 ω
2602 5194 2658 5264 ιή
2682 5209 2850 5261 altero
2880 5204 3091 5269 legitur,
3123 5218 3183 5255 ac
3213 5210 3259 5254 te
3282 5200 3449 5255 saluto
3485 5198 3670 5264 libens,
3699 5194 3988 5254 mendose.

2542 5289 2570 5318 υ
2604 5280 2655 5333 In
2686 5278 2855 5343 primo
2884 5274 3037 5340 Cod.,
3072 5274 3281 5340 beniqne
3321 5269 3618 5326 verendum.

2546 5359 2571 5388 ο
2598 5349 2741 5403 Edit.
2773 5348 2965 5410 Paris.,
2998 5355 3169 5413 capta.
3422 5370 3437 5413 ς

2545 5422 2677 5473 PDe
2730 5407 2969 5471 Gallieno
3029 5407 3351 5469 mentionem
3409 5411 3535 5465 facit
3583 5409 3749 5479 Greg.
3810 5407 4063 5473 Tui-om,

2475 5492 2568 5547 lib.
2596 5509 2623 5543 γ
2653 5491 2785 5543 llist.
2823 5488 3035 5551 Fratre,
3080 5501 3197 5551 cap.
3231 5484 3321 5548 50,
3352 5492 3406 5537 et
3449 5483 3595 5535 illum
3628 5484 3863 5551 amicum
3897 5492 4063 5532 suum

2476 5562 2726 5628 appellat.
2763 5558 2873 5611 Non
2905 5558 2949 5609 is
2983 5550 3188 5609 videtur
3216 5569 3336 5628 esse
3363 5554 3497 5620 alius
3544 5561 3708 5628 atque
3732 5552 3778 5628 is
3803 5550 3869 5602 ad
3896 5564 4064 5628 quem

2477 5620 2636 5687 modo
2667 5631 2847 5683 scribit
2881 5630 3220 5680 Fortunatus.
3251 5625 3434 5689 Neque
3455 5638 3584 5677 vero
3628 5623 3719 5676 ille
3742 5622 3809 5673 de
3836 5634 3948 5687 quo
3983 5620 4065 5689 Ιοέ

2480 5718 2656 5773 quuur
2698 5700 2986 5767 Gregorius
3024 5697 3229 5773 videtur
3295 5688 3708 5773 archidiaconus
3738 5692 3934 5773 fuisse,
3984 5688 4068 5773 uti

2482 5762 2763 5827 Browerus
2795 5762 3042 5821 :ittirzuat.
3082 5768 3207 5819 \’i.ie
3237 5775 3389 5820 notas
3409 5766 3481 5821 cl.
3510 5766 3739 5819 liuinart
3766 5764 3819 5817 in
3860 5762 4065 5831 prata-

2482 5856 2588 5901 tum
2610 5843 2668 5898 Cl
2685 5856 2825 5912 eger.
2851 5839 3047 5894 Turon.
3078 5838 3270 5893 locum.
