4206 6550
193 421 304 482 διδ

193 540 414 598 Deliciae
435 539 674 609 Domini,
697 549 725 581 ι
745 553 881 615 quas
902 549 1170 615 tempora.
1197 549 1321 599 vota
1350 543 1686 614 ministrant,

265 633 517 705 Undique
547 639 878 692 conveniunt
910 639 1163 705 ﬂumine,
1196 638 1368 708 fruge,
1401 638 1548 710 polo.

191 723 524 780 Childebcrti
547 731 708 783 etiam
739 727 1037 784 dominatio
1070 730 1226 794 longa
1251 729 1524 800 refulgens

265 817 367 884 Te,
397 817 670 891 Sigoalde,
695 819 787 875 diu
810 822 1054 877 sublevet
1083 837 1230 886 arce,
1250 823 1444 894 gradu.

188 916 276 975 Sit
305 918 456 991 regio
483 921 612 977 felix
642 921 812 978 felicis
842 921 986 993 regis
1011 937 1236 988 amore;

263 1012 448 1082 Atque
477 1014 607 1070 boni
633 1015 851 1070 comitis
881 1024 1095 1071 crescat
1125 1016 1334 1073 honore
1357 1015 1515 1074 ﬁdes.

774 1151 1004 1210 CAPUT
1033 1151 1223 1209 XXIII.

593 1265 621 1308 δ
653 1267 736 1322 Ad
765 1268 1118 1325 Galactorium
1140 1269 1396 1326 comitem.

187 1379 620 1455 [Galactorium,
646 1384 900 1440 comitem
938 1401 1002 1441 ex
1035 1384 1322 1443 defensore
1347 1380 1408 1444 ac
1428 1386 1610 1459 judice
1636 1403 1792 1445 crea-

265 1465 395 1529 tum
439 1471 469 1509 a
524 1471 671 1529 rege,
723 1459 1062 1525 gratulatur;
1113 1470 1273 1529 atque
1303 1471 1452 1524 optat
1484 1472 1540 1514 ιιι
1571 1463 1693 1516 hinc
1724 1462 1790 1517 ad

265 1527 493 1596 gradum
525 1527 680 1582 ducis
711 1529 1056 1593 provehatur,
1084 1531 1132 1583 id
1164 1527 1196 1583 a
1231 1532 1342 1586 Deo
1367 1535 1787 1597 exspectandum

263 1598 524 1672 educi-ns,
559 1603 642 1672 cui
678 1601 922 1656 solemne
964 1617 1156 1670 parvos
1188 1611 1243 1656 et
1294 1604 1524 1656 ltuittilcs
1551 1611 1785 1672 erigere.

261 1666 548 1722 Postremo
579 1670 716 1724 bene
744 1666 975 1739 sperare
989 1672 1166 1741 jubet,
1217 1684 1377 1741 atque
1432 1666 1680 1731 hortatur
1731 1688 1791 1731 ut

260 1743 403 1792 colat
434 1751 680 1804 virtutes,
729 1753 891 1813 atque
937 1744 1055 1799 illas
1088 1745 1284 1801 habeat
1315 1748 1478 1802 totius
1527 1749 1654 1803 vita:
1697 1763 1792 1802 au-

258 1815 438 1878 spices
469 1826 532 1867 ac
561 1813 783 1884 duces.]

185 1923 401 1979 Venisti
435 1927 674 1992 tandem,
710 1935 732 1965 α
765 1927 907 1996 quod
936 1927 1244 1994 debebaris,
1273 1929 1477 1996 amice,

263 2018 406 2070 Ante
427 2031 610 2072 comes
641 2021 834 2074 merito
863 2036 1019 2090 quam
1041 2022 1197 2076 dailh
1227 2035 1370 2078 esset
1403 2024 1594 2079 lmnor.

181 2108 597 2180 Burdigalensis
626 2128 767 2179 eras,
807 2123 863 2168 et
891 2130 1012 2168 cum
1042 2114 1070 2152 εί
1102 2114 1356 2171 defensor
1381 2127 1588 2172 amator

273 2205 476 2271 Dignus
510 2205 816 2272 liahebaris,
851 2205 965 2261 hinc
988 2206 1094 2261 dno
1125 2208 1281 2277 digna
1314 2223 1539 2280 regens,

177 2295 408 2353 Judicio
439 2301 580 2366 regis
615 2298 826 2351 valuisti
859 2314 1107 2355 crescere
1143 2310 1166 2336 ο
1192 2301 1356 2367 judex
1381 2345 1395 2369 ,

264 2389 540 2459 Fatitaqne
567 2392 711 2458 quod
743 2391 962 2455 meruit,
995 2394 1140 2457 regia
1167 2393 1346 2462 lingua
1377 2394 1545 2448 dedit.

178 2483 363 2537 Debet
393 2495 445 2536 et
470 2483 587 2551 ipse
615 2493 825 2550 potens,
860 2494 913 2538 ut
946 2486 1123 2539 adhuc
1153 2487 1285 2541 bene
1315 2502 1560 2543 crescere
1591 2488 1787 2558 possis,

257 2574 489 2629 Praestet
518 2591 570 2630 Ill
601 2591 748 2630 arma
779 2577 930 2632 ducis
951 2618 967 2643 ,
998 2581 1084 2647 qui
1118 2580 1209 2634 tibi
1236 2590 1403 2635 restat
1432 2595 1589 2648 apex.

259 2723 288 2784 ξι
323 2713 487 2780 ιδιά..
519 2731 634 2781 quo:
660 2724 909 2784 tempora.

258 2783 290 2822 ι’
327 2787 468 2838 lidit.
498 2786 692 2849 Paris,
723 2783 824 2856 quo
850 2787 1127 2842 tlebrlmris.

259 2869 285 2896 ε
306 2857 386 2909 Ad
419 2861 574 2911 istum
598 2859 985 2926 Galactorium,
1010 2859 1119 2927 jam
1144 2860 1419 2922 comitem.
1444 2859 1626 2914 scribit
1655 2859 1790 2914 For-

176 2939 412 2983 tunatus
446 2945 663 2982 Cartnt-u
707 2929 765 2982 5|
809 2931 901 2982 ιιι».
957 2946 1048 2984 VII.
1082 2933 1231 2996 Quod
1263 2946 1394 2983 veto
1425 2934 1468 2983 is
1501 2933 1599 2986 sub
1631 2932 1790 2986 Gun-

177 3012 408 3056 tratnno
435 3016 559 3070 rege
586 3001 812 3059 viveret,
845 3001 1049 3055 indit-at
1078 3003 1165 3055 ille
1193 3002 1499 3056 disticlius:

314 3109 402 3160 Cui
432 3112 528 3158 rite
555 3109 811 3160 esteelleus
828 3124 915 3159 rex
943 3111 1308 3160 Gunthramnns
1329 3112 1544 3160 honores

382 3172 536 3229 Maius
560 3173 715 3222 adhuc
741 3177 912 3229 debet,
938 3177 1017 3234 qui
1041 3177 1124 3222 tibi
1152 3186 1325 3235 magna
1350 3175 1504 3224 dedit.

256 3255 284 3294 δ
319 3255 466 3309 Etlit.
501 3257 697 3319 Paris.,
728 3260 964 3322 defensor
994 3275 1187 3313 umore.

256 3336 284 3364 ⁶
311 3327 532 3382 Iudices
557 3329 784 3383 Palatini
808 3332 904 3394 (ait
936 3331 1195 3384 Dufresne
1223 3330 1275 3384 in
1300 3331 1595 3400 Glossarin)
1626 3341 1779 3385 erant

174 3399 216 3454 ii
249 3400 344 3472 qui
372 3413 497 3454 cum
527 3404 730 3472 comite
771 3402 1109 3471 judicabant.
1144 3403 1344 3456 Judicis
1378 3404 1556 3472 itaque
1576 3399 1778 3458 munus

172 3479 236 3526 et
261 3469 415 3540 locus
441 3480 563 3525 erat
585 3469 784 3540 gradus
815 3473 879 3526 ad
902 3473 1115 3527 coinitis
1143 3469 1480 3538 dignitatem.

259 3539 280 3578 ί
307 3539 607 3598 Cantabria
634 3586 650 3608 ,
702 3544 847 3611 regio
876 3541 1149 3609 Hispaniae
1178 3544 1600 3599 Tarraconensis
1626 3554 1740 3598 crat
1759 3586 1774 3611 ,

173 3612 377 3669 Gothis
398 3614 669 3683 subjecta.
701 3615 808 3671 Pro
831 3614 1114 3670 Cantabris
1139 3615 1316 3684 itaque
1346 3617 1506 3672 Gothi
1531 3617 1769 3672 veniunt.

1382 423 1894 486 ιιιεεειιΑΝιιΑ.
1924 457 1996 473 -
2035 426 2166 485 LIB.
2208 426 2306 486 XI.

1820 547 1869 610 Δ
1907 540 1971 602 Ut
2003 543 2192 610 patrita
2218 542 2356 600 ﬁnes
2383 541 2604 614 sapiens
2639 544 2842 602 tuearis
2870 553 2934 604 et
2968 548 3165 618 urbes,

1811 3296 1858 3357 C

3402 433 3513 497 διε

1985 641 2242 709 Acqttiras
2269 649 2328 695 ιιι
2359 641 2408 697 ei
2438 642 2529 710 qui
2558 639 2651 695 dat
2674 642 2852 706 opima
2887 642 3003 700 tibi.

1962 733 2235 789 Cantaber
2269 744 2327 789 ιιι
2358 736 2564 799 timeat,
2597 733 2774 790 Vasco
2798 751 2966 805 vagus
2986 752 3134 792 arma
3157 748 3431 810 pavescat,

1974 825 2151 893 Atque
2174 825 2445 896 Pyrenaiae
2475 828 2691 884 deserat
2725 828 2876 892 Alpis
2902 846 3086 899 opem.

1904 920 2013 977 Aut
2041 923 2191 991 quasi
2232 921 2434 990 grande
2490 920 2704 990 loquor,
2761 921 2892 978 facit
2946 922 3049 980 hoc
3112 938 3268 983 sacer
3314 925 3507 986 unicus

3242 1019 3470 1094 [auctor
3483 1060 3503 1091 ,

1975 1113 2019 1166 Α
2051 1110 2280 1166 Domino
2306 1111 2533 1182 erigitur
2563 1126 2784 1182 parvus,
2815 1120 2871 1168 et
2899 1111 3046 1168 altus
3075 1113 3262 1171 homo.

1904 1203 1981 1262 De
2011 1215 2201 1276 tyrone
2223 1205 2411 1272 duces,
2441 1207 2583 1260 venit
2613 1214 2667 1259 et
2699 1215 2725 1254 8
2755 1203 2822 1260 de
2859 1206 3033 1261 milite
3063 1205 3332 1279 princeps.

1973 1297 2042 1356 Ut
2075 1299 2308 1368 reliquos
2339 1310 2574 1364 taceam,
2604 1296 2633 1336 ³³
2665 1298 3001 1354 .Instinianus
3031 1309 3169 1354 erat.

1900 1396 2015 1453 Iloc
2047 1406 2101 1451 et
2129 1397 2176 1450 in
2205 1397 2468 1462 Ecclesia,
2497 1396 2716 1452 Christo
2739 1395 3033 1461 tribuente,
3064 1394 3301 1453 refertur

1974 1491 2048 1545 De
2075 1491 2340 1544 exorcista
2371 1491 2553 1562 aliquo
2579 1489 2907 1557 pont'ﬂcalis
2935 1491 3131 1547 honor.

1898 1581 2161 1654 Egregius
2187 1585 2379 1639 merito
2409 1583 2671 1639 Martinus
2704 1584 2855 1638 testis
2889 1585 3117 1640 habetur
3139 1623 3155 1649 ,

1971 1675 2067 1740 Qui
2104 1674 2200 1727 fuit
2232 1685 2355 1728 ante
2385 1690 2561 1742 sacer,
2594 1691 2752 1744 quam
2783 1689 2934 1730 sacra
2957 1677 3074 1744 jura
3105 1676 3281 1731 daret.

1900 1767 2012 1822 Hoc
2041 1769 2150 1837 agit
2179 1772 2543 1836 omnipotens.
2579 1778 2748 1824 totum
2778 1771 2867 1840 qui
2896 1771 3137 1824 condidit
3164 1772 3353 1828 orbem
3378 1790 3393 1828 :

1975 1860 2272 1930 Magnaque
2303 1861 2418 1915 sola
2447 1875 2622 1930 putes,
2649 1877 2770 1932 quae
2803 1861 2930 1916 facit
2958 1863 3072 1931 ipse
3107 1875 3336 1932 potens,

1822 1924 1870 1984 Β
1898 1954 2096 2009 Laetior
2119 1971 2254 2025 ergo
2296 1970 2506 2022 precor,
2541 1970 2761 2008 maneas
2789 1958 2840 2008 in
2871 1955 3106 2010 culmine
3139 1966 3348 2024 rector,

1973 2047 2172 2117 .‘llajnra
2204 2061 2449 2117 sperans,
2478 2048 2560 2101 vir
2590 2049 2798 2102 ratione
2820 2062 3002 2118 sagax.
3236 2109 3247 2116 ,

1892 2139 2041 2212 Rege
2070 2142 2170 2195 sub
2203 2144 2302 2195 hoc
2323 2141 2546 2207 florens,
2571 2150 2881 2210 aeternaque
2911 2155 3074 2210 regna
3103 2140 3421 2213 requirens.

1891 2328 2104 2385 JuStitia
2140 2344 2201 2383 ac
2226 2329 2398 2396 pietas
2432 2337 2609 2383 tecum
2641 2329 2889 2382 comitata
2923 2338 3246 2396 coruscent,

1967 2424 2055 2477 Illa
2087 2434 2232 2478 tuum
2267 2430 2449 2493 peetus
2480 2430 2746 2491 protegat.
2783 2422 2880 2474 ista
2916 2420 3080 2475 latus.

1893 2520 2015 2576 Alta
2045 2518 2180 2574 ﬁdes
2212 2518 2397 2584 etiam,
2431 2517 2647 2572 dileCtio
2678 2515 2779 2570 [ida
2809 2515 3070 2581 nitescat,

1964 2613 2032 2667 Et
2064 2612 2361 2667 Fortunato
2390 2614 2464 2666 sis
2495 2624 2704 2670 comes.
2735 2608 2947 2678 amplus
2976 2623 3148 2666 amor.

1964 2757 1990 2796 ς
2020 2747 2168 2803 Unus
2187 2746 2321 2804 Cod.
2354 2747 2550 2810 Vatic.,
2573 2750 2636 2800 de
2658 2747 2818 2801 limite
2838 2749 3110 2816 princrps:
3139 2756 3414 2819 corrupte.

1963 2820 1992 2858 ιι
2021 2819 2377 2883 ιιιιειιηιτιιιιιε,
2410 2819 2603 2874 Justini
2631 2820 2760 2886 imp.
2797 2834 2965 2886 nepos
3007 2828 3125 2875 erat
3165 2835 3230 2873 ex
3274 2833 3486 2877 sorore.

1891 2890 2161 2946 Jusnuum
2202 2907 2361 2958 porro
2390 2906 2467 2975 ex
2511 2906 2710 2959 genere
2740 2892 2922 2975 intimo
2954 2901 3006 2943 et
3038 2890 3490 2975 ιιιιςιιιιιόιιιίεςε.Ω

1891 2978 1954 3016 ac
1981 2980 2077 3024 per
2100 2978 2288 3014 omnes
2331 2963 2534 3014 militiae
2573 2972 2771 3024 gradus
2823 2964 2891 3014 ad
2947 2978 3216 3016 summum
3271 2961 3489 3033 imperii

1894 3037 2160 3103 fastigium
2193 3044 2457 3096 evectum,
2492 3043 2674 3086 notum
2717 3043 2842 3086 est:
2895 3050 3012 3096 quze
3053 3045 3104 3087 et
3151 3037 3272 3100 ejus
3300 3033 3490 3103 nepoti

1891 3103 2191 3160 Justiniauo
2225 3121 2286 3157 ex
2319 3114 2469 3170 parte
2502 3107 2852 3158 conveniunt.
2907 3106 3054 3160 Hunc
3083 3107 3327 3160 Justinus
3382 3105 3487 3160 im-

1893 3180 2043 3241 perio
2083 3177 2367 3230 associavit
2409 3193 2496 3229 an.
2532 3174 2659 3238 52?,
2717 3177 2956 3234 pluribus
2984 3191 3140 3232 antea
3169 3175 3488 3231 muneribus

1894 3249 1945 3302 iu
1981 3248 2134 3301 Rom.
2173 3249 2419 3314 imperio,
2443 3247 2608 3308 tlouti,
2639 3248 2948 3310 militia-que
2970 3250 3333 3316 perfunctum.

1969 3319 1983 3356 ί
2027 3320 2222 3372 Versus
2270 3327 2602 3385 pentatuetcr
2654 3322 2871 3382 huiusne
2925 3319 3140 3376 distichi
3197 3319 3384 3374 deerat
3434 3317 3492 3373 in

1887 3391 2019 3445 Mss.
2064 3391 2346 3463 omnibus,
2385 3388 2930 3463 _siv_e__\ialic.,_sivc
2976 3394 3170 3463 quibus
3219 3405 3350 3463 usus
3395 3397 3485 3463 est

1883 3463 2064 3517 Brow.
2101 3464 2241 3515 Edtt.
2280 3460 2450 3514 Paris.
2476 3459 2730 3515 Biblioth.
2759 3459 2889 3526 PP.,
2919 3458 3062 3521 edita
3094 3476 3185 3516 an.
3217 3458 3383 3529 l6“,
3407 3461 3480 3515 ita

1882 3549 2006 3589 eum
2036 3533 2250 3602 supplet
2276 3550 2288 3586 :

2069 3622 2349 3676 [inmortale
2374 3625 2469 3674 niis
2485 3624 2675 3674 actibus
2698 3635 2830 3686 auge
2850 3623 3026 3674 decus.

1320 3917 1622 3996 LIBER
1678 3915 2308 3996 UNDECIMUS.

689 4169 920 4228 CAPUT
972 4166 1261 4224 PRIMUM.

683 4275 712 4304 ⁸
741 4265 1012 4334 Expositio
1044 4264 1296 4336 Symboli.

248 4370 536 4426 Summam
588 4362 755 4418 totius
803 4359 926 4415 fidei
959 4360 1236 4414 catholicae
1268 4358 1295 4397 ιι
1325 4360 1739 4416 recensentibus
1761 4404 1778 4430 ,

172 4464 232 4520 in
263 4477 373 4531 qua
424 4457 711 4525 integritas
766 4453 1100 4508 credulitatis
1154 4453 1478 4519 ostenditur,
1528 4464 1581 4508 et
1627 4459 1784 4509 unius

171 4552 279 4608 Dei
311 4545 732 4616 omnipotentis,
766 4543 818 4596 id
849 4550 935 4598 est
963 4553 1164 4597 sancta
1194 4542 1475 4598 Trinitatis
1501 4545 1780 4613 aequalitas

1887 4171 2146 4230 diocriter
2175 4172 2332 4230 nobis
2355 4188 2535 4230 sermo
2566 4175 2950 4244 temperandus
2978 4185 3087 4244 est,
3131 4194 3200 4236 ne
3226 4187 3319 4236 aut
3363 4181 3487 4238 bre-

1889 4266 2025 4322 viter
2066 4267 2296 4324 dicendo
2345 4285 2454 4325 non
2490 4268 2738 4340 aperiant
2779 4271 3140 4340 intellectum,
3172 4283 3266 4330 aut
3295 4278 3482 4346 proli-

1889 4360 2052 4414 xitate
2094 4361 2241 4417 verbi
2271 4372 2562 4431 generetur
2607 4362 2903 4418 fastidium.
2935 4365 3119 4437 Itaque
3144 4381 3266 4422 cum
3298 4382 3482 4425 resur-

1885 4465 2045 4523 gente
2063 4453 2279 4510 Christo
2308 4466 2364 4513 et
2390 4455 2716 4511 ascendente
2748 4457 2801 4512 in
2830 4457 3050 4524 ctelum,
3094 4460 3263 4516 misso
3284 4473 3478 4520 sancto

1886 4547 2108 4618 Spiritu,
2163 4549 2356 4604 collata
2394 4559 2417 4588 ο
2453 4558 2537 4604 est
2576 4549 2834 4619 apostolis
2882 4551 3104 4608 scientia
3153 4553 3480 4623 linguarum,

171 4643 512 4705 declaratur,
545 4645 602 4693 et
630 4632 941 4707 mysterium
977 4635 1360 4689 Incarnationis
1389 4634 1506 4689 Filii
1537 4635 1654 4704 Dei,
1685 4635 1774 4705 qui
1805 4637 1859 4699 D
1883 4642 2056 4697 adhuc
2085 4642 2138 4696 iit
2168 4656 2272 4695 uno
2301 4642 2461 4708 positi
2495 4644 2596 4696 hoc
2651 4644 2793 4698 inter
2835 4656 2900 4698 se
2923 4641 3264 4714 Symbolum,
3313 4661 3483 4703 unus-

169 4750 282 4808 pro
313 4733 493 4789 salute
521 4730 743 4785 humani
775 4730 1012 4799 generis.
1039 4745 1070 4784 a
1099 4727 1256 4784 Patre
1300 4729 1368 4784 de
1392 4729 1530 4786 coelo
1552 4731 1778 4787 descen-

170 4815 340 4896 deos,
375 4830 444 4884 de
470 4827 680 4896 virgine
712 4825 859 4879 nasci
893 4823 1145 4894 dignatus
1177 4833 1282 4888 est,
1313 4839 1422 4890 quo
1451 4823 1661 4890 ordine,
1693 4825 1778 4880 vel

167 4921 405 4995 quando
435 4917 744 4990 pertulerit,
774 4916 1048 4987 quoinodo
1083 4917 1329 4985 sepultus
1354 4917 1676 4983 surrexerit,
1721 4927 1778 4973 et

171 5016 234 5071 in
264 5028 437 5070 carne
467 5011 579 5080 ipsa
611 5010 782 5064 cmlos
804 5008 1102 5062 ascendens
1156 5008 1220 5062 ad
1277 5009 1552 5064 dexteram
1607 5009 1780 5064 Patris

166 5104 515 5172 consederit,
545 5101 819 5172 judexque
873 5107 1132 5156 venturus
1181 5101 1271 5166 sit,
1300 5100 1529 5172 qualiter
1576 5101 1778 5158 remis-

111 5201 120 5210 '
167 5199 396 5254 sionem
427 5204 771 5264 peccatorum
803 5207 960 5246 sacro
993 5192 1311 5260 baptismate
1340 5194 1546 5248 renatis
1589 5205 1783 5248 contu-

167 5288 333 5354 lerit,
363 5296 420 5341 et
445 5284 774 5341 resurrectio
803 5284 1019 5339 tandem
1053 5283 1274 5340 humani
1307 5287 1519 5354 generis
1550 5285 1600 5340 iit
1632 5302 1782 5342 eam-

168 5381 305 5436 dem
362 5393 579 5434 carnem
641 5379 692 5432 in
723 5377 906 5432 vitam
951 5388 1208 5433 aeternam
1265 5377 1442 5434 futura
1493 5380 1609 5447 sit,
1658 5381 1778 5450 quia

169 5478 356 5533 multa
389 5476 443 5530 in
474 5473 732 5546 Symbolo
761 5477 943 5546 paucis
971 5477 1149 5531 verbis
1181 5479 1462 5548 complexa
1495 5486 1641 5546 sunt,
1667 5494 1783 5535 me-

249 5592 410 5662 AQui
462 5593 600 5644 hanc
633 5593 870 5663 Syniholi
921 5594 1312 5660 expositionem
1361 5610 1481 5649 cum
1537 5596 1623 5649 illa
1657 5611 1778 5662 quze

173 5676 363 5723 exstat
393 5666 534 5718 inter
565 5663 740 5717 Rttliui
783 5680 943 5731 opera
976 5665 1197 5719 voluerit
1249 5667 1517 5730 Conferre,
1557 5670 1710 5720 facile
1733 5667 1778 5720 is

173 5739 384 5792 videbit
435 5745 608 5801 (utet
655 5736 833 5790 Iirnw.
890 5738 1191 5802 advertit),
1243 5738 1379 5790 hanc
1434 5739 1550 5807 ejus
1599 5743 1779 5808 potius

177 5815 454 5878 epitomen
505 5823 645 5865 esse.
696 5818 748 5861 et
789 5826 852 5862 ex
899 5808 1073 5862 littlini
1122 5811 1334 5867 inuenio
1389 5822 1589 5868 natatu.
1622 5828 1779 5876 quam

177 5879 485 5935 Fortunati.
503 5878 657 5943 Quod
679 5879 837 5947 igitur
855 5879 1078 5934 Rufinus
1098 5883 1408 5947 scripserat,
1435 5882 1778 5945 Fortunatus.

174 5953 288 6024 jam
333 5961 560 6007 creatus
611 5952 897 6021 episcopus
932 5953 1312 6018 Pictaviensis,
1348 5960 1403 6008 ut
1439 5954 1680 6021 videtur,
1711 5957 1780 6010 ad

1882 4736 2109 4805 quisque
2160 4736 2304 4806 quod
2334 4737 2505 4790 sensit
2534 4735 2786 4803 dicendo,
2807 4736 3191 4803 condiderunt,
3220 4748 3277 4793 ut
3306 4740 3486 4797 disce-

1881 4827 2074 4884 dentes
2103 4829 2170 4884 ab
2200 4828 2426 4885 invicem
2476 4829 2612 4884 hanc
2646 4829 2886 4897 regulam
2937 4844 3034 4899 per
3062 4845 3253 4887 omnes
3280 4840 3474 4901 gentes

1881 4922 2165 4990 {equaliter
2218 4923 2594 4991 praedicarent.
2651 4921 2891 4993 Denique
2935 4922 3239 4992 symbolum
3289 4922 3480 4979 Graece

1883 5015 2102 5071 collatio
2133 5016 2351 5082 dicitur,
2382 5015 2508 5086 quia
2537 5015 2640 5070 hoc
2674 5014 2775 5082 ipsi
2821 5014 2963 5070 inter
2989 5029 3050 5070 se
3089 5031 3186 5085 per
3225 5029 3475 5071 sanctum

1880 5107 2136 5175 Spiritum
2163 5108 2452 5164 salubriter
2471 5108 2849 5162 condiderunt.
2875 5106 3084 5162 Dicitur
3111 5115 3167 5161 et
3196 5109 3477 5176 indicium,

1881 5201 2020 5272 quod
2078 5215 2172 5270 per
2211 5203 2313 5257 hoc
2367 5202 2454 5272 qui
2504 5210 2650 5256 recte
2691 5199 2988 5254 crediderit
3019 5200 3304 5255 indicetur.
3341 5201 3480 5270 Ergo

1881 5295 2088 5349 cunctis
2114 5295 2460 5350 credentibus
2510 5309 2630 5364 quas
2682 5292 3031 5348 continentur
3081 5293 3132 5346 in
3181 5293 3476 5364 Sytubolo,

1881 5388 2026 5442 salus
2055 5389 2355 5444 animarum
2413 5397 2467 5442 et
2521 5388 2629 5442 vita
2677 5395 2942 5459 perpetua
2991 5386 3148 5441 bonis
3197 5385 3479 5441 Actibuscl

1883 5489 2240 5550 pratparatur.

1883 5595 2096 5662 plebem
2137 5607 2290 5647 suam
2321 5592 2672 5648 erudiendam
2703 5590 2756 5646 in
2783 5590 3056 5662 epitomen
3088 5589 3367 5662 redegisse
3392 5590 3478 5646 di-

1882 5671 2082 5720 cendus
2110 5676 2209 5718 est.

1959 5739 1980 5776 ιι
2012 5740 2227 5806 Aliquot
2267 5738 2420 5801 MSs.,
2449 5747 2798 5805 recensentes;
2840 5744 3002 5808 atque
3031 5737 3102 5793 ita
3141 5735 3478 5794 ἁνιωόλονθον

1883 5810 1970 5864 hic
1993 5823 2228 5862 t-i-t-nttur
2259 5815 2537 5864 orationis.

1960 5892 1980 5919 ε
2018 5883 2071 5935 lu
2101 5898 2205 5934 uno
2232 5884 2364 5935 Cod.
2406 5881 2548 5950 Vat.,
2588 5883 2740 5942 deest
2765 5890 2861 5940 eu.

1954 5951 1979 5993 ιι
2015 5954 2146 6008 Ibid.
2159 5995 2173 6017 ,
2202 5965 2536 6024 preparetur.
