4206 6578
762 427 860 490 847

990 535 1154 593 Credo
1181 534 1234 589 in
1264 532 1427 587 Deum
1457 530 1670 585 Patrem
1701 530 2126 599 omnipotentem.

838 630 1155 686 Prmelarmn
1190 628 1241 681 in
1277 623 1571 695 primordio
1603 623 1819 692 ponitur
1848 630 1873 658 ι
1903 618 2152 675 caelestis
2195 615 2348 671 testi-

764 724 929 781 monii
961 722 1389 786 fundamentum,
1412 719 1537 784 quia
1565 718 1743 770 salvus
1774 713 1800 753 δ
1828 729 1947 770 esse
1996 728 2102 767 non
2150 707 2349 781 poterit

764 815 852 886 qui
886 826 1027 868 recte
1073 814 1140 867 de
1170 814 1340 866 salute
1366 826 1472 866 non
1505 808 1817 872 crediderit,
1852 806 2111 873 Apostoln
2143 802 2349 873 pra‘di—

762 918 920 966 caute
944 925 957 961 :
983 906 1203 961 Credere
1230 913 1423 972 oportet
1469 903 1786 954 accedentem
1838 900 1906 952 ad
1953 896 2114 949 [leum
2142 894 2345 966 (Hrbr.

765 1026 801 1071 I,
834 1008 920 1074 li).
947 1006 1076 1060 Item
1104 1023 1117 1057 ε
1143 1004 1239 1057 Car
1267 1005 1304 1055 'e
1327 1002 1546 1054 crcditur
1574 999 1640 1051 ad
1660 997 1918 1066 justitiam
1947 994 2125 1063 (llum.
2152 1008 2205 1054 ι,
2231 990 2344 1059 lli);

764 1111 818 1157 et
847 1100 1075 1167 Credidi,
1107 1108 1314 1169 propter
1342 1096 1480 1167 quod
1511 1097 1711 1149 locutus
1742 1107 1852 1146 sunt
1873 1089 2047 1162 (Paul.
2071 1087 2208 1159 ριν)
2229 1085 2347 1152 ;ινθι

766 1194 889 1249 illud
927 1191 1148 1247 :Justus
1194 1207 1259 1245 ea:
1307 1190 1408 1258 fide
1437 1189 1550 1241 ιιὶεεὶι
1601 1187 1778 1252 (Itoni.
1815 1200 1852 1245 l,
1891 1184 1981 1249 Π)
2007 1222 2023 1247 ,
2076 1192 2127 1234 et
2158 1200 2168 1234 :
2228 1178 2349 1232 Nisi

766 1286 1103 1349 credideritis,
1133 1300 1233 1338 non
1254 1282 1549 1348 intelligetis
1579 1278 1730 1341 (lsai.
1762 1294 1852 1340 vn,
1884 1277 1938 1344 9,
1964 1276 2120 1346 juxta
2145 1271 2343 1340 LXX).

765 1376 907 1446 Ergo
934 1378 1012 1430 vel
1068 1377 1118 1430 in
1166 1376 1322 1429 rebus
1369 1374 1614 1425 immanis
1643 1369 1849 1423 nullum
1896 1382 2029 1436 opus
2063 1367 2347 1433 incipitur,

767 1469 869 1524 nisi
899 1470 1046 1522 labor
1076 1469 1251 1521 omnis
1280 1465 1345 1519 ad
1386 1465 1633 1518 ollectnm
1665 1462 1848 1516 venire
1877 1461 2149 1514 credatur.
2198 1458 2347 1514 Unde

765 1562 1089 1617 credendum
1134 1570 1214 1615 est
1263 1561 1313 1614 in
1371 1560 1558 1629 Deum,
1610 1573 1638 1609 a
1686 1573 1791 1626 quo
1831 1564 1937 1610 tam
1975 1570 2209 1625 pra‘scns
2243 1556 2346 1606 vita

764 1668 923 1725 quam
976 1654 1147 1710 futura
1200 1652 1467 1706 tribuitur.
1504 1651 1644 1705 Dens
1692 1660 1870 1703 autem
1919 1647 2207 1716 ap;=-llatio
2265 1657 2349 1700 est

764 1746 1075 1801 substantia:
1128 1747 1494 1814 sempiternze,
1551 1743 1663 1797 sive
1714 1743 1920 1797 timoris
1951 1742 2138 1794 divini.
2179 1740 2343 1808 Igitur

766 1837 904 1893 Dens
946 1848 1027 1893 est
1048 1879 1063 1901 ,
1093 1840 1209 1892 sine
1240 1837 1524 1904 principio,
1553 1838 1668 1889 sine
1700 1836 1829 1897 line,
1868 1834 2119 1903 simplex,
2157 1833 2339 1885 incor-

765 1945 982 2000 porrus,
1008 1929 1590 1996 incomprehensibilis.
1625 1928 1833 1981 Patrem
1875 1937 2056 1980 autem
2088 1942 2211 1979 cum
2243 1941 2342 1979 au-

763 2018 872 2086 dis,
900 2034 1127 2088 agnosce
1155 2020 1296 2088 quod
1333 2019 1525 2073 haheat
1558 2020 1748 2073 Filium
1782 2020 2043 2072 veraciter
2073 2017 2336 2084 genitum,

767 2112 1036 2179 quomodo
1084 2125 1361 2180 possessor
1389 2111 1605 2174 dicitur,
1631 2112 1720 2179 qui
1752 2110 1947 2175 aliquid
1982 2110 2236 2177 possidet,
2290 2118 2346 2163 ct

763 2202 1051 2271 Dominus,
1104 2204 1192 2273 qui
1246 2205 1403 2259 alicui
1453 2205 1775 2259 dominatur.
1827 2206 1964 2259 Dens
1997 2221 2123 2267 ergo
2159 2205 2339 2269 l‘atcr,

761 2301 953 2355 secreti
988 2303 1305 2356 sacramenti
1350 2301 1665 2354 voeabnlum
1695 2310 1799 2366 ρει,
1831 2300 1983 2367 cujus
2017 2315 2140 2352 vere
2169 2299 2341 2352 Filius

761 2403 845 2449 est
874 2394 1090 2448 verbum
1121 2403 1175 2448 et
1204 2394 1479 2462 specuhun
1526 2406 1577 2447 et
1609 2392 1926 2455 character;
1957 2403 2009 2444 et
2041 2393 2052 2437 i
2083 2410 2216 2457 uago
2268 2391 2342 2442 vi-

761 2502 893 2541 vens
945 2487 1111 2540 Patris
1161 2486 1426 2552 viventis,
1482 2487 1533 2540 in
1590 2486 1839 2539 omnibus
1897 2486 2071 2539 Patris
2119 2486 2340 2548 similis,

763 2580 1007 2648 ejusdem
1042 2590 1272 2643 natura),
1324 2588 1377 2632 et
1428 2579 1479 2632 in
1536 2577 1806 2632 divinitate
1840 2579 2069 2646 genitus,
2103 2577 2341 2630 (inuitari

762 2687 860 2741 per
888 2672 1064 2725 omnia
1096 2671 1404 2739 comqnalis.
1435 2670 1545 2725 Nec
1571 2681 1843 2735 nineratur
1871 2670 2139 2739 quomodo
2164 2671 2345 2735 genuit

760 2762 994 2818 Filium?
1042 2762 1183 2833 quod
1229 2771 1285 2817 et
1331 2762 1504 2829 angeli
1536 2763 1805 2825 nesciunt,
1842 2760 2118 2829 prophetis
2149 2766 2236 2813 e.t
2265 2759 2346 2812 in-

758 2856 1052 2927 cOgnitum.
1090 2855 1240 2912 Unde
1271 2854 1400 2910 illud
1432 2855 1629 2910 dictum
1660 2865 1741 2909 est
1774 2874 1784 2907 :
1816 2854 2203 2908 (.‘enerationem
2232 2856 2344 2921 eius

759 2950 875 3020 quis
916 2949 1173 3003 enarrabit
1204 2946 1361 3015 (lsai.
1398 2964 1512 3012 LIII,
1556 2948 1650 3018 i3)?
1699 2963 1858 3015 quam
1890 2957 2151 3001 secretam
2184 2946 2345 3016 origi-

761 3056 883 3097 nem
914 3056 1035 3096 cum
1063 3041 1284 3111 proprio
1317 3039 1454 3094 Filio
1486 3040 1631 3093 novit
1663 3039 1777 3109 ipse
1805 3039 1952 3094 solus
1996 3040 2085 3107 qui
2139 3039 2341 3106 genuit.

760 3131 873 3191 Nec
906 3147 936 3186 a
967 3132 1120 3186 nobis
1153 3130 1291 3186 Deus
1324 3130 1693 3185 discntiendns
1735 3141 1838 3195 est,
1872 3130 1965 3185 sed
1990 3129 2292 3185 credendus
2321 3170 2338 3196 ,

1477 415 1791 474 VENANTII
1832 413 1988 472 ΗΟΝ.
2028 409 2239 468 CLEM.
2283 403 2685 465 FORTUNA'I‘I
2721 402 3008 481 OPERUM
3046 400 3228 460 PARS
3268 402 3309 458 l.

2375 522 2427 584 Δ
2451 533 2600 574 num.
2636 519 2862 575 Unicum
2895 518 3088 573 Filium
3129 517 3269 582 ideo,
3302 526 3360 571 ut
3398 531 3477 570 nu
3525 530 3582 570 m
3636 514 3746 570 hoc
3797 512 4053 583 intelligas

2371 1890 2421 1952 B

3956 396 4053 455 348

2454 624 2751 680 terrenum,
2781 614 2892 667 sive
2916 626 3258 682 corporeum,
3306 610 3395 664 ubi
3426 607 3495 665 de
3538 624 3653 664 uno
3678 618 3765 663 est
3807 624 3971 672 unus,
3991 608 4052 663 de

2455 706 2576 761 luce
2602 706 2881 776 splendor,
2909 705 2977 761 de
3023 705 3187 760 corde
3216 703 3464 767 verbum,
3507 704 3577 760 de
3624 711 3816 758 mente
3845 716 4048 766 sensus,

2453 798 2520 853 de
2548 798 2685 854 forte
2707 799 2897 864 virtus,
2928 798 2996 853 de
3027 796 3289 864 sapientia
3321 797 3563 865 sapiens,
3622 801 3695 850 de
3729 810 3941 849 ωερε-ιιι»
3969 810 4052 846 na-

2452 898 2537 944 tus
2564 899 2647 946 est
2678 887 2696 927 ί
2730 900 2981 953 a-tcrnus,
3013 904 3108 958 per
3150 889 3328 942 omnia
3370 887 3511 943 idem
3558 887 3707 957 quod
3744 887 3928 948 Pater,
3960 886 4053 938 hoc

2454 981 2641 1036 Filius.
2682 981 2813 1034 Nam
2857 982 3044 1034 unicus
3100 978 3241 1045 ide»,
3289 980 3412 1047 quia
3465 995 3563 1034 nec
3591 979 4052 1044 comparatmnem

2453 1072 2638 1143 recipit
2688 1088 2807 1128 cum
2855 1073 3076 1143 reliquis
3122 1073 3404 1135 creatmis,
3456 1086 3556 1127 nec
3619 1070 4049 1135 similitudinem,

2453 1165 2573 1234 quia
2605 1164 2840 1218 omnium
2868 1179 3046 1220 rerum
3078 1181 3319 1219 summus
3347 1164 3462 1233 ipse
3492 1174 3711 1220 creator
3737 1174 3825 1218 est
3847 1207 3859 1226 .
3886 1162 4051 1217 lumi-

2454 1273 2552 1314 nes
2582 1266 2759 1312 autem
2789 1259 2881 1313 lilii
2912 1257 3005 1313 Dei
3036 1272 3294 1312 voeantur
3327 1274 3420 1326 per
3465 1259 3729 1327 gratiam;
3768 1259 3865 1312 ille
3915 1260 4052 1312 si»qu

2452 1348 2618 1405 Filius
2645 1353 2854 1421 genitus
2884 1367 2977 1422 per
3008 1362 3275 1407 naturam.
3311 1353 3597 1422 llucusquc
3619 1354 3691 1409 de
3716 1354 3932 1409 Deitale
3954 1353 4052 1409 Pa-

2453 1442 2548 1497 tris~
2576 1454 2734 1513 atque
2764 1444 2881 1499 Filii
2925 1455 3103 1500 textus
3134 1446 3267 1500 ordo
3297 1462 3338 1500 si
3358 1458 3515 1501 cutus
3546 1458 3652 1501 cSI.

2491 1567 2515 1605 ε
2548 1560 2646 1623 Qui
2678 1569 2822 1612 natus
2851 1570 2922 1613 est
2952 1559 3014 1614 de
3039 1561 3240 1626 Spiritu
3270 1571 3445 1613 sancto
3470 1576 3533 1613 ea:
3564 1557 3743 1613 Maria
3773 1561 3992 1631 virgine.

2529 1655 2617 1707 Ille
2648 1656 2736 1723 qui
2767 1655 2834 1707 de
2856 1654 3012 1707 Patre
3036 1668 3159 1708 ante
3192 1655 3387 1709 sr-cuia
3413 1664 3570 1707 natus
3610 1663 3717 1719 est,
3773 1664 3963 1723 postea
3990 1655 4054 1710 de

2451 1744 2650 1811 Spit-itu
2677 1754 2887 1807 sancto,
2917 1744 3073 1812 cujus
3099 1744 3359 1807 templum
3392 1745 3443 1797 in
3481 1745 3697 1811 Virgine
3730 1744 4051 1799 fabricatum

2453 1847 2533 1889 est
2563 1838 2985 1905 intelligendum.
3019 1839 3148 1889 fiant
3182 1840 3318 1889 sicut
3344 1839 3395 1888 in
3419 1837 3860 1889 sattctilicatintte
3898 1836 4055 1903 Spiri-

2453 1941 2537 1982 tus
2568 1930 2704 1982 nnlla
2762 1931 2891 1997 lmgi
2922 1942 3019 1983 itas
3051 1932 3279 1991 exstitit,
3311 1943 3387 1983 sic
3414 1944 3511 1983 nec
3534 1929 3586 1983 in
3618 1940 3778 1997 partu
3809 1930 4051 1997 ejmdem

2451 2036 2611 2075 causa
2641 2022 2872 2089 corrupti
2914 2023 2995 2075 nis
3052 2028 3312 2090 apparinl.
3367 2023 3466 2089 Qui
3514 2023 3565 2076 in
3596 2023 3751 2077 cretis
3784 2038 3947 2086 unus,
4002 2024 4053 2076 in

2452 2115 2610 2170 terris
2637 2116 2846 2179 unicus,
2883 2132 2975 2184 per
3007 2128 3213 2179 portant
3270 2117 3499 2183 Vi'ginis
3530 2117 3738 2186 ingredi
3791 2118 4049 2172 mundum

2450 2208 2694 2267 dignatus
2741 2218 2844 2262 est.
2878 2208 3013 2261 llinc
3045 2208 3270 2275 plurima
3327 2208 3605 2275 prophetae
3658 2208 3728 2263 de
3787 2219 4052 2275 conceptu

2452 2300 2679 2369 Virginis
2709 2300 2850 2354 etde
2880 2308 3031 2366 partu
3058 2300 3217 2353 lin-uti
3249 2310 3397 2354 sunt.
3432 2300 3608 2355 Unum
3649 2313 3832 2355 tamen
3858 2317 4053 2356 exelu-

2450 2390 2593 2460 plum
2638 2406 2732 2459 pro
2787 2391 3054 2445 brevitate
3088 2406 3474 2457 [trttpﬂlti'ltt.ﬂ,
3523 2391 3592 2447 de
3630 2408 3744 2461 quo
3797 2391 4050 2447 Ezechiel

2448 2484 2581 2538 dixit
2614 2502 2627 2538 :
2660 2483 2819 2537 Porta
2846 2500 2957 2552 qua:
2996 2485 3203 2547 respicit
3230 2485 3296 2536 ad
3328 2485 3590 2538 Orientem
3616 2485 3801 2538 clausa
3829 2485 3954 2546 erit,
4004 2493 4052 2538 et

2449 2592 2552 2629 non
2583 2579 2859 2644 aperietur,
2884 2586 2930 2629 et
2951 2592 3100 2629 nemo
3125 2578 3357 2628 transibit
3380 2593 3466 2632 per
3492 2592 3625 2641 eam,
3660 2578 3917 2645 quoniam
3944 2574 4052 2630 Do-

2451 2669 2617 2722 minus
2642 2667 2774 2721 Deus
2800 2667 2965 2721 Israel
3016 2668 3121 2738 ipse
3146 2668 3380 2720 transibit
3407 2684 3495 2739 per
3522 2685 3655 2731 eam,
3679 2680 3725 2721 et
3750 2669 3938 2723 clausa
3956 2669 4051 2723 erit

2451 2758 2665 2826 (Exerit.
2723 2774 2865 2828 κων,
2918 2758 3024 2829 ΕΞ).
3083 2760 3194 2814 lloc
3226 2770 3403 2814 tamen
3429 2763 3724 2815 nutantium
3758 2771 3869 2829 est,
3926 2761 4048 2830 quia

2449 2852 2679 2919 Spiritus
2704 2862 2919 2907 sanctus
2948 2863 3031 2908 est
3059 2853 3344 2909 dominica!
3363 2853 3546 2909 carnis
3574 2854 3842 2909 Creator:
3871 2854 4048 2924 Spiri-

2450 2955 2536 3002 tus
2562 2948 2727 3002 sancti
2762 2947 2881 3001 hinc
2909 2949 3164 3017 majestas
3187 2948 3505 3003 ostenditur.
3535 2947 3692 3015 Quod
3746 2963 3881 3005 vero
3909 2949 4049 3005 Deus

2451 3041 2744 3111 maiestatis
2770 3041 2837 3097 de
2865 3041 3024 3096 Maria
3056 3043 3107 3096 in
3140 3057 3300 3098 carne
3331 3051 3490 3097 natus
3518 3051 3621 3109 est,
3648 3058 3757 3097 non
3810 3052 3898 3097 est
3936 3058 4052 3096 sor-

2450 3133 2661 3189 didatus
2710 3135 2978 3191 nascendo
3006 3134 3072 3190 de
3105 3134 3344 3207 Virgine,
3397 3135 3488 3206 qui
3520 3150 3626 3189 non
3672 3134 3774 3190 fuit
3815 3138 4051 3203 pollutus

761 3225 849 3297 qui
879 3224 931 3279 in
960 3223 1114 3279 nobis
1155 3224 1286 3293 ipsis
1318 3224 1591 3279 nescimus
1620 3223 1762 3289 quod
1785 3223 2043 3293 sapimus,
2074 3223 2345 3293 quomodo
2374 3259 2425 3325 ε
2454 3225 2722 3281 hominem
2745 3228 2981 3282 condens
3011 3228 3076 3282 de
3100 3228 3335 3295 pulvere.
3365 3225 3607 3296 Denique
3635 3226 3749 3290 sol,
3776 3238 3872 3282 aut
3918 3229 4052 3298 ignis

760 3314 1101 3386 sapientiam,
1134 3315 1427 3385 ingenium,
1456 3324 1547 3368 aut
1578 3314 1886 3370 intellectus
1911 3315 2223 3381 consilium,
2254 3325 2349 3370 aut

761 3423 914 3465 meus
940 3416 1125 3464 nostra
1147 3417 1369 3477 generat
1396 3407 1646 3466 verbum.
1679 3406 1809 3473 Sed,
1849 3418 1907 3463 ut
1930 3409 2166 3463 breviter
2193 3408 2349 3464 dica-

760 3515 903 3568 mus,
935 3500 1131 3555 sullicit
1158 3515 1257 3555 nos
1286 3500 1426 3555 scire
1453 3501 1577 3569 quia
1604 3500 1694 3554 lux
1748 3499 1929 3569 genuit
1979 3500 2349 3570 splendorem,

761 3590 1022 3661 prOpheta
1052 3597 1285 3645 testante
1319 3608 1330 3643 :
1389 3587 1455 3644 In
1507 3590 1868 3661 splendoribus
1919 3601 2253 3659 sanctorum,
2287 3608 2352 3646 ea:

760 3695 906 3739 utero
930 3693 1046 3738 ante
1068 3684 1338 3754 luciferum
1362 3684 1515 3755 genui
1556 3692 1604 3737 te
1660 3682 1830 3754 (Psal.
1884 3683 2015 3753 (ιιι).
2068 3684 2137 3739 Et
2177 3683 2350 3739 illud:

762 3758 887 3832 Hic.
921 3775 1058 3830 Deus
1109 3785 1314 3840 noster;
1362 3786 1410 3829 et
1436 3792 1541 3831 non
1579 3766 1903 3847 reputabitur
1930 3777 2059 3831 alter
2088 3776 2158 3830 ad
2190 3792 2304 3831 eum
2329 3793 2350 3843 ,-

761 3875 819 3924 et
846 3874 964 3936 post
990 3884 1003 3919 :
1030 3863 1098 3919 In
1127 3867 1274 3920 terris
1301 3868 1436 3921 visus
1458 3877 1553 3930 est,
1579 3877 1626 3920 et
1657 3869 1787 3920 inter
1817 3867 2048 3922 homines
2073 3884 2349 3923 conversa-

762 3969 846 4017 tus
899 3967 971 4013 est
1015 3957 1170 4025 (Bar.
1206 3973 1289 4023 Ill,
1316 3957 1409 4028 '56,
1442 3959 1556 4029 58).
1586 3959 1939 4027 Omnipotens
1970 3975 2100 4014 vero
2129 3960 2344 4024 dicitur,

761 4065 830 4108 eo
855 4050 994 4120 quod
1024 4052 1199 4104 omnia
1225 4050 1396 4118 possit
1424 4059 1479 4103 et
1532 4051 1772 4104 omnium
1813 4051 2055 4106 obtineat
2108 4060 2348 4122 potesta—

765 4154 897 4214 tem,
918 4144 1042 4216 quia
1071 4143 1231 4199 Pater
1260 4145 1439 4198 omnia
1462 4144 1662 4198 creavit
1686 4159 1778 4211 per
1811 4143 2031 4198 Filium.

1221 4255 1289 4310 Et
1325 4257 1380 4311 in
1403 4255 1583 4310 Iesum
1611 4256 1891 4312 Christum.

851 4368 1048 4428 cJesus
1076 4368 1326 4427 hebraice
1368 4370 1604 4426 Salvator
1632 4371 1861 4439 dicitur;
1893 4371 1994 4427 hoc
2030 4387 2225 4428 nomen
2269 4372 2350 4426 di-

763 4480 868 4537 gne
912 4466 1165 4519 convenit
1217 4464 1441 4533 principi
1470 4464 1559 4535 qui
1591 4464 1784 4533 populo
1810 4480 1871 4520 se
1901 4465 2150 4532 sequenti
2181 4463 2349 4533 possit

763 4558 995 4616 salutem
1027 4557 1259 4613 tribuere
1285 4576 1297 4609 :
1331 4556 1482 4627 cujus
1526 4560 1743 4627 ligurum
1769 4557 1928 4613 Jesus
1956 4560 2101 4614 Nave
2124 4573 2341 4630 gerens,

2455 3322 2500 3375 si
2530 3321 2695 3375 lutum
2728 3320 2998 3390 inspiciat,
3019 3322 3160 3391 quod
3193 3320 3427 3388 tetigerit
3453 3331 3667 3391 purgat,
3697 3330 3752 3375 et
3774 3336 3836 3374 se
3869 3330 4050 3377 timeo

2454 3427 2563 3467 non
2595 3413 2863 3483 inquinat;
2897 3428 2995 3469 nec
3042 3413 3140 3468 fuit
3169 3414 3279 3468 Deo
3307 3413 3515 3483 injuriae
3545 3427 3705 3467 causa
3737 3414 4054 3469 misericor-

2455 3504 2577 3570 dia}.
2629 3519 2802 3575 neque
2861 3505 2921 3559 tit
2964 3503 3276 3559 incredibile
3321 3502 3465 3573 quod
3514 3511 3597 3559 est
3630 3502 3748 3572 ipse
3796 3515 3965 3558 natus
3987 3505 4054 3559 de

2456 3594 2693 3665 Virgine,
2724 3596 2814 3666 qui
2841 3596 3010 3652 Adam
3055 3596 3123 3651 de
3152 3596 3370 3666 pulvere
3394 3606 3450 3651 et
3473 3594 3701 3664 primam
3759 3596 4054 3652 mulierem

2455 3690 2626 3760 potuit
2645 3690 2711 3746 de
2736 3701 2883 3747 costa
2912 3690 3165 3747 formare.

2829 3803 3116 3874 Cruciﬁxus
3136 3802 3226 3858 sub
3257 3803 3442 3857 Pontio
3467 3801 3662 3857 Pilato.

2528 3898 2660 3953 Hinc
2684 3898 2851 3953 multa
2881 3898 3179 3968 prophetat,
3198 3894 3225 3934 ιι
3256 3898 3486 3968 qualiter
3506 3897 3751 3951 conlisus
3780 3895 3835 3952 in
3869 3911 4052 3964 cruce,

2455 3989 2638 4047 foratis
2666 3991 2910 4060 pedibus,
2937 4002 3111 4056 aceto,
3162 3990 3245 4044 vel
3294 3988 3442 4053 l'eile,
3473 3998 3566 4043 aut
3596 3987 3723 4042 vino
3771 3989 4057 4059 myrrhato

2455 4092 2689 4152 potatus,
2745 4081 2913 4151 spinis
2942 4089 3249 4143 coronatus,
3306 4081 3487 4134 lancea
3532 4093 3845 4149 percussus,
3893 4095 4057 4149 super

2454 4183 2656 4228 vestem
2684 4173 2800 4241 ejus
2829 4181 2977 4227 sorte
3010 4172 3193 4235 missa,
3235 4179 3289 4225 et
3317 4170 3369 4224 in
3400 4182 3693 4238 conspectu
3721 4171 3913 4239 populi
3945 4187 4056 4226 ma-

2453 4263 2581 4333 ligni
2635 4264 2878 4318 manibus
2920 4262 3231 4318 euensisin
3276 4261 3364 4317 die
3400 4261 3737 4330 pependerit,
3790 4264 4057 4329 prmdixe-

2450 4367 2598 4421 runt,
2627 4357 2854 4425 diligens
2910 4356 3078 4409 lector
3122 4357 3380 4412 inveniet.
3430 4353 3660 4418 Tamen,
3708 4362 3767 4408 ut
3812 4352 4060 4411 breviter

2452 4451 2680 4516 dicatur,
2712 4450 2766 4503 in
2793 4463 2949 4504 cruce
2979 4465 3270 4519 suspensus
3290 4457 3396 4517 est,
3428 4458 3482 4503 ut
3514 4463 3614 4502 nos
3644 4462 3678 4502 a
3705 4446 4061 4507 damnatione

2450 4540 2578 4607 ligni
2600 4540 2791 4595 vetusti
2822 4540 3159 4595 dissolveret.
3196 4538 3340 4593 Felle
3380 4552 3509 4593 vero
3537 4547 3772 4607 potatur,
3806 4547 3870 4593 ut
3900 4553 4059 4622 ama-

764 4651 1021 4723 popuium
1064 4650 1132 4705 de
1162 4624 1424 4705 desumit
1465 4649 1517 4705 ίη
1552 4624 1800 4719 garriam,
1838 4660 1862 4689 ο
1898 4660 1952 4705 ει
2000 4624 2197 4706 te..er
2261 4666 2346 4704 τε-
2371 4624 2430 4689 Β
2456 4633 2740 4689 ritudinem
2755 4632 3325 4703 przcvaricatipomi,ct
3359 4633 3519 4686 nimis
3540 4632 3700 4697 acidi,
3725 4644 4058 4700 amputaret.

766 4739 1139 4811 promissionis
1167 4751 1370 4796 certum
1399 4750 1482 4796 est
1521 4741 1815 4796 induxisse.
1857 4742 1919 4796 Et
1952 4743 2052 4796 iste
2093 4742 2160 4797 de
2202 4751 2352 4797 tene-

765 4832 877 4889 bris
904 4842 960 4888 et
990 4842 1131 4889 terra
1170 4833 1484 4902 ignorantiae
1511 4844 1796 4904 sequentes
1815 4849 1871 4889 se
1897 4833 1963 4888 ad
1991 4836 2157 4889 cmlos
2178 4834 2349 4891 ducit.

767 4925 1012 4981 Christus
1027 4925 1263 4981 dicitura
1293 4928 1602 4984 chrismatis
1632 4929 1905 4995 unctione,
1937 4939 1993 4985 et
2024 4931 2124 4985 hoc
2156 4946 2349 4985 nomen

766 5019 1073 5091 pontiﬁcale
1092 5027 1195 5084 est,
1218 5019 1303 5075 vel
1328 5022 1527 5088 regale,
1544 5022 1793 5090 quoniam
1825 5035 1978 5091 reges
2018 5022 2353 5093 nngebantur

768 5111 887 5168 oleo
916 5111 1305 5180 corruptionis;
1339 5112 1424 5166 hic
1463 5121 1639 5166 autem
1681 5128 1709 5166 a
1741 5113 1942 5182 Spiritu
2001 5123 2186 5167 sancto
2233 5115 2353 5169 oleo

768 5206 1139 5265 exsultationis
1182 5206 1440 5262 divinitus
1469 5219 1661 5265 unctus
1697 5219 1798 5276 est,
1837 5211 2093 5279 propheta
2120 5212 2349 5270 dicente.

770 5302 1001 5372 Spiritus
1048 5314 1252 5356 sanctus
1314 5318 1468 5373 super
1514 5319 1609 5369 me,
1666 5314 1871 5375 prapter
1920 5305 2055 5374 quod
2094 5307 2239 5358 unxit
2276 5322 2354 5358 me

773 5390 929 5466 (Isai.
965 5408 1071 5459 LXI,
1100 5393 1178 5464 l).
1207 5392 1365 5450 Jesus
1396 5408 1522 5465 ergo
1552 5394 1748 5449 dicitur
1770 5410 1835 5450 eo
1888 5396 2027 5465 quod
2058 5396 2234 5450 solvet
2260 5411 2353 5466 po-

768 5488 994 5560 pulum;
1026 5486 1294 5555 Christus,
1352 5488 1493 5558 quod
1523 5489 1593 5542 sit
1621 5500 1807 5544 unctus
1840 5488 2082 5545 Pontifex
2114 5489 2166 5544 in
2197 5500 2353 5547 aiter-

842 5652 871 5683 ⁸
897 5644 1014 5703 Duo
1038 5641 1207 5698 Codd.
1233 5643 1377 5705 Vat.,
1405 5644 1573 5712 fidelis
1610 5644 1904 5697 tcrtinton'r.

842 5713 870 5754 δ
899 5717 1023 5777 118..
1057 5731 1163 5767 esse
1194 5719 1371 5779 poterit
1392 5717 1477 5783 qui
1502 5727 1631 5768 recte
1661 5715 1724 5766 de
1750 5716 1917 5775 salute
1944 5714 2243 5767 crediderit.

846 5795 868 5825 °
902 5786 1049 5843 Unus
1079 5786 1211 5839 Cod.
1248 5786 1387 5845 νη..
1415 5786 1564 5838 Jrsns
1602 5800 1769 5837 uu'em
1816 5785 2065 5837 ltebraice.

844 5857 869 5898 ά
892 5858 947 5912 In
978 5858 1244 5912 nonnullis
1278 5860 1378 5909 lii-is
1425 5858 1582 5912 verba
1608 5859 1657 5910 ii:
1685 5857 1902 5926 patriam
1926 5858 2137 5909 desunt.

848 5938 872 5969 ε
899 5929 960 5988 lu
986 5929 1157 5988 altero
1180 5928 1309 5987 Cod.
1349 5930 1491 5995 Vah,
1520 5938 1566 5986 ct
1593 5930 1649 5985 in
1672 5940 1859 5986 terram
1886 5926 2317 6000 repromissionis.

2458 4727 2637 4798 Spinis
2662 4737 2970 4791 coronatur,
2997 4735 3055 4780 ut
3088 4725 3391 4779 maledicta:
3419 4733 3579 4780 terra:
3606 4732 3890 4779 vetustum
3952 4726 4061 4781 cri-

2455 4833 2579 4873 men
2609 4825 2840 4873 erueret.
2875 4817 3079 4872 Lancea
3107 4816 3424 4884 percutitur,
3458 4824 3519 4871 ut
3548 4831 3644 4885 per
3671 4815 3889 4885 plagam
3926 4816 4061 4872 late-

2454 4913 2529 4968 ris
2581 4925 2717 4980 aqua
2767 4910 2984 4977 ﬂuente,
3051 4908 3138 4963 vel
3218 4910 3499 4979 sanguine,
3569 4908 3907 4978 baptismum
3976 4908 4061 4964 vel

2457 5001 2766 5072 mysterium
2816 5000 3056 5071 martyrii
3086 5002 3477 5068 promulgant;
3516 5007 3659 5054 etut
3701 4998 3928 5053 dicatur
3955 4998 4061 5053 ali-

2456 5097 2581 5167 quid
2609 5096 2765 5149 altius
2796 5113 2807 5147 :
2842 5095 2894 5150 In
2926 5103 3074 5149 casta
3103 5092 3349 5147 Christus
3387 5091 3707 5159 percutitur,
3762 5104 3819 5145 ut
3852 5093 4056 5146 vulnus

2455 5188 2609 5244 nobis
2637 5186 2855 5242 inlisum
2887 5201 2981 5254 per
3014 5186 3199 5247 Evam,
3224 5197 3343 5253 qua;
3375 5184 3442 5236 de
3467 5193 3622 5237 costa
3673 5181 3774 5236 viri
3822 5184 4067 5236 formata

2456 5284 2647 5354 fuerat,
2696 5291 3011 5353 amputaret.
3052 5281 3120 5335 Ut
3165 5287 3341 5334 tamen
3382 5278 3447 5331 ad
3482 5279 3586 5332 hoc
3640 5276 4062 5347 intelligendum

2456 5376 2837 5448 aliquantulum
2899 5373 3274 5438 extendantur,
3330 5372 3468 5425 sicut
3524 5370 3657 5424 dicit
3711 5368 4007 5437 Scriptura

2456 5472 2637 5528 Cordis
2662 5470 2797 5526 oculi
2821 5470 2988 5541 aperti
3008 5476 3129 5523 sunt
3160 5469 3227 5521 ad
3251 5464 3672 5535 intelligendum,
3696 5463 3819 5533 quid
3839 5464 3917 5517 sit
3942 5461 4056 5519 alti-

2532 5634 2550 5674 ί
2586 5634 2741 5696 lhid.,
2773 5641 2922 5686 natus
2947 5642 3019 5685 est
3046 5640 3341 5685 comternns.

2529 5717 2554 5754 ἣ
2581 5707 2634 5759 lit
2667 5695 2812 5761 Edit.
2846 5704 3129 5757 l’ﬂl‘llettSl
3167 5699 3418 5753 llihlioth.
3449 5698 3691 5761 Patrum,
3745 5705 3783 5749 ι.
3821 5695 3950 5760 νη,
3986 5695 4057 5752 ιε»

2455 5784 2598 5852 gitur
2631 5797 2644 5831 :
2683 5778 2782 5852 Qui
2825 5787 3096 5852 conceptus
3120 5782 3192 5827 est
3221 5773 3283 5825 de
3329 5770 3533 5852 piritn
3566 5780 3785 5824 .sancto.
3818 5766 3962 5824 Mss.
4010 5772 4063 5824 θ’

2457 5843 2634 5912 festus
2664 5848 2861 5914 liulini,
2900 5847 2986 5913 qui
3012 5857 3162 5898 natus
3189 5855 3281 5902 est.
3306 5851 3411 5897 etc.
3460 5843 3645 5896 lirow.

2528 5924 2560 5965 ιι
2591 5921 2736 5981 Unus
2764 5917 2898 5978 Cod.
2929 5918 3070 5989 Van,
3092 5916 3311 5989 qualiter
3336 5914 3620 5984 cruciﬁxus
3656 5913 3711 5970 in
3739 5926 3927 5971 cruce.
