4206 6560
181 427 275 484 349

1356 423 1874 483 MISCELLANEA.
1914 453 1986 466 -
2018 422 2150 480 LIB.
2192 424 2283 480 XI.

3361 422 3467 483 350

182 548 312 607 tudo,
348 542 591 606 latitudo,
620 554 683 593 ac
710 539 1024 609 profundum
1058 537 1217 608 (Eph.
1254 554 1311 592 ιιι
1350 540 1462 606 18),
1494 539 1634 607 quod
1683 548 1767 592 est
1796 546 1845 601 Α
1873 542 1959 609 qui
1981 550 2219 593 venturus
2245 556 2296 593 es
2334 537 2553 610 (Matth.
2578 552 2652 606 xl,
2682 538 2773 607 5)?
2801 539 2941 610 quod
2970 540 3140 596 lector
3180 544 3466 613 requirens

180 638 345 695 crucis
376 634 717 704 signiﬁcatio.
754 632 819 687 Et
876 648 1041 701 quare
1073 634 1332 687 Dominus
1361 632 1412 684 in
1438 631 1677 700 patibulo
1709 646 1765 685 se

179 734 279 803 psti
309 731 553 798 elegerit,
578 727 855 798 quaeritur.
880 725 1038 780 Ratio
1053 726 1168 779 haec
1187 723 1465 780 redditur:
1495 738 1624 777 crux
1640 736 1763 790 spe-

178 827 281 881 cies
326 823 508 890 tropaei
538 832 641 887 est,
696 820 861 891 quod,
896 819 1122 874 devictis
1172 818 1440 881 hostibus,
1476 817 1614 871 solet
1644 815 1764 868 tieri

177 916 552 985 triumphanti;
607 923 665 969 et
694 915 815 983 quia
851 913 1117 967 Dominus
1146 914 1249 966 tria
1294 924 1461 980 regna
1507 910 1608 963 sibi
1639 908 1767 962 sub-

172 1008 315 1079 jecit,
367 1022 664 1076 suspensus
717 1008 766 1059 in
795 1020 919 1058 aere
965 1002 1142 1075 [Mss.,
1191 999 1335 1071 aera]
1383 1000 1657 1055 victoriam
1700 1000 1766 1054 de

177 1100 476 1155 cmlestibus
506 1097 946 1166 etspiritualibus
977 1094 1232 1163 nequitiis
1268 1105 1351 1148 est
1374 1093 1638 1162 adeptus;
1671 1106 1766 1146 ex-

174 1192 406 1264 pandens
430 1202 608 1245 autem
643 1204 832 1244 manus
874 1191 938 1242 ad
973 1190 1224 1259 populum
1255 1187 1434 1255 [.l!ss.,
1485 1186 1760 1256 populos],

175 1288 395 1355 palmam
439 1287 507 1339 de
557 1285 806 1339 terrenis.
850 1283 1002 1349 Quod
1030 1298 1155 1337 vero
1185 1283 1285 1334 sub
1319 1290 1457 1334 terra
1492 1294 1622 1332 crux
1660 1278 1761 1331 ﬁxa

174 1388 269 1443 est,
294 1379 529 1433 ostendit
561 1394 681 1433 eum
711 1388 764 1432 ct
794 1378 859 1431 de
891 1376 1121 1430 Tartaro
1156 1373 1507 1443 triumphare.
1546 1374 1608 1426 Et
1638 1372 1761 1441 quia

172 1474 234 1529 de
254 1476 389 1540 aliis,
413 1474 692 1527 brevitatis
714 1486 895 1535 causa,
923 1471 1260 1539 praeterimus
1288 1470 1536 1537 plurima,
1569 1482 1634 1521 ne
1662 1482 1761 1536 ge-

174 1582 415 1622 neremus
448 1566 737 1631 fastidium,
771 1566 847 1619 sic
874 1580 971 1633 pro
1002 1566 1201 1618 honore
1226 1573 1429 1618 sanctm
1459 1564 1630 1615 crucis
1664 1576 1761 1615 no-

172 1661 246 1714 bis
278 1661 359 1712 hic
390 1674 572 1713 sermo
598 1658 943 1723 distenditur,
972 1668 1028 1711 ut
1058 1658 1209 1709 vobis
1254 1655 1559 1717 mdilicatio,
1607 1666 1659 1708 ct
1688 1654 1759 1706 illi

171 1763 366 1808 crescat
419 1754 774 1821 praeconium.
828 1752 966 1820 Ergo
1008 1750 1131 1819 quia
1191 1764 1287 1802 nec
1328 1750 1439 1817 ipsa
1480 1749 1654 1801 sidera
1709 1747 1758 1799 in

170 1859 453 1918 conspectu
487 1849 580 1903 Dei
632 1864 731 1917 pro
756 1848 990 1900 humano
1021 1845 1246 1899 crimine
1295 1852 1449 1897 erant
1501 1855 1651 1911 pura,
1710 1852 1762 1896 et

1872 632 2129 685 inveniet.
2154 630 2260 685 Sed
2288 631 2623 687 descendens
2644 634 2707 685 ad
2742 632 3035 697 infernum,
3075 632 3325 702 iujuriam
3356 652 3465 694 non

1873 722 2109 790 pertulit,
2142 721 2282 790 quod
2306 722 2429 777 fecit
2454 738 2612 778 causa
2636 724 2964 789 clementiae,
2992 724 3138 779 velut
3168 734 3227 781 ut
3252 742 3346 781 rex
3378 729 3463 783 itt-

1873 830 2019 875 trans
2048 834 2344 887 carcerem,
2371 836 2477 877 non
2510 832 2567 876 ut
2596 822 2711 889 ipse
2756 830 3046 887 teneretur,
3088 821 3185 877 sed
3226 830 3285 877 ut
3312 824 3462 880 noxii

1868 912 2227 967 solverentur.

2373 1004 2544 1060 Tertia
2562 1006 2645 1061 die
2663 1016 2959 1060 resurrexit.

1942 1097 2017 1151 De
2039 1099 2436 1153 resurrectione
2468 1099 2583 1168 ejus
2612 1098 2774 1153 iidem
2808 1098 3085 1167 prophetas
3113 1099 3264 1165 plura
3294 1099 3461 1156 locuti

1868 1201 2013 1254 sunt,
2035 1191 2176 1259 quod
2228 1202 2281 1247 et
2312 1192 2473 1247 tonas
2507 1202 2529 1228 ε
2560 1192 2741 1247 triduo
2769 1192 2823 1247 in
2855 1200 3043 1249 ventre
3093 1193 3198 1249 ceti
3250 1208 3461 1265 perma-

1869 1297 2001 1338 nens
2031 1283 2349 1355 designavit.

2402 1377 2642 1432 Ascendit
2666 1378 2718 1431 in
2748 1378 2956 1432 caelum.

1938 1470 2051 1526 Hoc
2084 1470 2100 1508 ί
2132 1470 2602 1542 Psalmographus,
2628 1472 2907 1542 propheta:
2940 1479 2995 1527 et
3024 1471 3309 1539 Apostolus
3340 1486 3456 1527 me-

1866 1565 2046 1631 minit,
2072 1567 2212 1621 unde
2252 1568 2377 1621 illud
2408 1567 2609 1621 dictum
2663 1578 2743 1623 est
2780 1588 2795 1623 :
2847 1569 3135 1622 Ascendens
3188 1569 3241 1621 in
3272 1568 3457 1634 altum,

1866 1660 2118 1727 captivam
2141 1660 2286 1712 duxit
2309 1662 2653 1727 captivitatem
2685 1660 2907 1730 (Ep/tes.
2938 1676 3013 1727 tv,
3055 1660 3136 1730 8).
3174 1660 3315 1728 Ergo
3340 1667 3459 1727 post

1866 1752 2170 1818 passionem
2198 1762 2221 1798 ε
2267 1752 2511 1805 Christus
2554 1752 2723 1806 ccelos
2754 1752 3016 1817 ascendit,
3069 1767 3177 1806 non
3230 1750 3321 1806 ubi
3350 1764 3459 1804 non

1864 1849 1998 1906 erat,
2042 1843 2276 1897 Verbum
2325 1843 2487 1909 Deus,
2528 1844 2619 1913 qui
2663 1858 2875 1912 semper
2932 1843 2985 1898 in
3036 1844 3189 1899 cmlis
3218 1852 3321 1907 est,
3363 1840 3457 1896 sed

170 1952 277 1995 erat
305 1950 410 1995 tota
439 1950 585 1995 terra
616 1941 841 2007 polluta,
893 1938 1012 1992 ideo
1055 1950 1351 2003 suspensus
1386 1945 1470 1988 est
1516 1934 1759 1987 Christus
1792 1929 1839 1988 B
1870 1935 1955 1989 ubi
1982 1934 2157 1990 adhuc
2187 1935 2429 1999 verbum,
2454 1950 2581 1989 caro
2630 1936 2849 2002 factum,
2878 1951 2984 1989 non
3032 1938 3277 1989 sederat.-
3316 1934 3457 1987 unde

169 2034 217 2087 in
240 2047 360 2088 aere
388 2032 568 2103 [Mss.,
597 2031 769 2101 aera],
804 2042 862 2083 ut
882 2030 1040 2083 simul
1093 2038 1263 2082 terras
1296 2036 1350 2080 et
1397 2038 1537 2079 astra
1569 2042 1755 2094 purga-

168 2136 264 2187 ret;
286 2124 508 2193 autquia
525 2123 887 2191 ipsedixerat:
913 2123 1060 2174 Sicut
1076 2120 1281 2188 Moyses
1296 2118 1533 2172 cxttltat'tt
1552 2134 1756 2184 δεψειι-

168 2224 257 2268 tem
282 2214 463 2281 (Joan.
488 2228 569 2279 ιιι,
603 2212 727 2281 H);
760 2213 883 2267 ideo
918 2213 1065 2265 cruci
1103 2212 1466 2278 StISpenditur,
1500 2218 1555 2260 ut
1586 2208 1753 2261 adun-

167 2308 431 2377 plerentur
459 2307 624 2361 verba
648 2321 765 2375 qua:
811 2304 1033 2360 Creator
1064 2304 1406 2372 praedixerat,
1470 2313 1577 2367 :tttt,
1632 2304 1754 2369 quia

167 2398 297 2455 inter
332 2400 535 2454 ccelum
563 2408 617 2453 et
641 2408 838 2453 terram
869 2398 1087 2466 grandis
1113 2406 1228 2451 erat
1254 2395 1544 2457 discordia,
1571 2403 1627 2447 ut
1659 2393 1755 2445 tol-

167 2492 291 2548 leret
343 2492 744 2556 reconciliator,
796 2505 855 2545 se
904 2490 1194 2554 mediante,
1261 2488 1594 2541 scandalum.
1650 2485 1750 2539 lu“

166 2598 283 2640 sere
318 2584 685 2653 suspenditur,
712 2592 785 2647 ut,
816 2595 875 2636 se
906 2582 957 2635 in
980 2581 1160 2635 medio
1192 2580 1363 2647 posito
1396 2580 1531 2631 inter
1558 2580 1750 2630 cuzlttnt

163 2686 213 2731 et
240 2687 459 2743 terram,
515 2686 570 2731 et
610 2678 751 2729 inter
801 2674 1074 2729 hominem
1104 2682 1157 2728 et
1181 2672 1369 2735 Deum,
1411 2686 1509 2737 pax
1552 2671 1752 2725 rediret

164 2781 276 2841 post
305 2772 511 2828 odium.
542 2769 647 2824 Aut
671 2769 813 2835 ideo,
842 2769 963 2839 quia
988 2778 1111 2822 ante
1136 2768 1311 2835 gravis
1342 2768 1478 2817 latro
1508 2765 1558 2817 in
1591 2779 1751 2819 cruce

164 2864 547 2933 conﬁgebatur.
579 2862 717 2931 Ergo
747 2862 813 2914 ad
844 2862 945 2915 hoc
976 2861 1140 2929 elegit
1168 2859 1411 2914 Christus
1455 2858 1750 2925 principale

163 2961 497 3031 supplicium,
542 2969 603 3014 ut
634 2961 903 3014 hominem
958 2960 1262 3013 absolveret
1290 2959 1313 2994 ι’
1348 2959 1596 3026 originali
1631 2974 1748 3025 pec-

164 3062 296 3115 cato,
325 3051 469 3120 quod
492 3061 610 3107 erat
638 3051 930 3119 principale
962 3060 1312 3105 tormentum.
1338 3055 1442 3102 Ant
1466 3052 1585 3103 ideo
1610 3052 1748 3103 Deus

163 3141 211 3195 in
245 3158 399 3197 cruce
420 3142 788 3211 suspenditur,
822 3152 879 3195 ut
922 3156 1018 3211 pro
1062 3145 1371 3211 captivitate
1404 3154 1585 3199 nostra
1628 3158 1746 3212 pre-

164 3233 283 3287 tium
315 3233 396 3287 sui
427 3237 673 3301 corporis
697 3234 747 3287 in
780 3243 978 3289 statera
1027 3247 1294 3289 mercator
1326 3244 1592 3304 pensaret.
1646 3237 1747 3289 Aut

164 3325 276 3379 ideo
295 3328 649 3393 cruciﬁgitur,
682 3328 803 3395 quia
837 3328 1033 3381 mortui
1074 3344 1287 3383 eramus
1322 3345 1416 3397 per
1446 3344 1657 3398 pomum
1691 3339 1745 3383 et

162 3419 422 3482 arborem,
448 3428 505 3472 ut
528 3420 703 3473 denuo
735 3434 863 3473 crux
891 3429 945 3474 et
990 3420 1253 3489 Christus,
1297 3424 1347 3476 id
1382 3425 1645 3478 estarbor
1694 3433 1747 3477 et

162 3523 391 3577 pomum,
420 3528 516 3578 per
544 3512 715 3580 ipsam
771 3512 1176 3567 similitudinem
1222 3529 1319 3568 nos
1348 3530 1375 3568 a
1404 3525 1584 3571 morte
1612 3515 1744 3570 libe-

162 3611 317 3657 raret.
349 3603 577 3659 Pomum
602 3603 757 3658 dulce
781 3610 902 3659 cum
924 3606 1144 3660 arbore!

663 3716 772 3773 Sub
809 3717 999 3773 Pontio
1032 3717 1227 3773 Pilato.

229 3810 367 3875 Bene
395 3812 498 3866 hoc
549 3822 632 3867 est
658 3812 921 3881 additum,
974 3822 1048 3879 ut,
1098 3814 1277 3882 judice
1328 3828 1447 3867 cum
1502 3821 1745 3882 tempore

164 3901 457 3973 designato,
484 3918 591 3959 non
621 3918 742 3960 esse
773 3904 1044 3960 videretur
1066 3905 1351 3960 incertum.
1396 3904 1507 3959 Sub
1538 3905 1749 3960 llerode

166 4012 299 4066 rege,
331 4000 421 4067 qui
447 4012 516 4053 eo
568 4006 810 4067 tempore
839 3998 1106 4053 tetrarcha
1149 4006 1284 4064 erat,
1320 3998 1385 4053 ad
1418 4014 1574 4068 quem
1608 3997 1746 4051 Pila-

166 4099 243 4143 tus
272 4092 415 4145 misit
464 4091 746 4145 Dominum
773 4091 1039 4157 vinctum,
1086 4100 1140 4143 et
1170 4106 1265 4158 per
1301 4090 1400 4143 hoc
1430 4091 1568 4143 inter
1603 4088 1746 4158 judi-

166 4195 248 4236 ces
278 4197 374 4251 pax
402 4184 649 4253 provenit
682 4190 801 4251 post
838 4182 1041 4237 odium.
1075 4182 1139 4235 Et
1174 4192 1193 4218 ε
1229 4181 1431 4250 legatus
1462 4180 1745 4243 Dominus,

167 4280 323 4348 magis
354 4279 671 4347 legatarius,
701 4292 805 4347 pax
828 4278 967 4332 inter
999 4286 1181 4345 partes
1208 4276 1430 4341 exstitit,
1465 4285 1517 4329 et
1542 4274 1750 4343 judices

168 4384 196 4425 a
221 4370 384 4427 livore
412 4370 682 4428 dissolvit.

628 4484 903 4539 Descendit
922 4485 989 4537 ad
1005 4484 1167 4551 interit
1180 4500 1281 4537 unt.

233 4579 361 4635 Hinc
404 4579 682 4649 propheta:
724 4578 873 4647 plura
927 4578 1201 4639 dixerunt,
1237 4573 1375 4627 unde
1404 4583 1483 4627 est
1515 4573 1640 4627 illud
1670 4573 1747 4625 di-

1862 2026 2103 2082 videntes
2132 2030 2307 2096 angeli
2336 2030 2513 2082 carnis
2569 2041 2813 2085 naturam
2855 2031 3021 2085 caelos
3069 2030 3295 2094 intrare,
3338 2036 3457 2081 stu-

1864 2120 2377 2187 pueruntdicetttcs:
2414 2120 2541 2184 Quis
2569 2131 2636 2173 est
2666 2122 2757 2174 iste
2786 2137 2874 2173 rex
2901 2121 3079 2189 gloria:
3102 2119 3274 2190 (Psal.
3302 2117 3456 2187 vm)?

2252 2232 2277 2269 λι
2298 2233 2449 2287 Sedet
2476 2234 2542 2285 ad
2572 2235 2832 2287 dexteram
2860 2232 3053 2285 Patris.

1930 2326 2060 2381 Nam
2092 2336 2143 2381 et
2170 2327 2339 2394 ipsum
2364 2328 2550 2381 sedere
2580 2327 2895 2394 mysterium
2928 2335 3007 2379 est
3036 2323 3216 2378 carnis
3242 2336 3453 2377 assum-

1862 2430 1983 2490 ptze,
2006 2431 2059 2475 et
2086 2430 2395 2487 proveCtum
2426 2421 2568 2475 sedis
2596 2435 2702 2473 non
2734 2421 2931 2481 divina,
2962 2417 3057 2471 sed
3090 2418 3318 2471 humana
3354 2430 3452 2468 na-

1860 2523 1973 2568 tura
2020 2515 2273 2584 requirit;
2324 2515 2445 2568 inde
2490 2524 2543 2567 et
2575 2514 2674 2567 hoc
2720 2513 2921 2568 dictum
2974 2523 3055 2566 est
3092 2530 3102 2563 :
3163 2512 3357 2564 Parata
3383 2526 3452 2564 est

1855 2609 1996 2661 sedes
2030 2618 2134 2671 tua,
2184 2608 2395 2663 Domine
2428 2608 2602 2673 (Psal.
2651 2608 2801 2675 xcn).
2858 2607 2923 2660 Et
2957 2623 2969 2659 :
3008 2606 3151 2659 Di.rit
3201 2604 3453 2658 Dominus

1860 2698 2026 2753 Domit
2067 2717 2079 2728 ’
2103 2699 2392 2753 ntco:Sede
2417 2716 2448 2752 a
2478 2700 2667 2752 dextris
2697 2700 2822 2751 meis
2842 2696 3010 2769 (Psal.
3039 2698 3148 2765 cx).
3180 2695 3247 2750 Et
3274 2694 3405 2749 illud
3434 2710 3449 2747 :

1857 2796 1899 2845 Α
1949 2794 2095 2846 modo
2119 2793 2349 2845 videbitis
2392 2790 2591 2845 Filium
2634 2792 2855 2845 hominis
2894 2793 3155 2845 sedentem
3181 2807 3211 2841 a
3260 2789 3452 2843 dextris

1854 2885 2050 2937 virtutis
2084 2883 2197 2949 Dei,
2216 2886 2544 2955 judicaturus
2574 2885 2707 2937 vivos
2731 2894 2775 2937 et
2802 2893 3027 2937 mortuos
3052 2882 3268 2953 (Matth.
3298 2896 3446 2947 xxvi,

1856 2974 1966 3041 64).
2004 2977 2199 3044 Aliqui,
2232 2975 2414 3029 dicunt
2438 2978 2607 3041 vivos,
2640 2976 2810 3043 justos
2837 2994 2850 3037 ;
2880 2985 3123 3027 mortuos
3166 2988 3315 3039 vero,
3371 2971 3449 3026 in-

1851 3068 2043 3137 justos.
2077 3070 2181 3123 Aut
2204 3079 2350 3124 certe
2376 3070 2545 3135 vivos,
2578 3082 2712 3136 quos
2742 3067 2792 3120 in
2820 3082 3044 3135 corpore
3066 3066 3335 3120 invenerit
3355 3063 3447 3117 ad-

1855 3170 2043 3214 ventus
2073 3173 2083 3197 ι
2114 3161 2446 3227 Dominicus,
2505 3172 2556 3215 et
2594 3162 2606 3210 ι
2650 3162 3011 3229 intelligamus
3056 3169 3309 3221 mortuos,
3339 3158 3445 3226 jam

1854 3255 2112 3323 sepultos.
2130 3254 2236 3308 Nos
2262 3266 2439 3309 tamen
2466 3254 2613 3308 vivos
2636 3266 2691 3310 et
2722 3266 2963 3308 mortuos
2986 3253 3087 3309 hoc
3112 3264 3191 3308 est
3218 3254 3446 3321 animas,

1852 3355 1904 3401 et
1933 3362 2157 3413 corpora
2187 3349 2384 3415 pariter
2403 3348 2716 3416 judicanda.
2738 3348 2868 3401 Nam
2916 3347 2983 3401 de
3008 3348 3239 3401 adventu
3266 3347 3448 3401 Domi-

1850 3441 1902 3493 ni
1930 3448 1984 3493 et
2015 3438 2302 3493 Malachias
2332 3440 2406 3493 ait
2437 3459 2447 3492 :
2482 3438 2639 3510 (Ecce
2662 3442 2792 3493 venit
2837 3440 3087 3493 Dominus
3128 3440 3447 3509 omnipotens

1852 3531 2007 3601 (Mal.
2033 3546 2112 3598 ιιι,
2141 3532 2211 3599 1).
2240 3532 2302 3585 Ει
2336 3532 2515 3585 Daniel
2553 3550 2563 3583 :
2592 3531 2753 3586 Eeccc
2775 3534 2825 3585 in
2853 3533 3068 3585 nubibus
3093 3534 3207 3586 (τωΙὶ
3237 3536 3387 3601 quasi
3416 3529 3443 3568 κ

1851 3623 2021 3679 Filius
2045 3625 2267 3678 hominis
2299 3625 2460 3695 (Dan.
2496 3641 2591 3692 vn,
2627 3626 2738 3695 15).
2773 3626 2840 3680 Et
2878 3626 3009 3680 illud
3044 3644 3055 3677 :
3094 3626 3239 3681 Sicut
3272 3624 3447 3697 fulgor

1851 3716 1914 3770 ab
1946 3720 2155 3787 oriente,
2184 3719 2257 3773 ita
2285 3728 2330 3773 et
2352 3720 2445 3773 erit
2470 3721 2717 3774 adventus
2751 3717 2875 3772 Filii
2905 3718 3147 3774 hominis.

2260 3836 2425 3890 Credo
2472 3838 2524 3889 in
2579 3845 2752 3890 sancto
2796 3836 3020 3906 Spiritu.

1923 3928 1980 3984 In
2031 3930 2189 4000 hujus
2238 3930 2754 3985 commemoratione
2809 3928 3125 3999 mysterium
3168 3928 3443 3985 Trinitatis

1854 4024 2125 4093 impletur,
2177 4038 2312 4079 unus
2363 4024 2540 4088 Pater,
2601 4038 2735 4079 unus
2796 4022 2983 4090 Filius,
3028 4040 3164 4079 unus
3211 4024 3443 4091 Spiritus

1853 4130 2087 4186 sanctus,
2115 4128 2169 4173 ut
2202 4122 2294 4173 tiat
2336 4118 2612 4173 distinctio
2655 4132 3027 4187 personarum,
3073 4119 3330 4173 vocabula
3361 4134 3445 4173 se-

1854 4219 2183 4264 cernuntur:
2223 4210 2401 4275 Pater,
2443 4225 2507 4263 ex
2536 4224 2641 4277 quo
2672 4211 2872 4272 omnia,
2900 4218 2953 4263 et
2994 4211 3084 4279 qui
3128 4224 3233 4264 non
3282 4210 3447 4265 habet

1855 4302 2099 4356 Patrem:
2132 4302 2298 4356 Filius
2320 4318 2381 4356 ex
2402 4302 2557 4356 Patre
2587 4302 2828 4370 genitus;
2862 4300 3099 4370 Spiritus
3122 4310 3340 4357 sanctus
3370 4302 3439 4357 de

1859 4391 1877 4431 ι
1913 4392 2006 4448 Dei
2033 4408 2125 4447 ore
2176 4394 2494 4462 procedens,
2540 4403 2594 4448 et
2618 4402 2807 4448 cuncta
2837 4401 2876 4429 ω
2905 4392 3265 4446 sanetilicans.
3302 4391 3445 4462 Ergo

1853 4500 1957 4539 una
1998 4486 2251 4539 divinitas
2301 4486 2351 4539 in
2394 4486 2674 4547 Trinitate,
2722 4486 2845 4553 quia
2894 4486 3027 4539 dixit
3077 4485 3441 4556 Symbolum:

1854 4578 2025 4632 Credo
2054 4579 2103 4630 in
2128 4578 2290 4631 Deum
2313 4580 2519 4633 Patrem
2546 4589 2595 4644 η,
2624 4588 2676 4633 ct
2702 4578 2957 4633 inlesum
2990 4578 3285 4645 Christum,
3311 4587 3363 4631 et
3390 4578 3442 4632 in

170 4681 337 4727 ctum:
370 4672 493 4728 Vita
538 4688 647 4725 mea
679 4674 730 4724 in
761 4671 962 4739 inferno
988 4670 1333 4739 apprOpiavit,
1372 4678 1417 4722 et
1445 4673 1608 4736 [actus
1637 4683 1746 4719 sum
1777 4661 1826 4721 D
1856 4668 2053 4737 Spiritu
2080 4680 2282 4722 sancto.
2320 4669 2456 4737 Ergo
2504 4670 2591 4723 ubi
2636 4672 2686 4723 in
2738 4670 3051 4738 prtepositio
3102 4673 3335 4737 ponitur.
3370 4668 3443 4722 ibi

171 4767 290 4820 inter
316 4776 547 4820 mortuos
577 4765 703 4818 liber
732 4763 958 4834 (Psalm.
988 4763 1225 4833 Lxxxw).
1254 4764 1317 4816 Et
1342 4762 1471 4815 illud
1503 4780 1513 4814 :
1542 4761 1565 4798 ’ί
1597 4760 1675 4813 Tu
1700 4779 1747 4814 ts

237 4925 424 4990 “135.,
439 4940 583 4978 aera.
600 4922 656 4976 In
676 4937 781 4975 uno
793 4920 904 4975 Cod
919 4963 931 4974 .
948 4922 1087 4990 V'at.,
1104 4923 1217 4975 ideo
1232 4923 1371 4974 cruci
1394 4921 1743 4986 suspenditur.

234 4988 260 5028 ⁵
286 4996 434 5059 Mss.,
468 4995 719 5063 originale
748 5002 1034 5061 peccatum.

239 5073 259 5136 ε
298 5066 448 5130 “58.,
476 5067 685 5136 ligatus.

236 5134 258 5171 ἀ
293 5132 533 5191 Veteres
585 5133 793 5189 scilicet
848 5132 1031 5186 Patres
1095 5135 1335 5187 nonnulli
1394 5134 1472 5200 (ut
1522 5133 1748 5187 advertit

174 5204 469 5277 Drowerus)
528 5215 833 5273 senserunt,
891 5220 1012 5259 cum
1053 5205 1285 5259 Joannes
1326 5220 1433 5259 non
1478 5204 1746 5277 dubitaret

174 5272 460 5331 Cliristum’
497 5293 680 5331 verum
737 5293 855 5331 esse
910 5277 1171 5337 Messium,
1204 5277 1287 5329 illa
1337 5293 1429 5329 sua
1480 5276 1743 5343 legatione

174 5350 418 5413 quaesisse
446 5365 573 5403 num
626 5349 811 5401 eadem
844 5362 1005 5415 opera
1051 5350 1334 5400 moriturus
1388 5357 1547 5409 esset,
1580 5356 1633 5399 ct
1680 5349 1742 5399 ad

176 5416 360 5472 inferos
388 5421 783 5475 descensurus?
814 5420 980 5485 Quem
1018 5421 1236 5485 pretntle
1264 5418 1477 5485 (addam
1522 5416 1642 5485 ego)
1691 5430 1750 5472 et

176 5488 418 5552 lcannes,
453 5506 575 5543 mox
604 5491 915 5544 detruncato
942 5492 1139 5554 capite,
1172 5492 1233 5541 ad
1289 5492 1485 5543 inl‘eros
1519 5494 1743 5542 descen-

176 5572 339 5626 surus,
372 5562 713 5616 liberatorem
746 5576 895 5615 suum
919 5572 1304 5627 exspectasset.
1334 5562 1472 5628 Lege
1503 5572 1743 5613 sanctum

178 5630 310 5684 Ilier.
362 5635 412 5686 in
457 5642 748 5686 comment.
812 5635 861 5686 in
927 5633 1112 5686 Matth.
1164 5634 1227 5685 ad
1282 5636 1422 5687 hunc
1460 5633 1632 5685 locum
1681 5633 1749 5686 de

179 5699 390 5758 Joanne.

244 5782 266 5843 ξ
301 5774 441 5829 Unus
470 5775 601 5827 Cod.
630 5774 773 5839 Vat.,
805 5776 916 5843 ipso
944 5774 1114 5827 triduo
1144 5777 1193 5826 in
1226 5786 1414 5827 ventre.

247 5840 265 5879 ¹
296 5845 447 5917 lbid.,
482 5840 923 5917 I’saliitogt'apltus
954 5849 1233 5917 prapheta;
1264 5857 1312 5902 cl
1344 5846 1495 5901 deest
1530 5846 1708 5912 Apost.

245 5921 268 5965 ι
298 5915 445 5978 Mss"
479 5915 752 5974 Dominus.

1853 4761 2098 4815 divinitas
2127 4760 2471 4829 approbatur,
2492 4770 2551 4816 ut
2573 4771 2655 4818 est
2686 4780 2694 4811 :
2722 4760 2885 4815 Credo
2912 4762 2963 4813 in
2990 4760 3169 4828 Patre,
3192 4762 3243 4814 in
3274 4757 3438 4829 Filio,

1925 4918 1946 4954 ¹ι
1976 4921 2028 4972 la
2061 4922 2186 4981 Mss.
2234 4921 2551 4988 qutnusdatn
2594 4922 2870 4991 sequentia
2901 4921 3017 4977 sine
3056 4920 3209 4976 titulo
3241 4937 3441 4992 prmcc-

1855 4991 2103 5045 dentibus
2126 4994 2432 5061 junguntur.

1931 5062 1945 5099 ί
1994 5064 2136 5135 Unus
2170 5065 2294 5115 ;.υιι.
2327 5063 2445 5117 Vat.
2478 5080 2490 5114 :
2538 5062 2834 5117 Dominicus
2883 5077 2928 5118 et
2960 5074 3189 5119 mortuos
3210 5068 3329 5135 jam
3359 5080 3443 5119 sc-

1852 5136 2043 5199 pultos.
2082 5133 2191 5186 Nos
2220 5147 2385 5186 tamen
2412 5134 2757 5205 intelligamus
2790 5138 2941 5189 viros.

1928 5208 1940 5278 ι
1985 5205 2401 5278 ιὶεδιιίιιιιιιιιιᾼιη
2428 5205 2741 5278 quihusdam
2774 5208 2895 5259 Mss.
2932 5207 3013 5262 hic
3037 5207 3407 5278 intelligamus.

1929 5276 1947 5310 ¹¹
1988 5277 2128 5327 Unus
2159 5276 2289 5329 Cod.
2321 5276 2459 5335 νω..
2500 5276 2688 5327 Filium
2722 5279 2959 5330 hominis.

1929 5346 1940 5383 ¹
1970 5346 2256 5399 Venanttns
2282 5348 2597 5399 Fortunatus
2630 5350 2837 5401 videtur
2863 5354 2961 5403 huc
2993 5351 3108 5403 loco
3132 5349 3434 5416 respexisse

1853 5418 1915 5472 ad
1963 5418 2090 5470 illud
2140 5420 2323 5483 psalmi
2373 5434 2520 5470 χχχιι
2557 5437 2565 5468 :
2605 5416 2667 5471 Et
2718 5421 2914 5486 Spiritu
2967 5424 3068 5474 oris
3118 5424 3228 5489 ejus
3272 5421 3439 5473 omnis

1852 5492 2007 5541 virtus
2037 5505 2209 5541 eorum
2259 5499 2459 5543 turmata
2491 5499 2605 5551 est;
2652 5500 2705 5544 et
2750 5493 2813 5542 ad
2871 5491 2997 5544 illud
3027 5493 3205 5551 Joan.,
3245 5505 3292 5543 c.
3327 5506 3392 5543 xx
3423 5508 3435 5543 :

1852 5560 1981 5613 limo
2026 5576 2137 5611 rum
2185 5561 2422 5619 dixisset,
2458 5563 2759 5629 insul/tavit,
2803 5572 2848 5614 et
2896 5565 3024 5615 dixit
3071 5565 3183 5617 eis:
3216 5563 3441 5628 Accipite

1854 5633 2106 5695 Spiritum
2136 5645 2381 5693 sanctum,
2414 5642 2541 5697 Clc.;
2586 5635 2771 5700 quibus
2800 5649 2863 5687 ex
2895 5635 3214 5689 testimoniis
3242 5632 3433 5685 divini-

1855 5713 1931 5754 tas
1981 5705 2101 5769 Spir
2130 5715 2210 5755 tus
2244 5714 2429 5765 sant-lt,
2465 5706 2550 5767 qui
2598 5722 2708 5756 runt
2737 5704 2886 5757 Patre
2918 5716 2960 5759 et
2998 5706 3131 5758 Filio
3161 5706 3434 5771 aduratur,

1853 5786 1904 5828 et
1935 5777 2169 5839 ειιιειιυιιι
2204 5791 2261 5825 tur
2296 5772 2451 5827 Patre
2486 5775 2720 5843 Filioque
2747 5780 3019 5843 processio
3057 5778 3377 5831 ostenditur.

1928 5854 1963 5879 '“
1992 5846 2101 5897 Duo
2132 5845 2295 5897 Codd.
2330 5846 2469 5909 V'.tt.,
2519 5857 2562 5898 et
2592 5860 2772 5899 cuncta
2804 5850 3119 5915 siqui/trans.

1926 5924 1952 5951 υ
1983 5917 2039 5972 ln
2072 5932 2173 5974 uno
2204 5916 2360 5983 Ced.,
2395 5929 2437 5973 et
2471 5920 2521 5972 in
2551 5918 2829 5975 Dominum
2850 5921 3126 5986 Christum,
3154 5929 3260 5977 ctc.
