4206 6550
736 426 835 481 551

1462 413 1790 471 VENANTII
1834 410 1995 467 non.
2038 405 2242 463 CLEM.
2283 402 2681 462 FORTUNATI
2721 405 3003 462 OPEBUM
3046 404 3224 462 PARS
3268 407 3310 461 ι.
3921 408 4015 462 3,52

733 543 786 595 in
817 538 1019 608 Spiritu
1072 545 1273 593 sancto.
1305 536 1436 593 Nam
1468 552 1571 592 non
1604 537 1819 602 dicitur,
1850 536 1903 587 in
1932 541 2108 589 sancta
2148 531 2327 585 Eccle-
2354 528 2406 588 Α
2432 526 2743 586 Consultum
2774 530 2949 595 nobis,
2982 531 3293 599 sanctisque
3322 527 3602 584 sororibus
3642 526 3657 565 ί
3694 527 3749 583 id
3774 528 3867 584 sit.

733 632 852 697 eia;
884 644 991 685 non
1022 628 1241 696 dicitur,
1268 630 1323 683 in
1348 630 1646 683 remissione
1678 636 2021 698 peccatorum,
2053 635 2078 664 ι
2110 625 2199 679 sed
2247 638 2325 678 re-

736 724 1029 779 missionem
1057 732 1381 794 peccatorum
1411 724 1606 778 credis.

1243 814 1489 870 Sanctam
1520 815 1817 869 Ecclesium.

812 905 1031 970 Sancta,
1058 905 1179 974 quia
1207 920 1309 958 una
1341 914 1421 958 est
1452 905 1687 959 Ecclesia
1719 905 1837 960 sine
1860 918 2008 974 ruga.
2045 902 2192 959 Sicut
2223 915 2328 955 una

736 995 891 1063 :ides,
924 1011 1084 1050 unum
1137 996 1416 1065 baptisma,
1452 997 1503 1050 in
1537 1012 1637 1066 qua
1671 1011 1807 1051 unus
1840 996 1999 1059 Deus,
2031 1008 2168 1048 unus
2216 993 2325 1047 Do-

742 1088 947 1152 minus,
994 1102 1129 1141 unus
1179 1086 1408 1156 Spiritus
1436 1099 1654 1143 sanctus
1699 1086 1969 1153 creditur;
2017 1086 2083 1141 de
2125 1100 2228 1153 qua
2274 1086 2330 1140 in

735 1175 967 1233 -’)anticis
998 1178 1227 1248 legitur:
1264 1178 1379 1233 Una
1424 1188 1497 1233 est
1521 1178 1759 1233 columba
1784 1194 1939 1243 mea;
1986 1192 2106 1232 nam
2157 1177 2331 1234 haere-

737 1269 827 1324 tici
856 1279 1180 1341 congregant
1211 1271 1528 1340 Ecclesiam,
1553 1272 1640 1327 ubi
1666 1286 1819 1343 ruga,
1852 1280 1906 1327 et
1932 1268 2172 1341 perfidiae
2214 1284 2331 1325 mae

737 1363 859 1419 cula
881 1364 1289 1433 comprobatur.

1161 1458 1532 1512 liemissionem
1560 1466 1902 1527 peccatorum.

808 1545 973 1603 Nobis
1003 1546 1054 1603 in
1086 1548 1187 1604 hoc
1230 1562 1481 1605 sermOne
1508 1550 1621 1603 sola
1666 1550 1954 1605 credulitas
1985 1547 2199 1613 sufﬁcit,
2233 1564 2333 1605 nec

733 1640 873 1696 ratio
899 1642 1209 1711 requiritur,
1253 1642 1341 1697 ubi
1379 1641 1687 1711 principalis
1713 1642 2037 1711 indulgentia
2080 1655 2331 1709 compro-

734 1734 911 1789 batur.
940 1735 1057 1803 Ipse
1083 1733 1110 1773 ι’
1136 1752 1229 1791 rex
1253 1746 1487 1790 aeternus
1518 1750 1546 1788 a
1579 1735 1724 1789 nullo
1746 1734 2054 1801 discutitur,
2086 1736 2128 1789 si
2160 1734 2332 1804 quod-

730 1838 943 1895 cunque
986 1827 1227 1898 largitur.
1274 1827 1405 1880 Nam
1458 1826 1549 1881 ille
1591 1825 1680 1896 qui
1727 1827 1899 1895 potuit
1948 1828 2217 1881 hominem
2263 1828 2331 1883 de

732 1913 847 1969 luto
872 1913 1072 1981 facere,
1106 1918 1245 1971 idem
1278 1928 1467 1986 potens
1498 1927 1583 1972 est
1616 1930 1635 1956 ε
1662 1933 1819 1972 omne
1850 1920 2172 1972 lutulentum
2205 1934 2329 1985 pur-

733 2019 894 2075 gare;
928 2016 983 2062 et
1011 2009 1151 2063 valet
1183 2009 1539 2063 innocentiam
1586 2007 1848 2076 perditam
1899 2011 2206 2074 restituere,
2240 2008 2330 2079 qui

736 2097 974 2168 sepultos
1004 2108 1059 2155 et
1090 2100 1327 2153 membra
1361 2098 1566 2168 perdita
1600 2110 1818 2154 revocat
1847 2100 1913 2155 ad
1944 2101 2193 2155 salutem.

1196 2188 1643 2244 Resurrectiouem
1670 2194 1861 2245 ramis.

809 2278 1030 2336 Summa
1062 2282 1407 2350 perfectionis
1429 2282 1783 2347 concluditur,
1806 2291 1860 2337 et
1882 2296 2009 2336 caro
2040 2282 2177 2349 ipsa,
2208 2297 2327 2352 quae

735 2371 898 2439 cadit,
929 2382 1292 2427 resurrectura
1322 2374 1425 2427 erit
1476 2374 1814 2441 immortalis,
1866 2382 1923 2427 ut
1966 2382 2199 2428 maneat.
2240 2373 2328 2427 Li-

736 2474 823 2519 cet
862 2467 1184 2521 resurrectio
1236 2481 1264 2520 a
1313 2469 1529 2537 paganis
1557 2477 1610 2521 et
1654 2482 1681 2520 a
1718 2467 2031 2537 quihusdam
2065 2466 2329 2521 haereticis

734 2568 845 2609 non
876 2556 1140 2621 credatur,
1175 2566 1352 2612 tamen
1386 2558 1549 2612 Isaias
1585 2558 1751 2612 dicit:
1788 2560 2011 2628 Surgent
2052 2560 2237 2612 mortui
2282 2570 2329 2613 et

734 2647 1149 2714 suscitabuntur;
1178 2658 1232 2703 et
1274 2646 1457 2702 Daniel
1491 2648 1599 2702 ait:
1635 2649 1914 2721 Resurgent
1937 2659 2054 2702 tunc
2094 2652 2179 2717 qui
2213 2661 2328 2705 sunt

736 2735 794 2789 in
823 2745 970 2792 terra:
1002 2739 1225 2807 pulvere.
1269 2737 1512 2794 Christus
1544 2740 1672 2796 dicit
1702 2758 1713 2793 :
1750 2741 1901 2807 Quod
1932 2753 2096 2795 autem
2125 2752 2330 2813 surgent

736 2829 947 2897 mortui,
974 2845 1075 2882 non
1106 2830 1345 2899 legistis?
1387 2830 1453 2885 Et
1488 2848 1501 2885 :
1555 2830 1675 2885 Non
1709 2841 1782 2886 est
1809 2830 1949 2886 Deus
1992 2844 2327 2903 mortuorum,

738 2917 827 2972 sed
850 2917 1137 2972 viventium.
1190 2920 1322 2975 ltetn
1353 2920 1643 2989 Apostolus
1675 2922 1807 2977 dicit
1848 2941 1857 2975 :
1904 2923 1981 2977 Tu
2008 2925 2147 2993 quod
2179 2928 2333 2979 senti-

739 3026 832 3063 nas
859 3025 959 3065 non
1004 3012 1288 3077 vivi/icatur
1314 3014 1412 3067 nisi
1439 3015 1583 3085 prius
1632 3017 1906 3071 moriatur.
1957 3017 2024 3070 Et
2053 3019 2327 3087 Scriptura

739 3102 907 3158 dicit:
958 3102 1082 3158 Post
1134 3106 1557 3161 resurrectionem
1612 3116 1756 3161 erunt
1824 3110 1953 3163 sicut
2000 3111 2167 3180 angeli
2212 3111 2326 3165 Dei.

741 3192 884 3263 Ergo
925 3190 949 3230 δ
993 3210 1090 3249 nec
1138 3196 1241 3251 hoc
1278 3198 1620 3253 credentibus
1669 3199 1997 3269 impossibile
2035 3202 2326 3270 judicetur,

744 3290 869 3359 quia
892 3291 981 3362 qui
1009 3294 1179 3362 potuit
1211 3293 1480 3351 hominem
1508 3296 1575 3351 de
1605 3304 1747 3352 terra
1767 3311 2106 3366 componere,
2140 3298 2337 3366 poterit

752 3386 891 3439 hunc
920 3400 985 3440 ex
1017 3387 1231 3443 homine
1284 3389 1335 3443 in
1385 3388 1629 3458 angelum
1664 3389 2065 3455 transformare,
2117 3400 2171 3445 et
2219 3398 2337 3460 post

749 3481 1095 3547 hancvitam
1146 3481 1499 3549 temporalem
1551 3482 1713 3536 vitam
1781 3493 2035 3536 aeternam
2080 3484 2333 3537 tribuere.

754 3567 888 3640 Ergo
936 3570 1163 3626 moritur
1195 3572 1355 3626 homo
1387 3572 1535 3640 quasi
1588 3587 1811 3642 granum
1844 3572 1896 3625 in
1928 3573 2110 3641 sulco,
2165 3583 2222 3626 ut
2254 3588 2337 3627 re-

743 3672 930 3731 surgat
954 3675 1073 3717 cum
1102 3662 1273 3732 spico,
1306 3671 1359 3718 et
1387 3662 1778 3729 multiplicetur
1806 3678 1925 3717 cum
1958 3661 2131 3717 fructu
2151 3705 2165 3729 ,
2202 3663 2339 3717 assi-

752 3754 964 3811 miletnr
1012 3764 1066 3811 et
1118 3756 1309 3827 angelo
1355 3774 1368 3810 :
1420 3757 1559 3828 quod
1593 3756 1707 3825 ipse
1736 3756 1925 3811 salutis
1968 3768 2154 3811 auctor
2186 3755 2339 3811 nobis

750 3849 979 3904 tribuere
1031 3847 1316 3918 dignetur,
1365 3850 1477 3918 qui,
1538 3850 1861 3919 triumphato
1909 3850 2153 3916 Tartaro,
2210 3864 2332 3903 cum

752 3935 903 3992 Patre
931 3946 987 3993 et
1017 3948 1203 3994 sancto
1258 3940 1458 4008 Spiritu
1490 3940 1741 4009 glorioso,
1779 3942 2128 4010 principatum
2165 3940 2338 4013 [prin-

746 4028 950 4101 cipatu]
979 4031 1188 4086 intrans
1218 4030 1389 4085 victor
1422 4042 1607 4100 regnat
1639 4033 1691 4085 in
1719 4032 1881 4088 caelo.
1912 4034 2103 4087 Amen.

1390 4142 1615 4198 CAPUT
1638 4144 1701 4199 11.

1055 4235 1240 4290 Versus
1269 4235 1336 4287 ad
1366 4235 1604 4289 domitam
1637 4235 2022 4306 Radegundem.

654 4322 661 4327 ’
750 4327 940 4405 {Suum
967 4328 1021 4405 i_n
1068 4328 1449 4405 ltadegnndem
1490 4329 1842 4393 desiderium,
1866 4345 1970 4394 quo
1999 4344 2057 4384 se
2081 4327 2167 4383 illa
2203 4336 2338 4383 tem-

824 4414 956 4469 pore
987 4400 1296 4469 incluserat,
1329 4400 1583 4462 declarat,
1634 4409 1686 4451 et
1740 4409 1885 4468 optat
1933 4408 1989 4453 ut
2034 4414 2149 4469 cam
2182 4414 2338 4468 quam

754 4542 757 4543 ν
825 4467 1107 4524 celerrime
1134 4484 1164 4522 a
1195 4484 1405 4524 recessu
1433 4484 1531 4524 suo
1560 4467 1805 4525 reducem
1837 4467 2060 4540 videat.]

754 4583 873 4650 Quo
902 4584 1017 4637 sine
1048 4598 1135 4638 me
1160 4597 1275 4638 mea
1301 4584 1388 4639 lux
1418 4583 1587 4640 oculis
1613 4586 1913 4641 errantibus
1948 4596 1969 4623 ε
2004 4584 2169 4650 abdit,

827 4673 937 4727 Nec
967 4675 1166 4743 patitur
1193 4677 1307 4729 visn
1332 4691 1389 4730 se
1419 4691 1660 4733 reserare
1689 4676 1844 4731 meo?

758 4763 945 4819 Omnia
977 4764 1247 4833 conspicio
1273 4765 1452 4827 simul,
1487 4764 1710 4831 aethera,
1743 4765 1982 4831 flumina,
2019 4774 2250 4832 terram;

831 4856 965 4910 Cum
999 4867 1049 4910 te
1078 4871 1181 4911 non
1209 4857 1385 4922 video,
1418 4867 1540 4913 sunt
1564 4859 1691 4913 mihi
1717 4871 1905 4914 cuncta
1932 4874 2137 4927 parum.

772 4948 1019 5017 Quamvis
1049 4949 1119 5002 sit
1142 4952 1356 5015 caelum,
1389 4951 1581 5007 nebula
1616 4952 1871 5023 fugiente,
1896 4967 2166 5018 serenum,

833 5042 909 5097 Te
936 5042 1142 5098 celante
1175 5044 1323 5109 mihi,
1349 5054 1453 5099 stat
1483 5048 1597 5101 sine
1630 5048 1742 5102 sole
1769 5048 1905 5102 dies.

770 5133 874 5189 Sed
901 5140 1117 5205 precor,
1152 5136 1401 5190 horarum
1434 5137 1591 5192 ducat
1615 5148 1729 5193 rota
1759 5140 1963 5193 concita
1993 5152 2201 5201 cursus,

840 5227 908 5281 Et
932 5228 1195 5283 brevitate
1228 5229 1391 5283 velint
1421 5243 1478 5283 se
1507 5230 1742 5285 Celerare
1768 5232 1903 5286 dies.

842 5395 869 5424 λ
904 5386 1055 5453 Mss,
1078 5396 1304 5441 sanctam
1329 5388 1611 5444 Ecclesiam
1634 5406 1711 5442 ac.

840 5454 868 5494 δ
898 5458 954 5512 ln
1005 5473 1110 5513 uno
1137 5458 1296 5525 Cod.,
1328 5461 1435 5527 ipse
1457 5476 1566 5531 ,γεω
1614 5470 1836 5513 terrenus
1864 5474 1895 5512 a
1937 5458 2078 5511 nullo
2130 5455 2352 5519 dicitur;

776 5538 1042 5595 corrupte.

854 5608 871 5635 ~‘
909 5598 965 5652 In
997 5615 1103 5653 uno
1129 5601 1263 5654 Cod.
1295 5617 1442 5655 ontne
1471 5604 1620 5655 etiam
1658 5602 1979 5657 lutulentum.

847 5669 871 5705 τι
908 5669 1044 5740 Ergo
1077 5687 1136 5723 ne
1162 5673 1252 5724 ltoc
1282 5674 1617 5727 credentibus.

852 5749 874 5777 τε
900 5741 1029 5795 Vide
1060 5756 1177 5805 qua:
1208 5745 1435 5797 diximus
1465 5744 1527 5797 ad
1560 5760 1606 5797 c.
1635 5745 1693 5797 Η
1728 5752 1781 5798 et
1805 5743 1870 5796 1‘2.
1902 5742 1993 5799 lib.
2026 5755 2136 5795 νιν.

781 5880 810 5935 ᾗ
851 5810 870 5847 7
908 5811 1049 5937 lituus
1079 5811 1249 5870 Codd.
1285 5812 1427 5882 \’at.,
1457 5814 1714 5871 sororibus
1750 5814 1844 5869 hoc
1875 5815 1958 5868 sit.
1990 5812 2133 5869 Edit.
2164 5808 2355 5876 Paris,

800 5898 873 5936 ,ac
903 5900 943 5937 si
975 5928 983 5937 .

800 5898 873 5936 ῑας
903 5898 983 5940 ιιι.

2373 4621 2428 4682 D

2501 623 2570 679 Ut
2598 623 2742 678 vultu
2772 622 3002 689 releves,
3035 637 3168 693 quos
3201 621 3253 675 in
3287 634 3471 676 amore
3503 629 3682 677 tenes.

3050 713 3279 770 CAPUT
3308 714 3397 768 Ill.

2686 809 2766 862 Ad
2801 808 3029 863 eamdem
3061 810 3123 862 de
3151 817 3176 856 Β
3208 808 3444 861 natalitio
3481 808 3779 863 abbatissae.

2432 900 2690 973 [Natalem
2725 902 2943 971 Agnetis
2973 900 3258 973 abbatissa:
3296 901 3441 973 diem
3493 900 3743 973 celebrat
3786 897 3892 954 hoc
3919 914 4030 954 car-

2502 974 2667 1035 mine,
2700 972 2750 1025 itt
2778 970 2884 1038 quo
2915 983 2967 1026 et
3016 972 3325 1039 ltatlegundi
3362 986 3459 1040 pro
3490 973 3653 1024 natali
3689 970 3839 1033 lilia,
3875 985 4029 1040 quam

2449 1039 2456 1046 ’
2505 1044 2721 1098 Christo
2769 1052 2991 1111 peperat
3030 1044 3326 1108 gratulatur
3348 1039 3370 1108 ;’
3393 1054 3447 1097 et
3468 1043 3535 1095 ad
3569 1039 4033 1096 extrentutn’vota

2502 1129 2599 1183 pro
2629 1126 2853 1183 utraque
2880 1111 3054 1185 facit.]

2432 1205 2596 1259 Mater
2616 1204 2816 1272 opima,
2846 1205 3065 1273 decens,
3100 1214 3222 1257 voto
3252 1204 3433 1258 laetare
3464 1204 3643 1271 beato,

2502 1297 2705 1361 Gaude,
2739 1298 2968 1353 natalem
2999 1299 3100 1352 lilia
3132 1296 3304 1352 dulcis
3339 1298 3517 1353 habet.

2433 1387 2577 1443 ilanc
2600 1388 2693 1443 tibi
2725 1404 2829 1442 non
2867 1402 3049 1443 uterus
3080 1400 3280 1453 natam,
3305 1388 3401 1442 sed
3427 1389 3596 1456 gratia
3632 1388 3784 1453 fecit,

2504 1481 2620 1537 Non
2654 1496 2802 1549 caro,
2829 1482 2919 1536 sed
2953 1479 3201 1535 Christus
3231 1483 3366 1535 hanc
3394 1483 3443 1535 in
3476 1497 3663 1535 amore
3693 1481 3871 1538 dedit.

2433 1575 2561 1643 Quae
2582 1577 2723 1631 sitin
2759 1588 2960 1631 aeterno
2996 1588 3191 1642 tecum,
3223 1576 3316 1630 tibi
3348 1575 3574 1630 contulit
3606 1584 3822 1638 auctor.

2506 1670 2824 1738 Perpetuam
2859 1671 3060 1736 prolem
3092 1670 3181 1721 dat
3210 1668 3326 1721 sine
3357 1668 3459 1721 line
3501 1667 3685 1723 Pater.

2436 1763 2583 1818 Felix
2618 1763 2921 1833 posteritas,
2958 1779 3077 1829 qua:
3111 1763 3256 1816 nullo
3285 1760 3469 1816 deficit
3495 1777 3633 1829 aevo,

2484 1857 2640 1929 .Qua:
2671 1872 2791 1910 cum
2825 1863 2992 1909 matre
3018 1855 3177 1907 simul
3202 1870 3304 1907 non
3336 1854 3591 1907 moritura
3627 1862 3834 1908 manet.

2438 1944 2521 2001 Sit
2553 1946 2711 2000 modo
2736 1947 2869 2000 festa
2899 1945 3017 1998 dies
3041 1955 3225 1997 sancto
3258 1944 3601 2012 liadegundis
3636 1944 3871 2009 honore,

2511 2037 2693 2107 Agnen
2720 2037 2857 2090 hanc
2890 2036 3041 2091 vobis
3068 2039 3248 2103 Agnus
3280 2036 3331 2088 in
3359 2041 3490 2088 orbe
3521 2036 3692 2089 dedit.

2437 2129 2637 2184 Gaudia
2668 2128 2935 2182 d.stensos
2971 2131 3167 2194 pariter
3197 2127 3479 2180 celebretis
3504 2127 3557 2179 in
3585 2140 3784 2193 annos,

2509 2220 2573 2272 Et
2598 2234 2689 2288 per
2720 2234 2814 2272 vos
2844 2219 3067 2287 ροιιυιυς
3099 2226 3219 2271 vota
3253 2231 3484 2286 superna
3517 2218 3679 2271 colat.

2436 2312 2821 2381 Virgineosque
2845 2311 3039 2365 choros
3074 2310 3438 2365 moderamina
3471 2320 3659 2365 sancta
3683 2309 3967 2376 docente,

2506 2402 2782 2469 Perpetua:
2815 2405 2936 2455 vita:
2967 2401 3297 2456 distribuatis
3329 2400 3355 2438 ιι
3387 2416 3539 2470 Opes.

2434 2494 2571 2549 Hinc
2600 2494 2883 2563 longinqua
2908 2494 3051 2547 salus
3076 2502 3255 2547 teneat
3278 2507 3371 2547 vos
3406 2489 3427 2532 ί
3451 2508 3682 2563 corpore
3711 2496 3947 2562 vinctas,

2506 2586 2714 2643 Rursus
2746 2588 2796 2642 in
2829 2596 3031 2642 :cterno
3059 2587 3263 2643 lumine
3288 2587 3476 2657 jungat
3516 2604 3689 2645 amor.

3057 2677 3283 2735 CAPUT
3312 2680 3400 2734 IV.

2817 2773 2897 2825 Ad
2922 2773 3173 2836 eamdem,
3208 2782 3260 2825 ttt
3283 2773 3452 2827 vinum
3484 2773 3641 2827 bibat.

2436 2862 2834 2936 [Radegundem
2892 2875 3041 2930 rogat
3088 2872 3139 2917 et
3178 2878 3287 2936 suo
3317 2872 3369 2936 e_t
3430 2864 3661 2936 Agnetis
3703 2864 3949 2936 nomine,
3983 2874 4038 2917 ut

2508 2935 2629 3057 Villio
2662 2944 2839 3076 litatur
2866 2943 3025 3004 atque
3066 2934 3276 2989 modico
3306 2934 3422 3002 ejus
3453 2948 3551 2988 usu
3582 2934 3877 2989 valetudini
3912 2950 4041 2989 con-

2508 3019 2567 3058 sn
2593 3014 2667 3059 at.

2507 3014 2667 3059 sulat.

2438 3096 2493 3153 Si
2524 3098 2692 3166 pietas
2722 3105 2776 3152 et
2804 3107 3019 3151 sanctus
3044 3110 3195 3151 amor
3219 3097 3311 3151 dat
3340 3106 3460 3151 vota
3491 3100 3719 3167 petenti,

2513 3188 2714 3243 Exaudi
2741 3189 2962 3245 famulus
2990 3204 3211 3244 munere
3242 3189 3384 3258 larga
3416 3197 3557 3255 tuos,

2362 3237 2409 3300 Ο
2442 3279 2767 3334 Fortunatus
2790 3293 2976 3350 agens,
3008 3281 3185 3348 Agnes
3211 3237 3446 3350 quoque,
3475 3280 3724 3335 versibus
3758 3289 3937 3344 orant,

2514 3368 2581 3423 L‘t
2614 3368 2807 3424 lassata
2829 3369 2984 3423 nimis
3012 3371 3130 3423 vina
3163 3370 3393 3440 benigna
3421 3370 3595 3428 bibas.

2439 3460 2531 3517 Sic
2554 3461 2647 3515 tibi
2674 3460 2765 3515 det
2795 3459 3069 3524 Dominus,
3102 3475 3432 3530 quaecunque
3453 3463 3767 3531 poposceris
3810 3477 3998 3534 pectr,

2513 3556 2582 3610 Et
2612 3555 2726 3621 tibi,
2758 3555 2896 3609 sicut
2925 3569 3095 3620 amas,
3127 3554 3275 3608 vivat
3305 3566 3527 3622 uterque
3556 3568 3779 3624 rogans.

2441 3648 2764 3718 Suppliciter
2794 3647 3047 3717 petimus,
3078 3647 3122 3703 si
3150 3632 3254 3703 non
3282 3646 3607 3703 offendimus
3630 3648 3814 3717 ambo,

2516 3739 2585 3793 Ut
2614 3738 2820 3794 releves
2844 3747 3015 3805 natos,
3045 3748 3213 3793 mater
3248 3740 3444 3807 opima,
3471 3739 3629 3795 duos.

2442 3831 2557 3887 Non
2583 3833 2704 3901 gula
2736 3846 2847 3896 vos,
2882 3831 2975 3885 sed
3008 3845 3167 3885 causa
3196 3832 3370 3885 trahat
3401 3830 3563 3886 modo
3584 3847 3804 3889 sumere
3831 3833 3987 3901 vina,

2513 3924 2656 3979 Talis
2682 3925 2823 3979 enim
2859 3931 3015 3993 potus
3040 3924 3243 3977 viscera
3271 3924 3405 3978 lassa
3431 3924 3603 3992 juvat.

2443 4015 2532 4071 Sic
2564 4030 2776 4084 quoque
2810 4014 3151 4068 Timotheum
3183 4015 3399 4081 Paulus,
3452 4018 3576 4069 tuba
3616 4015 3869 4084 gentibus
3914 4033 4041 4086 una,

2515 4106 2592 4163 Ne
2621 4105 2955 4163 stomachum
2978 4105 3231 4170 infirmet,
3266 4120 3479 4161 sumere
3508 4107 3629 4159 vina
3649 4107 3823 4171 jubet.

3075 4196 3299 4252 CAPUT
3326 4198 3389 4250 V.

2831 4292 2909 4344 Ad
2929 4288 3235 4343 abbatissam
3264 4289 3328 4341 de
3355 4287 3516 4341 natali
3543 4303 3658 4341 suo.

2447 4385 2783 4458 [Diuturnam
2836 4396 2896 4458 ac
2938 4379 3313 4458 inexplebilem
3365 4378 3432 4432 ab
3480 4379 3686 4448 Agnele
3735 4393 3897 4458 opem
3944 4382 4049 4435 sibi

2518 4456 2812 4524 impensam
2858 4452 3095 4524 declarat
3140 4449 3683 4524 Fortunatuszmtam
3710 4448 3860 4524 _dum
3915 4466 4052 4513 pra:-

2520 4519 2716 4591 sta'ret,
2764 4523 3006 4578 eamdem
3052 4536 3081 4574 a
3129 4520 3414 4586 colloquiis
3453 4533 3570 4591 cum
3611 4519 3965 4585 Radegnnile,
4000 4532 4053 4576 et

2520 4585 2713 4661 cibo,'
2749 4592 2990 4663 quamvis
3056 4585 3379 4663 esurientem
3406 4632 3423 4656 ,
3473 4585 3637 4643 refert
3692 4591 4051 4663 abstinuisse.

2520 4659 2718 4734 Ipsam,
2749 4659 2831 4717 cui
2860 4660 2996 4716 forte
3023 4659 3597 4734 somnustibrepserat,
3616 4674 3696 4734 ex
3731 4661 4050 4714 hiemalium

2520 4729 2729 4791 dierum
2764 4736 3020 4787 brevitate
3064 4741 3118 4785 et
3147 4729 3449 4798 prolixitate
3486 4731 3721 4783 noctium
3771 4744 3798 4781 a
3850 4744 4053 4783 somno

2522 4810 2707 4862 nititur
2735 4817 3008 4868 revocare,
3042 4812 3203 4866 atque
3231 4800 3349 4871 ejus
3374 4814 3438 4871 ex
3473 4800 3653 4871 laetitia
3684 4800 3790 4853 sibi
3832 4814 4056 4871 quoque

2524 4877 2965 4945 tranquillitatem
3000 4871 3201 4925 oboriri
3227 4868 3542 4939 significat.)

2454 4972 2616 5027 Dulce
2642 4969 2805 5023 decus
2836 4974 3101 5027 nostrum,
3129 4960 3328 5017 Christi
3359 4960 3697 5015 sanctissima
3722 4959 3906 5030 virgo,

2525 5066 2725 5133 Agnes,
2756 5074 2873 5129 quae
2908 5057 3114 5111 meritis
3146 5054 3479 5109 immaculata
3509 5066 3716 5105 manes.

2454 5158 2539 5211 Sic
2570 5155 2660 5208 tibi
2693 5150 3015 5217 complacuit
3047 5146 3363 5200 hodiernum
3397 5143 3596 5197 ducere
3630 5150 3869 5210 tempus,

2530 5247 2596 5302 Ut
2623 5245 2751 5299 mihi
2778 5242 3095 5312 inexpletam
3123 5234 3487 5293 distribuisses
3513 5246 3698 5302 opem,

2531 5394 2554 5432 ε
2582 5382 2783 5439 Natalis
2808 5378 2922 5433 dies
2952 5377 3035 5431 hic
3071 5382 3203 5438 erat,
3250 5385 3355 5440 quo
3384 5368 3560 5447 Agnes
3594 5366 3826 5447 primum
3870 5366 3938 5446 in
3972 5366 4060 5419 abs

2458 5438 2711 5512 batissam
2755 5448 3062 5504 monasterii
3119 5438 3317 5517 sanctae
3375 5438 3997 5517 crucisnPict‘aviensis“
4037 5452 4063 5488 a

2457 5508 2780 5593 iiailegnnde
2818 5520 3101 5593 constituta
3159 5514 3331 5593 fuerat
3349 5528 3369 5593 ς.
3409 5511 3661 5593 quihdies
3710 5508 3811 5575 (uti
3835 5516 3894 5560 et
3913 5508 4066 5593 ‘alias

2462 5577 2855 5655 adnoijavitnus)
2906 5588 3265 5642 anniversaria
3296 5577 3652 5655 soleiiittitate,
3690 5577 4066 5648 quemadmo-

2462 5671 2583 5724 dum
2609 5676 2659 5720 ct
2682 5664 2871 5717 natalis
2901 5664 3291 5731 episcoporum,
3325 5654 3724 5708 celebrabatur.

2533 5738 2560 5775 ιι
2594 5740 2739 5798 Mss.,
2769 5750 2914 5797 opus.

2542 5808 2555 5847 ί
2590 5797 2736 5865 Unus
2764 5805 2894 5860 Cod.
2924 5802 3066 5869 \‘at.,
3098 5814 3183 5855 vos
3210 5811 3420 5866 corpore
3436 5797 3667 5865 junctus.
