4206 6558
179 425 288 484 853

1363 413 1868 474 MISCELLANEA.
1908 441 1981 458 -
2019 413 2149 472 LIB.
2188 412 2298 475 XI,

3357 410 3463 468 554

180 537 296 595 Nec
320 536 450 593 dare
476 550 620 592 nunc
643 535 877 592 domina
903 540 931 569 ⁸
960 530 1322 590 modulamina
1354 528 1528 585 dulcia
1557 528 1771 598 linguae,
1800 528 1856 589 Α
1883 524 2026 593 Quas
2058 527 2209 582 locus
2233 526 2492 592 excludit,
2521 539 2674 581 mens
2698 526 2853 580 anxia
2883 538 3016 582 voce
3043 525 3300 596 requiret,

258 627 354 684 Cui
383 628 506 681 dum
537 631 698 680 verba
730 627 918 689 refers,
953 624 1188 693 pascitur
1212 637 1307 676 ore
1346 631 1456 675 tuo.

181 717 521 774 Abstinuisse
545 719 679 772 cibis
701 720 860 771 etiam
889 731 984 769 vos
1009 716 1122 782 ipse
1144 712 1385 781 probavi,

259 809 326 864 Et
347 811 494 880 quasi
527 827 623 876 pro
664 813 815 864 vobis
848 818 931 863 est
961 807 1091 862 mihi
1123 806 1260 860 facta
1291 806 1478 859 fames.

173 902 378 967 Audio,
410 917 630 957 somnus
656 902 800 956 iners
830 901 1100 956 radiantes
1130 900 1324 970 pressit
1347 898 1575 961 ocellos,

250 988 279 1029 δ
308 995 390 1044 An
421 993 610 1046 nimias
639 1006 821 1046 noetes
849 992 1143 1060 anticipare
1171 990 1338 1044 velis?

169 1083 277 1139 Cui
306 1099 410 1138 non
435 1085 703 1141 sulliciaut
737 1087 850 1140 haec
880 1094 1121 1153 tempora
1154 1085 1310 1152 longa
1340 1083 1553 1151 quietis,

245 1174 384 1230 Cum
411 1192 574 1246 prope
606 1193 709 1232 nox
743 1186 939 1246 teneat,
973 1177 1115 1246 quod
1139 1176 1407 1244 duplicata
1442 1173 1591 1227 dies?

165 1263 366 1322 Nubila
399 1276 602 1323 cuncta’
623 1278 807 1338 tegunt
832 1309 849 1335 ,
882 1285 979 1324 iiec
1013 1271 1159 1333 luna,
1194 1284 1289 1323 nec
1324 1276 1466 1322 astra
1495 1265 1764 1330 videntur,

244 1359 303 1415 Si
324 1362 396 1415 sis
423 1361 542 1416 licta
569 1365 771 1432 animo,
802 1381 887 1420 me
917 1366 1127 1418 nebulie
1152 1363 1374 1431 fugiunt.

165 1452 382 1510 Gaudia
408 1473 527 1511 vera
553 1460 715 1525 colat,
742 1474 858 1528 quae
890 1474 987 1515 nos
1023 1473 1042 1499 ε
1077 1460 1191 1512 haec
1219 1457 1456 1512 scribere
1479 1454 1657 1523 jussit,

245 1545 318 1600 Et
342 1557 518 1604 tecum
543 1549 721 1606 faveat
744 1552 901 1608 ducta
932 1553 1034 1607 sub
1062 1567 1183 1606 arce
1210 1552 1337 1620 poli.

801 1687 1027 1744 CAPUT
1071 1690 1156 1743 Vl.

715 1778 872 1830 Aliud
910 1780 979 1830 ad
1016 1783 1264 1832 eamdem.

163 1887 359 1957 [Suam
411 1890 462 1941 in
508 1890 770 1960 Agneteni
822 1892 1245 1945 benevolentiam
1302 1895 1553 1955 declarat,
1602 1910 1760 1962 quam
1797 1909 1843 1969 Β

240 1976 349 2011 non
384 1961 489 2012 ullo
520 1976 580 2012 ex
617 1962 850 2012 libidinis
914 1967 1093 2014 t'omite
1121 1974 1172 2016 et
1199 1982 1354 2017 causa
1390 1979 1563 2017 natam
1602 1961 1763 2019 testa-

240 2039 352 2095 tur,
386 2032 479 2083 sed
520 2046 584 2083 ex
627 2035 886 2086 cliaritate
928 2047 1132 2106 ortam,
1167 2046 1219 2089 et
1261 2052 1379 2089 cuin
1412 2036 1756 2106 Radcgunde,

240 2102 400 2166 plena
429 2103 662 2169 pietatis,
696 2104 1134 2174 necessitudine]

158 2211 342 2267 Mater
373 2218 578 2268 honore
612 2215 764 2279 mihi,
794 2231 947 2271 soror
968 2230 1145 2272 autem
1177 2219 1348 2272 dulcis
1371 2236 1574 2289 amore,

237 2304 407 2369 Quam
439 2309 654 2374 pietate,
692 2307 816 2371 (ide,
852 2318 1085 2375 pectore,
1118 2311 1280 2362 corde
1308 2312 1425 2363 colo
1455 2331 1466 2365 :

159 2392 393 2449 Caelesti
421 2397 634 2461 all'ectu,
670 2414 772 2451 non
808 2402 1030 2452 crimine
1062 2405 1301 2466 corporis
1333 2404 1458 2466 ullo,

246 2487 365 2540 Non
397 2504 544 2554 caro,
578 2491 672 2542 sed
705 2491 824 2555 hoc,
852 2493 990 2559 quod
1025 2495 1241 2560 spiritus
1265 2504 1431 2561 optat,
1464 2512 1602 2549 amo.

155 2577 347 2632 Testis
377 2580 528 2633 adest
561 2581 826 2645 Christus,
863 2585 1037 2648 Petro,
1075 2585 1343 2652 Pauloque
1377 2590 1654 2648 ministris,

230 2667 481 2738 Cumque
516 2672 614 2738 piis
636 2673 797 2726 sociis
832 2689 1010 2726 saneta
1044 2677 1200 2728 Maria
1236 2678 1377 2729 videt
1412 2697 1421 2728 :

148 2759 235 2816 Te
272 2761 401 2813 mihi
435 2777 541 2814 non
572 2764 687 2817 aliis
716 2767 901 2829 oculis,
934 2768 1219 2834 aniiiiorpie
1249 2769 1436 2833 fuisse,

226 2854 403 2920 Quam
427 2870 581 2909 soror
608 2873 669 2909 ex
698 2868 848 2910 utero
884 2870 933 2909 tu
965 2859 1168 2911 'l‘itiauzi
1199 2861 1354 2914 fores.

146 2945 232 3000 Ac
262 2947 306 2997 Si
342 2961 446 2998 uno
479 2958 630 3013 partu
660 2959 824 3002 niater
849 2948 870 2984 ἀ
899 2950 1239 3018 lladeguiidis
1272 2964 1516 3021 utroque,

225 3034 542 3090 Visceribus
573 3050 736 3092 castis
764 3044 1148 3108 progeiiuisset,
1180 3060 1347 3095 eram.

144 3126 220 3181 Et
247 3137 500 3194 tanquam
533 3131 735 3200 pariter
766 3150 861 3185 nos
893 3136 1052 3187 ubera
1083 3140 1245 3189 chara
1278 3137 1446 3189 beata:

226 3219 514 3276 Pavissent
543 3239 648 3277 UItO
674 3226 808 3277 lacte
838 3225 1033 3280 ﬂuente
1058 3228 1211 3280 duos.

144 3309 305 3363 Heu!
340 3326 459 3364 mea
491 3313 679 3366 damna
707 3331 886 3383 genio,
912 3318 1051 3370 tenui
1081 3335 1146 3372 ne
1181 3319 1314 3373 forte
1348 3336 1586 3386 susurro,

219 3401 525 3469 lmpediant
553 3421 767 3459 sensum
805 3417 825 3441 ο
859 3411 1019 3461 noxia
1047 3413 1205 3463 verba
1240 3428 1436 3466 meum.

146 3491 267 3546 Sed
300 3502 476 3546 tamen
503 3507 583 3549 est
613 3500 820 3551 animus
845 3501 1003 3552 simili
1030 3517 1113 3553 me
1142 3504 1316 3558 vivere
1353 3514 1471 3560 voto

218 3582 280 3636 Si
312 3598 405 3637 vos
427 3600 513 3639 me
544 3588 687 3642 dulci
716 3592 870 3642 vultis
895 3607 1077 3646 amore
1108 3594 1226 3648 coli.

737 3724 1005 3781 CAPUT
1049 3729 1155 3783 νυ.

767 3823 846 3874 Ad
886 3827 1131 3879 eamdem.

135 3928 381 4004 [Absens
426 3928 748 4004 Fortunatus
791 3950 942 3987 suum
994 3937 1047 3989 in
1098 3937 1472 4004 lladcguiidem
1517 3944 1732 3998 deside-

213 4001 381 4060 rium,
409 4014 471 4053 ac
496 4002 747 4067 pietatem
780 4007 1071 4077 signiticet;
1107 4024 1167 4059 ac
1193 4001 1339 4071 rogat
1370 4017 1644 4077 Agiieteiii,
1680 4028 1732 4068 ut

209 4073 466 4147 quaedam
493 4086 521 4122 a
553 4086 611 4124 se
646 4076 1000 4149 praetermissa
1037 4080 1084 4130 in
1120 4073 1493 4147 liadegtiitdetii
1527 4073 1727 4149 ollicta,

210 4137 332 4216 ipsa
366 4155 461 4207 pro
491 4157 550 4193 se
580 4137 814 4210 expleat.
863 4146 1140 4198 Postremo
1179 4137 1481 4203 diuitiriiaiii
1515 4137 1725 4222 utrique

206 4208 380 4281 vitam
417 4208 680 4275 precatur,
708 4226 865 4280 atque
915 4230 1060 4281 Optat
1087 4229 1141 4270 ut
1168 4230 1272 4272 tres
1297 4224 1453 4275 simul
1489 4241 1586 4277 una
1613 4208 1726 4281 dies

210 4278 393 4358 tollat,
426 4295 525 4357 nec
553 4296 634 4346 se,
662 4287 757 4359 qui
783 4278 996 4359 inortali
1046 4293 1140 4340 hac
1173 4292 1224 4341 iii
1260 4294 1360 4343 vita
1395 4278 1732 4359 conjunctis;

206 4348 354 4403 sime
397 4351 612 4413 vixere,
657 4348 855 4407 dividat
903 4359 1092 4412 futura:
1126 4361 1247 4413 vitae
1299 4348 1584 4433 conditio]

128 4459 268 4524 Qua:
301 4457 482 4511 charte
512 4463 690 4527 matri,
726 4481 840 4531 qua:
866 4466 1033 4520 dulcia
1062 4473 1221 4523 verba
1256 4478 1424 4527 sorori

201 4547 371 4604 Solus
401 4549 455 4603 iii
476 4551 682 4606 absenti
717 4557 892 4611 cordis
925 4574 1103 4615 aiiiore
1135 4563 1363 4631 loquar?

205 4710 236 4738 ⁸
268 4702 412 4756 Edit.
455 4705 642 4769 Paris.,
674 4709 1018 4764 moderamina
1043 4714 1233 4767 dulcia.

204 4771 236 4811 δ
261 4775 408 4827 Edit.
445 4774 763 4850 tiaris.,_ali!
794 4782 1067 4835 nimiam...
1101 4793 1286 4837 volens.
1317 4789 1394 4840 Ad
1424 4791 1580 4845 linem
1611 4811 1726 4850 ver-

125 4858 427 4916 συενυιιυε
455 4843 584 4897 Cod.
625 4848 766 4912 Vat.,
795 4854 1074 4916 anticipare
1097 4860 1248 4907 vobis.

206 4928 229 4952 ε
260 4915 387 5004 [large
419 4930 523 4967 non
552 4917 662 4969 alia
710 4921 912 5004 videtur
938 4925 1098 4978 luisse
1136 4943 1290 4992 quant
1341 4930 1686 4997 ltzidegiindes
1709 4984 1722 5004 ,

125 5001 252 5065 μυξη
311 4984 756 5065 Fortunatumad
799 4992 1055 5065 {lgnetein
1106 4984 1205 5049 hoc
1258 5015 1440 5065 poema
1487 4984 1725 5063 scribere

121 5055 375 5137 jusserit.
410 5056 465 5110 lii
497 5074 600 5114 uno
641 5061 772 5114 Cod.
803 5055 917 5115 Vat.
964 5066 1176 5134 legitur,
1211 5055 1479 5138 corrupte,
1507 5055 1726 5133 allii};

133 5129 380 5180 iunaunu

122 5145 419 5283 "'igli‘iiiiis
461 5198 593 5254 Cod.
628 5199 750 5257 Vat.
784 5201 1122 5272 Radegundis
1152 5219 1374 5281 utroque
1406 5233 1414 5265 :
1448 5219 1586 5283 quod
1636 5233 1721 5273 se-

124 5271 380 5338 quendus
408 5282 509 5326 est.

215 5347 237 5375 ε
268 5339 413 5393 Edit.
452 5343 644 5408 Paris.,
677 5345 852 5399 mollia
883 5349 1046 5402 verba.

212 5408 233 5447 ἵ
265 5411 406 5483 ludit.
436 5412 631 5481 Paris.,
664 5428 822 5468 mater
847 5422 1048 5483 pietate.

203 5489 230 5554 ξ
260 5480 406 5554 ﬁdit.
436 5480 633 5550 Paris.,
665 5480 880 5554 Pro/icit
903 5491 1154 5546 almarum
1180 5496 1403 5549 mihimet
1435 5500 1594 5551 cibus.

200 5546 234 5623 ξ
260 5551 410 5606 Unus
437 5554 571 5608 Cod.
607 5546 750 5623 V’at.,
774 5546 1007 5613 animum
1032 5565 1253 5619 dilectio.

209 5620 518 5712 igulrigiaa,
550 5620 746 5712 _vetere
780 5629 1033 5685 Ecclesia:
1079 5653 1174 5689 usu
1220 5653 1278 5690 ac
1315 5654 1580 5708 sermone,
1618 5661 1712 5712 pro

129 5693 357 5761 panibus
388 5699 559 5759 accipi
604 5701 884 5764 solebant,
914 5707 1001 5772 qui
1036 5707 1084 5758 in
1120 5709 1342 5761 ecclesia
1395 5714 1458 5764 ad
1507 5693 1710 5768 Saciriti-

127 5781 267 5817 CtUlll
317 5772 691 5822 olierehautur
740 5787 802 5825 ac
852 5775 1324 5844 beiiedicebiintiir,
1377 5794 1427 5834 ct
1481 5802 1707 5850 quorum

128 5851 251 5904 pars
273 5840 343 5911 ad
374 5854 586 5895 sacrant
615 5845 993 5899 eucharistiam
1037 5840 1420 5906 contiCieudaiii
1462 5840 1712 5911 sumeba-

128 5918 232 5964 tur.
261 5910 397 5969 item
432 5928 532 5982 pro
563 5917 791 5983 panibus
823 5929 915 5973 aut
954 5921 1084 5977 ciliis
1117 5927 1237 5980 aliis
1288 5929 1532 5997 usurpari
1574 5944 1703 5986 CUll-

1757 4641 1811 4699 D

1950 619 2014 672 Et
2043 618 2219 682 simul,
2252 630 2307 673 ut
2337 620 2527 684 videat,
2557 636 2650 688 per
2681 620 2760 689 pia
2795 630 2914 672 vota
2949 629 3118 689 rogat.

1877 707 1951 764 Te
1978 722 2119 777 peto,
2151 710 2313 763 cliiira
2344 726 2517 777 soror,
2546 706 2565 748 ί
2600 711 2756 764 matri
2787 713 2982 778 pietate
3006 710 3258 781 benigna,

1949 799 2099 866 Quod
2129 804 2306 854 minus
2332 799 2590 868 impendi,
2624 810 2677 856 tu
2709 801 2966 857 famulare
2996 801 3154 857 Velis.

1884 891 1964 944 illa
1988 890 2184 946 deceris
2211 904 2384 947 tecum
2416 894 2572 962 longo
2599 894 2727 948 milii
2755 896 2893 947 vivat
2923 897 2974 948 in
3006 911 3145 960 aevo,

1947 982 2008 1036 Et
2043 983 2208 1037 tribus
2233 985 2284 1038 in
2315 985 2531 1040 Christo
2559 987 2647 1054 sit,
2681 1001 2892 1055 precor,
2919 1003 3022 1040 una
3061 989 3226 1042 salus.

1878 1072 1981 1128 tios
2007 1090 2179 1143 neque
2210 1092 2349 1130 nunc
2379 1093 2632 1145 praesens,
2663 1094 2760 1133 nec
2796 1080 2902 1132 vita
2935 1079 3111 1132 futura
3137 1086 3458 1149 sequestret,

1945 1167 2048 1222 Sed
2081 1179 2218 1238 tegat
2247 1186 2349 1223 una
2380 1172 2541 1236 salus,
2577 1181 2632 1226 et
2662 1173 2797 1226 lerat
2818 1189 2918 1228 una
2944 1176 3079 1228 dies.

1873 1257 1968 1315 Hic
1998 1267 2195 1330 tamen,
2232 1272 2288 1318 ut
2314 1266 2488 1331 cupio,
2527 1279 2621 1319 vos
2657 1274 2896 1335 tempora
2927 1268 3080 1337 loaga
3110 1274 3419 1336 reservent,

1951 1352 2012 1410 Ut
2037 1370 2206 1424 soror,
2238 1368 2291 1412 et
2320 1369 2488 1415 mater
2514 1363 2583 1415 sit
2613 1364 2740 1416 milii
2770 1374 2917 1417 certa
2941 1364 3108 1434 quies.

2464 1473 2691 1528 CAPUT
2733 1474 2867 1531 Vill.

2483 1567 2561 1617 Ad
2594 1569 2838 1622 eamdem.

1874 1649 2169 1706 leetitiani
2219 1670 2366 1708 suam
2410 1659 2641 1713 declarat
2683 1661 3228 1745 Fortuiialus,‘quam
3273 1680 3336 1718 ex
3388 1679 3453 1745 eo

1944 1738 2278 1790 perceperat,
2314 1732 2450 1794 quod
2486 1733 2722 1798 ejusdem
2747 1736 2809 1786 ad
2837 1752 3019 1801 pret-es
3045 1738 3225 1801 Agnes
3253 1737 3449 1789 sancti-

1949 1797 2270 1873 iiioiiiatibi'is
2293 1797 2524 1873 epulum
2548 1797 2859 1858 indulserat.
2889 1806 3022 1858 Tum
3055 1797 3176 1859 vota
3209 1808 3333 1859 facit
3358 1820 3453 1873 pro

1945 1867 2150 1929 Agiiete
2178 1868 2323 1935 ip-a,
2357 1886 2419 1920 at-
2454 1872 2803 1937 Hatlegiinde,
2830 1889 2890 1928 ac
2920 1879 3080 1931 totius
3104 1867 3448 1933 Pictaviousis

1945 1942 2256 1990 monasterii
2291 1943 2497 2003 ordine,
2533 1961 2592 1996 ac
2617 1946 2914 2015 l'chcitate.j

1868 2025 2114 2081 Accessit
2144 2031 2280 2084 votis
2305 2048 2421 2087 sors
2444 2036 2832 2103 iucundissima
2865 2043 3085 2109 nostris,

1942 2118 2072 2172 Dum
2107 2137 2350 2178 mei-uere
2377 2142 2504 2179 uicae
2538 2143 2750 2181 sumere
2783 2130 2920 2184 dona
2949 2147 3157 2199 preces.

1872 2220 1894 2257 it
1929 2210 2162 2265 Proiecit
2195 2219 2436 2271 mihimet
2469 2222 2645 2285 potius
2677 2222 2825 2274 cibus
2859 2223 2947 2277 ille
2975 2238 3219 2279 sororum
3247 2243 3259 2277 :

1937 2304 2042 2356 llas
2074 2309 2235 2361 satias
2270 2312 2458 2377 epulis,
2492 2329 2576 2365 me
2609 2314 2804 2380 pietate
2837 2314 3003 2367 loves.

1863 2395 1972 2463 Qua
2006 2401 2269 2464 probitate
2303 2407 2504 2458 iiiicaus
2531 2417 2705 2473 partes
2734 2411 3012 2475 componis
3044 2419 3318 2482 utrasque,

1935 2492 2013 2543 Mc
2041 2510 2247 2547 rec-reas
2277 2499 2473 2560 animo,
2502 2499 2595 2552 has
2627 2503 2916 2555 salutando
2950 2504 3090 2559 cibo.

1861 2584 2092 2638 i’ascunt
2125 2590 2362 2643 tiieiiihra
2396 2597 2578 2659 dapes,
2615 2592 2639 2627 1*
2669 2597 2846 2648 anima
2877 2599 3094 2651 dilectio
3127 2601 3311 2659 nutrit.

1934 2678 2083 2740 Quae,
2118 2682 2198 2732 cui
2227 2682 2340 2748 plus
2372 2698 2501 2750 opus
2525 2704 2601 2749 es,
2637 2687 2838 2740 dulcior
2865 2706 2985 2743 esca
3019 2694 3187 2746 venis.

1861 2766 2050 2844 Audiat
2079 2766 2426 2836 Omnipotens
2453 2783 2503 2827 et
2530 2787 2576 2828 te
2608 2779 2690 2844 pia
2719 2789 2834 2831 vota
2869 2790 3163 2847 petentem,

1916 2841 1996 2912 'L't
2025 2864 2118 2914 tibi
2148 2878 2434 2934 peipctuos
2467 2868 2650 2922 fundat
2683 2872 2733 2924 iii
2760 2888 2853 2926 ore
2883 2875 3054 2927 cibos.

1860 2950 2062 3006 Saecula
2096 2957 2247 3024 longa
2281 2960 2459 3026 simul,
2492 2978 2609 3015 cum
2645 2974 2815 3020 ii'iatre
2845 2970 3166 3035 superstite,
3207 2985 3399 3029 vernos
3423 3013 3437 3039 ,

1929 3047 1992 3099 Et
2028 3059 2199 3102 vestro
2233 3051 2401 3106 Ιίωιιο
2428 3065 2530 3108 stet
2556 3058 2748 3112 chorus
2778 3062 2864 3114 ille
2900 3064 3026 3116 Uco.

2473 3190 2699 3245 CAPUT
2741 3193 2830 3246 ιχ.

2072 3277 2149 3326 Ad
2181 3281 2406 3331 canidcm
2437 3299 2527 3350 pro
2565 3281 2577 3318 ί
2618 3282 2852 3354 Eulogiis
2882 3291 3216 3346 transmissis.

1852 3363 2079 3433 [Gratias
2108 3370 2213 3434 agit
2250 3387 2344 3444 pro
2379 3375 2547 3437 epulis
2596 3391 2728 3441 quas
2786 3382 2961 3444 Agnes
3000 3382 3143 3435 dono
3189 3383 3290 3437 sibi
3334 3387 3433 3440 mi-

1924 3451 2089 3500 Serat,
2128 3455 2186 3492 ac
2217 3440 2329 3507 ejus
2357 3459 2482 3508 erga
2512 3462 2567 3498 se
2601 3440 2971 3503 liberalitatem
2993 3494 3004 3509 ,
3034 3457 3227 3517 sapius
3256 3458 3435 3510 missis

1922 3518 2165 3560 ιιξδιιιιαιιι
2202 3521 2529 3576 "itincribus,
2562 3532 2967 3574 CUtttIlIi'mortit.
3005 3522 3286 3578 Postremo
3309 3526 3426 3581 lan-

1920 3593 2072 3643 cem,
2121 3584 2280 3634 variis
2325 3588 2547 3646 dapibus
2597 3602 2891 3655 onustum,
2935 3608 2997 3645 ac
3047 3598 3202 3649 collis
3242 3599 3431 3664 instar.

1919 3658 2233 3717 tumentem,
2265 3662 2319 3707 et
2340 3666 2604 3722 ornatum,
2644 3662 2815 3727 lepide
2848 3664 3150 3736 describit.]

1844 3741 2079 3797 Sollicita
2114 3748 2311 3813 pietate
2336 3750 2490 3816 jubes
2518 3767 2844 3820 cognoscere
2874 3772 3112 3826 semper,

1913 3834 2151 3898 Qualiter
2176 3840 2260 3891 hic
2289 3843 2486 3908 epulis,
2521 3851 2571 3897 te
2603 3847 2893 3911 tribuente,
2927 3848 3101 3904 lover.

1842 3922 1965 3977 11ωο
1995 3943 2207 3997 quoque
2236 3931 2404 3998 prima
2429 3932 2528 3986 luit
2549 3934 2825 3991 hodierna:
2849 3943 3004 4008 c0pia
3033 3957 3226 4010 caena,

1911 4019 2059 4082 Quod
2094 4021 2223 4074 milii
2260 4021 2272 4070 i
2314 4024 2529 4091 pertuso
2561 4031 2715 4082 melle
2743 4031 2964 4086 dedistis
2995 4035 3134 4090 olus.

1839 4109 1944 4162 Nec
1964 4115 2149 4176 sciiiel,
2169 4124 2258 4167 aut
2278 4118 2493 4181 iterum,
2513 4121 2605 4172 sed
2629 4132 2814 4190 terque
2843 4135 3139 4196 quaterque
3164 4131 3425 4198 cucurrit,

1908 4202 2070 4268 Cujus
2097 4221 2183 4256 me
2216 4217 2418 4271 poterat
2447 4225 2664 4275 pascere
2695 4215 2843 4269 solus
2874 4217 3028 4269 odor.

1840 4292 2080 4346 Portitor
2111 4295 2172 4347 ad
2205 4306 2381 4350 tantos
2407 4301 2602 4354 missus
2627 4319 2729 4356 non
2752 4305 2953 4358 sul‘licit
2977 4323 3134 4376 unus,

1910 4385 2202 4437 Lassaruiit
2229 4390 2446 4454 totiens,
2478 4394 2567 4458 qui
2592 4395 2819 4456 rediere,
2852 4398 3015 4463 pedes

1835 4477 2096 4532 Praeterea
2133 4480 2276 4533 venit
2307 4484 2501 4535 missus
2531 4502 2650 4539 cum
2685 4490 2909 4542 collibus
2939 4491 3079 4557 altis,

1915 4567 2158 4638 Undique
2189 4575 2390 4628 carnali
2421 4587 2602 4632 monte
2630 4581 2895 4648 superbus
2919 4598 3077 4652 apex.

1833 4738 2149 4793 sueveraiit,
2182 4747 2312 4795 quos
2352 4734 2583 4801 episcopi
2616 4754 2676 4789 ac
2711 4741 3007 4810 presbyteri
3040 4743 3287 4810 privatim
3332 4753 3403 4807 ad

1828 4813 1885 4849 se
1911 4809 2090 4850 mutuo
2121 4808 2394 4855 iiiittehaiit
2419 4821 2538 4857 cuui
2570 4809 2756 4861 litteris
2798 4808 3151 4875 siilutatoriis,
3184 4827 3341 4874 antea
3371 4835 3403 4875 a

1827 4882 1997 4952 ueniet
2043 4874 2367 4925 benedictus.
2403 4875 2555 4952 Item,
2583 4880 2673 4952 qui
2706 4883 2757 4931 iii
2798 4883 2995 4935 mensis
3019 4874 3400 4952 episeoporum

1828 4949 1880 5016 et
1927 4942 2176 5016 abbatum
2234 4948 2497 5010 appositi,
2548 4942 2613 5002 ac
2660 4942 3154 5009 benedictione-ab
3207 4942 3397 5016 iisdem

1827 5009 2026 5070 donati,
2057 5025 2236 5096 postea
2261 5017 2739 5073 distribuebantur.
2769 5021 2982 5077 Eaedem
3007 5009 3403 5096 eulogiaid—eir—i:

1827 5094 1950 5146 ceps
1998 5084 2077 5132 vel
2125 5099 2217 5147 pro
2265 5100 2450 5166 ipiOVis
2499 5105 2750 5169 munere,
2809 5098 2970 5169 tiiiSso
3016 5108 3107 5169 aut
3131 5084 3399 5169 vaccopto,

1826 5152 1980 5233 latius
2000 5166 2285 5221 usurpatae,
2312 5158 2542 5233 utetiam
2565 5159 2664 5212 hoc
2698 5165 2830 5224 loco,
2859 5175 2914 5216 et
2940 5166 3192 5233 deinceps
3211 5152 3402 5225 auiis}

1826 5220 2140 5297 Fortunato.
2186 5229 2294 5290 Qua
2352 5229 2452 5279 sub
2501 5220 2889 5297 signiﬁcatione
2938 5220 3398 5296 adliibe'titui'wve—l

1823 5306 1872 5344 c.
1905 5291 1971 5343 54
2005 5294 2189 5371 iiegul.
2215 5298 2270 5348 ὃ.
2296 5291 2584 5362 Benedicti,
2621 5304 2798 5369 inquo
2826 5309 3080 5371 quaeritur
3106 5291 3124 5360 :7
3147 5311 3192 5360 si
3221 5291 3398 5366 debetit

1823 5365 2097 5416 morum/tus
2118 5367 2331 5429 litteras,
2355 5372 2427 5421 vel
2450 5372 2675 5438 eulogias
2694 5365 2948 5448 suscipere
2972 5393 2987 5429 .'
3008 5365 3392 5448 statuiturque:

1821 5436 2113 5487 nullatenus
2137 5439 2245 5488 licet
2273 5442 2521 5492 monac/io
2543 5436 2633 5493 nec
2654 5436 2942 5509 parentibus
2965 5449 3087 5509 suis,
3114 5467 3204 5502 nec
3227 5470 3257 5504 α
3275 5436 3399 5521 quo-

1818 5521 1967 5572 quam
1993 5508 2274 5570 hominum,
2309 5525 2396 5561 uec
2427 5513 2518 5562 sibi
2539 5515 2751 5566 invicem
2783 5517 2994 5583 litteras,
3023 5528 3114 5571 aut
3139 5508 3391 5593 eulogias,

1817 5579 1891 5628 vel
1919 5580 2150 5661 quwlibet
2176 5584 2477 5634 munuscula
2504 5586 2733 5651 accipere
2759 5597 2843 5639 aut
2866 5579 2992 5642 dare
3013 5592 3118 5644 sine
3140 5579 3394 5661 pra'tiepto

1819 5649 2027 5720 abbatis.
2067 5650 2200 5701 Addi
2253 5654 2331 5702 liis
2386 5667 2552 5708 potest
2607 5649 2967 5711 trutinittrtitttn
3014 5662 3068 5714 S.
3118 5649 3394 5720 liasilii'in

1817 5717 2129 5786 Ἐπιτιςλίοις,
2186 5738 2328 5772 ιιιιιιι.
2381 5725 2469 5784 (id,
2517 5729 2741 5778 dtftitlli‘
2775 5744 2788 5780 1
2823 5733 2876 5782 Ei
2929 5755 3005 5792 τις
3058 5736 3246 5800 πέμπει
3300 5741 3395 5793 τινὶ

1815 5795 2058 5863 εὐλογίαν.
2102 5818 2128 5847 ιι
2161 5792 2373 5861 δέχεται
2419 5816 2465 5848 τι
2498 5805 2621 5851 ποτὲ
2655 5805 2902 5876 παρῖκτός
2934 5812 3018 5857 τοῦ
3052 5807 3393 5879 ἁρχιμανδρίι

1814 5885 1905 5917 του
1937 5866 2148 5934 γενέσθω
2181 5867 2210 5916 ἀ
2223 5869 2506 5937 πεν).ογέα;.

1897 5937 1908 5985 ι
1950 5937 2088 5991 Edit.
2124 5937 2311 6002 l’.ii'is.,
2346 5945 2606 6006 perfusum
2628 5945 2791 5998 melle.
