  <div class='ocr_page' id='page_1' title='image "/cluster/home/n/w/nwhite01/storage/ocr_20150623/88-89/uc1.31175000868714/183.png"; bbox 0 0 4206 6550; ppageno 0'>
   <div class='ocr_carea' id='block_1_1' title="bbox 742 411 853 474">
    <p class='ocr_par' dir='ltr' id='par_1_1' title="bbox 742 411 853 474">
     <span class='ocr_line' id='line_1_1' title="bbox 742 411 853 474; baseline 0 -2"><span class='ocrx_word' id='word_1_1' title='bbox 742 411 853 474; x_wconf 70' lang='lat'><strong>355</strong></span> 
     </span>
    </p>
   </div>
   <div class='ocr_carea' id='block_1_2' title="bbox 745 523 2156 596">
    <p class='ocr_par' dir='ltr' id='par_1_2' title="bbox 745 523 2156 596">
     <span class='ocr_line' id='line_1_2' title="bbox 745 523 2156 596; baseline -0.008 -7"><span class='ocrx_word' id='word_1_2' title='bbox 745 532 958 591; x_wconf 84' lang='lat' dir='ltr'><strong>Deliciis</strong></span> <span class='ocrx_word' id='word_1_3' title='bbox 981 529 1204 595; x_wconf 88' lang='lat' dir='ltr'><strong>cunctis,</strong></span> <span class='ocrx_word' id='word_1_4' title='bbox 1241 538 1374 596; x_wconf 88' lang='lat' dir='ltr'><strong>quas</strong></span> <span class='ocrx_word' id='word_1_5' title='bbox 1399 534 1562 590; x_wconf 85' lang='lat' dir='ltr'><strong>terra,</strong></span> <span class='ocrx_word' id='word_1_6' title='bbox 1595 525 1672 579; x_wconf 90' lang='lat' dir='ltr'><strong>vel</strong></span> <span class='ocrx_word' id='word_1_7' title='bbox 1697 523 1842 577; x_wconf 87' lang='lat' dir='ltr'><strong>unda</strong></span> <span class='ocrx_word' id='word_1_8' title='bbox 1869 523 2156 589; x_wconf 72' lang='lat' dir='ltr'><strong>ministrat,</strong></span> 
     </span>
    </p>
   </div>
   <div class='ocr_carea' id='block_1_3' title="bbox 815 617 1972 693">
    <p class='ocr_par' dir='ltr' id='par_1_3' title="bbox 815 617 1972 693">
     <span class='ocr_line' id='line_1_3' title="bbox 815 617 1972 693; baseline -0.009 -13"><span class='ocrx_word' id='word_1_9' title='bbox 815 625 1135 693; x_wconf 68' lang='lat' dir='ltr'><strong>Compositis</strong></span> <span class='ocrx_word' id='word_1_10' title='bbox 1164 621 1337 692; x_wconf 86' lang='lat' dir='ltr'><strong>epulis</strong></span> <span class='ocrx_word' id='word_1_11' title='bbox 1360 617 1600 673; x_wconf 83' lang='lat' dir='ltr'><strong>hortulus</strong></span> <span class='ocrx_word' id='word_1_12' title='bbox 1623 625 1647 651; x_wconf 71' lang='grc' dir='ltr'><strong><em>υ</em></strong></span> <span class='ocrx_word' id='word_1_13' title='bbox 1674 631 1812 672; x_wconf 92' lang='lat' dir='ltr'><strong>unus</strong></span> <span class='ocrx_word' id='word_1_14' title='bbox 1834 626 1972 672; x_wconf 87' lang='lat' dir='ltr'><strong>erat.</strong></span> 
     </span>
    </p>
   </div>
   <div class='ocr_carea' id='block_1_4' title="bbox 744 707 2147 786">
    <p class='ocr_par' dir='ltr' id='par_1_4' title="bbox 744 707 2147 786">
     <span class='ocr_line' id='line_1_4' title="bbox 744 707 2147 786; baseline -0.009 -12"><span class='ocrx_word' id='word_1_15' title='bbox 744 719 869 774; x_wconf 76' lang='lat' dir='ltr'><strong>Ilaec</strong></span> <span class='ocrx_word' id='word_1_16' title='bbox 898 731 998 786; x_wconf 87' lang='lat' dir='ltr'><strong>ego</strong></span> <span class='ocrx_word' id='word_1_17' title='bbox 1019 728 1160 770; x_wconf 89' lang='lat' dir='ltr'><strong>nunc</strong></span> <span class='ocrx_word' id='word_1_18' title='bbox 1189 713 1378 767; x_wconf 86' lang='lat' dir='ltr'><strong>avidus</strong></span> <span class='ocrx_word' id='word_1_19' title='bbox 1399 709 1650 779; x_wconf 85' lang='lat' dir='ltr'><strong>superavi</strong></span> <span class='ocrx_word' id='word_1_20' title='bbox 1683 718 1874 762; x_wconf 89' lang='lat' dir='ltr'><strong>cuncta</strong></span> <span class='ocrx_word' id='word_1_21' title='bbox 1904 707 2147 777; x_wconf 79' lang='lat' dir='ltr'><strong>gulosus.</strong></span> 
     </span>
    </p>
   </div>
   <div class='ocr_carea' id='block_1_5' title="bbox 815 801 1985 866">
    <p class='ocr_par' dir='ltr' id='par_1_5' title="bbox 815 801 1985 866">
     <span class='ocr_line' id='line_1_5' title="bbox 815 801 1985 866; baseline -0.012 0"><span class='ocrx_word' id='word_1_22' title='bbox 815 811 884 866; x_wconf 85' lang='lat' dir='ltr'><strong>Et</strong></span> <span class='ocrx_word' id='word_1_23' title='bbox 905 823 1061 863; x_wconf 91' lang='lat' dir='ltr'><strong>mons</strong></span> <span class='ocrx_word' id='word_1_24' title='bbox 1085 816 1137 861; x_wconf 93' lang='lat' dir='ltr'><strong>ct</strong></span> <span class='ocrx_word' id='word_1_25' title='bbox 1165 807 1350 860; x_wconf 88' lang='lat' dir='ltr'><strong>hortus</strong></span> <span class='ocrx_word' id='word_1_26' title='bbox 1378 812 1565 858; x_wconf 85' lang='lat' dir='ltr'><strong>ventre</strong></span> <span class='ocrx_word' id='word_1_27' title='bbox 1587 809 1798 856; x_wconf 88' lang='lat' dir='ltr'><strong>tenetur</strong></span> <span class='ocrx_word' id='word_1_28' title='bbox 1819 801 1985 855; x_wconf 91' lang='lat' dir='ltr'><strong>iners.</strong></span> 
     </span>
    </p>
   </div>
   <div class='ocr_carea' id='block_1_6' title="bbox 745 894 2261 973">
    <p class='ocr_par' dir='ltr' id='par_1_6' title="bbox 745 894 2261 973">
     <span class='ocr_line' id='line_1_6' title="bbox 745 894 2261 973; baseline -0.009 -12"><span class='ocrx_word' id='word_1_29' title='bbox 745 903 962 973; x_wconf 82' lang='lat' dir='ltr'><strong>Singula</strong></span> <span class='ocrx_word' id='word_1_30' title='bbox 987 904 1011 939; x_wconf 74' lang='grc' dir='ltr'><strong>ιι</strong></span> <span class='ocrx_word' id='word_1_31' title='bbox 1036 914 1136 955; x_wconf 91' lang='lat' dir='ltr'><strong>nec</strong></span> <span class='ocrx_word' id='word_1_32' title='bbox 1159 897 1362 965; x_wconf 90' lang='lat' dir='ltr'><strong>refero,</strong></span> <span class='ocrx_word' id='word_1_33' title='bbox 1388 897 1507 966; x_wconf 85' lang='lat' dir='ltr'><strong>quia</strong></span> <span class='ocrx_word' id='word_1_34' title='bbox 1541 910 1626 952; x_wconf 89' lang='lat' dir='ltr'><strong>me</strong></span> <span class='ocrx_word' id='word_1_35' title='bbox 1654 904 1744 950; x_wconf 87' lang='lat' dir='ltr'><strong>tua</strong></span> <span class='ocrx_word' id='word_1_36' title='bbox 1774 909 1996 950; x_wconf 89' lang='lat' dir='ltr'><strong>munera</strong></span> <span class='ocrx_word' id='word_1_37' title='bbox 2024 894 2261 949; x_wconf 88' lang='lat' dir='ltr'><strong>vincunt.</strong></span> 
     </span>
    </p>
   </div>
   <div class='ocr_carea' id='block_1_7' title="bbox 818 989 1973 1059">
    <p class='ocr_par' dir='ltr' id='par_1_7' title="bbox 818 989 1973 1059">
     <span class='ocr_line' id='line_1_7' title="bbox 818 989 1973 1059; baseline -0.009 -7"><span class='ocrx_word' id='word_1_38' title='bbox 818 997 898 1052; x_wconf 86' lang='lat' dir='ltr'><strong>Ad</strong></span> <span class='ocrx_word' id='word_1_39' title='bbox 921 996 1087 1051; x_wconf 75' lang='lat' dir='ltr'><strong>caelos</strong></span> <span class='ocrx_word' id='word_1_40' title='bbox 1118 993 1332 1058; x_wconf 83' lang='lat' dir='ltr'><strong>victrix,</strong></span> <span class='ocrx_word' id='word_1_41' title='bbox 1367 999 1420 1046; x_wconf 90' lang='lat' dir='ltr'><strong>et</strong></span> <span class='ocrx_word' id='word_1_42' title='bbox 1445 1005 1607 1059; x_wconf 88' lang='lat' dir='ltr'><strong>super</strong></span> <span class='ocrx_word' id='word_1_43' title='bbox 1632 998 1775 1045; x_wconf 90' lang='lat' dir='ltr'><strong>astra</strong></span> <span class='ocrx_word' id='word_1_44' title='bbox 1803 989 1973 1045; x_wconf 91' lang='lat' dir='ltr'><strong>voles.</strong></span> 
     </span>
    </p>
   </div>
   <div class='ocr_carea' id='block_1_8' title="bbox 1338 1099 1714 1155">
    <p class='ocr_par' dir='ltr' id='par_1_8' title="bbox 1338 1099 1714 1155">
     <span class='ocr_line' id='line_1_8' title="bbox 1338 1099 1714 1155; baseline 0 -1"><span class='ocrx_word' id='word_1_45' title='bbox 1338 1099 1605 1155; x_wconf 86' lang='lat' dir='ltr'><strong>CAPUT</strong></span> <span class='ocrx_word' id='word_1_46' title='bbox 1644 1099 1714 1154; x_wconf 80' lang='grc' dir='ltr'><strong>Χ.</strong></span> 
     </span>
    </p>
   </div>
   <div class='ocr_carea' id='block_1_9' title="bbox 1336 1172 1728 1228">
    <p class='ocr_par' dir='ltr' id='par_1_9' title="bbox 1336 1172 1728 1228">
     <span class='ocr_line' id='line_1_9' title="bbox 1336 1172 1728 1228; baseline 0.01 -4"><span class='ocrx_word' id='word_1_47' title='bbox 1336 1172 1412 1226; x_wconf 84' lang='lat' dir='ltr'><strong>De</strong></span> <span class='ocrx_word' id='word_1_48' title='bbox 1439 1174 1617 1226; x_wconf 86' lang='lat' dir='ltr'><strong>eadem</strong></span> <span class='ocrx_word' id='word_1_49' title='bbox 1650 1188 1728 1228; x_wconf 85' lang='lat' dir='ltr'><strong>re.</strong></span> 
     </span>
    </p>
   </div>
   <div class='ocr_carea' id='block_1_10' title="bbox 739 1262 2314 1343">
    <p class='ocr_par' dir='ltr' id='par_1_10' title="bbox 739 1262 2314 1343">
     <span class='ocr_line' id='line_1_10' title="bbox 739 1262 2314 1343; baseline -0.006 -18"><span class='ocrx_word' id='word_1_50' title='bbox 739 1269 1122 1343; x_wconf 81' lang='lat' dir='ltr'><strong>[Vnrias__it_em</strong></span> <span class='ocrx_word' id='word_1_51' title='bbox 1170 1265 1357 1335; x_wconf 84' lang='lat' dir='ltr'><strong>epulas</strong></span> <span class='ocrx_word' id='word_1_52' title='bbox 1413 1280 1545 1343; x_wconf 78' lang='lat' dir='ltr'><strong>quas</strong></span> <span class='ocrx_word' id='word_1_53' title='bbox 1589 1267 1766 1343; x_wconf 68' lang='lat' dir='ltr'><strong>Agnes</strong></span> <span class='ocrx_word' id='word_1_54' title='bbox 1817 1263 1883 1343; x_wconf 79' lang='lat' dir='ltr'><strong>ad</strong></span> <span class='ocrx_word' id='word_1_55' title='bbox 1933 1277 2032 1343; x_wconf 54' lang='lat' dir='ltr'><strong>sem</strong></span> <span class='ocrx_word' id='word_1_56' title='bbox 2064 1262 2314 1343; x_wconf 79' lang='lat' dir='ltr'><strong>miserat,</strong></span> 
     </span>
    </p>
   </div>
   <div class='ocr_carea' id='block_1_11' title="bbox 810 1334 2314 1406">
    <p class='ocr_par' dir='ltr' id='par_1_11' title="bbox 810 1334 2314 1406">
     <span class='ocr_line' id='line_1_11' title="bbox 810 1334 2314 1406; baseline -0.003 -13"><span class='ocrx_word' id='word_1_57' title='bbox 810 1339 1100 1404; x_wconf 71' lang='lat' dir='ltr'><strong>describit;</strong></span> <span class='ocrx_word' id='word_1_58' title='bbox 1129 1334 1262 1406; x_wconf 81' lang='lat' dir='ltr'><strong>quas</strong></span> <span class='ocrx_word' id='word_1_59' title='bbox 1286 1351 1384 1390; x_wconf 89' lang='lat' dir='ltr'><strong>una</strong></span> <span class='ocrx_word' id='word_1_60' title='bbox 1418 1334 1760 1406; x_wconf 75' lang='lat' dir='ltr'><strong>Itadegundi,</strong></span> <span class='ocrx_word' id='word_1_61' title='bbox 1796 1334 1948 1401; x_wconf 90' lang='lat' dir='ltr'><strong>cujus</strong></span> <span class='ocrx_word' id='word_1_62' title='bbox 1980 1334 2314 1406; x_wconf 83' lang='lat' dir='ltr'><strong>liberalitatis</strong></span> 
     </span>
    </p>
   </div>
   <div class='ocr_carea' id='block_1_12' title="bbox 809 1405 1993 1477">
    <p class='ocr_par' dir='ltr' id='par_1_12' title="bbox 809 1405 1993 1477">
     <span class='ocr_line' id='line_1_12' title="bbox 809 1405 1993 1477; baseline -0.008 -11"><span class='ocrx_word' id='word_1_63' title='bbox 809 1412 1048 1466; x_wconf 82' lang='lat' dir='ltr'><strong>ministra</strong></span> <span class='ocrx_word' id='word_1_64' title='bbox 1073 1405 1252 1477; x_wconf 74' lang='lat' dir='ltr'><strong>Agnes</strong></span> <span class='ocrx_word' id='word_1_65' title='bbox 1283 1407 1468 1470; x_wconf 85' lang='lat' dir='ltr'><strong>fuerat,</strong></span> <span class='ocrx_word' id='word_1_66' title='bbox 1499 1405 1666 1460; x_wconf 79' lang='lat' dir='ltr'><strong>refert</strong></span> <span class='ocrx_word' id='word_1_67' title='bbox 1697 1405 1993 1474; x_wconf 86' lang='lat' dir='ltr'><strong>acceptas.]</strong></span> 
     </span>
    </p>
   </div>
   <div class='ocr_carea' id='block_1_13' title="bbox 738 1495 2070 1571">
    <p class='ocr_par' dir='ltr' id='par_1_13' title="bbox 738 1495 2070 1571">
     <span class='ocr_line' id='line_1_13' title="bbox 738 1495 2070 1571; baseline -0.007 -13"><span class='ocrx_word' id='word_1_68' title='bbox 738 1502 1060 1571; x_wconf 83' lang='lat' dir='ltr'><strong>Multiplices</strong></span> <span class='ocrx_word' id='word_1_69' title='bbox 1089 1499 1262 1568; x_wconf 73' lang='lat' dir='ltr'><strong>epula:</strong></span> <span class='ocrx_word' id='word_1_70' title='bbox 1293 1505 1619 1551; x_wconf 87' lang='lat' dir='ltr'><strong>concurrunt</strong></span> <span class='ocrx_word' id='word_1_71' title='bbox 1648 1495 1879 1564; x_wconf 80' lang='lat' dir='ltr'><strong>undique</strong></span> <span class='ocrx_word' id='word_1_72' title='bbox 1909 1499 2038 1549; x_wconf 78' lang='lat' dir='ltr'><strong>fusae</strong></span> <span class='ocrx_word' id='word_1_73' title='bbox 2057 1537 2070 1559; x_wconf 90' lang='lat'><strong>,</strong></span> 
     </span>
    </p>
   </div>
   <div class='ocr_carea' id='block_1_14' title="bbox 805 1588 2136 1660">
    <p class='ocr_par' dir='ltr' id='par_1_14' title="bbox 805 1588 2136 1660">
     <span class='ocr_line' id='line_1_14' title="bbox 805 1588 2136 1660; baseline -0.003 -14"><span class='ocrx_word' id='word_1_74' title='bbox 805 1593 943 1659; x_wconf 85' lang='lat' dir='ltr'><strong>Quid</strong></span> <span class='ocrx_word' id='word_1_75' title='bbox 977 1593 1124 1660; x_wconf 90' lang='lat' dir='ltr'><strong>prius</strong></span> <span class='ocrx_word' id='word_1_76' title='bbox 1154 1590 1436 1656; x_wconf 80' lang='lat' dir='ltr'><strong>excipiam,</strong></span> <span class='ocrx_word' id='word_1_77' title='bbox 1462 1604 1546 1643; x_wconf 92' lang='lat' dir='ltr'><strong>me</strong></span> <span class='ocrx_word' id='word_1_78' title='bbox 1577 1591 1745 1644; x_wconf 86' lang='lat' dir='ltr'><strong>bonus</strong></span> <span class='ocrx_word' id='word_1_79' title='bbox 1775 1604 1925 1643; x_wconf 88' lang='lat' dir='ltr'><strong>error</strong></span> <span class='ocrx_word' id='word_1_80' title='bbox 1953 1588 2136 1643; x_wconf 81' lang='lat' dir='ltr'><strong>habet.</strong></span> 
     </span>
    </p>
   </div>
   <div class='ocr_carea' id='block_1_15' title="bbox 736 1680 2187 1749">
    <p class='ocr_par' dir='ltr' id='par_1_15' title="bbox 736 1680 2187 1749">
     <span class='ocr_line' id='line_1_15' title="bbox 736 1680 2187 1749; baseline -0.005 -8"><span class='ocrx_word' id='word_1_81' title='bbox 736 1687 939 1741; x_wconf 83' lang='lat' dir='ltr'><strong>Carnca</strong></span> <span class='ocrx_word' id='word_1_82' title='bbox 971 1685 1110 1741; x_wconf 87' lang='lat' dir='ltr'><strong>dona</strong></span> <span class='ocrx_word' id='word_1_83' title='bbox 1144 1692 1377 1748; x_wconf 86' lang='lat' dir='ltr'><strong>tumens,</strong></span> <span class='ocrx_word' id='word_1_84' title='bbox 1406 1690 1662 1748; x_wconf 84' lang='lat' dir='ltr'><strong>argentea</strong></span> <span class='ocrx_word' id='word_1_85' title='bbox 1689 1691 1710 1718; x_wconf 75' lang='grc' dir='ltr'><strong>ε</strong></span> <span class='ocrx_word' id='word_1_86' title='bbox 1742 1690 1929 1749; x_wconf 84' lang='lat' dir='ltr'><strong>gavata</strong></span> <span class='ocrx_word' id='word_1_87' title='bbox 1962 1680 2187 1749; x_wconf 81' lang='lat' dir='ltr'><strong>perfert,</strong></span> 
     </span>
    </p>
   </div>
   <div class='ocr_carea' id='block_1_16' title="bbox 806 1773 1932 1843">
    <p class='ocr_par' dir='ltr' id='par_1_16' title="bbox 806 1773 1932 1843">
     <span class='ocr_line' id='line_1_16' title="bbox 806 1773 1932 1843; baseline -0.005 -11"><span class='ocrx_word' id='word_1_88' title='bbox 806 1778 922 1843; x_wconf 88' lang='lat' dir='ltr'><strong>Quo</strong></span> <span class='ocrx_word' id='word_1_89' title='bbox 948 1775 1170 1831; x_wconf 88' lang='lat' dir='ltr'><strong>nimium</strong></span> <span class='ocrx_word' id='word_1_90' title='bbox 1198 1773 1378 1843; x_wconf 85' lang='lat' dir='ltr'><strong>pingui</strong></span> <span class='ocrx_word' id='word_1_91' title='bbox 1400 1773 1524 1843; x_wconf 83' lang='lat' dir='ltr'><strong>jure</strong></span> <span class='ocrx_word' id='word_1_92' title='bbox 1553 1775 1772 1827; x_wconf 88' lang='lat' dir='ltr'><strong>natabat</strong></span> <span class='ocrx_word' id='word_1_93' title='bbox 1795 1773 1932 1827; x_wconf 92' lang='lat' dir='ltr'><strong>olus.</strong></span> 
     </span>
    </p>
   </div>
   <div class='ocr_carea' id='block_1_17' title="bbox 741 1863 2149 1934">
    <p class='ocr_par' dir='ltr' id='par_1_17' title="bbox 741 1863 2149 1934">
     <span class='ocr_line' id='line_1_17' title="bbox 741 1863 2149 1934; baseline -0.006 -8"><span class='ocrx_word' id='word_1_94' title='bbox 741 1872 1070 1926; x_wconf 77' lang='lat' dir='ltr'><strong>Marmoreus</strong></span> <span class='ocrx_word' id='word_1_95' title='bbox 1091 1867 1265 1922; x_wconf 88' lang='lat' dir='ltr'><strong>defert</strong></span> <span class='ocrx_word' id='word_1_96' title='bbox 1295 1866 1495 1930; x_wconf 92' lang='lat' dir='ltr'><strong>discus,</strong></span> <span class='ocrx_word' id='word_1_97' title='bbox 1521 1865 1664 1934; x_wconf 92' lang='lat' dir='ltr'><strong>quod</strong></span> <span class='ocrx_word' id='word_1_98' title='bbox 1696 1863 1928 1933; x_wconf 78' lang='lat' dir='ltr'><strong>gignitur</strong></span> <span class='ocrx_word' id='word_1_99' title='bbox 1961 1863 2149 1928; x_wconf 88' lang='lat' dir='ltr'><strong>hortis,</strong></span> 
     </span>
    </p>
   </div>
   <div class='ocr_carea' id='block_1_18' title="bbox 808 1956 1938 2028">
    <p class='ocr_par' dir='ltr' id='par_1_18' title="bbox 808 1956 1938 2028">
     <span class='ocr_line' id='line_1_18' title="bbox 808 1956 1938 2028; baseline -0.004 -14"><span class='ocrx_word' id='word_1_100' title='bbox 808 1963 924 2028; x_wconf 90' lang='lat' dir='ltr'><strong>Quo</strong></span> <span class='ocrx_word' id='word_1_101' title='bbox 953 1959 1085 2013; x_wconf 92' lang='lat' dir='ltr'><strong>mihi</strong></span> <span class='ocrx_word' id='word_1_102' title='bbox 1116 1958 1350 2012; x_wconf 89' lang='lat' dir='ltr'><strong>mellitus</strong></span> <span class='ocrx_word' id='word_1_103' title='bbox 1376 1956 1533 2010; x_wconf 83' lang='lat' dir='ltr'><strong>fluxit</strong></span> <span class='ocrx_word' id='word_1_104' title='bbox 1556 1957 1610 2010; x_wconf 91' lang='lat' dir='ltr'><strong>in</strong></span> <span class='ocrx_word' id='word_1_105' title='bbox 1641 1971 1734 2010; x_wconf 90' lang='lat' dir='ltr'><strong>ore</strong></span> <span class='ocrx_word' id='word_1_106' title='bbox 1759 1972 1938 2026; x_wconf 88' lang='lat' dir='ltr'><strong>sapor.</strong></span> 
     </span>
    </p>
   </div>
   <div class='ocr_carea' id='block_1_19' title="bbox 738 2047 1856 2117">
    <p class='ocr_par' dir='ltr' id='par_1_19' title="bbox 738 2047 1856 2117">
     <span class='ocr_line' id='line_1_19' title="bbox 738 2047 1856 2117; baseline -0.009 -8"><span class='ocrx_word' id='word_1_107' title='bbox 738 2051 990 2108; x_wconf 85' lang='lat' dir='ltr'><strong>intumuit</strong></span> <span class='ocrx_word' id='word_1_108' title='bbox 1017 2049 1175 2117; x_wconf 86' lang='lat' dir='ltr'><strong>pullis</strong></span> <span class='ocrx_word' id='word_1_109' title='bbox 1204 2048 1376 2103; x_wconf 88' lang='lat' dir='ltr'><strong>vitreo</strong></span> <span class='ocrx_word' id='word_1_110' title='bbox 1404 2047 1626 2102; x_wconf 89' lang='lat' dir='ltr'><strong>scutella</strong></span> <span class='ocrx_word' id='word_1_111' title='bbox 1659 2057 1856 2113; x_wconf 91' lang='lat' dir='ltr'><strong>rotatu,</strong></span> 
     </span>
    </p>
   </div>
   <div class='ocr_carea' id='block_1_20' title="bbox 809 2139 2224 2209">
    <p class='ocr_par' dir='ltr' id='par_1_20' title="bbox 809 2139 2224 2209">
     <span class='ocr_line' id='line_1_20' title="bbox 809 2139 2224 2209; baseline -0.003 -11"><span class='ocrx_word' id='word_1_112' title='bbox 809 2142 1100 2199; x_wconf 86' lang='lat' dir='ltr'><strong>Subductis</strong></span> <span class='ocrx_word' id='word_1_113' title='bbox 1131 2139 1342 2209; x_wconf 90' lang='lat' dir='ltr'><strong>pennis,</strong></span> <span class='ocrx_word' id='word_1_114' title='bbox 1377 2151 1534 2206; x_wconf 90' lang='lat' dir='ltr'><strong>quam</strong></span> <span class='ocrx_word' id='word_1_115' title='bbox 1559 2152 1724 2206; x_wconf 88' lang='lat' dir='ltr'><strong>grave</strong></span> <span class='ocrx_word' id='word_1_116' title='bbox 1752 2139 1960 2205; x_wconf 90' lang='lat' dir='ltr'><strong>pondus</strong></span> <span class='ocrx_word' id='word_1_117' title='bbox 1987 2140 2187 2194; x_wconf 76' lang='lat' dir='ltr'><strong>habens</strong></span> <span class='ocrx_word' id='word_1_118' title='bbox 2211 2141 2224 2194; x_wconf 76' lang='grc' dir='ltr'><strong>ε</strong></span> 
     </span>
    </p>
   </div>
   <div class='ocr_carea' id='block_1_21' title="bbox 741 2232 2100 2302">
    <p class='ocr_par' dir='ltr' id='par_1_21' title="bbox 741 2232 2100 2302">
     <span class='ocr_line' id='line_1_21' title="bbox 741 2232 2100 2302; baseline -0.005 -9"><span class='ocrx_word' id='word_1_119' title='bbox 741 2237 979 2293; x_wconf 85' lang='lat' dir='ltr'><strong>Plurima</strong></span> <span class='ocrx_word' id='word_1_120' title='bbox 1012 2234 1080 2289; x_wconf 90' lang='lat' dir='ltr'><strong>de</strong></span> <span class='ocrx_word' id='word_1_121' title='bbox 1110 2234 1265 2302; x_wconf 88' lang='lat' dir='ltr'><strong>pictis</strong></span> <span class='ocrx_word' id='word_1_122' title='bbox 1295 2241 1622 2286; x_wconf 91' lang='lat' dir='ltr'><strong>concurrunt</strong></span> <span class='ocrx_word' id='word_1_123' title='bbox 1653 2246 1806 2300; x_wconf 88' lang='lat' dir='ltr'><strong>poma</strong></span> <span class='ocrx_word' id='word_1_124' title='bbox 1831 2232 2100 2299; x_wconf 87' lang='lat' dir='ltr'><strong>canistris,</strong></span> 
     </span>
    </p>
   </div>
   <div class='ocr_carea' id='block_1_22' title="bbox 809 2327 1969 2397">
    <p class='ocr_par' dir='ltr' id='par_1_22' title="bbox 809 2327 1969 2397">
     <span class='ocr_line' id='line_1_22' title="bbox 809 2327 1969 2397; baseline -0.003 -14"><span class='ocrx_word' id='word_1_125' title='bbox 809 2330 1043 2397; x_wconf 85' lang='lat' dir='ltr'><strong>Quorum</strong></span> <span class='ocrx_word' id='word_1_126' title='bbox 1077 2327 1395 2381; x_wconf 89' lang='lat' dir='ltr'><strong>blandillnus</strong></span> <span class='ocrx_word' id='word_1_127' title='bbox 1421 2341 1508 2380; x_wconf 92' lang='lat' dir='ltr'><strong>mc</strong></span> <span class='ocrx_word' id='word_1_128' title='bbox 1537 2327 1795 2381; x_wconf 83' lang='lat' dir='ltr'><strong>saturavit</strong></span> <span class='ocrx_word' id='word_1_129' title='bbox 1815 2327 1969 2380; x_wconf 91' lang='lat' dir='ltr'><strong>odor.</strong></span> 
     </span>
    </p>
   </div>
   <div class='ocr_carea' id='block_1_23' title="bbox 735 2419 2062 2491">
    <p class='ocr_par' dir='ltr' id='par_1_23' title="bbox 735 2419 2062 2491">
     <span class='ocr_line' id='line_1_23' title="bbox 735 2419 2062 2491; baseline -0.007 -11"><span class='ocrx_word' id='word_1_130' title='bbox 735 2424 850 2480; x_wconf 85' lang='lat' dir='ltr'><strong>Olla</strong></span> <span class='ocrx_word' id='word_1_131' title='bbox 877 2423 1066 2491; x_wconf 79' lang='lat' dir='ltr'><strong>nigella</strong></span> <span class='ocrx_word' id='word_1_132' title='bbox 1100 2421 1259 2476; x_wconf 88' lang='lat' dir='ltr'><strong>nimis</strong></span> <span class='ocrx_word' id='word_1_133' title='bbox 1289 2420 1380 2474; x_wconf 87' lang='lat' dir='ltr'><strong>dat</strong></span> <span class='ocrx_word' id='word_1_134' title='bbox 1404 2419 1631 2474; x_wconf 88' lang='lat' dir='ltr'><strong>candida</strong></span> <span class='ocrx_word' id='word_1_135' title='bbox 1666 2421 1857 2488; x_wconf 88' lang='lat' dir='ltr'><strong>pocula</strong></span> <span class='ocrx_word' id='word_1_136' title='bbox 1890 2419 2062 2484; x_wconf 88' lang='lat' dir='ltr'><strong>Iactis,</strong></span> 
     </span>
    </p>
   </div>
   <div class='ocr_carea' id='block_1_24' title="bbox 809 2511 2027 2582">
    <p class='ocr_par' dir='ltr' id='par_1_24' title="bbox 809 2511 2027 2582">
     <span class='ocr_line' id='line_1_24' title="bbox 809 2511 2027 2582; baseline -0.003 -14"><span class='ocrx_word' id='word_1_137' title='bbox 809 2517 986 2582; x_wconf 86' lang='lat' dir='ltr'><strong>Atque</strong></span> <span class='ocrx_word' id='word_1_138' title='bbox 1015 2513 1244 2581; x_wconf 88' lang='lat' dir='ltr'><strong>superba</strong></span> <span class='ocrx_word' id='word_1_139' title='bbox 1274 2512 1442 2579; x_wconf 84' lang='lat' dir='ltr'><strong>venit,</strong></span> <span class='ocrx_word' id='word_1_140' title='bbox 1471 2526 1590 2581; x_wconf 70' lang='lat' dir='ltr'><strong>qua:</strong></span> <span class='ocrx_word' id='word_1_141' title='bbox 1619 2511 1878 2580; x_wconf 87' lang='lat' dir='ltr'><strong>placitura</strong></span> <span class='ocrx_word' id='word_1_142' title='bbox 1913 2511 2027 2564; x_wconf 87' lang='lat' dir='ltr'><strong>fuit.</strong></span> 
     </span>
    </p>
   </div>
   <div class='ocr_carea' id='block_1_25' title="bbox 741 2603 2183 2667">
    <p class='ocr_par' dir='ltr' id='par_1_25' title="bbox 741 2603 2183 2667">
     <span class='ocr_line' id='line_1_25' title="bbox 741 2603 2183 2667; baseline -0.003 -5"><span class='ocrx_word' id='word_1_143' title='bbox 741 2607 868 2662; x_wconf 72' lang='lat' dir='ltr'><strong>Haec</strong></span> <span class='ocrx_word' id='word_1_144' title='bbox 891 2606 1122 2659; x_wconf 82' lang='lat' dir='ltr'><strong>dominae</strong></span> <span class='ocrx_word' id='word_1_145' title='bbox 1151 2603 1308 2659; x_wconf 90' lang='lat' dir='ltr'><strong>matri</strong></span> <span class='ocrx_word' id='word_1_146' title='bbox 1340 2603 1629 2667; x_wconf 89' lang='lat' dir='ltr'><strong>famulans,</strong></span> <span class='ocrx_word' id='word_1_147' title='bbox 1659 2603 1772 2656; x_wconf 58' lang='lat' dir='ltr'><strong>hate</strong></span> <span class='ocrx_word' id='word_1_148' title='bbox 1803 2618 2022 2657; x_wconf 86' lang='lat' dir='ltr'><strong>munera</strong></span> <span class='ocrx_word' id='word_1_149' title='bbox 2049 2612 2183 2657; x_wconf 72' lang='lat' dir='ltr'><strong>natm</strong></span> 
     </span>
    </p>
   </div>
   <div class='ocr_carea' id='block_1_26' title="bbox 808 2691 2019 2764">
    <p class='ocr_par' dir='ltr' id='par_1_26' title="bbox 808 2691 2019 2764">
     <span class='ocr_line' id='line_1_26' title="bbox 808 2691 2019 2764; baseline -0.006 -13"><span class='ocrx_word' id='word_1_150' title='bbox 808 2696 1032 2751; x_wconf 77' lang='lat' dir='ltr'><strong>Iunctus</strong></span> <span class='ocrx_word' id='word_1_151' title='bbox 1062 2709 1244 2750; x_wconf 90' lang='lat' dir='ltr'><strong>amore</strong></span> <span class='ocrx_word' id='word_1_152' title='bbox 1274 2695 1364 2764; x_wconf 94' lang='lat' dir='ltr'><strong>pio</strong></span> <span class='ocrx_word' id='word_1_153' title='bbox 1387 2691 1413 2730; x_wconf 72' lang='grc' dir='ltr'><strong>τι</strong></span> <span class='ocrx_word' id='word_1_154' title='bbox 1444 2693 1644 2748; x_wconf 91' lang='lat' dir='ltr'><strong>certius</strong></span> <span class='ocrx_word' id='word_1_155' title='bbox 1670 2693 1784 2762; x_wconf 92' lang='lat' dir='ltr'><strong>ipse</strong></span> <span class='ocrx_word' id='word_1_156' title='bbox 1815 2694 2019 2762; x_wconf 91' lang='lat' dir='ltr'><strong>loquor.</strong></span> 
     </span>
    </p>
   </div>
   <div class='ocr_carea' id='block_1_27' title="bbox 1346 2807 1705 2862">
    <p class='ocr_par' dir='ltr' id='par_1_27' title="bbox 1346 2807 1705 2862">
     <span class='ocr_line' id='line_1_27' title="bbox 1346 2807 1705 2862; baseline -0.003 0"><span class='ocrx_word' id='word_1_157' title='bbox 1346 2807 1573 2862; x_wconf 85' lang='lat' dir='ltr'><strong>CAPUT</strong></span> <span class='ocrx_word' id='word_1_158' title='bbox 1615 2807 1705 2861; x_wconf 93' lang='lat' dir='ltr'><strong>XI.</strong></span> 
     </span>
    </p>
   </div>
   <div class='ocr_carea' id='block_1_28' title="bbox 1281 2879 1782 2948">
    <p class='ocr_par' dir='ltr' id='par_1_28' title="bbox 1281 2879 1782 2948">
     <span class='ocr_line' id='line_1_28' title="bbox 1281 2879 1782 2948; baseline -0.002 -15"><span class='ocrx_word' id='word_1_159' title='bbox 1281 2879 1434 2933; x_wconf 82' lang='lat' dir='ltr'><strong>Aliud</strong></span> <span class='ocrx_word' id='word_1_160' title='bbox 1459 2880 1520 2932; x_wconf 89' lang='lat' dir='ltr'><strong>dc</strong></span> <span class='ocrx_word' id='word_1_161' title='bbox 1547 2879 1782 2948; x_wconf 77' lang='lat' dir='ltr'><strong>ﬂoribus.</strong></span> 
     </span>
    </p>
   </div>
   <div class='ocr_carea' id='block_1_29' title="bbox 739 2968 2312 3043">
    <p class='ocr_par' dir='ltr' id='par_1_29' title="bbox 739 2968 2312 3043">
     <span class='ocr_line' id='line_1_29' title="bbox 739 2968 2312 3043; baseline -0.001 -15"><span class='ocrx_word' id='word_1_162' title='bbox 739 2971 1078 3043; x_wconf 87' lang='lat' dir='ltr'><strong>[Convivium</strong></span> <span class='ocrx_word' id='word_1_163' title='bbox 1105 2969 1245 3041; x_wconf 93' lang='lat' dir='ltr'><strong>quod</strong></span> <span class='ocrx_word' id='word_1_164' title='bbox 1275 2971 1377 3043; x_wconf 83' lang='lat' dir='ltr'><strong>sibi</strong></span> <span class='ocrx_word' id='word_1_165' title='bbox 1405 2973 1583 3038; x_wconf 84' lang='lat' dir='ltr'><strong>Agnes</strong></span> <span class='ocrx_word' id='word_1_166' title='bbox 1606 3011 1621 3035; x_wconf 94' lang='lat'><strong>,</strong></span> <span class='ocrx_word' id='word_1_167' title='bbox 1652 2969 1873 3024; x_wconf 87' lang='lat' dir='ltr'><strong>floribus</strong></span> <span class='ocrx_word' id='word_1_168' title='bbox 1900 2986 1963 3043; x_wconf 87' lang='lat' dir='ltr'><strong>ac</strong></span> <span class='ocrx_word' id='word_1_169' title='bbox 2001 2968 2312 3037; x_wconf 89' lang='lat' dir='ltr'><strong>frondibus,</strong></span> 
     </span>
    </p>
   </div>
   <div class='ocr_carea' id='block_1_30' title="bbox 810 3041 2313 3108">
    <p class='ocr_par' dir='ltr' id='par_1_30' title="bbox 810 3041 2313 3108">
     <span class='ocr_line' id='line_1_30' title="bbox 810 3041 2313 3108; baseline 0 -14"><span class='ocrx_word' id='word_1_170' title='bbox 810 3043 1084 3097; x_wconf 73' lang='lat' dir='ltr'><strong>viridantis</strong></span> <span class='ocrx_word' id='word_1_171' title='bbox 1116 3043 1254 3096; x_wconf 88' lang='lat' dir='ltr'><strong>horti</strong></span> <span class='ocrx_word' id='word_1_172' title='bbox 1303 3041 1372 3094; x_wconf 89' lang='lat' dir='ltr'><strong>ad</strong></span> <span class='ocrx_word' id='word_1_173' title='bbox 1420 3043 1677 3108; x_wconf 88' lang='lat' dir='ltr'><strong>speciem,</strong></span> <span class='ocrx_word' id='word_1_174' title='bbox 1722 3042 2012 3096; x_wconf 84' lang='lat' dir='ltr'><strong>artificiose</strong></span> <span class='ocrx_word' id='word_1_175' title='bbox 2057 3043 2313 3096; x_wconf 86' lang='lat' dir='ltr'><strong>intertex-</strong></span> 
     </span>
    </p>
   </div>
   <div class='ocr_carea' id='block_1_31' title="bbox 810 3111 2318 3179">
    <p class='ocr_par' dir='ltr' id='par_1_31' title="bbox 810 3111 2318 3179">
     <span class='ocr_line' id='line_1_31' title="bbox 810 3111 2318 3179; baseline 0.001 -14"><span class='ocrx_word' id='word_1_176' title='bbox 810 3114 899 3179; x_wconf 89' lang='lat' dir='ltr'><strong>tis,</strong></span> <span class='ocrx_word' id='word_1_177' title='bbox 927 3113 1121 3179; x_wconf 89' lang='lat' dir='ltr'><strong>pictum</strong></span> <span class='ocrx_word' id='word_1_178' title='bbox 1145 3111 1863 3179; x_wconf 75' lang='lat' dir='ltr'><strong>ornatumqueiustruxerat,</strong></span> <span class='ocrx_word' id='word_1_179' title='bbox 1887 3121 2109 3168; x_wconf 75' lang='lat' dir='ltr'><strong>venuste</strong></span> <span class='ocrx_word' id='word_1_180' title='bbox 2131 3121 2185 3168; x_wconf 89' lang='lat' dir='ltr'><strong>et</strong></span> <span class='ocrx_word' id='word_1_181' title='bbox 2205 3112 2318 3167; x_wconf 88' lang='lat' dir='ltr'><strong>ele-</strong></span> 
     </span>
    </p>
   </div>
   <div class='ocr_carea' id='block_1_32' title="bbox 807 3180 1318 3252">
    <p class='ocr_par' dir='ltr' id='par_1_32' title="bbox 807 3180 1318 3252">
     <span class='ocr_line' id='line_1_32' title="bbox 807 3180 1318 3252; baseline -0.004 -17"><span class='ocrx_word' id='word_1_182' title='bbox 807 3194 994 3252; x_wconf 88' lang='lat' dir='ltr'><strong>ganter</strong></span> <span class='ocrx_word' id='word_1_183' title='bbox 1017 3180 1318 3252; x_wconf 87' lang='lat' dir='ltr'><strong>describit.]</strong></span> 
     </span>
    </p>
   </div>
   <div class='ocr_carea' id='block_1_33' title="bbox 733 3271 1890 3347">
    <p class='ocr_par' dir='ltr' id='par_1_33' title="bbox 733 3271 1890 3347">
     <span class='ocr_line' id='line_1_33' title="bbox 733 3271 1890 3347; baseline -0.002 -17"><span class='ocrx_word' id='word_1_184' title='bbox 733 3277 964 3347; x_wconf 86' lang='lat' dir='ltr'><strong>Respice</strong></span> <span class='ocrx_word' id='word_1_185' title='bbox 985 3275 1227 3338; x_wconf 87' lang='lat' dir='ltr'><strong>delicias,</strong></span> <span class='ocrx_word' id='word_1_186' title='bbox 1257 3273 1382 3329; x_wconf 83' lang='lat' dir='ltr'><strong>felix</strong></span> <span class='ocrx_word' id='word_1_187' title='bbox 1409 3271 1655 3338; x_wconf 86' lang='lat' dir='ltr'><strong>conviva,</strong></span> <span class='ocrx_word' id='word_1_188' title='bbox 1684 3273 1890 3338; x_wconf 90' lang='lat' dir='ltr'><strong>beatas,</strong></span> 
     </span>
    </p>
   </div>
   <div class='ocr_carea' id='block_1_34' title="bbox 804 3366 2252 3439">
    <p class='ocr_par' dir='ltr' id='par_1_34' title="bbox 804 3366 2252 3439">
     <span class='ocr_line' id='line_1_34' title="bbox 804 3366 2252 3439; baseline -0.004 -13"><span class='ocrx_word' id='word_1_189' title='bbox 804 3371 950 3438; x_wconf 86' lang='lat' dir='ltr'><strong>Quas</strong></span> <span class='ocrx_word' id='word_1_190' title='bbox 979 3370 1126 3439; x_wconf 91' lang='lat' dir='ltr'><strong>prius</strong></span> <span class='ocrx_word' id='word_1_191' title='bbox 1151 3376 1308 3424; x_wconf 90' lang='lat' dir='ltr'><strong>ornat</strong></span> <span class='ocrx_word' id='word_1_192' title='bbox 1334 3367 1491 3434; x_wconf 89' lang='lat' dir='ltr'><strong>odor,</strong></span> <span class='ocrx_word' id='word_1_193' title='bbox 1522 3381 1680 3436; x_wconf 85' lang='lat' dir='ltr'><strong>quam</strong></span> <span class='ocrx_word' id='word_1_194' title='bbox 1711 3367 1902 3436; x_wconf 90' lang='lat' dir='ltr'><strong>probet</strong></span> <span class='ocrx_word' id='word_1_195' title='bbox 1927 3366 2044 3435; x_wconf 90' lang='lat' dir='ltr'><strong>ipse</strong></span> <span class='ocrx_word' id='word_1_196' title='bbox 2072 3379 2252 3437; x_wconf 86' lang='lat' dir='ltr'><strong>sapor.</strong></span> 
     </span>
    </p>
   </div>
   <div class='ocr_carea' id='block_1_35' title="bbox 734 3459 1974 3529">
    <p class='ocr_par' dir='ltr' id='par_1_35' title="bbox 734 3459 1974 3529">
     <span class='ocr_line' id='line_1_35' title="bbox 734 3459 1974 3529; baseline -0.006 -10"><span class='ocrx_word' id='word_1_197' title='bbox 734 3464 965 3519; x_wconf 79' lang='lat' dir='ltr'><strong>Molliter</strong></span> <span class='ocrx_word' id='word_1_198' title='bbox 985 3461 1189 3516; x_wconf 88' lang='lat' dir='ltr'><strong>arridet</strong></span> <span class='ocrx_word' id='word_1_199' title='bbox 1215 3460 1551 3516; x_wconf 89' lang='lat' dir='ltr'><strong>rutulantum</strong></span> <span class='ocrx_word' id='word_1_200' title='bbox 1573 3461 1725 3529; x_wconf 90' lang='lat' dir='ltr'><strong>copia</strong></span> <span class='ocrx_word' id='word_1_201' title='bbox 1757 3459 1974 3523; x_wconf 89' lang='lat' dir='ltr'><strong>florum,</strong></span> 
     </span>
    </p>
   </div>
   <div class='ocr_carea' id='block_1_36' title="bbox 807 3550 2207 3624">
    <p class='ocr_par' dir='ltr' id='par_1_36' title="bbox 807 3550 2207 3624">
     <span class='ocr_line' id='line_1_36' title="bbox 807 3550 2207 3624; baseline -0.005 -14"><span class='ocrx_word' id='word_1_202' title='bbox 807 3558 904 3610; x_wconf 77' lang='lat' dir='ltr'><strong>Vix</strong></span> <span class='ocrx_word' id='word_1_203' title='bbox 930 3563 1011 3610; x_wconf 89' lang='lat' dir='ltr'><strong>tot</strong></span> <span class='ocrx_word' id='word_1_204' title='bbox 1033 3567 1256 3624; x_wconf 89' lang='lat' dir='ltr'><strong>campus</strong></span> <span class='ocrx_word' id='word_1_205' title='bbox 1278 3552 1442 3607; x_wconf 84' lang='lat' dir='ltr'><strong>habet</strong></span> <span class='ocrx_word' id='word_1_206' title='bbox 1469 3559 1602 3620; x_wconf 89' lang='lat' dir='ltr'><strong>quot</strong></span> <span class='ocrx_word' id='word_1_207' title='bbox 1630 3550 1791 3605; x_wconf 90' lang='lat' dir='ltr'><strong>modo</strong></span> <span class='ocrx_word' id='word_1_208' title='bbox 1817 3566 2006 3607; x_wconf 88' lang='lat' dir='ltr'><strong>mensa</strong></span> <span class='ocrx_word' id='word_1_209' title='bbox 2035 3565 2207 3608; x_wconf 88' lang='lat' dir='ltr'><strong>rosas.</strong></span> 
     </span>
    </p>
   </div>
   <div class='ocr_carea' id='block_1_37' title="bbox 733 3641 1930 3716">
    <p class='ocr_par' dir='ltr' id='par_1_37' title="bbox 733 3641 1930 3716">
     <span class='ocr_line' id='line_1_37' title="bbox 733 3641 1930 3716; baseline -0.008 -12"><span class='ocrx_word' id='word_1_210' title='bbox 733 3649 933 3704; x_wconf 86' lang='lat' dir='ltr'><strong>Albent</strong></span> <span class='ocrx_word' id='word_1_211' title='bbox 961 3646 1247 3716; x_wconf 86' lang='lat' dir='ltr'><strong>purpureis</strong></span> <span class='ocrx_word' id='word_1_212' title='bbox 1274 3643 1364 3697; x_wconf 90' lang='lat' dir='ltr'><strong>ubi</strong></span> <span class='ocrx_word' id='word_1_213' title='bbox 1391 3644 1564 3698; x_wconf 89' lang='lat' dir='ltr'><strong>lactea</strong></span> <span class='ocrx_word' id='word_1_214' title='bbox 1589 3642 1699 3696; x_wconf 90' lang='lat' dir='ltr'><strong>lilia</strong></span> <span class='ocrx_word' id='word_1_215' title='bbox 1731 3641 1930 3710; x_wconf 88' lang='lat' dir='ltr'><strong>blattis,</strong></span> 
     </span>
    </p>
   </div>
   <div class='ocr_carea' id='block_1_38' title="bbox 806 3734 1962 3809">
    <p class='ocr_par' dir='ltr' id='par_1_38' title="bbox 806 3734 1962 3809">
     <span class='ocr_line' id='line_1_38' title="bbox 806 3734 1962 3809; baseline -0.008 -13"><span class='ocrx_word' id='word_1_216' title='bbox 806 3741 1172 3809; x_wconf 87' lang='lat' dir='ltr'><strong>Certatimque</strong></span> <span class='ocrx_word' id='word_1_217' title='bbox 1199 3751 1340 3793; x_wconf 88' lang='lat' dir='ltr'><strong>novo</strong></span> <span class='ocrx_word' id='word_1_218' title='bbox 1367 3736 1571 3805; x_wconf 85' lang='lat' dir='ltr'><strong>fragrat</strong></span> <span class='ocrx_word' id='word_1_219' title='bbox 1598 3734 1764 3788; x_wconf 86' lang='lat' dir='ltr'><strong>odore</strong></span> <span class='ocrx_word' id='word_1_220' title='bbox 1795 3734 1962 3788; x_wconf 91' lang='lat' dir='ltr'><strong>locus.</strong></span> 
     </span>
    </p>
   </div>
   <div class='ocr_carea' id='block_1_39' title="bbox 733 3827 1934 3903">
    <p class='ocr_par' dir='ltr' id='par_1_39' title="bbox 733 3827 1934 3903">
     <span class='ocr_line' id='line_1_39' title="bbox 733 3827 1934 3903; baseline -0.008 -12"><span class='ocrx_word' id='word_1_221' title='bbox 733 3836 995 3892; x_wconf 89' lang='lat' dir='ltr'><strong>Iusultant</strong></span> <span class='ocrx_word' id='word_1_222' title='bbox 1014 3835 1210 3903; x_wconf 64' lang='lat' dir='ltr'><strong>epulae,</strong></span> <span class='ocrx_word' id='word_1_223' title='bbox 1245 3830 1468 3886; x_wconf 83' lang='lat' dir='ltr'><strong>stillanti</strong></span> <span class='ocrx_word' id='word_1_224' title='bbox 1501 3829 1742 3900; x_wconf 88' lang='lat' dir='ltr'><strong>germine</strong></span> <span class='ocrx_word' id='word_1_225' title='bbox 1766 3827 1934 3895; x_wconf 69' lang='lat' dir='ltr'><strong>fultae,</strong></span> 
     </span>
    </p>
   </div>
   <div class='ocr_carea' id='block_1_40' title="bbox 806 3917 2124 3994">
    <p class='ocr_par' dir='ltr' id='par_1_40' title="bbox 806 3917 2124 3994">
     <span class='ocr_line' id='line_1_40' title="bbox 806 3917 2124 3994; baseline -0.006 -15"><span class='ocrx_word' id='word_1_226' title='bbox 806 3924 956 3994; x_wconf 84' lang='lat' dir='ltr'><strong>Quod</strong></span> <span class='ocrx_word' id='word_1_227' title='bbox 989 3923 1212 3979; x_wconf 87' lang='lat' dir='ltr'><strong>mantile</strong></span> <span class='ocrx_word' id='word_1_228' title='bbox 1233 3920 1393 3985; x_wconf 89' lang='lat' dir='ltr'><strong>solet,</strong></span> <span class='ocrx_word' id='word_1_229' title='bbox 1423 3932 1522 3973; x_wconf 92' lang='lat' dir='ltr'><strong>cur</strong></span> <span class='ocrx_word' id='word_1_230' title='bbox 1552 3932 1674 3972; x_wconf 91' lang='lat' dir='ltr'><strong>rosa</strong></span> <span class='ocrx_word' id='word_1_231' title='bbox 1705 3917 1924 3986; x_wconf 86' lang='lat' dir='ltr'><strong>pulchra</strong></span> <span class='ocrx_word' id='word_1_232' title='bbox 1957 3917 2124 3988; x_wconf 76' lang='lat' dir='ltr'><strong>tegit?</strong></span> 
     </span>
    </p>
   </div>
   <div class='ocr_carea' id='block_1_41' title="bbox 733 4008 2108 4086">
    <p class='ocr_par' dir='ltr' id='par_1_41' title="bbox 733 4008 2108 4086">
     <span class='ocr_line' id='line_1_41' title="bbox 733 4008 2108 4086; baseline -0.011 -12"><span class='ocrx_word' id='word_1_233' title='bbox 733 4015 1066 4086; x_wconf 90' lang='lat' dir='ltr'><strong>Complacuit</strong></span> <span class='ocrx_word' id='word_1_234' title='bbox 1092 4013 1284 4068; x_wconf 90' lang='lat' dir='ltr'><strong>melius</strong></span> <span class='ocrx_word' id='word_1_235' title='bbox 1307 4011 1425 4065; x_wconf 89' lang='lat' dir='ltr'><strong>sine</strong></span> <span class='ocrx_word' id='word_1_236' title='bbox 1454 4010 1614 4065; x_wconf 86' lang='lat' dir='ltr'><strong>texile</strong></span> <span class='ocrx_word' id='word_1_237' title='bbox 1641 4008 1877 4076; x_wconf 77' lang='lat' dir='ltr'><strong>tegmine</strong></span> <span class='ocrx_word' id='word_1_238' title='bbox 1901 4021 2108 4074; x_wconf 87' lang='lat' dir='ltr'><strong>mensa,</strong></span> 
     </span>
    </p>
   </div>
   <div class='ocr_carea' id='block_1_42' title="bbox 804 4095 2100 4174">
    <p class='ocr_par' dir='ltr' id='par_1_42' title="bbox 804 4095 2100 4174">
     <span class='ocr_line' id='line_1_42' title="bbox 804 4095 2100 4174; baseline -0.006 -13"><span class='ocrx_word' id='word_1_239' title='bbox 804 4107 1024 4162; x_wconf 76' lang='lat' dir='ltr'><strong>Munere</strong></span> <span class='ocrx_word' id='word_1_240' title='bbox 1053 4118 1214 4174; x_wconf 88' lang='lat' dir='ltr'><strong>quam</strong></span> <span class='ocrx_word' id='word_1_241' title='bbox 1239 4102 1393 4156; x_wconf 87' lang='lat' dir='ltr'><strong>vario</strong></span> <span class='ocrx_word' id='word_1_242' title='bbox 1417 4098 1599 4154; x_wconf 82' lang='lat' dir='ltr'><strong>suavis</strong></span> <span class='ocrx_word' id='word_1_243' title='bbox 1628 4096 1916 4152; x_wconf 87' lang='lat' dir='ltr'><strong>obumbrat</strong></span> <span class='ocrx_word' id='word_1_244' title='bbox 1939 4095 2100 4154; x_wconf 82' lang='lat' dir='ltr'><strong>odor:</strong></span> 
     </span>
    </p>
   </div>
   <div class='ocr_carea' id='block_1_43' title="bbox 733 4189 1940 4265">
    <p class='ocr_par' dir='ltr' id='par_1_43' title="bbox 733 4189 1940 4265">
     <span class='ocr_line' id='line_1_43' title="bbox 733 4189 1940 4265; baseline -0.011 -11"><span class='ocrx_word' id='word_1_245' title='bbox 733 4197 941 4254; x_wconf 87' lang='lat' dir='ltr'><strong>Enituit</strong></span> <span class='ocrx_word' id='word_1_246' title='bbox 972 4198 1150 4265; x_wconf 90' lang='lat' dir='ltr'><strong>paries</strong></span> <span class='ocrx_word' id='word_1_247' title='bbox 1181 4193 1336 4250; x_wconf 89' lang='lat' dir='ltr'><strong>viridi</strong></span> <span class='ocrx_word' id='word_1_248' title='bbox 1365 4190 1632 4261; x_wconf 87' lang='lat' dir='ltr'><strong>pendente</strong></span> <span class='ocrx_word' id='word_1_249' title='bbox 1660 4189 1940 4258; x_wconf 83' lang='lat' dir='ltr'><strong>corymbo,</strong></span> 
     </span>
    </p>
   </div>
   <div class='ocr_carea' id='block_1_44' title="bbox 805 4281 2211 4356">
    <p class='ocr_par' dir='ltr' id='par_1_44' title="bbox 805 4281 2211 4356">
     <span class='ocr_line' id='line_1_44' title="bbox 805 4281 2211 4356; baseline -0.007 -12"><span class='ocrx_word' id='word_1_250' title='bbox 805 4289 937 4356; x_wconf 67' lang='lat' dir='ltr'><strong>Quae</strong></span> <span class='ocrx_word' id='word_1_251' title='bbox 965 4289 1082 4341; x_wconf 90' lang='lat' dir='ltr'><strong>loca</strong></span> <span class='ocrx_word' id='word_1_252' title='bbox 1109 4286 1288 4340; x_wconf 86' lang='lat' dir='ltr'><strong>calces</strong></span> <span class='ocrx_word' id='word_1_253' title='bbox 1318 4283 1497 4349; x_wconf 88' lang='lat' dir='ltr'><strong>habet,</strong></span> <span class='ocrx_word' id='word_1_254' title='bbox 1534 4281 1638 4336; x_wconf 89' lang='lat' dir='ltr'><strong>huc</strong></span> <span class='ocrx_word' id='word_1_255' title='bbox 1666 4294 1789 4334; x_wconf 88' lang='lat' dir='ltr'><strong>rosa</strong></span> <span class='ocrx_word' id='word_1_256' title='bbox 1823 4294 2004 4347; x_wconf 88' lang='lat' dir='ltr'><strong>pressa</strong></span> <span class='ocrx_word' id='word_1_257' title='bbox 2035 4281 2211 4336; x_wconf 88' lang='lat' dir='ltr'><strong>rubet.</strong></span> 
     </span>
    </p>
   </div>
   <div class='ocr_carea' id='block_1_45' title="bbox 734 4371 1960 4442">
    <p class='ocr_par' dir='ltr' id='par_1_45' title="bbox 734 4371 1960 4442">
     <span class='ocr_line' id='line_1_45' title="bbox 734 4371 1960 4442; baseline -0.01 -6"><span class='ocrx_word' id='word_1_258' title='bbox 734 4381 966 4436; x_wconf 89' lang='lat' dir='ltr'><strong>Ubertas</strong></span> <span class='ocrx_word' id='word_1_259' title='bbox 994 4393 1171 4433; x_wconf 85' lang='lat' dir='ltr'><strong>rerqu</strong></span> <span class='ocrx_word' id='word_1_260' title='bbox 1197 4382 1342 4430; x_wconf 88' lang='lat' dir='ltr'><strong>tanta</strong></span> <span class='ocrx_word' id='word_1_261' title='bbox 1371 4382 1476 4442; x_wconf 87' lang='lat' dir='ltr'><strong>est,</strong></span> <span class='ocrx_word' id='word_1_262' title='bbox 1503 4382 1559 4428; x_wconf 95' lang='lat' dir='ltr'><strong>ut</strong></span> <span class='ocrx_word' id='word_1_263' title='bbox 1585 4371 1718 4427; x_wconf 84' lang='lat' dir='ltr'><strong>ﬂore</strong></span> <span class='ocrx_word' id='word_1_264' title='bbox 1747 4385 1960 4438; x_wconf 90' lang='lat' dir='ltr'><strong>sereno,</strong></span> 
     </span>
    </p>
   </div>
   <div class='ocr_carea' id='block_1_46' title="bbox 802 4468 1866 4538">
    <p class='ocr_par' dir='ltr' id='par_1_46' title="bbox 802 4468 1866 4538">
     <span class='ocr_line' id='line_1_46' title="bbox 802 4468 1866 4538; baseline -0.006 -10"><span class='ocrx_word' id='word_1_265' title='bbox 802 4473 977 4528; x_wconf 84' lang='lat' dir='ltr'><strong>Mollia</strong></span> <span class='ocrx_word' id='word_1_266' title='bbox 1009 4471 1109 4526; x_wconf 91' lang='lat' dir='ltr'><strong>sub</strong></span> <span class='ocrx_word' id='word_1_267' title='bbox 1137 4471 1289 4525; x_wconf 86' lang='lat' dir='ltr'><strong>tectis</strong></span> <span class='ocrx_word' id='word_1_268' title='bbox 1312 4478 1457 4538; x_wconf 91' lang='lat' dir='ltr'><strong>prata</strong></span> <span class='ocrx_word' id='word_1_269' title='bbox 1490 4468 1664 4522; x_wconf 90' lang='lat' dir='ltr'><strong>virere</strong></span> <span class='ocrx_word' id='word_1_270' title='bbox 1695 4476 1866 4534; x_wconf 89' lang='lat' dir='ltr'><strong>putes.</strong></span> 
     </span>
    </p>
   </div>
   <div class='ocr_carea' id='block_1_47' title="bbox 733 4559 2198 4632">
    <p class='ocr_par' dir='ltr' id='par_1_47' title="bbox 733 4559 2198 4632">
     <span class='ocr_line' id='line_1_47' title="bbox 733 4559 2198 4632; baseline -0.006 -10"><span class='ocrx_word' id='word_1_271' title='bbox 733 4566 789 4622; x_wconf 89' lang='lat' dir='ltr'><strong>Si</strong></span> <span class='ocrx_word' id='word_1_272' title='bbox 818 4564 1039 4632; x_wconf 81' lang='lat' dir='ltr'><strong>fugitiva</strong></span> <span class='ocrx_word' id='word_1_273' title='bbox 1065 4563 1298 4632; x_wconf 89' lang='lat' dir='ltr'><strong>placent,</strong></span> <span class='ocrx_word' id='word_1_274' title='bbox 1329 4575 1448 4630; x_wconf 72' lang='lat' dir='ltr'><strong>quae</strong></span> <span class='ocrx_word' id='word_1_275' title='bbox 1470 4567 1580 4614; x_wconf 89' lang='lat' dir='ltr'><strong>tam</strong></span> <span class='ocrx_word' id='word_1_276' title='bbox 1609 4560 1717 4614; x_wconf 88' lang='lat' dir='ltr'><strong>cito</strong></span> <span class='ocrx_word' id='word_1_277' title='bbox 1746 4560 1895 4628; x_wconf 87' lang='lat' dir='ltr'><strong>lapsa</strong></span> <span class='ocrx_word' id='word_1_278' title='bbox 1923 4559 2198 4628; x_wconf 85' lang='lat' dir='ltr'><strong>recedunt,</strong></span> 
     </span>
    </p>
   </div>
   <div class='ocr_carea' id='block_1_48' title="bbox 805 4652 1827 4722">
    <p class='ocr_par' dir='ltr' id='par_1_48' title="bbox 805 4652 1827 4722">
     <span class='ocr_line' id='line_1_48' title="bbox 805 4652 1827 4722; baseline -0.007 -11"><span class='ocrx_word' id='word_1_279' title='bbox 805 4656 1033 4711; x_wconf 89' lang='lat' dir='ltr'><strong>Invitent</strong></span> <span class='ocrx_word' id='word_1_280' title='bbox 1055 4654 1228 4722; x_wconf 67' lang='lat' dir='ltr'><strong>epulae</strong></span> <span class='ocrx_word' id='word_1_281' title='bbox 1251 4669 1371 4718; x_wconf 92' lang='lat' dir='ltr'><strong>nos,</strong></span> <span class='ocrx_word' id='word_1_282' title='bbox 1403 4652 1668 4722; x_wconf 85' lang='lat' dir='ltr'><strong>paradise,</strong></span> <span class='ocrx_word' id='word_1_283' title='bbox 1703 4660 1827 4706; x_wconf 73' lang='lat' dir='ltr'><strong>tute.</strong></span> 
     </span>
    </p>
   </div>
   <div class='ocr_carea' id='block_1_49' title="bbox 733 4743 1985 4809">
    <p class='ocr_par' dir='ltr' id='par_1_49' title="bbox 733 4743 1985 4809">
     <span class='ocr_line' id='line_1_49' title="bbox 733 4743 1985 4809; baseline -0.006 -4"><span class='ocrx_word' id='word_1_284' title='bbox 733 4749 1014 4805; x_wconf 72' lang='lat' dir='ltr'><strong>Dmdalicis</strong></span> <span class='ocrx_word' id='word_1_285' title='bbox 1044 4747 1290 4800; x_wconf 90' lang='lat' dir='ltr'><strong>manibus</strong></span> <span class='ocrx_word' id='word_1_286' title='bbox 1320 4744 1480 4800; x_wconf 90' lang='lat' dir='ltr'><strong>nituit</strong></span> <span class='ocrx_word' id='word_1_287' title='bbox 1512 4752 1720 4799; x_wconf 84' lang='lat' dir='ltr'><strong>textura</strong></span> <span class='ocrx_word' id='word_1_288' title='bbox 1748 4743 1985 4809; x_wconf 86' lang='lat' dir='ltr'><strong>sororis,‘</strong></span> 
     </span>
    </p>
   </div>
   <div class='ocr_carea' id='block_1_50' title="bbox 803 4835 1980 4907">
    <p class='ocr_par' dir='ltr' id='par_1_50' title="bbox 803 4835 1980 4907">
     <span class='ocr_line' id='line_1_50' title="bbox 803 4835 1980 4907; baseline -0.005 -13"><span class='ocrx_word' id='word_1_289' title='bbox 803 4839 1032 4900; x_wconf 69' lang='lat' dir='ltr'><strong>Tantum</strong></span> <span class='ocrx_word' id='word_1_290' title='bbox 1061 4837 1220 4907; x_wconf 89' lang='lat' dir='ltr'><strong>digna</strong></span> <span class='ocrx_word' id='word_1_291' title='bbox 1241 4835 1343 4889; x_wconf 86' lang='lat' dir='ltr'><strong>fuit</strong></span> <span class='ocrx_word' id='word_1_292' title='bbox 1374 4843 1545 4888; x_wconf 88' lang='lat' dir='ltr'><strong>mater</strong></span> <span class='ocrx_word' id='word_1_293' title='bbox 1570 4835 1770 4889; x_wconf 89' lang='lat' dir='ltr'><strong>habere</strong></span> <span class='ocrx_word' id='word_1_294' title='bbox 1792 4835 1980 4889; x_wconf 90' lang='lat' dir='ltr'><strong>decus.</strong></span> 
     </span>
    </p>
   </div>
   <div class='ocr_carea' id='block_1_51' title="bbox 1331 4943 1707 5000">
    <p class='ocr_par' dir='ltr' id='par_1_51' title="bbox 1331 4943 1707 5000">
     <span class='ocr_line' id='line_1_51' title="bbox 1331 4943 1707 5000; baseline -0.008 0"><span class='ocrx_word' id='word_1_295' title='bbox 1331 4943 1558 5000; x_wconf 82' lang='lat' dir='ltr'><strong>CAPUT</strong></span> <span class='ocrx_word' id='word_1_296' title='bbox 1597 4945 1707 5000; x_wconf 82' lang='lat' dir='ltr'><strong>XII.</strong></span> 
     </span>
    </p>
   </div>
   <div class='ocr_carea' id='block_1_52' title="bbox 1086 5037 1971 5109">
    <p class='ocr_par' dir='ltr' id='par_1_52' title="bbox 1086 5037 1971 5109">
     <span class='ocr_line' id='line_1_52' title="bbox 1086 5037 1971 5109; baseline -0.002 -15"><span class='ocrx_word' id='word_1_297' title='bbox 1086 5039 1244 5094; x_wconf 80' lang='lat' dir='ltr'><strong>Aliud</strong></span> <span class='ocrx_word' id='word_1_298' title='bbox 1275 5055 1366 5107; x_wconf 86' lang='lat' dir='ltr'><strong>pro</strong></span> <span class='ocrx_word' id='word_1_299' title='bbox 1393 5039 1608 5109; x_wconf 81' lang='lat' dir='ltr'><strong>eulogiis</strong></span> <span class='ocrx_word' id='word_1_300' title='bbox 1633 5037 1971 5092; x_wconf 76' lang='lat' dir='ltr'><strong>transmissis.</strong></span> 
     </span>
    </p>
   </div>
   <div class='ocr_carea' id='block_1_53' title="bbox 737 5127 2314 5207">
    <p class='ocr_par' dir='ltr' id='par_1_53' title="bbox 737 5127 2314 5207">
     <span class='ocr_line' id='line_1_53' title="bbox 737 5127 2314 5207; baseline -0.004 -18"><span class='ocrx_word' id='word_1_301' title='bbox 737 5134 932 5207; x_wconf 82' lang='lat' dir='ltr'><strong>[Missis</strong></span> <span class='ocrx_word' id='word_1_302' title='bbox 958 5132 1024 5186; x_wconf 90' lang='lat' dir='ltr'><strong>ad</strong></span> <span class='ocrx_word' id='word_1_303' title='bbox 1054 5132 1319 5207; x_wconf 80' lang='lat' dir='ltr'><strong>Agnetem</strong></span> <span class='ocrx_word' id='word_1_304' title='bbox 1352 5127 1598 5207; x_wconf 83' lang='lat' dir='ltr'><strong>eulogiis,</strong></span> <span class='ocrx_word' id='word_1_305' title='bbox 1635 5143 1757 5207; x_wconf 39' lang='lat' dir='ltr'><strong>non:</strong></span> <span class='ocrx_word' id='word_1_306' title='bbox 1769 5138 1874 5207; x_wconf 84' lang='lat' dir='ltr'><strong>tam</strong></span> <span class='ocrx_word' id='word_1_307' title='bbox 1904 5141 1962 5182; x_wconf 90' lang='lat' dir='ltr'><strong>se</strong></span> <span class='ocrx_word' id='word_1_308' title='bbox 1988 5127 2202 5207; x_wconf 75' lang='lat' dir='ltr'><strong>mittere</strong></span> <span class='ocrx_word' id='word_1_309' title='bbox 2229 5127 2314 5182; x_wconf 87' lang='lat' dir='ltr'><strong>di-</strong></span> 
     </span>
    </p>
   </div>
   <div class='ocr_carea' id='block_1_54' title="bbox 804 5197 2317 5272">
    <p class='ocr_par' dir='ltr' id='par_1_54' title="bbox 804 5197 2317 5272">
     <span class='ocr_line' id='line_1_54' title="bbox 804 5197 2317 5272; baseline -0.005 -13"><span class='ocrx_word' id='word_1_310' title='bbox 804 5205 881 5260; x_wconf 90' lang='lat' dir='ltr'><strong>cit</strong></span> <span class='ocrx_word' id='word_1_311' title='bbox 905 5217 1063 5272; x_wconf 91' lang='lat' dir='ltr'><strong>quam</strong></span> <span class='ocrx_word' id='word_1_312' title='bbox 1106 5197 1346 5255; x_wconf 61' lang='lat' dir='ltr'><strong>referre.</strong></span> <span class='ocrx_word' id='word_1_313' title='bbox 1381 5201 1604 5272; x_wconf 83' lang='lat' dir='ltr'><strong>Agnetis</strong></span> <span class='ocrx_word' id='word_1_314' title='bbox 1638 5208 1692 5252; x_wconf 90' lang='lat' dir='ltr'><strong>et</strong></span> <span class='ocrx_word' id='word_1_315' title='bbox 1719 5197 2060 5272; x_wconf 82' lang='lat' dir='ltr'><strong>Radegundis</strong></span> <span class='ocrx_word' id='word_1_316' title='bbox 2103 5212 2226 5272; x_wconf 82' lang='lat' dir='ltr'><strong>erga</strong></span> <span class='ocrx_word' id='word_1_317' title='bbox 2257 5213 2317 5272; x_wconf 87' lang='lat' dir='ltr'><strong>se</strong></span> 
     </span>
    </p>
   </div>
   <div class='ocr_carea' id='block_1_55' title="bbox 809 5269 2315 5338">
    <p class='ocr_par' dir='ltr' id='par_1_55' title="bbox 809 5269 2315 5338">
     <span class='ocr_line' id='line_1_55' title="bbox 809 5269 2315 5338; baseline -0.003 -9"><span class='ocrx_word' id='word_1_318' title='bbox 809 5269 1228 5329; x_wconf 77' lang='lat' dir='ltr'><strong>munificentiam</strong></span> <span class='ocrx_word' id='word_1_319' title='bbox 1257 5270 1620 5334; x_wconf 90' lang='lat' dir='ltr'><strong>commendat,</strong></span> <span class='ocrx_word' id='word_1_320' title='bbox 1646 5284 1709 5325; x_wconf 90' lang='lat' dir='ltr'><strong>ac</strong></span> <span class='ocrx_word' id='word_1_321' title='bbox 1735 5269 1943 5324; x_wconf 88' lang='lat' dir='ltr'><strong>veniam</strong></span> <span class='ocrx_word' id='word_1_322' title='bbox 1978 5270 2149 5338; x_wconf 91' lang='lat' dir='ltr'><strong>poscit</strong></span> <span class='ocrx_word' id='word_1_323' title='bbox 2175 5270 2315 5338; x_wconf 84' lang='lat' dir='ltr'><strong>quod</strong></span> 
     </span>
    </p>
   </div>
   <div class='ocr_carea' id='block_1_56' title="bbox 810 5383 1940 5448">
    <p class='ocr_par' dir='ltr' id='par_1_56' title="bbox 810 5383 1940 5448">
     <span class='ocr_line' id='line_1_56' title="bbox 810 5383 1940 5448; baseline -0.005 -6"><span class='ocrx_word' id='word_1_324' title='bbox 810 5396 833 5424; x_wconf 72' lang='grc'>⁸</span> <span class='ocrx_word' id='word_1_325' title='bbox 865 5387 1012 5442; x_wconf 90' lang='lat' dir='ltr'><strong>Unus</strong></span> <span class='ocrx_word' id='word_1_326' title='bbox 1041 5383 1176 5439; x_wconf 90' lang='lat' dir='ltr'><strong>Cod.</strong></span> <span class='ocrx_word' id='word_1_327' title='bbox 1207 5384 1351 5448; x_wconf 62' lang='grc' dir='ltr'><strong>νειμ,</strong></span> <span class='ocrx_word' id='word_1_328' title='bbox 1384 5384 1620 5438; x_wconf 79' lang='lat' dir='ltr'><strong>hortulus</strong></span> <span class='ocrx_word' id='word_1_329' title='bbox 1648 5385 1784 5437; x_wconf 86' lang='lat' dir='ltr'><strong>intus</strong></span> <span class='ocrx_word' id='word_1_330' title='bbox 1810 5390 1940 5436; x_wconf 82' lang='lat' dir='ltr'><strong>erat.</strong></span> 
     </span>
    </p>
   </div>
   <div class='ocr_carea' id='block_1_57' title="bbox 808 5457 1521 5525">
    <p class='ocr_par' dir='ltr' id='par_1_57' title="bbox 808 5457 1521 5525">
     <span class='ocr_line' id='line_1_57' title="bbox 808 5457 1521 5525; baseline -0.006 -14"><span class='ocrx_word' id='word_1_331' title='bbox 808 5457 834 5494; x_wconf 70' lang='grc' dir='ltr'>δ</span> <span class='ocrx_word' id='word_1_332' title='bbox 862 5457 1019 5518; x_wconf 80' lang='lat' dir='ltr'><strong>Ibitl.,</strong></span> <span class='ocrx_word' id='word_1_333' title='bbox 1049 5457 1253 5525; x_wconf 84' lang='lat' dir='ltr'><strong>singula</strong></span> <span class='ocrx_word' id='word_1_334' title='bbox 1281 5471 1372 5508; x_wconf 83' lang='lat' dir='ltr'><strong>nec</strong></span> <span class='ocrx_word' id='word_1_335' title='bbox 1394 5460 1521 5524; x_wconf 79' lang='lat' dir='ltr'><strong>fero.</strong></span> 
     </span>
    </p>
   </div>
   <div class='ocr_carea' id='block_1_58' title="bbox 812 5525 2315 5596">
    <p class='ocr_par' dir='ltr' id='par_1_58' title="bbox 812 5525 2315 5596">
     <span class='ocr_line' id='line_1_58' title="bbox 812 5525 2315 5596; baseline -0.003 -13"><span class='ocrx_word' id='word_1_336' title='bbox 812 5539 835 5567; x_wconf 75' lang='grc' dir='ltr'><strong>ε</strong></span> <span class='ocrx_word' id='word_1_337' title='bbox 870 5528 1092 5591; x_wconf 84' lang='lat' dir='ltr'><strong>Gavata,</strong></span> <span class='ocrx_word' id='word_1_338' title='bbox 1145 5544 1239 5580; x_wconf 89' lang='lat' dir='ltr'><strong>seu</strong></span> <span class='ocrx_word' id='word_1_339' title='bbox 1291 5528 1502 5596; x_wconf 78' lang='lat' dir='ltr'><strong>gabata,</strong></span> <span class='ocrx_word' id='word_1_340' title='bbox 1549 5534 1630 5580; x_wconf 90' lang='lat' dir='ltr'><strong>est</strong></span> <span class='ocrx_word' id='word_1_341' title='bbox 1677 5541 1773 5580; x_wconf 91' lang='lat' dir='ltr'><strong>vas</strong></span> <span class='ocrx_word' id='word_1_342' title='bbox 1821 5526 2120 5587; x_wconf 87' lang='lat' dir='ltr'><strong>escarium,</strong></span> <span class='ocrx_word' id='word_1_343' title='bbox 2169 5525 2315 5593; x_wconf 86' lang='lat' dir='ltr'><strong>quasi</strong></span> 
     </span>
    </p>
   </div>
   <div class='ocr_carea' id='block_1_59' title="bbox 736 5596 2314 5666">
    <p class='ocr_par' dir='ltr' id='par_1_59' title="bbox 736 5596 2314 5666">
     <span class='ocr_line' id='line_1_59' title="bbox 736 5596 2314 5666; baseline -0.004 -12"><span class='ocrx_word' id='word_1_344' title='bbox 736 5610 941 5655; x_wconf 85' lang='lat' dir='ltr'><strong>cavata.</strong></span> <span class='ocrx_word' id='word_1_345' title='bbox 992 5598 1060 5650; x_wconf 85' lang='lat' dir='ltr'><strong>Et</strong></span> <span class='ocrx_word' id='word_1_346' title='bbox 1107 5596 1350 5651; x_wconf 78' lang='lat' dir='ltr'><strong>differta</strong></span> <span class='ocrx_word' id='word_1_347' title='bbox 1403 5599 1645 5663; x_wconf 77' lang='lat' dir='ltr'><strong>concha,</strong></span> <span class='ocrx_word' id='word_1_348' title='bbox 1701 5597 1842 5666; x_wconf 85' lang='lat' dir='ltr'><strong>quod</strong></span> <span class='ocrx_word' id='word_1_349' title='bbox 1894 5597 2005 5651; x_wconf 73' lang='lat' dir='ltr'><strong>luce</strong></span> <span class='ocrx_word' id='word_1_350' title='bbox 2060 5611 2314 5650; x_wconf 61' lang='lat' dir='ltr'><strong>coaeava.</strong></span> 
     </span>
    </p>
   </div>
   <div class='ocr_carea' id='block_1_60' title="bbox 739 5667 2315 5737">
    <p class='ocr_par' dir='ltr' id='par_1_60' title="bbox 739 5667 2315 5737">
     <span class='ocr_line' id='line_1_60' title="bbox 739 5667 2315 5737; baseline -0.006 -11"><span class='ocrx_word' id='word_1_351' title='bbox 739 5672 890 5726; x_wconf 81' lang='lat' dir='ltr'><strong>.Ioau.</strong></span> <span class='ocrx_word' id='word_1_352' title='bbox 923 5669 990 5724; x_wconf 91' lang='lat' dir='ltr'><strong>de</strong></span> <span class='ocrx_word' id='word_1_353' title='bbox 1020 5669 1187 5722; x_wconf 77' lang='lat' dir='ltr'><strong>Ianua</strong></span> <span class='ocrx_word' id='word_1_354' title='bbox 1222 5670 1359 5733; x_wconf 80' lang='lat' dir='ltr'><strong>apud</strong></span> <span class='ocrx_word' id='word_1_355' title='bbox 1407 5671 1619 5726; x_wconf 86' lang='lat' dir='ltr'><strong>Dulres.</strong></span> <span class='ocrx_word' id='word_1_356' title='bbox 1655 5669 1786 5721; x_wconf 73' lang='lat' dir='ltr'><strong>Vide</strong></span> <span class='ocrx_word' id='word_1_357' title='bbox 1830 5684 1948 5737; x_wconf 75' lang='lat' dir='ltr'><strong>qua:</strong></span> <span class='ocrx_word' id='word_1_358' title='bbox 1979 5669 2210 5722; x_wconf 78' lang='lat' dir='ltr'><strong>diximus</strong></span> <span class='ocrx_word' id='word_1_359' title='bbox 2252 5667 2315 5718; x_wconf 84' lang='lat' dir='ltr'><strong>ad</strong></span> 
     </span>
    </p>
   </div>
   <div class='ocr_carea' id='block_1_61' title="bbox 740 5739 2318 5808">
    <p class='ocr_par' dir='ltr' id='par_1_61' title="bbox 740 5739 2318 5808">
     <span class='ocr_line' id='line_1_61' title="bbox 740 5739 2318 5808; baseline -0.003 -12"><span class='ocrx_word' id='word_1_360' title='bbox 740 5759 787 5796; x_wconf 71' lang='grc' dir='ltr'><strong>ρ.</strong></span> <span class='ocrx_word' id='word_1_361' title='bbox 819 5742 924 5808; x_wconf 64' lang='grc'><strong>24,</strong></span> <span class='ocrx_word' id='word_1_362' title='bbox 969 5742 1002 5793; x_wconf 90' lang='lat' dir='ltr'><strong>I.</strong></span> <span class='ocrx_word' id='word_1_363' title='bbox 1037 5755 1135 5795; x_wconf 79' lang='lat' dir='ltr'><strong>\‘tt.</strong></span> <span class='ocrx_word' id='word_1_364' title='bbox 1190 5741 1325 5793; x_wconf 58' lang='lat' dir='ltr'><strong>ﬁdit.</strong></span> <span class='ocrx_word' id='word_1_365' title='bbox 1383 5741 1576 5801; x_wconf 66' lang='lat' dir='ltr'><strong>Paris...</strong></span> <span class='ocrx_word' id='word_1_366' title='bbox 1625 5751 1856 5808; x_wconf 68' lang='lat' dir='ltr'><strong>gravata,</strong></span> <span class='ocrx_word' id='word_1_367' title='bbox 1884 5750 1935 5794; x_wconf 80' lang='lat' dir='ltr'><strong>et</strong></span> <span class='ocrx_word' id='word_1_368' title='bbox 1981 5739 2036 5794; x_wconf 85' lang='lat' dir='ltr'><strong>in</strong></span> <span class='ocrx_word' id='word_1_369' title='bbox 2081 5741 2318 5806; x_wconf 59' lang='lat' dir='ltr'><strong>margin;</strong></span> 
     </span>
    </p>
   </div>
   <div class='ocr_carea' id='block_1_62' title="bbox 738 5813 971 5884">
    <p class='ocr_par' dir='ltr' id='par_1_62' title="bbox 738 5813 971 5884">
     <span class='ocr_line' id='line_1_62' title="bbox 738 5813 971 5884; baseline 0 -22"><span class='ocrx_word' id='word_1_370' title='bbox 738 5813 971 5884; x_wconf 71' lang='lat' dir='ltr'><strong>grqbnta.</strong></span> 
     </span>
    </p>
   </div>
   <div class='ocr_carea' id='block_1_63' title="bbox 807 5881 2315 5952">
    <p class='ocr_par' dir='ltr' id='par_1_63' title="bbox 807 5881 2315 5952">
     <span class='ocr_line' id='line_1_63' title="bbox 807 5881 2315 5952; baseline -0.003 -14"><span class='ocrx_word' id='word_1_371' title='bbox 807 5881 832 5919; x_wconf 72' lang='grc' dir='ltr'>ἀ</span> <span class='ocrx_word' id='word_1_372' title='bbox 868 5882 1014 5938; x_wconf 86' lang='lat' dir='ltr'><strong>Unus</strong></span> <span class='ocrx_word' id='word_1_373' title='bbox 1042 5883 1172 5938; x_wconf 83' lang='lat' dir='ltr'><strong>Cod.</strong></span> <span class='ocrx_word' id='word_1_374' title='bbox 1207 5883 1348 5948; x_wconf 82' lang='lat' dir='ltr'><strong>\’at.,</strong></span> <span class='ocrx_word' id='word_1_375' title='bbox 1379 5886 1552 5938; x_wconf 77' lang='lat' dir='ltr'><strong>tertius</strong></span> <span class='ocrx_word' id='word_1_376' title='bbox 1583 5886 1687 5951; x_wconf 77' lang='lat' dir='ltr'><strong>ipse</strong></span> <span class='ocrx_word' id='word_1_377' title='bbox 1733 5885 1930 5952; x_wconf 83' lang='lat' dir='ltr'><strong>loquor.</strong></span> <span class='ocrx_word' id='word_1_378' title='bbox 1965 5883 2053 5939; x_wconf 83' lang='lat' dir='ltr'><strong>Sic</strong></span> <span class='ocrx_word' id='word_1_379' title='bbox 2085 5897 2315 5951; x_wconf 77' lang='lat' dir='ltr'><strong>quoque.</strong></span> 
     </span>
    </p>
   </div>
   <div class='ocr_carea' id='block_1_64' title="bbox 1491 400 3319 467">
    <p class='ocr_par' dir='ltr' id='par_1_64' title="bbox 1491 400 3319 467">
     <span class='ocr_line' id='line_1_64' title="bbox 1491 400 3319 467; baseline 0.003 -6"><span class='ocrx_word' id='word_1_380' title='bbox 1491 403 1817 463; x_wconf 79' lang='lat' dir='ltr'><strong>VENANTII</strong></span> <span class='ocrx_word' id='word_1_381' title='bbox 1856 403 2020 461; x_wconf 78' lang='lat' dir='ltr'><strong>HON.</strong></span> <span class='ocrx_word' id='word_1_382' title='bbox 2057 402 2262 461; x_wconf 78' lang='lat' dir='ltr'><strong>CLEM.</strong></span> <span class='ocrx_word' id='word_1_383' title='bbox 2302 400 2700 460; x_wconf 74' lang='lat' dir='ltr'><strong>FORTUNATI</strong></span> <span class='ocrx_word' id='word_1_384' title='bbox 2737 403 3021 462; x_wconf 78' lang='lat' dir='ltr'><strong>OPERUM</strong></span> <span class='ocrx_word' id='word_1_385' title='bbox 3063 404 3240 464; x_wconf 82' lang='lat' dir='ltr'><strong>PARS</strong></span> <span class='ocrx_word' id='word_1_386' title='bbox 3277 405 3319 467; x_wconf 79' lang='lat' dir='ltr'><strong>I.‘</strong></span> 
     </span>
    </p>
   </div>
   <div class='ocr_carea' id='block_1_65' title="bbox 2345 521 4013 600">
    <p class='ocr_par' dir='ltr' id='par_1_65' title="bbox 2345 521 4013 600">
     <span class='ocr_line' id='line_1_65' title="bbox 2345 521 4013 600; baseline 0.008 -27"><span class='ocrx_word' id='word_1_387' title='bbox 2345 525 2401 587; x_wconf 72' lang='grc' dir='ltr'><strong>Α</strong></span> <span class='ocrx_word' id='word_1_388' title='bbox 2498 536 2719 600; x_wconf 75' lang='lat' dir='ltr'><strong>munera</strong></span> <span class='ocrx_word' id='word_1_389' title='bbox 2745 521 2832 600; x_wconf 75' lang='lat' dir='ltr'><strong>illa</strong></span> <span class='ocrx_word' id='word_1_390' title='bbox 2873 523 3114 576; x_wconf 83' lang='lat' dir='ltr'><strong>miserat.</strong></span> <span class='ocrx_word' id='word_1_391' title='bbox 3155 522 3438 600; x_wconf 59' lang='lat' dir='ltr'><strong>Postremo</strong></span> <span class='ocrx_word' id='word_1_392' title='bbox 3465 537 3787 600; x_wconf 78' lang='lat' dir='ltr'><strong>communes</strong></span> <span class='ocrx_word' id='word_1_393' title='bbox 3829 542 3929 600; x_wconf 87' lang='lat' dir='ltr'><strong>pro</strong></span> <span class='ocrx_word' id='word_1_394' title='bbox 3957 546 4013 589; x_wconf 78' lang='lat' dir='ltr'><strong>se</strong></span> 
     </span>
    </p>
   </div>
   <div class='ocr_carea' id='block_1_66' title="bbox 2342 3251 2390 3316">
    <p class='ocr_par' dir='ltr' id='par_1_66' title="bbox 2342 3251 2390 3316">
     <span class='ocr_line' id='line_1_66' title="bbox 2342 3251 2390 3316; baseline 0 0"><span class='ocrx_word' id='word_1_395' title='bbox 2342 3251 2390 3316; x_wconf 73' lang='grc' dir='ltr'><strong>(Ξ</strong></span> 
     </span>
    </p>
   </div>
   <div class='ocr_carea' id='block_1_67' title="bbox 3906 411 4015 472">
    <p class='ocr_par' dir='ltr' id='par_1_67' title="bbox 3906 411 4015 472">
     <span class='ocr_line' id='line_1_67' title="bbox 3906 411 4015 472; baseline 0.018 -2"><span class='ocrx_word' id='word_1_396' title='bbox 3906 411 4015 472; x_wconf 71' lang='grc'><strong>356</strong></span> 
     </span>
    </p>
   </div>
   <div class='ocr_carea' id='block_1_68' title="bbox 2498 593 3757 672">
    <p class='ocr_par' dir='ltr' id='par_1_68' title="bbox 2498 593 3757 672">
     <span class='ocr_line' id='line_1_68' title="bbox 2498 593 3757 672; baseline 0.006 -26"><span class='ocrx_word' id='word_1_397' title='bbox 2498 593 2849 649; x_wconf 73' lang='lat' dir='ltr'><strong>l’ietavieusis</strong></span> <span class='ocrx_word' id='word_1_398' title='bbox 2889 594 3198 648; x_wconf 86' lang='lat' dir='ltr'><strong>monasterii</strong></span> <span class='ocrx_word' id='word_1_399' title='bbox 3231 610 3419 664; x_wconf 85' lang='lat' dir='ltr'><strong>preces</strong></span> <span class='ocrx_word' id='word_1_400' title='bbox 3445 596 3757 672; x_wconf 83' lang='lat' dir='ltr'><strong>efﬂagitat.]</strong></span> 
     </span>
    </p>
   </div>
   <div class='ocr_carea' id='block_1_69' title="bbox 2424 705 3717 778">
    <p class='ocr_par' dir='ltr' id='par_1_69' title="bbox 2424 705 3717 778">
     <span class='ocr_line' id='line_1_69' title="bbox 2424 705 3717 778; baseline 0.003 -18"><span class='ocrx_word' id='word_1_401' title='bbox 2424 706 2638 760; x_wconf 83' lang='lat' dir='ltr'><strong>Munera</strong></span> <span class='ocrx_word' id='word_1_402' title='bbox 2665 705 2858 774; x_wconf 88' lang='lat' dir='ltr'><strong>direxi,</strong></span> <span class='ocrx_word' id='word_1_403' title='bbox 2889 705 2984 760; x_wconf 90' lang='lat' dir='ltr'><strong>sed</strong></span> <span class='ocrx_word' id='word_1_404' title='bbox 3013 721 3118 759; x_wconf 90' lang='lat' dir='ltr'><strong>non</strong></span> <span class='ocrx_word' id='word_1_405' title='bbox 3148 721 3289 771; x_wconf 87' lang='lat' dir='ltr'><strong>mea,</strong></span> <span class='ocrx_word' id='word_1_406' title='bbox 3316 707 3478 762; x_wconf 84' lang='lat' dir='ltr'><strong>crede</strong></span> <span class='ocrx_word' id='word_1_407' title='bbox 3505 709 3717 778; x_wconf 86' lang='lat' dir='ltr'><strong>fatenti,</strong></span> 
     </span>
    </p>
   </div>
   <div class='ocr_carea' id='block_1_70' title="bbox 2493 797 3697 873">
    <p class='ocr_par' dir='ltr' id='par_1_70' title="bbox 2493 797 3697 873">
     <span class='ocr_line' id='line_1_70' title="bbox 2493 797 3697 873; baseline 0.007 -23"><span class='ocrx_word' id='word_1_408' title='bbox 2493 797 2572 850; x_wconf 88' lang='lat' dir='ltr'><strong>Ad</strong></span> <span class='ocrx_word' id='word_1_409' title='bbox 2600 808 2648 852; x_wconf 90' lang='lat' dir='ltr'><strong>te</strong></span> <span class='ocrx_word' id='word_1_410' title='bbox 2677 813 2796 866; x_wconf 70' lang='lat' dir='ltr'><strong>qua:</strong></span> <span class='ocrx_word' id='word_1_411' title='bbox 2827 797 3043 853; x_wconf 89' lang='lat' dir='ltr'><strong>veniunt</strong></span> <span class='ocrx_word' id='word_1_412' title='bbox 3073 808 3194 853; x_wconf 77' lang='lat' dir='ltr'><strong>sunt</strong></span> <span class='ocrx_word' id='word_1_413' title='bbox 3232 808 3316 853; x_wconf 90' lang='lat' dir='ltr'><strong>tua</strong></span> <span class='ocrx_word' id='word_1_414' title='bbox 3340 799 3480 854; x_wconf 88' lang='lat' dir='ltr'><strong>dona</strong></span> <span class='ocrx_word' id='word_1_415' title='bbox 3503 803 3697 873; x_wconf 86' lang='lat' dir='ltr'><strong>magis.</strong></span> 
     </span>
    </p>
   </div>
   <div class='ocr_carea' id='block_1_71' title="bbox 2421 889 3718 965">
    <p class='ocr_par' dir='ltr' id='par_1_71' title="bbox 2421 889 3718 965">
     <span class='ocr_line' id='line_1_71' title="bbox 2421 889 3718 965; baseline 0.005 -22"><span class='ocrx_word' id='word_1_416' title='bbox 2421 889 2575 944; x_wconf 83' lang='lat' dir='ltr'><strong>Melle</strong></span> <span class='ocrx_word' id='word_1_417' title='bbox 2605 889 2912 958; x_wconf 85' lang='lat' dir='ltr'><strong>superfusas</strong></span> <span class='ocrx_word' id='word_1_418' title='bbox 2933 900 3250 946; x_wconf 89' lang='lat' dir='ltr'><strong>cunctorum</strong></span> <span class='ocrx_word' id='word_1_419' title='bbox 3282 894 3510 965; x_wconf 83' lang='lat' dir='ltr'><strong>porrigis</strong></span> <span class='ocrx_word' id='word_1_420' title='bbox 3531 908 3684 950; x_wconf 86' lang='lat' dir='ltr'><strong>escas</strong></span> <span class='ocrx_word' id='word_1_421' title='bbox 3701 935 3718 963; x_wconf 94' lang='lat'><strong>,</strong></span> 
     </span>
    </p>
   </div>
   <div class='ocr_carea' id='block_1_72' title="bbox 2493 983 3722 1052">
    <p class='ocr_par' dir='ltr' id='par_1_72' title="bbox 2493 983 3722 1052">
     <span class='ocr_line' id='line_1_72' title="bbox 2493 983 3722 1052; baseline 0.003 -14"><span class='ocrx_word' id='word_1_422' title='bbox 2493 993 2516 1021; x_wconf 87' lang='lat'><strong><em>°</em></strong></span> <span class='ocrx_word' id='word_1_423' title='bbox 2557 984 2720 1052; x_wconf 86' lang='lat' dir='ltr'><strong>Cujus</strong></span> <span class='ocrx_word' id='word_1_424' title='bbox 2743 983 2809 1038; x_wconf 91' lang='lat' dir='ltr'><strong>ab</strong></span> <span class='ocrx_word' id='word_1_425' title='bbox 2831 998 2925 1038; x_wconf 90' lang='lat' dir='ltr'><strong>ore</strong></span> <span class='ocrx_word' id='word_1_426' title='bbox 2958 985 3105 1052; x_wconf 91' lang='lat' dir='ltr'><strong>prius</strong></span> <span class='ocrx_word' id='word_1_427' title='bbox 3130 984 3308 1039; x_wconf 88' lang='lat' dir='ltr'><strong>dulcia</strong></span> <span class='ocrx_word' id='word_1_428' title='bbox 3338 987 3497 1042; x_wconf 84' lang='lat' dir='ltr'><strong>mella</strong></span> <span class='ocrx_word' id='word_1_429' title='bbox 3526 987 3722 1043; x_wconf 81' lang='lat' dir='ltr'><strong>ﬂuunt.</strong></span> 
     </span>
    </p>
   </div>
   <div class='ocr_carea' id='block_1_73' title="bbox 2418 1073 3827 1145">
    <p class='ocr_par' dir='ltr' id='par_1_73' title="bbox 2418 1073 3827 1145">
     <span class='ocr_line' id='line_1_73' title="bbox 2418 1073 3827 1145; baseline 0.004 -16"><span class='ocrx_word' id='word_1_430' title='bbox 2418 1075 2580 1142; x_wconf 85' lang='lat' dir='ltr'><strong>Copia</strong></span> <span class='ocrx_word' id='word_1_431' title='bbox 2616 1083 2810 1141; x_wconf 89' lang='lat' dir='ltr'><strong>quanta</strong></span> <span class='ocrx_word' id='word_1_432' title='bbox 2842 1073 2974 1127; x_wconf 89' lang='lat' dir='ltr'><strong>mihi</strong></span> <span class='ocrx_word' id='word_1_433' title='bbox 3017 1086 3231 1130; x_wconf 88' lang='lat' dir='ltr'><strong>maneat</strong></span> <span class='ocrx_word' id='word_1_434' title='bbox 3270 1075 3337 1131; x_wconf 88' lang='lat' dir='ltr'><strong>de</strong></span> <span class='ocrx_word' id='word_1_435' title='bbox 3367 1091 3591 1133; x_wconf 90' lang='lat' dir='ltr'><strong>munere</strong></span> <span class='ocrx_word' id='word_1_436' title='bbox 3619 1088 3827 1145; x_wconf 87' lang='lat' dir='ltr'><strong>vestro,</strong></span> 
     </span>
    </p>
   </div>
   <div class='ocr_carea' id='block_1_74' title="bbox 2489 1168 3774 1242">
    <p class='ocr_par' dir='ltr' id='par_1_74' title="bbox 2489 1168 3774 1242">
     <span class='ocr_line' id='line_1_74' title="bbox 2489 1168 3774 1242; baseline 0.005 -20"><span class='ocrx_word' id='word_1_437' title='bbox 2489 1168 2721 1237; x_wconf 80' lang='lat' dir='ltr'><strong>Credite,</strong></span> <span class='ocrx_word' id='word_1_438' title='bbox 2750 1171 2875 1224; x_wconf 88' lang='lat' dir='ltr'><strong>dum</strong></span> <span class='ocrx_word' id='word_1_439' title='bbox 2907 1170 3110 1240; x_wconf 88' lang='lat' dir='ltr'><strong>spargit</strong></span> <span class='ocrx_word' id='word_1_440' title='bbox 3141 1169 3253 1240; x_wconf 87' lang='lat' dir='ltr'><strong>jam</strong></span> <span class='ocrx_word' id='word_1_441' title='bbox 3280 1174 3402 1242; x_wconf 87' lang='lat' dir='ltr'><strong>gula</strong></span> <span class='ocrx_word' id='word_1_442' title='bbox 3436 1174 3574 1228; x_wconf 88' lang='lat' dir='ltr'><strong>victa</strong></span> <span class='ocrx_word' id='word_1_443' title='bbox 3601 1175 3774 1230; x_wconf 88' lang='lat' dir='ltr'><strong>cibos.</strong></span> 
     </span>
    </p>
   </div>
   <div class='ocr_carea' id='block_1_75' title="bbox 2419 1253 3949 1338">
    <p class='ocr_par' dir='ltr' id='par_1_75' title="bbox 2419 1253 3949 1338">
     <span class='ocr_line' id='line_1_75' title="bbox 2419 1253 3949 1338; baseline 0.002 -19"><span class='ocrx_word' id='word_1_444' title='bbox 2419 1263 2523 1320; x_wconf 86' lang='lat' dir='ltr'><strong>Sed</strong></span> <span class='ocrx_word' id='word_1_445' title='bbox 2553 1265 2680 1318; x_wconf 82' lang='lat' dir='ltr'><strong>mihi</strong></span> <span class='ocrx_word' id='word_1_446' title='bbox 2711 1265 2775 1318; x_wconf 91' lang='lat' dir='ltr'><strong>da</strong></span> <span class='ocrx_word' id='word_1_447' title='bbox 2808 1267 3044 1331; x_wconf 89' lang='lat' dir='ltr'><strong>veniam,</strong></span> <span class='ocrx_word' id='word_1_448' title='bbox 3077 1268 3390 1320; x_wconf 87' lang='lat' dir='ltr'><strong>venerando</strong></span> <span class='ocrx_word' id='word_1_449' title='bbox 3415 1267 3579 1322; x_wconf 89' lang='lat' dir='ltr'><strong>corde</strong></span> <span class='ocrx_word' id='word_1_450' title='bbox 3611 1268 3867 1338; x_wconf 86' lang='lat' dir='ltr'><strong>benigna,</strong></span> <span class='ocrx_word' id='word_1_451' title='bbox 3946 1253 3949 1255; x_wconf 23' lang='grc' dir='ltr'><strong>ί</strong></span> 
     </span>
    </p>
   </div>
   <div class='ocr_carea' id='block_1_76' title="bbox 2490 1359 3759 1428">
    <p class='ocr_par' dir='ltr' id='par_1_76' title="bbox 2490 1359 3759 1428">
     <span class='ocr_line' id='line_1_76' title="bbox 2490 1359 3759 1428; baseline 0.003 -16"><span class='ocrx_word' id='word_1_452' title='bbox 2490 1360 2639 1425; x_wconf 82' lang='lat' dir='ltr'><strong>Quod</strong></span> <span class='ocrx_word' id='word_1_453' title='bbox 2669 1359 3010 1428; x_wconf 72' lang='lat' dir='ltr'><strong>prrcsumpsit</strong></span> <span class='ocrx_word' id='word_1_454' title='bbox 3039 1374 3211 1425; x_wconf 90' lang='lat' dir='ltr'><strong>amor,</strong></span> <span class='ocrx_word' id='word_1_455' title='bbox 3266 1359 3338 1414; x_wconf 90' lang='lat' dir='ltr'><strong>sit</strong></span> <span class='ocrx_word' id='word_1_456' title='bbox 3369 1362 3582 1416; x_wconf 87' lang='lat' dir='ltr'><strong>veniale</strong></span> <span class='ocrx_word' id='word_1_457' title='bbox 3605 1362 3759 1416; x_wconf 86' lang='lat' dir='ltr'><strong>mihi.</strong></span> 
     </span>
    </p>
   </div>
   <div class='ocr_carea' id='block_1_77' title="bbox 2419 1451 4010 1521">
    <p class='ocr_par' dir='ltr' id='par_1_77' title="bbox 2419 1451 4010 1521">
     <span class='ocr_line' id='line_1_77' title="bbox 2419 1451 4010 1521; baseline 0.003 -17"><span class='ocrx_word' id='word_1_458' title='bbox 2419 1451 2568 1504; x_wconf 72' lang='lat' dir='ltr'><strong>Nunc</strong></span> <span class='ocrx_word' id='word_1_459' title='bbox 2597 1451 2870 1506; x_wconf 83' lang='lat' dir='ltr'><strong>Christum</strong></span> <span class='ocrx_word' id='word_1_460' title='bbox 2902 1466 2996 1520; x_wconf 92' lang='lat' dir='ltr'><strong>pro</strong></span> <span class='ocrx_word' id='word_1_461' title='bbox 3021 1467 3108 1508; x_wconf 89' lang='lat' dir='ltr'><strong>me</strong></span> <span class='ocrx_word' id='word_1_462' title='bbox 3134 1451 3334 1508; x_wconf 90' lang='lat' dir='ltr'><strong>chorus</strong></span> <span class='ocrx_word' id='word_1_463' title='bbox 3361 1453 3454 1509; x_wconf 90' lang='lat' dir='ltr'><strong>ille</strong></span> <span class='ocrx_word' id='word_1_464' title='bbox 3485 1455 3758 1510; x_wconf 86' lang='lat' dir='ltr'><strong>verendus</strong></span> <span class='ocrx_word' id='word_1_465' title='bbox 3793 1454 4010 1521; x_wconf 83' lang='lat' dir='ltr'><strong>adoret,</strong></span> 
     </span>
    </p>
   </div>
   <div class='ocr_carea' id='block_1_78' title="bbox 2489 1541 3643 1614">
    <p class='ocr_par' dir='ltr' id='par_1_78' title="bbox 2489 1541 3643 1614">
     <span class='ocr_line' id='line_1_78' title="bbox 2489 1541 3643 1614; baseline 0.005 -19"><span class='ocrx_word' id='word_1_466' title='bbox 2489 1541 2595 1596; x_wconf 78' lang='lat' dir='ltr'><strong>Nec</strong></span> <span class='ocrx_word' id='word_1_467' title='bbox 2625 1553 2956 1609; x_wconf 87' lang='lat' dir='ltr'><strong>peccatorem</strong></span> <span class='ocrx_word' id='word_1_468' title='bbox 2985 1558 3071 1599; x_wconf 89' lang='lat' dir='ltr'><strong>me</strong></span> <span class='ocrx_word' id='word_1_469' title='bbox 3098 1558 3214 1598; x_wconf 87' lang='lat' dir='ltr'><strong>mea</strong></span> <span class='ocrx_word' id='word_1_470' title='bbox 3245 1544 3403 1614; x_wconf 86' lang='lat' dir='ltr'><strong>culpa</strong></span> <span class='ocrx_word' id='word_1_471' title='bbox 3434 1555 3643 1614; x_wconf 78' lang='lat' dir='ltr'><strong>gravet.</strong></span> 
     </span>
    </p>
   </div>
   <div class='ocr_carea' id='block_1_79' title="bbox 2984 1653 3444 1711">
    <p class='ocr_par' dir='ltr' id='par_1_79' title="bbox 2984 1653 3444 1711">
     <span class='ocr_line' id='line_1_79' title="bbox 2984 1653 3444 1711; baseline 0.004 -3"><span class='ocrx_word' id='word_1_472' title='bbox 2984 1653 3264 1711; x_wconf 80' lang='lat' dir='ltr'><strong>CAPUT</strong></span> <span class='ocrx_word' id='word_1_473' title='bbox 3305 1656 3444 1710; x_wconf 84' lang='lat' dir='ltr'><strong>XIII.</strong></span> 
     </span>
    </p>
   </div>
   <div class='ocr_carea' id='block_1_80' title="bbox 3010 1743 3424 1801">
    <p class='ocr_par' dir='ltr' id='par_1_80' title="bbox 3010 1743 3424 1801">
     <span class='ocr_line' id='line_1_80' title="bbox 3010 1743 3424 1801; baseline 0.005 -5"><span class='ocrx_word' id='word_1_474' title='bbox 3010 1743 3117 1797; x_wconf 87' lang='lat' dir='ltr'><strong>Pro</strong></span> <span class='ocrx_word' id='word_1_475' title='bbox 3148 1748 3424 1801; x_wconf 75' lang='lat' dir='ltr'><strong>castaneis.</strong></span> 
     </span>
    </p>
   </div>
   <div class='ocr_carea' id='block_1_81' title="bbox 2421 1831 4013 1906">
    <p class='ocr_par' dir='ltr' id='par_1_81' title="bbox 2421 1831 4013 1906">
     <span class='ocr_line' id='line_1_81' title="bbox 2421 1831 4013 1906; baseline 0.005 -20"><span class='ocrx_word' id='word_1_476' title='bbox 2421 1831 2744 1904; x_wconf 85' lang='lat' dir='ltr'><strong>[Vimineam</strong></span> <span class='ocrx_word' id='word_1_477' title='bbox 2790 1834 3066 1901; x_wconf 82' lang='lat' dir='ltr'><strong>fiscellam,</strong></span> <span class='ocrx_word' id='word_1_478' title='bbox 3110 1837 3192 1890; x_wconf 92' lang='lat' dir='ltr'><strong>sui</strong></span> <span class='ocrx_word' id='word_1_479' title='bbox 3249 1839 3416 1905; x_wconf 90' lang='lat' dir='ltr'><strong>ipsius</strong></span> <span class='ocrx_word' id='word_1_480' title='bbox 3466 1839 3720 1893; x_wconf 88' lang='lat' dir='ltr'><strong>manibus</strong></span> <span class='ocrx_word' id='word_1_481' title='bbox 3781 1846 4013 1906; x_wconf 87' lang='lat' dir='ltr'><strong>textam,</strong></span> 
     </span>
    </p>
   </div>
   <div class='ocr_carea' id='block_1_82' title="bbox 2495 1907 4012 1980">
    <p class='ocr_par' dir='ltr' id='par_1_82' title="bbox 2495 1907 4012 1980">
     <span class='ocr_line' id='line_1_82' title="bbox 2495 1907 4012 1980; baseline 0.006 -24"><span class='ocrx_word' id='word_1_482' title='bbox 2495 1919 2593 1980; x_wconf 86' lang='lat' dir='ltr'><strong>una</strong></span> <span class='ocrx_word' id='word_1_483' title='bbox 2623 1919 2745 1980; x_wconf 83' lang='lat' dir='ltr'><strong>cum</strong></span> <span class='ocrx_word' id='word_1_484' title='bbox 2771 1911 3061 1980; x_wconf 58' lang='lat' dir='ltr'><strong>castaneis,</strong></span> <span class='ocrx_word' id='word_1_485' title='bbox 3106 1907 3170 1959; x_wconf 92' lang='lat' dir='ltr'><strong>ad</strong></span> <span class='ocrx_word' id='word_1_486' title='bbox 3207 1909 3478 1980; x_wconf 62' lang='lat' dir='ltr'><strong>Agnetem</strong></span> <span class='ocrx_word' id='word_1_487' title='bbox 3518 1919 3574 1964; x_wconf 88' lang='lat' dir='ltr'><strong>et</strong></span> <span class='ocrx_word' id='word_1_488' title='bbox 3618 1908 4012 1980; x_wconf 82' lang='lat' dir='ltr'><strong>Iladegundem</strong></span> 
     </span>
    </p>
   </div>
   <div class='ocr_carea' id='block_1_83' title="bbox 2493 1973 3226 2046">
    <p class='ocr_par' dir='ltr' id='par_1_83' title="bbox 2493 1973 3226 2046">
     <span class='ocr_line' id='line_1_83' title="bbox 2493 1973 3226 2046; baseline 0.005 -20"><span class='ocrx_word' id='word_1_489' title='bbox 2493 1975 2631 2027; x_wconf 89' lang='lat' dir='ltr'><strong>dono</strong></span> <span class='ocrx_word' id='word_1_490' title='bbox 2661 1976 2820 2028; x_wconf 85' lang='lat' dir='ltr'><strong>mittit</strong></span> <span class='ocrx_word' id='word_1_491' title='bbox 2851 1973 3226 2046; x_wconf 84' lang='lat' dir='ltr'><strong>Fortunatus.]</strong></span> 
     </span>
    </p>
   </div>
   <div class='ocr_carea' id='block_1_84' title="bbox 2420 2067 3735 2137">
    <p class='ocr_par' dir='ltr' id='par_1_84' title="bbox 2420 2067 3735 2137">
     <span class='ocr_line' id='line_1_84' title="bbox 2420 2067 3735 2137; baseline 0.004 -16"><span class='ocrx_word' id='word_1_492' title='bbox 2420 2067 2523 2122; x_wconf 89' lang='lat' dir='ltr'><strong>Ista</strong></span> <span class='ocrx_word' id='word_1_493' title='bbox 2552 2069 2685 2123; x_wconf 90' lang='lat' dir='ltr'><strong>meis</strong></span> <span class='ocrx_word' id='word_1_494' title='bbox 2716 2069 2962 2123; x_wconf 86' lang='lat' dir='ltr'><strong>manibus</strong></span> <span class='ocrx_word' id='word_1_495' title='bbox 2995 2068 3196 2123; x_wconf 86' lang='lat' dir='ltr'><strong>fiscella</strong></span> <span class='ocrx_word' id='word_1_496' title='bbox 3225 2078 3308 2125; x_wconf 90' lang='lat' dir='ltr'><strong>est</strong></span> <span class='ocrx_word' id='word_1_497' title='bbox 3335 2069 3534 2124; x_wconf 89' lang='lat' dir='ltr'><strong>vimine</strong></span> <span class='ocrx_word' id='word_1_498' title='bbox 3563 2078 3735 2137; x_wconf 86' lang='lat' dir='ltr'><strong>texta,</strong></span> 
     </span>
    </p>
   </div>
   <div class='ocr_carea' id='block_1_85' title="bbox 2490 2163 3677 2230">
    <p class='ocr_par' dir='ltr' id='par_1_85' title="bbox 2490 2163 3677 2230">
     <span class='ocr_line' id='line_1_85' title="bbox 2490 2163 3677 2230; baseline 0.003 -15"><span class='ocrx_word' id='word_1_499' title='bbox 2490 2163 2702 2219; x_wconf 89' lang='lat' dir='ltr'><strong>Credite</strong></span> <span class='ocrx_word' id='word_1_500' title='bbox 2723 2164 2816 2230; x_wconf 92' lang='lat' dir='ltr'><strong>mi,</strong></span> <span class='ocrx_word' id='word_1_501' title='bbox 2839 2165 3016 2219; x_wconf 75' lang='lat' dir='ltr'><strong>chara:</strong></span> <span class='ocrx_word' id='word_1_502' title='bbox 3041 2174 3215 2219; x_wconf 89' lang='lat' dir='ltr'><strong>mater</strong></span> <span class='ocrx_word' id='word_1_503' title='bbox 3245 2173 3299 2219; x_wconf 91' lang='lat' dir='ltr'><strong>et</strong></span> <span class='ocrx_word' id='word_1_504' title='bbox 3327 2165 3470 2219; x_wconf 88' lang='lat' dir='ltr'><strong>alma</strong></span> <span class='ocrx_word' id='word_1_505' title='bbox 3501 2179 3677 2220; x_wconf 91' lang='lat' dir='ltr'><strong>soror.</strong></span> 
     </span>
    </p>
   </div>
   <div class='ocr_carea' id='block_1_86' title="bbox 2422 2250 3903 2325">
    <p class='ocr_par' dir='ltr' id='par_1_86' title="bbox 2422 2250 3903 2325">
     <span class='ocr_line' id='line_1_86' title="bbox 2422 2250 3903 2325; baseline 0.002 -17"><span class='ocrx_word' id='word_1_506' title='bbox 2422 2255 2482 2308; x_wconf 80' lang='lat' dir='ltr'><strong>Et</strong></span> <span class='ocrx_word' id='word_1_507' title='bbox 2506 2259 2622 2321; x_wconf 74' lang='lat' dir='ltr'><strong>qua&quot;:</strong></span> <span class='ocrx_word' id='word_1_508' title='bbox 2655 2267 2774 2307; x_wconf 90' lang='lat' dir='ltr'><strong>rura</strong></span> <span class='ocrx_word' id='word_1_509' title='bbox 2799 2253 2992 2318; x_wconf 86' lang='lat' dir='ltr'><strong>ferunt,</strong></span> <span class='ocrx_word' id='word_1_510' title='bbox 3026 2250 3045 2290; x_wconf 74' lang='grc' dir='ltr'><em>τ</em></span> <span class='ocrx_word' id='word_1_511' title='bbox 3084 2253 3196 2307; x_wconf 83' lang='lat' dir='ltr'><strong>haec</strong></span> <span class='ocrx_word' id='word_1_512' title='bbox 3224 2253 3424 2308; x_wconf 90' lang='lat' dir='ltr'><strong>rustica</strong></span> <span class='ocrx_word' id='word_1_513' title='bbox 3455 2253 3598 2308; x_wconf 90' lang='lat' dir='ltr'><strong>dona</strong></span> <span class='ocrx_word' id='word_1_514' title='bbox 3624 2253 3903 2325; x_wconf 89' lang='lat' dir='ltr'><strong>ministro,</strong></span> 
     </span>
    </p>
   </div>
   <div class='ocr_carea' id='block_1_87' title="bbox 2489 2343 3754 2416">
    <p class='ocr_par' dir='ltr' id='par_1_87' title="bbox 2489 2343 3754 2416">
     <span class='ocr_line' id='line_1_87' title="bbox 2489 2343 3754 2416; baseline 0.002 -19"><span class='ocrx_word' id='word_1_515' title='bbox 2489 2343 2775 2399; x_wconf 78' lang='lat' dir='ltr'><strong>Castaneas</strong></span> <span class='ocrx_word' id='word_1_516' title='bbox 2802 2345 3016 2409; x_wconf 90' lang='lat' dir='ltr'><strong>molles,</strong></span> <span class='ocrx_word' id='word_1_517' title='bbox 3049 2359 3185 2413; x_wconf 88' lang='lat' dir='ltr'><strong>quas</strong></span> <span class='ocrx_word' id='word_1_518' title='bbox 3214 2343 3364 2399; x_wconf 91' lang='lat' dir='ltr'><strong>dedit</strong></span> <span class='ocrx_word' id='word_1_519' title='bbox 3397 2345 3560 2401; x_wconf 88' lang='lat' dir='ltr'><strong>arbor</strong></span> <span class='ocrx_word' id='word_1_520' title='bbox 3587 2346 3754 2416; x_wconf 87' lang='lat' dir='ltr'><strong>agris.</strong></span> 
     </span>
    </p>
   </div>
   <div class='ocr_carea' id='block_1_88' title="bbox 2998 2459 3435 2514">
    <p class='ocr_par' dir='ltr' id='par_1_88' title="bbox 2998 2459 3435 2514">
     <span class='ocr_line' id='line_1_88' title="bbox 2998 2459 3435 2514; baseline 0 -2"><span class='ocrx_word' id='word_1_521' title='bbox 2998 2459 3264 2514; x_wconf 85' lang='lat' dir='ltr'><strong>CAPUT</strong></span> <span class='ocrx_word' id='word_1_522' title='bbox 3298 2459 3435 2513; x_wconf 85' lang='lat' dir='ltr'><strong>XIV.</strong></span> 
     </span>
    </p>
   </div>
   <div class='ocr_carea' id='block_1_89' title="bbox 3075 2548 3361 2604">
    <p class='ocr_par' dir='ltr' id='par_1_89' title="bbox 3075 2548 3361 2604">
     <span class='ocr_line' id='line_1_89' title="bbox 3075 2548 3361 2604; baseline 0.01 -3"><span class='ocrx_word' id='word_1_523' title='bbox 3075 2548 3183 2602; x_wconf 85' lang='lat' dir='ltr'><strong>Pro</strong></span> <span class='ocrx_word' id='word_1_524' title='bbox 3210 2550 3361 2604; x_wconf 86' lang='lat' dir='ltr'><strong>lacte.</strong></span> 
     </span>
    </p>
   </div>
   <div class='ocr_carea' id='block_1_90' title="bbox 2421 2639 4011 2714">
    <p class='ocr_par' dir='ltr' id='par_1_90' title="bbox 2421 2639 4011 2714">
     <span class='ocr_line' id='line_1_90' title="bbox 2421 2639 4011 2714; baseline 0.003 -18"><span class='ocrx_word' id='word_1_525' title='bbox 2421 2641 2632 2712; x_wconf 77' lang='lat' dir='ltr'><strong>[Agneti</strong></span> <span class='ocrx_word' id='word_1_526' title='bbox 2682 2655 2762 2714; x_wconf 92' lang='lat' dir='ltr'><strong>ac_</strong></span> <span class='ocrx_word' id='word_1_527' title='bbox 2791 2639 3104 2706; x_wconf 80' lang='lat' dir='ltr'><strong>Iladegundi</strong></span> <span class='ocrx_word' id='word_1_528' title='bbox 3148 2643 3348 2709; x_wconf 88' lang='lat' dir='ltr'><strong>gratias</strong></span> <span class='ocrx_word' id='word_1_529' title='bbox 3387 2642 3499 2711; x_wconf 87' lang='lat' dir='ltr'><strong>agit</strong></span> <span class='ocrx_word' id='word_1_530' title='bbox 3540 2642 3869 2714; x_wconf 75' lang='lat' dir='ltr'><strong>Fortunatus</strong></span> <span class='ocrx_word' id='word_1_531' title='bbox 3912 2658 4011 2714; x_wconf 85' lang='lat' dir='ltr'><strong>pro</strong></span> 
     </span>
    </p>
   </div>
   <div class='ocr_carea' id='block_1_91' title="bbox 2492 2712 4012 2781">
    <p class='ocr_par' dir='ltr' id='par_1_91' title="bbox 2492 2712 4012 2781">
     <span class='ocr_line' id='line_1_91' title="bbox 2492 2712 4012 2781; baseline 0.003 -15"><span class='ocrx_word' id='word_1_532' title='bbox 2492 2714 2660 2766; x_wconf 75' lang='lat' dir='ltr'><strong>misso</strong></span> <span class='ocrx_word' id='word_1_533' title='bbox 2703 2712 2766 2763; x_wconf 87' lang='lat' dir='ltr'><strong>ad</strong></span> <span class='ocrx_word' id='word_1_534' title='bbox 2819 2727 2878 2765; x_wconf 91' lang='lat' dir='ltr'><strong>se</strong></span> <span class='ocrx_word' id='word_1_535' title='bbox 2921 2714 3093 2765; x_wconf 86' lang='lat' dir='ltr'><strong>lacteo</strong></span> <span class='ocrx_word' id='word_1_536' title='bbox 3143 2715 3440 2781; x_wconf 85' lang='lat' dir='ltr'><strong>pulmento,</strong></span> <span class='ocrx_word' id='word_1_537' title='bbox 3491 2712 3649 2781; x_wconf 88' lang='lat' dir='ltr'><strong>cujus</strong></span> <span class='ocrx_word' id='word_1_538' title='bbox 3678 2712 3930 2768; x_wconf 47' lang='lat' dir='ltr'><strong>formam&#39;</strong></span> <span class='ocrx_word' id='word_1_539' title='bbox 3957 2722 4012 2770; x_wconf 80' lang='lat' dir='ltr'><strong>et</strong></span> 
     </span>
    </p>
   </div>
   <div class='ocr_carea' id='block_1_92' title="bbox 2493 2781 4014 2852">
    <p class='ocr_par' dir='ltr' id='par_1_92' title="bbox 2493 2781 4014 2852">
     <span class='ocr_line' id='line_1_92' title="bbox 2493 2781 4014 2852; baseline 0.005 -17"><span class='ocrx_word' id='word_1_540' title='bbox 2493 2797 2627 2848; x_wconf 80' lang='lat' dir='ltr'><strong>Opus</strong></span> <span class='ocrx_word' id='word_1_541' title='bbox 2657 2782 2936 2835; x_wconf 87' lang='lat' dir='ltr'><strong>describit.</strong></span> <span class='ocrx_word' id='word_1_542' title='bbox 2967 2781 3068 2852; x_wconf 84' lang='lat' dir='ltr'><strong>_Ad</strong></span> <span class='ocrx_word' id='word_1_543' title='bbox 3110 2792 3413 2836; x_wconf 78' lang='lat' dir='ltr'><strong>extremum</strong></span> <span class='ocrx_word' id='word_1_544' title='bbox 3462 2792 3613 2852; x_wconf 84' lang='lat' dir='ltr'><strong>optat</strong></span> <span class='ocrx_word' id='word_1_545' title='bbox 3667 2791 3724 2838; x_wconf 93' lang='lat' dir='ltr'><strong>ut</strong></span> <span class='ocrx_word' id='word_1_546' title='bbox 3766 2783 3874 2840; x_wconf 74' lang='lat' dir='ltr'><strong>illa:</strong></span> <span class='ocrx_word' id='word_1_547' title='bbox 3921 2783 4014 2844; x_wconf 83' lang='lat' dir='ltr'><strong>diu</strong></span> 
     </span>
    </p>
   </div>
   <div class='ocr_carea' id='block_1_93' title="bbox 2492 2849 2986 2920">
    <p class='ocr_par' dir='ltr' id='par_1_93' title="bbox 2492 2849 2986 2920">
     <span class='ocr_line' id='line_1_93' title="bbox 2492 2849 2986 2920; baseline -0.004 -16"><span class='ocrx_word' id='word_1_548' title='bbox 2492 2855 2596 2906; x_wconf 90' lang='lat' dir='ltr'><strong>sint</strong></span> <span class='ocrx_word' id='word_1_549' title='bbox 2622 2849 2986 2920; x_wconf 70' lang='lat' dir='ltr'><strong>superstites]</strong></span> 
     </span>
    </p>
   </div>
   <div class='ocr_carea' id='block_1_94' title="bbox 2422 2943 3735 3013">
    <p class='ocr_par' dir='ltr' id='par_1_94' title="bbox 2422 2943 3735 3013">
     <span class='ocr_line' id='line_1_94' title="bbox 2422 2943 3735 3013; baseline -0.001 -15"><span class='ocrx_word' id='word_1_550' title='bbox 2422 2944 2616 3012; x_wconf 83' lang='lat' dir='ltr'><strong>Aspexi</strong></span> <span class='ocrx_word' id='word_1_551' title='bbox 2647 2943 2844 3013; x_wconf 79' lang='lat' dir='ltr'><strong>digitos</strong></span> <span class='ocrx_word' id='word_1_552' title='bbox 2872 2957 2966 3010; x_wconf 91' lang='lat' dir='ltr'><strong>per</strong></span> <span class='ocrx_word' id='word_1_553' title='bbox 2998 2944 3166 2997; x_wconf 89' lang='lat' dir='ltr'><strong>lactea</strong></span> <span class='ocrx_word' id='word_1_554' title='bbox 3196 2957 3417 2998; x_wconf 85' lang='lat' dir='ltr'><strong>munera</strong></span> <span class='ocrx_word' id='word_1_555' title='bbox 3441 2953 3467 2991; x_wconf 72' lang='grc' dir='ltr'><strong><em>κ</em></strong></span> <span class='ocrx_word' id='word_1_556' title='bbox 3498 2958 3735 3011; x_wconf 88' lang='lat' dir='ltr'><strong>pressos,</strong></span> 
     </span>
    </p>
   </div>
   <div class='ocr_carea' id='block_1_95' title="bbox 2497 3029 3769 3103">
    <p class='ocr_par' dir='ltr' id='par_1_95' title="bbox 2497 3029 3769 3103">
     <span class='ocr_line' id='line_1_95' title="bbox 2497 3029 3769 3103; baseline 0.004 -20"><span class='ocrx_word' id='word_1_557' title='bbox 2497 3031 2560 3084; x_wconf 81' lang='lat' dir='ltr'><strong>Et</strong></span> <span class='ocrx_word' id='word_1_558' title='bbox 2587 3041 2691 3084; x_wconf 85' lang='lat' dir='ltr'><strong>stat</strong></span> <span class='ocrx_word' id='word_1_559' title='bbox 2720 3031 2857 3099; x_wconf 84' lang='lat' dir='ltr'><strong>picta</strong></span> <span class='ocrx_word' id='word_1_560' title='bbox 2879 3045 3069 3084; x_wconf 89' lang='lat' dir='ltr'><strong>manus</strong></span> <span class='ocrx_word' id='word_1_561' title='bbox 3097 3032 3185 3084; x_wconf 89' lang='lat' dir='ltr'><strong>hic</strong></span> <span class='ocrx_word' id='word_1_562' title='bbox 3214 3031 3300 3085; x_wconf 92' lang='lat' dir='ltr'><strong>ubi</strong></span> <span class='ocrx_word' id='word_1_563' title='bbox 3333 3029 3363 3068; x_wconf 67' lang='grc' dir='ltr'>δ</span> <span class='ocrx_word' id='word_1_564' title='bbox 3385 3045 3573 3087; x_wconf 89' lang='lat' dir='ltr'><strong>crema</strong></span> <span class='ocrx_word' id='word_1_565' title='bbox 3603 3035 3769 3103; x_wconf 82' lang='lat' dir='ltr'><strong>rapis.</strong></span> 
     </span>
    </p>
   </div>
   <div class='ocr_carea' id='block_1_96' title="bbox 2423 3121 4014 3194">
    <p class='ocr_par' dir='ltr' id='par_1_96' title="bbox 2423 3121 4014 3194">
     <span class='ocr_line' id='line_1_96' title="bbox 2423 3121 4014 3194; baseline 0.001 -18"><span class='ocrx_word' id='word_1_566' title='bbox 2423 3121 2538 3185; x_wconf 89' lang='lat' dir='ltr'><strong>Dic,</strong></span> <span class='ocrx_word' id='word_1_567' title='bbox 2573 3137 2722 3191; x_wconf 77' lang='lat' dir='ltr'><strong>rugo,</strong></span> <span class='ocrx_word' id='word_1_568' title='bbox 2749 3122 2869 3191; x_wconf 90' lang='lat' dir='ltr'><strong>quis</strong></span> <span class='ocrx_word' id='word_1_569' title='bbox 2907 3129 3116 3177; x_wconf 85' lang='lat' dir='ltr'><strong>teneros</strong></span> <span class='ocrx_word' id='word_1_570' title='bbox 3143 3123 3221 3176; x_wconf 91' lang='lat' dir='ltr'><strong>sic</strong></span> <span class='ocrx_word' id='word_1_571' title='bbox 3243 3123 3492 3192; x_wconf 80' lang='lat' dir='ltr'><strong>scalpere</strong></span> <span class='ocrx_word' id='word_1_572' title='bbox 3522 3124 3792 3194; x_wconf 88' lang='lat' dir='ltr'><strong>compulit</strong></span> <span class='ocrx_word' id='word_1_573' title='bbox 3833 3131 4014 3193; x_wconf 85' lang='lat' dir='ltr'><strong>utres,</strong></span> 
     </span>
    </p>
   </div>
   <div class='ocr_carea' id='block_1_97' title="bbox 2496 3212 3607 3270">
    <p class='ocr_par' dir='ltr' id='par_1_97' title="bbox 2496 3212 3607 3270">
     <span class='ocr_line' id='line_1_97' title="bbox 2496 3212 3607 3270; baseline 0.002 -4"><span class='ocrx_word' id='word_1_574' title='bbox 2496 3213 2736 3266; x_wconf 77' lang='lat' dir='ltr'><strong>Daedalus</strong></span> <span class='ocrx_word' id='word_1_575' title='bbox 2759 3227 2827 3266; x_wconf 90' lang='lat' dir='ltr'><strong>an</strong></span> <span class='ocrx_word' id='word_1_576' title='bbox 2856 3212 3006 3267; x_wconf 86' lang='lat' dir='ltr'><strong>vobis</strong></span> <span class='ocrx_word' id='word_1_577' title='bbox 3029 3213 3217 3268; x_wconf 83' lang='lat' dir='ltr'><strong>doctor</strong></span> <span class='ocrx_word' id='word_1_578' title='bbox 3245 3213 3300 3268; x_wconf 90' lang='lat' dir='ltr'><strong>in</strong></span> <span class='ocrx_word' id='word_1_579' title='bbox 3327 3221 3442 3270; x_wconf 87' lang='lat' dir='ltr'><strong>arte</strong></span> <span class='ocrx_word' id='word_1_580' title='bbox 3472 3212 3607 3269; x_wconf 84' lang='lat' dir='ltr'><strong>fuit?</strong></span> 
     </span>
    </p>
   </div>
   <div class='ocr_carea' id='block_1_98' title="bbox 2424 3303 3806 3376">
    <p class='ocr_par' dir='ltr' id='par_1_98' title="bbox 2424 3303 3806 3376">
     <span class='ocr_line' id='line_1_98' title="bbox 2424 3303 3806 3376; baseline 0.001 -17"><span class='ocrx_word' id='word_1_581' title='bbox 2424 3303 2469 3359; x_wconf 91' lang='grc' dir='ltr'>Ο</span> <span class='ocrx_word' id='word_1_582' title='bbox 2492 3305 2827 3359; x_wconf 89' lang='lat' dir='ltr'><strong>venerandus</strong></span> <span class='ocrx_word' id='word_1_583' title='bbox 2853 3320 3028 3372; x_wconf 90' lang='lat' dir='ltr'><strong>amor,</strong></span> <span class='ocrx_word' id='word_1_584' title='bbox 3067 3305 3224 3375; x_wconf 91' lang='lat' dir='ltr'><strong>cujus</strong></span> <span class='ocrx_word' id='word_1_585' title='bbox 3261 3305 3304 3372; x_wconf 75' lang='grc' dir='ltr'><strong>ί,</strong></span> <span class='ocrx_word' id='word_1_586' title='bbox 3337 3305 3566 3362; x_wconf 83' lang='lat' dir='ltr'><strong>faciente</strong></span> <span class='ocrx_word' id='word_1_587' title='bbox 3593 3307 3806 3376; x_wconf 85' lang='lat' dir='ltr'><strong>rapina,</strong></span> 
     </span>
    </p>
   </div>
   <div class='ocr_carea' id='block_1_99' title="bbox 2491 3395 3562 3469">
    <p class='ocr_par' dir='ltr' id='par_1_99' title="bbox 2491 3395 3562 3469">
     <span class='ocr_line' id='line_1_99' title="bbox 2491 3395 3562 3469; baseline 0.004 -18"><span class='ocrx_word' id='word_1_588' title='bbox 2491 3396 2772 3451; x_wconf 88' lang='lat' dir='ltr'><strong>Subtracta</strong></span> <span class='ocrx_word' id='word_1_589' title='bbox 2798 3395 3000 3465; x_wconf 89' lang='lat' dir='ltr'><strong>specie,</strong></span> <span class='ocrx_word' id='word_1_590' title='bbox 3029 3399 3175 3453; x_wconf 87' lang='lat' dir='ltr'><strong>venit</strong></span> <span class='ocrx_word' id='word_1_591' title='bbox 3202 3399 3382 3469; x_wconf 87' lang='lat' dir='ltr'><strong>imago</strong></span> <span class='ocrx_word' id='word_1_592' title='bbox 3409 3400 3562 3455; x_wconf 88' lang='lat' dir='ltr'><strong>mihi.</strong></span> 
     </span>
    </p>
   </div>
   <div class='ocr_carea' id='block_1_100' title="bbox 2421 3486 3830 3562">
    <p class='ocr_par' dir='ltr' id='par_1_100' title="bbox 2421 3486 3830 3562">
     <span class='ocr_line' id='line_1_100' title="bbox 2421 3486 3830 3562; baseline 0.001 -18"><span class='ocrx_word' id='word_1_593' title='bbox 2421 3486 2557 3558; x_wconf 87' lang='lat' dir='ltr'><strong>Spes</strong></span> <span class='ocrx_word' id='word_1_594' title='bbox 2586 3487 2685 3540; x_wconf 91' lang='lat' dir='ltr'><strong>fuit</strong></span> <span class='ocrx_word' id='word_1_595' title='bbox 2711 3488 2827 3541; x_wconf 68' lang='lat' dir='ltr'><strong>hac</strong></span> <span class='ocrx_word' id='word_1_596' title='bbox 2857 3489 3109 3557; x_wconf 88' lang='lat' dir='ltr'><strong>quoniam</strong></span> <span class='ocrx_word' id='word_1_597' title='bbox 3143 3489 3288 3544; x_wconf 90' lang='lat' dir='ltr'><strong>tenui</strong></span> <span class='ocrx_word' id='word_1_598' title='bbox 3313 3504 3374 3546; x_wconf 88' lang='lat' dir='ltr'><strong>se</strong></span> <span class='ocrx_word' id='word_1_599' title='bbox 3397 3491 3631 3560; x_wconf 88' lang='lat' dir='ltr'><strong>tegmine</strong></span> <span class='ocrx_word' id='word_1_600' title='bbox 3657 3491 3830 3562; x_wconf 87' lang='lat' dir='ltr'><strong>rupit,</strong></span> 
     </span>
    </p>
   </div>
   <div class='ocr_carea' id='block_1_101' title="bbox 2491 3578 3806 3650">
    <p class='ocr_par' dir='ltr' id='par_1_101' title="bbox 2491 3578 3806 3650">
     <span class='ocr_line' id='line_1_101' title="bbox 2491 3578 3806 3650; baseline 0.005 -19"><span class='ocrx_word' id='word_1_601' title='bbox 2491 3578 2622 3631; x_wconf 84' lang='lat' dir='ltr'><strong>Nam</strong></span> <span class='ocrx_word' id='word_1_602' title='bbox 2649 3592 2822 3648; x_wconf 87' lang='lat' dir='ltr'><strong>neque</strong></span> <span class='ocrx_word' id='word_1_603' title='bbox 2847 3580 2924 3633; x_wconf 93' lang='lat' dir='ltr'><strong>sic</strong></span> <span class='ocrx_word' id='word_1_604' title='bbox 2946 3579 3133 3634; x_wconf 87' lang='lat' dir='ltr'><strong>habuit</strong></span> <span class='ocrx_word' id='word_1_605' title='bbox 3160 3595 3284 3650; x_wconf 84' lang='lat' dir='ltr'><strong>pars</strong></span> <span class='ocrx_word' id='word_1_606' title='bbox 3310 3581 3440 3635; x_wconf 87' lang='lat' dir='ltr'><strong>mihi</strong></span> <span class='ocrx_word' id='word_1_607' title='bbox 3471 3597 3633 3650; x_wconf 84' lang='lat' dir='ltr'><strong>parva</strong></span> <span class='ocrx_word' id='word_1_608' title='bbox 3657 3582 3806 3637; x_wconf 89' lang='lat' dir='ltr'><strong>dari.</strong></span> 
     </span>
    </p>
   </div>
   <div class='ocr_carea' id='block_1_102' title="bbox 2421 3667 3878 3742">
    <p class='ocr_par' dir='ltr' id='par_1_102' title="bbox 2421 3667 3878 3742">
     <span class='ocr_line' id='line_1_102' title="bbox 2421 3667 3878 3742; baseline 0.004 -18"><span class='ocrx_word' id='word_1_609' title='bbox 2421 3667 2548 3724; x_wconf 68' lang='lat' dir='ltr'><strong>Haec</strong></span> <span class='ocrx_word' id='word_1_610' title='bbox 2575 3669 2762 3736; x_wconf 73' lang='lat' dir='ltr'><strong>facias,</strong></span> <span class='ocrx_word' id='word_1_611' title='bbox 2801 3670 2989 3739; x_wconf 85' lang='lat' dir='ltr'><strong>longos</strong></span> <span class='ocrx_word' id='word_1_612' title='bbox 3012 3671 3238 3727; x_wconf 89' lang='lat' dir='ltr'><strong>Domino</strong></span> <span class='ocrx_word' id='word_1_613' title='bbox 3268 3671 3540 3728; x_wconf 85' lang='lat' dir='ltr'><strong>tribuente</strong></span> <span class='ocrx_word' id='word_1_614' title='bbox 3566 3687 3661 3741; x_wconf 88' lang='lat' dir='ltr'><strong>per</strong></span> <span class='ocrx_word' id='word_1_615' title='bbox 3681 3685 3878 3742; x_wconf 82' lang='lat' dir='ltr'><strong>annos,</strong></span> 
     </span>
    </p>
   </div>
   <div class='ocr_carea' id='block_1_103' title="bbox 2490 3760 3624 3821">
    <p class='ocr_par' dir='ltr' id='par_1_103' title="bbox 2490 3760 3624 3821">
     <span class='ocr_line' id='line_1_103' title="bbox 2490 3760 3624 3821; baseline 0.004 -7"><span class='ocrx_word' id='word_1_616' title='bbox 2490 3760 2549 3816; x_wconf 91' lang='lat' dir='ltr'><strong>In</strong></span> <span class='ocrx_word' id='word_1_617' title='bbox 2579 3761 2676 3816; x_wconf 91' lang='lat' dir='ltr'><strong>hac</strong></span> <span class='ocrx_word' id='word_1_618' title='bbox 2705 3761 2826 3816; x_wconf 92' lang='lat' dir='ltr'><strong>luce</strong></span> <span class='ocrx_word' id='word_1_619' title='bbox 2853 3761 3013 3817; x_wconf 88' lang='lat' dir='ltr'><strong>simul</strong></span> <span class='ocrx_word' id='word_1_620' title='bbox 3041 3771 3212 3818; x_wconf 87' lang='lat' dir='ltr'><strong>matre</strong></span> <span class='ocrx_word' id='word_1_621' title='bbox 3240 3773 3492 3820; x_wconf 88' lang='lat' dir='ltr'><strong>manente</strong></span> <span class='ocrx_word' id='word_1_622' title='bbox 3510 3763 3624 3821; x_wconf 88' lang='lat' dir='ltr'><strong>diu.</strong></span> 
     </span>
    </p>
   </div>
   <div class='ocr_carea' id='block_1_104' title="bbox 2991 3874 3481 3945">
    <p class='ocr_par' dir='ltr' id='par_1_104' title="bbox 2991 3874 3481 3945">
     <span class='ocr_line' id='line_1_104' title="bbox 2991 3874 3481 3945; baseline 0.008 -17"><span class='ocrx_word' id='word_1_623' title='bbox 2991 3874 3261 3932; x_wconf 81' lang='lat' dir='ltr'><strong>CAPUT</strong></span> <span class='ocrx_word' id='word_1_624' title='bbox 3299 3875 3416 3932; x_wconf 85' lang='lat' dir='ltr'><strong>XV.</strong></span> <span class='ocrx_word' id='word_1_625' title='bbox 3477 3941 3481 3945; x_wconf 39' lang='grc'><strong><em>,</em></strong></span> 
     </span>
    </p>
   </div>
   <div class='ocr_carea' id='block_1_105' title="bbox 2976 3966 3444 4036">
    <p class='ocr_par' dir='ltr' id='par_1_105' title="bbox 2976 3966 3444 4036">
     <span class='ocr_line' id='line_1_105' title="bbox 2976 3966 3444 4036; baseline 0.009 -16"><span class='ocrx_word' id='word_1_626' title='bbox 2976 3966 3133 4021; x_wconf 80' lang='lat' dir='ltr'><strong>Aliud</strong></span> <span class='ocrx_word' id='word_1_627' title='bbox 3164 3985 3257 4036; x_wconf 83' lang='lat' dir='ltr'><strong>pro</strong></span> <span class='ocrx_word' id='word_1_628' title='bbox 3288 3970 3444 4024; x_wconf 80' lang='lat' dir='ltr'><strong>laete.</strong></span> 
     </span>
    </p>
   </div>
   <div class='ocr_carea' id='block_1_106' title="bbox 2422 4056 4020 4132">
    <p class='ocr_par' dir='ltr' id='par_1_106' title="bbox 2422 4056 4020 4132">
     <span class='ocr_line' id='line_1_106' title="bbox 2422 4056 4020 4132; baseline 0.005 -19"><span class='ocrx_word' id='word_1_629' title='bbox 2422 4057 2632 4132; x_wconf 79' lang='lat' dir='ltr'><strong>[Munus</strong></span> <span class='ocrx_word' id='word_1_630' title='bbox 2673 4057 2798 4132; x_wconf 86' lang='lat' dir='ltr'><strong>item</strong></span> <span class='ocrx_word' id='word_1_631' title='bbox 2829 4071 2895 4110; x_wconf 89' lang='lat' dir='ltr'><strong>ex</strong></span> <span class='ocrx_word' id='word_1_632' title='bbox 2943 4056 3102 4122; x_wconf 88' lang='lat' dir='ltr'><strong>lacte,</strong></span> <span class='ocrx_word' id='word_1_633' title='bbox 3137 4059 3357 4113; x_wconf 89' lang='lat' dir='ltr'><strong>missum</strong></span> <span class='ocrx_word' id='word_1_634' title='bbox 3384 4056 3472 4115; x_wconf 85' lang='lat' dir='ltr'><strong>ad</strong></span> <span class='ocrx_word' id='word_1_635' title='bbox 3515 4076 3578 4118; x_wconf 84' lang='lat' dir='ltr'><strong>se</strong></span> <span class='ocrx_word' id='word_1_636' title='bbox 3617 4061 3686 4117; x_wconf 90' lang='lat' dir='ltr'><strong>ab</strong></span> <span class='ocrx_word' id='word_1_637' title='bbox 3710 4063 3925 4132; x_wconf 78' lang='lat' dir='ltr'><strong>Agnete</strong></span> <span class='ocrx_word' id='word_1_638' title='bbox 3957 4072 4020 4121; x_wconf 76' lang='lat' dir='ltr'><strong>es</strong></span> 
     </span>
    </p>
   </div>
   <div class='ocr_carea' id='block_1_107' title="bbox 2491 4128 4017 4201">
    <p class='ocr_par' dir='ltr' id='par_1_107' title="bbox 2491 4128 4017 4201">
     <span class='ocr_line' id='line_1_107' title="bbox 2491 4128 4017 4201; baseline 0.006 -19"><span class='ocrx_word' id='word_1_639' title='bbox 2491 4128 2838 4201; x_wconf 79' lang='lat' dir='ltr'><strong>ltadegunde,</strong></span> <span class='ocrx_word' id='word_1_640' title='bbox 2860 4139 3277 4201; x_wconf 68' lang='lat' dir='ltr'><strong>commemorat,</strong></span> <span class='ocrx_word' id='word_1_641' title='bbox 3301 4139 3462 4200; x_wconf 88' lang='lat' dir='ltr'><strong>atque</strong></span> <span class='ocrx_word' id='word_1_642' title='bbox 3485 4132 3588 4186; x_wconf 84' lang='lat' dir='ltr'><strong>sibi</strong></span> <span class='ocrx_word' id='word_1_643' title='bbox 3619 4133 3671 4187; x_wconf 88' lang='lat' dir='ltr'><strong>id</strong></span> <span class='ocrx_word' id='word_1_644' title='bbox 3694 4128 3868 4201; x_wconf 70' lang='lat' dir='ltr'><strong>genus</strong></span> <span class='ocrx_word' id='word_1_645' title='bbox 3909 4135 4017 4191; x_wconf 85' lang='lat' dir='ltr'><strong>ali-</strong></span> 
     </span>
    </p>
   </div>
   <div class='ocr_carea' id='block_1_108' title="bbox 2491 4197 3730 4276">
    <p class='ocr_par' dir='ltr' id='par_1_108' title="bbox 2491 4197 3730 4276">
     <span class='ocr_line' id='line_1_108' title="bbox 2491 4197 3730 4276; baseline 0.005 -24"><span class='ocrx_word' id='word_1_646' title='bbox 2491 4198 2676 4264; x_wconf 88' lang='lat' dir='ltr'><strong>menti,</strong></span> <span class='ocrx_word' id='word_1_647' title='bbox 2708 4206 2764 4252; x_wconf 90' lang='lat' dir='ltr'><strong>ut</strong></span> <span class='ocrx_word' id='word_1_648' title='bbox 2792 4197 3024 4266; x_wconf 81' lang='lat' dir='ltr'><strong>inﬁrmo,</strong></span> <span class='ocrx_word' id='word_1_649' title='bbox 3049 4199 3298 4255; x_wconf 80' lang='lat' dir='ltr'><strong>idoneum</strong></span> <span class='ocrx_word' id='word_1_650' title='bbox 3323 4197 3447 4257; x_wconf 66' lang='lat' dir='ltr'><strong>esse</strong></span> <span class='ocrx_word' id='word_1_651' title='bbox 3470 4197 3730 4276; x_wconf 78' lang='lat' dir='ltr'><strong>jocatur.]</strong></span> 
     </span>
    </p>
   </div>
   <div class='ocr_carea' id='block_1_109' title="bbox 2419 4289 4012 4365">
    <p class='ocr_par' dir='ltr' id='par_1_109' title="bbox 2419 4289 4012 4365">
     <span class='ocr_line' id='line_1_109' title="bbox 2419 4289 4012 4365; baseline 0.005 -21"><span class='ocrx_word' id='word_1_652' title='bbox 2419 4291 2556 4357; x_wconf 89' lang='lat' dir='ltr'><strong>Quid</strong></span> <span class='ocrx_word' id='word_1_653' title='bbox 2587 4301 2693 4344; x_wconf 89' lang='lat' dir='ltr'><strong>tam</strong></span> <span class='ocrx_word' id='word_1_654' title='bbox 2721 4290 2877 4344; x_wconf 89' lang='lat' dir='ltr'><strong>dulce</strong></span> <span class='ocrx_word' id='word_1_655' title='bbox 2905 4289 3103 4346; x_wconf 89' lang='lat' dir='ltr'><strong>darent</strong></span> <span class='ocrx_word' id='word_1_656' title='bbox 3132 4293 3381 4348; x_wconf 87' lang='lat' dir='ltr'><strong>mihimet</strong></span> <span class='ocrx_word' id='word_1_657' title='bbox 3406 4303 3691 4365; x_wconf 88' lang='lat' dir='ltr'><strong>materque</strong></span> <span class='ocrx_word' id='word_1_658' title='bbox 3713 4309 4012 4365; x_wconf 87' lang='lat' dir='ltr'><strong>sororque,</strong></span> 
     </span>
    </p>
   </div>
   <div class='ocr_carea' id='block_1_110' title="bbox 2490 4382 3972 4458">
    <p class='ocr_par' dir='ltr' id='par_1_110' title="bbox 2490 4382 3972 4458">
     <span class='ocr_line' id='line_1_110' title="bbox 2490 4382 3972 4458; baseline 0.003 -19"><span class='ocrx_word' id='word_1_659' title='bbox 2490 4387 2658 4453; x_wconf 90' lang='lat' dir='ltr'><strong>Quam</strong></span> <span class='ocrx_word' id='word_1_660' title='bbox 2690 4383 2852 4439; x_wconf 90' lang='lat' dir='ltr'><strong>modo</strong></span> <span class='ocrx_word' id='word_1_661' title='bbox 2881 4382 3024 4451; x_wconf 90' lang='lat' dir='ltr'><strong>quod</strong></span> <span class='ocrx_word' id='word_1_662' title='bbox 3063 4385 3302 4439; x_wconf 89' lang='lat' dir='ltr'><strong>tribuunt</strong></span> <span class='ocrx_word' id='word_1_663' title='bbox 3325 4400 3562 4456; x_wconf 87' lang='lat' dir='ltr'><strong>congrue</strong></span> <span class='ocrx_word' id='word_1_664' title='bbox 3586 4387 3740 4443; x_wconf 87' lang='lat' dir='ltr'><strong>Iactis</strong></span> <span class='ocrx_word' id='word_1_665' title='bbox 3763 4388 3972 4458; x_wconf 76' lang='lat' dir='ltr'><strong>Opem?</strong></span> 
     </span>
    </p>
   </div>
   <div class='ocr_carea' id='block_1_111' title="bbox 2419 4474 3721 4545">
    <p class='ocr_par' dir='ltr' id='par_1_111' title="bbox 2419 4474 3721 4545">
     <span class='ocr_line' id='line_1_111' title="bbox 2419 4474 3721 4545; baseline -0.002 -12"><span class='ocrx_word' id='word_1_666' title='bbox 2419 4477 2570 4534; x_wconf 92' lang='lat' dir='ltr'><strong>Sicut</strong></span> <span class='ocrx_word' id='word_1_667' title='bbox 2592 4475 2888 4545; x_wconf 89' lang='lat' dir='ltr'><strong>apostolico</strong></span> <span class='ocrx_word' id='word_1_668' title='bbox 2919 4475 3174 4544; x_wconf 61' lang='lat' dir='ltr'><strong>praecepit</strong></span> <span class='ocrx_word' id='word_1_669' title='bbox 3200 4474 3450 4545; x_wconf 88' lang='lat' dir='ltr'><strong>dogmate</strong></span> <span class='ocrx_word' id='word_1_670' title='bbox 3479 4475 3677 4531; x_wconf 84' lang='lat' dir='ltr'><strong>Paulus</strong></span> <span class='ocrx_word' id='word_1_671' title='bbox 3707 4493 3721 4530; x_wconf 91' lang='lat'><strong>:</strong></span> 
     </span>
    </p>
   </div>
   <div class='ocr_carea' id='block_1_112' title="bbox 2341 4567 3712 4664">
    <p class='ocr_par' dir='ltr' id='par_1_112' title="bbox 2341 4567 3712 4664">
     <span class='ocr_line' id='line_1_112' title="bbox 2341 4567 3712 4664; baseline 0 -38"><span class='ocrx_word' id='word_1_672' title='bbox 2341 4603 2397 4664; x_wconf 65' lang='grc' dir='ltr'><strong><em>Β</em></strong></span> <span class='ocrx_word' id='word_1_673' title='bbox 2489 4570 2624 4626; x_wconf 92' lang='lat' dir='ltr'><strong>Cum</strong></span> <span class='ocrx_word' id='word_1_674' title='bbox 2657 4567 2885 4624; x_wconf 89' lang='lat' dir='ltr'><strong>infirmis</strong></span> <span class='ocrx_word' id='word_1_675' title='bbox 2915 4567 3107 4623; x_wconf 90' lang='lat' dir='ltr'><strong>animis</strong></span> <span class='ocrx_word' id='word_1_676' title='bbox 3141 4569 3224 4622; x_wconf 92' lang='lat' dir='ltr'><strong>lac</strong></span> <span class='ocrx_word' id='word_1_677' title='bbox 3251 4568 3404 4637; x_wconf 91' lang='lat' dir='ltr'><strong>jubet</strong></span> <span class='ocrx_word' id='word_1_678' title='bbox 3431 4568 3548 4639; x_wconf 89' lang='lat' dir='ltr'><strong>ipse</strong></span> <span class='ocrx_word' id='word_1_679' title='bbox 3569 4570 3712 4626; x_wconf 86' lang='lat' dir='ltr'><strong>dari.</strong></span> 
     </span>
    </p>
   </div>
   <div class='ocr_carea' id='block_1_113' title="bbox 2425 4660 3824 4732">
    <p class='ocr_par' dir='ltr' id='par_1_113' title="bbox 2425 4660 3824 4732">
     <span class='ocr_line' id='line_1_113' title="bbox 2425 4660 3824 4732; baseline 0.005 -20"><span class='ocrx_word' id='word_1_680' title='bbox 2425 4662 2439 4712; x_wconf 83' lang='lat' dir='ltr'><strong>i</strong></span> <span class='ocrx_word' id='word_1_681' title='bbox 2473 4661 2766 4718; x_wconf 87' lang='lat' dir='ltr'><strong>Sollicitam</strong></span> <span class='ocrx_word' id='word_1_682' title='bbox 2796 4671 3028 4715; x_wconf 88' lang='lat' dir='ltr'><strong>mentem</strong></span> <span class='ocrx_word' id='word_1_683' title='bbox 3049 4660 3236 4728; x_wconf 82' lang='lat' dir='ltr'><strong>geritis</strong></span> <span class='ocrx_word' id='word_1_684' title='bbox 3259 4660 3327 4717; x_wconf 88' lang='lat' dir='ltr'><strong>de</strong></span> <span class='ocrx_word' id='word_1_685' title='bbox 3362 4663 3582 4719; x_wconf 87' lang='lat' dir='ltr'><strong>nomine</strong></span> <span class='ocrx_word' id='word_1_686' title='bbox 3608 4670 3824 4732; x_wconf 83' lang='lat' dir='ltr'><strong>nostro,</strong></span> 
     </span>
    </p>
   </div>
   <div class='ocr_carea' id='block_1_114' title="bbox 2492 4755 3512 4825">
    <p class='ocr_par' dir='ltr' id='par_1_114' title="bbox 2492 4755 3512 4825">
     <span class='ocr_line' id='line_1_114' title="bbox 2492 4755 3512 4825; baseline 0.001 -13"><span class='ocrx_word' id='word_1_687' title='bbox 2492 4757 2567 4812; x_wconf 87' lang='lat' dir='ltr'><strong>De</strong></span> <span class='ocrx_word' id='word_1_688' title='bbox 2592 4756 2738 4812; x_wconf 86' lang='lat' dir='ltr'><strong>vobis</strong></span> <span class='ocrx_word' id='word_1_689' title='bbox 2767 4769 2982 4825; x_wconf 87' lang='lat' dir='ltr'><strong>semper</strong></span> <span class='ocrx_word' id='word_1_690' title='bbox 3009 4755 3079 4809; x_wconf 89' lang='lat' dir='ltr'><strong>sit</strong></span> <span class='ocrx_word' id='word_1_691' title='bbox 3105 4755 3188 4824; x_wconf 84' lang='lat' dir='ltr'><strong>pia</strong></span> <span class='ocrx_word' id='word_1_692' title='bbox 3215 4769 3344 4811; x_wconf 81' lang='lat' dir='ltr'><strong>cura</strong></span> <span class='ocrx_word' id='word_1_693' title='bbox 3380 4757 3512 4813; x_wconf 85' lang='lat' dir='ltr'><strong>Deo.</strong></span> 
     </span>
    </p>
   </div>
   <div class='ocr_carea' id='block_1_115' title="bbox 2977 4867 3422 4924">
    <p class='ocr_par' dir='ltr' id='par_1_115' title="bbox 2977 4867 3422 4924">
     <span class='ocr_line' id='line_1_115' title="bbox 2977 4867 3422 4924; baseline -0.004 0"><span class='ocrx_word' id='word_1_694' title='bbox 2977 4867 3245 4924; x_wconf 84' lang='lat' dir='ltr'><strong>CAPUT</strong></span> <span class='ocrx_word' id='word_1_695' title='bbox 3284 4867 3422 4924; x_wconf 83' lang='lat' dir='ltr'><strong>XVI.</strong></span> 
     </span>
    </p>
   </div>
   <div class='ocr_carea' id='block_1_116' title="bbox 3015 4960 3407 5030">
    <p class='ocr_par' dir='ltr' id='par_1_116' title="bbox 3015 4960 3407 5030">
     <span class='ocr_line' id='line_1_116' title="bbox 3015 4960 3407 5030; baseline 0.003 -16"><span class='ocrx_word' id='word_1_696' title='bbox 3015 4960 3125 5014; x_wconf 87' lang='lat' dir='ltr'><strong>Pro</strong></span> <span class='ocrx_word' id='word_1_697' title='bbox 3164 4960 3407 5030; x_wconf 80' lang='lat' dir='ltr'><strong>prandio.</strong></span> 
     </span>
    </p>
   </div>
   <div class='ocr_carea' id='block_1_117' title="bbox 2422 5053 4017 5130">
    <p class='ocr_par' dir='ltr' id='par_1_117' title="bbox 2422 5053 4017 5130">
     <span class='ocr_line' id='line_1_117' title="bbox 2422 5053 4017 5130; baseline 0.001 -20"><span class='ocrx_word' id='word_1_698' title='bbox 2422 5057 2683 5130; x_wconf 79' lang='lat' dir='ltr'><strong>[Alterius</strong></span> <span class='ocrx_word' id='word_1_699' title='bbox 2711 5071 2776 5112; x_wconf 86' lang='lat' dir='ltr'><strong>ex</strong></span> <span class='ocrx_word' id='word_1_700' title='bbox 2804 5054 2992 5130; x_wconf 82' lang='lat' dir='ltr'><strong>fraude</strong></span> <span class='ocrx_word' id='word_1_701' title='bbox 3019 5063 3077 5109; x_wconf 91' lang='lat' dir='ltr'><strong>et</strong></span> <span class='ocrx_word' id='word_1_702' title='bbox 3103 5069 3265 5130; x_wconf 83' lang='lat' dir='ltr'><strong>opera</strong></span> <span class='ocrx_word' id='word_1_703' title='bbox 3291 5054 3360 5109; x_wconf 89' lang='lat' dir='ltr'><strong>ab</strong></span> <span class='ocrx_word' id='word_1_704' title='bbox 3387 5053 3504 5122; x_wconf 90' lang='lat' dir='ltr'><strong>ejus</strong></span> <span class='ocrx_word' id='word_1_705' title='bbox 3530 5053 3597 5130; x_wconf 77' lang='lat' dir='ltr'><strong>ad</strong></span> <span class='ocrx_word' id='word_1_706' title='bbox 3625 5067 3785 5122; x_wconf 90' lang='lat' dir='ltr'><strong>quem</strong></span> <span class='ocrx_word' id='word_1_707' title='bbox 3814 5055 4017 5112; x_wconf 84' lang='lat' dir='ltr'><strong>scribit</strong></span> 
     </span>
    </p>
   </div>
   <div class='ocr_carea' id='block_1_118' title="bbox 2492 5125 4016 5195">
    <p class='ocr_par' dir='ltr' id='par_1_118' title="bbox 2492 5125 4016 5195">
     <span class='ocr_line' id='line_1_118' title="bbox 2492 5125 4016 5195; baseline 0 -13"><span class='ocrx_word' id='word_1_708' title='bbox 2492 5129 2756 5195; x_wconf 90' lang='lat' dir='ltr'><strong>colloquio</strong></span> <span class='ocrx_word' id='word_1_709' title='bbox 2777 5142 2835 5183; x_wconf 90' lang='lat' dir='ltr'><strong>se</strong></span> <span class='ocrx_word' id='word_1_710' title='bbox 2855 5128 3118 5181; x_wconf 91' lang='lat' dir='ltr'><strong>divulsum</strong></span> <span class='ocrx_word' id='word_1_711' title='bbox 3138 5125 3301 5179; x_wconf 89' lang='lat' dir='ltr'><strong>fuisse</strong></span> <span class='ocrx_word' id='word_1_712' title='bbox 3319 5126 3688 5194; x_wconf 87' lang='lat' dir='ltr'><strong>conqueritur,</strong></span> <span class='ocrx_word' id='word_1_713' title='bbox 3711 5140 3817 5193; x_wconf 91' lang='lat' dir='ltr'><strong>quo</strong></span> <span class='ocrx_word' id='word_1_714' title='bbox 3840 5141 4016 5192; x_wconf 85' lang='lat' dir='ltr'><strong>pran-</strong></span> 
     </span>
    </p>
   </div>
   <div class='ocr_carea' id='block_1_119' title="bbox 2489 5195 4013 5265">
    <p class='ocr_par' dir='ltr' id='par_1_119' title="bbox 2489 5195 4013 5265">
     <span class='ocr_line' id='line_1_119' title="bbox 2489 5195 4013 5265; baseline 0.001 -13"><span class='ocrx_word' id='word_1_715' title='bbox 2489 5199 2577 5252; x_wconf 87' lang='lat' dir='ltr'><strong>dio</strong></span> <span class='ocrx_word' id='word_1_716' title='bbox 2615 5199 2933 5264; x_wconf 84' lang='lat' dir='ltr'><strong>interesset;</strong></span> <span class='ocrx_word' id='word_1_717' title='bbox 2974 5197 3026 5250; x_wconf 91' lang='lat' dir='ltr'><strong>in</strong></span> <span class='ocrx_word' id='word_1_718' title='bbox 3068 5209 3174 5265; x_wconf 91' lang='lat' dir='ltr'><strong>quo</strong></span> <span class='ocrx_word' id='word_1_719' title='bbox 3201 5209 3324 5250; x_wconf 93' lang='lat' dir='ltr'><strong>cum</strong></span> <span class='ocrx_word' id='word_1_720' title='bbox 3352 5203 3560 5250; x_wconf 90' lang='lat' dir='ltr'><strong>careret</strong></span> <span class='ocrx_word' id='word_1_721' title='bbox 3588 5195 3706 5263; x_wconf 89' lang='lat' dir='ltr'><strong>ejus</strong></span> <span class='ocrx_word' id='word_1_722' title='bbox 3747 5209 4013 5265; x_wconf 87' lang='lat' dir='ltr'><strong>sermone</strong></span> 
     </span>
    </p>
   </div>
   <div class='ocr_carea' id='block_1_120' title="bbox 2489 5264 4011 5338">
    <p class='ocr_par' dir='ltr' id='par_1_120' title="bbox 2489 5264 4011 5338">
     <span class='ocr_line' id='line_1_120' title="bbox 2489 5264 4011 5338; baseline -0.001 -15"><span class='ocrx_word' id='word_1_723' title='bbox 2489 5284 2551 5324; x_wconf 89' lang='lat' dir='ltr'><strong>ac</strong></span> <span class='ocrx_word' id='word_1_724' title='bbox 2580 5269 2856 5338; x_wconf 74' lang='lat' dir='ltr'><strong>przesentia</strong></span> <span class='ocrx_word' id='word_1_725' title='bbox 2879 5309 2894 5334; x_wconf 94' lang='lat'><strong>,</strong></span> <span class='ocrx_word' id='word_1_726' title='bbox 2931 5267 3070 5324; x_wconf 87' lang='lat' dir='ltr'><strong>inter</strong></span> <span class='ocrx_word' id='word_1_727' title='bbox 3087 5264 3279 5334; x_wconf 86' lang='lat' dir='ltr'><strong>epulas</strong></span> <span class='ocrx_word' id='word_1_728' title='bbox 3307 5279 3368 5322; x_wconf 88' lang='lat' dir='ltr'><strong>se</strong></span> <span class='ocrx_word' id='word_1_729' title='bbox 3401 5265 3677 5336; x_wconf 88' lang='lat' dir='ltr'><strong>jejunasse</strong></span> <span class='ocrx_word' id='word_1_730' title='bbox 3721 5264 3969 5322; x_wconf 84' lang='lat' dir='ltr'><strong>affirmat</strong></span> <span class='ocrx_word' id='word_1_731' title='bbox 3995 5309 4011 5333; x_wconf 93' lang='lat'><strong>,</strong></span> 
     </span>
    </p>
   </div>
   <div class='ocr_carea' id='block_1_121' title="bbox 2419 5383 2766 5439">
    <p class='ocr_par' dir='ltr' id='par_1_121' title="bbox 2419 5383 2766 5439">
     <span class='ocr_line' id='line_1_121' title="bbox 2419 5383 2766 5439; baseline -0.006 0"><span class='ocrx_word' id='word_1_732' title='bbox 2419 5383 2563 5439; x_wconf 86' lang='lat' dir='ltr'><strong>Edit.</strong></span> <span class='ocrx_word' id='word_1_733' title='bbox 2598 5383 2766 5438; x_wconf 82' lang='lat' dir='ltr'><strong>Paris.</strong></span> 
     </span>
    </p>
   </div>
   <div class='ocr_carea' id='block_1_122' title="bbox 2497 5450 3540 5522">
    <p class='ocr_par' dir='ltr' id='par_1_122' title="bbox 2497 5450 3540 5522">
     <span class='ocr_line' id='line_1_122' title="bbox 2497 5450 3540 5522; baseline -0.006 -12"><span class='ocrx_word' id='word_1_734' title='bbox 2497 5465 2519 5493; x_wconf 74' lang='grc' dir='ltr'><strong>ο</strong></span> <span class='ocrx_word' id='word_1_735' title='bbox 2561 5455 2708 5510; x_wconf 88' lang='lat' dir='ltr'><strong>Unus</strong></span> <span class='ocrx_word' id='word_1_736' title='bbox 2734 5453 2864 5508; x_wconf 88' lang='lat' dir='ltr'><strong>Cod.</strong></span> <span class='ocrx_word' id='word_1_737' title='bbox 2896 5453 3041 5521; x_wconf 86' lang='lat' dir='ltr'><strong>Vat.,</strong></span> <span class='ocrx_word' id='word_1_738' title='bbox 3061 5455 3207 5522; x_wconf 84' lang='lat' dir='ltr'><strong>cujus</strong></span> <span class='ocrx_word' id='word_1_739' title='bbox 3229 5450 3290 5504; x_wconf 82' lang='lat' dir='ltr'><strong>ab</strong></span> <span class='ocrx_word' id='word_1_740' title='bbox 3318 5466 3405 5505; x_wconf 84' lang='lat' dir='ltr'><strong>ore</strong></span> <span class='ocrx_word' id='word_1_741' title='bbox 3433 5455 3540 5521; x_wconf 74' lang='lat' dir='ltr'><strong>pio.</strong></span> 
     </span>
    </p>
   </div>
   <div class='ocr_carea' id='block_1_123' title="bbox 2494 5524 3375 5587">
    <p class='ocr_par' dir='ltr' id='par_1_123' title="bbox 2494 5524 3375 5587">
     <span class='ocr_line' id='line_1_123' title="bbox 2494 5524 3375 5587; baseline -0.007 -7"><span class='ocrx_word' id='word_1_742' title='bbox 2494 5525 2512 5564; x_wconf 71' lang='grc' dir='ltr'>ί</span> <span class='ocrx_word' id='word_1_743' title='bbox 2559 5527 2703 5580; x_wconf 89' lang='lat' dir='ltr'><strong>Unus</strong></span> <span class='ocrx_word' id='word_1_744' title='bbox 2730 5524 2864 5579; x_wconf 87' lang='lat' dir='ltr'><strong>Cod.</strong></span> <span class='ocrx_word' id='word_1_745' title='bbox 2896 5525 3040 5587; x_wconf 78' lang='lat' dir='ltr'><strong>Vat.,</strong></span> <span class='ocrx_word' id='word_1_746' title='bbox 3065 5526 3143 5575; x_wconf 77' lang='lat' dir='ltr'><strong>hic</strong></span> <span class='ocrx_word' id='word_1_747' title='bbox 3167 5524 3375 5576; x_wconf 86' lang='lat' dir='ltr'><strong>rustica.</strong></span> 
     </span>
    </p>
   </div>
   <div class='ocr_carea' id='block_1_124' title="bbox 2493 5591 3599 5658">
    <p class='ocr_par' dir='ltr' id='par_1_124' title="bbox 2493 5591 3599 5658">
     <span class='ocr_line' id='line_1_124' title="bbox 2493 5591 3599 5658; baseline 0 -14"><span class='ocrx_word' id='word_1_748' title='bbox 2493 5608 2516 5644; x_wconf 71' lang='grc' dir='ltr'><strong>ς</strong></span> <span class='ocrx_word' id='word_1_749' title='bbox 2561 5599 2671 5650; x_wconf 84' lang='lat' dir='ltr'><strong>Duo</strong></span> <span class='ocrx_word' id='word_1_750' title='bbox 2694 5597 2862 5650; x_wconf 80' lang='lat' dir='ltr'><strong>Codd.</strong></span> <span class='ocrx_word' id='word_1_751' title='bbox 2886 5595 3002 5649; x_wconf 70' lang='lat' dir='ltr'><strong>Vat.</strong></span> <span class='ocrx_word' id='word_1_752' title='bbox 3036 5599 3196 5647; x_wconf 87' lang='lat' dir='ltr'><strong>lactea</strong></span> <span class='ocrx_word' id='word_1_753' title='bbox 3223 5607 3436 5646; x_wconf 85' lang='lat' dir='ltr'><strong>munera</strong></span> <span class='ocrx_word' id='word_1_754' title='bbox 3467 5591 3599 5658; x_wconf 59' lang='grc' dir='ltr'><strong>βτω</strong></span> 
     </span>
    </p>
   </div>
   <div class='ocr_carea' id='block_1_125' title="bbox 2494 5662 4018 5733">
    <p class='ocr_par' dir='ltr' id='par_1_125' title="bbox 2494 5662 4018 5733">
     <span class='ocr_line' id='line_1_125' title="bbox 2494 5662 4018 5733; baseline 0 -13"><span class='ocrx_word' id='word_1_755' title='bbox 2494 5667 2518 5705; x_wconf 69' lang='grc' dir='ltr'><strong><em>ιι</em></strong></span> <span class='ocrx_word' id='word_1_756' title='bbox 2559 5669 2788 5733; x_wconf 72' lang='lat' dir='ltr'><strong>(laugius</strong></span> <span class='ocrx_word' id='word_1_757' title='bbox 2831 5668 2882 5721; x_wconf 91' lang='lat' dir='ltr'><strong>in</strong></span> <span class='ocrx_word' id='word_1_758' title='bbox 2923 5666 3100 5720; x_wconf 85' lang='lat' dir='ltr'><strong>Gloss.</strong></span> <span class='ocrx_word' id='word_1_759' title='bbox 3133 5665 3366 5719; x_wconf 82' lang='lat' dir='ltr'><strong>Cremum</strong></span> <span class='ocrx_word' id='word_1_760' title='bbox 3417 5677 3630 5717; x_wconf 86' lang='lat' dir='ltr'><strong>cremor</strong></span> <span class='ocrx_word' id='word_1_761' title='bbox 3657 5670 3763 5730; x_wconf 92' lang='lat' dir='ltr'><strong>est,</strong></span> <span class='ocrx_word' id='word_1_762' title='bbox 3797 5662 4018 5720; x_wconf 78' lang='lat' dir='ltr'><strong>nostris</strong></span> 
     </span>
    </p>
   </div>
   <div class='ocr_carea' id='block_1_126' title="bbox 2421 5734 3594 5794">
    <p class='ocr_par' dir='ltr' id='par_1_126' title="bbox 2421 5734 3594 5794">
     <span class='ocr_line' id='line_1_126' title="bbox 2421 5734 3594 5794; baseline -0.008 0"><span class='ocrx_word' id='word_1_763' title='bbox 2421 5743 2581 5794; x_wconf 72' lang='lat' dir='ltr'><strong>crcme</strong></span> <span class='ocrx_word' id='word_1_764' title='bbox 2611 5757 2623 5790; x_wconf 93' lang='lat'><em>:</em></span> <span class='ocrx_word' id='word_1_765' title='bbox 2658 5751 2768 5793; x_wconf 83' lang='lat' dir='ltr'><strong>tuin</strong></span> <span class='ocrx_word' id='word_1_766' title='bbox 2791 5740 2983 5792; x_wconf 80' lang='lat' dir='ltr'><strong>citatur</strong></span> <span class='ocrx_word' id='word_1_767' title='bbox 3007 5738 3088 5790; x_wconf 85' lang='lat' dir='ltr'><strong>hic</strong></span> <span class='ocrx_word' id='word_1_768' title='bbox 3119 5741 3266 5789; x_wconf 81' lang='lat' dir='ltr'><strong>locus</strong></span> <span class='ocrx_word' id='word_1_769' title='bbox 3299 5734 3594 5790; x_wconf 83' lang='lat' dir='ltr'><strong>Fortunati.</strong></span> 
     </span>
    </p>
   </div>
   <div class='ocr_carea' id='block_1_127' title="bbox 2499 5807 3420 5874">
    <p class='ocr_par' dir='ltr' id='par_1_127' title="bbox 2499 5807 3420 5874">
     <span class='ocr_line' id='line_1_127' title="bbox 2499 5807 3420 5874; baseline -0.004 -10"><span class='ocrx_word' id='word_1_770' title='bbox 2499 5811 2513 5848; x_wconf 69' lang='grc' dir='ltr'><strong>ί</strong></span> <span class='ocrx_word' id='word_1_771' title='bbox 2561 5811 2699 5864; x_wconf 76' lang='lat' dir='ltr'><strong>Edit.</strong></span> <span class='ocrx_word' id='word_1_772' title='bbox 2737 5810 2930 5873; x_wconf 87' lang='lat' dir='ltr'><strong>Paris.,</strong></span> <span class='ocrx_word' id='word_1_773' title='bbox 2966 5810 3188 5874; x_wconf 67' lang='lat' dir='ltr'><strong>fugiam</strong></span> <span class='ocrx_word' id='word_1_774' title='bbox 3219 5807 3420 5874; x_wconf 81' lang='lat' dir='ltr'><strong>rapina.</strong></span> 
     </span>
    </p>
   </div>
   <div class='ocr_carea' id='block_1_128' title="bbox 2495 5877 3798 5949">
    <p class='ocr_par' dir='ltr' id='par_1_128' title="bbox 2495 5877 3798 5949">
     <span class='ocr_line' id='line_1_128' title="bbox 2495 5877 3798 5949; baseline -0.002 -17"><span class='ocrx_word' id='word_1_775' title='bbox 2495 5886 2505 5932; x_wconf 82' lang='lat' dir='ltr'><strong>i</strong></span> <span class='ocrx_word' id='word_1_776' title='bbox 2559 5882 2696 5937; x_wconf 57' lang='lat' dir='ltr'><strong>ﬁdit.</strong></span> <span class='ocrx_word' id='word_1_777' title='bbox 2732 5881 2922 5949; x_wconf 53' lang='lat' dir='ltr'><strong>Paris,</strong></span> <span class='ocrx_word' id='word_1_778' title='bbox 2953 5880 3184 5936; x_wconf 63' lang='lat' dir='ltr'><strong>Sollicita</strong></span> <span class='ocrx_word' id='word_1_779' title='bbox 3217 5894 3358 5934; x_wconf 78' lang='lat' dir='ltr'><strong>soror</strong></span> <span class='ocrx_word' id='word_1_780' title='bbox 3381 5887 3426 5931; x_wconf 88' lang='lat' dir='ltr'><strong>ct</strong></span> <span class='ocrx_word' id='word_1_781' title='bbox 3455 5877 3685 5947; x_wconf 68' lang='lat' dir='ltr'><strong>genetrix</strong></span> <span class='ocrx_word' id='word_1_782' title='bbox 3711 5877 3798 5930; x_wconf 86' lang='lat' dir='ltr'><strong>de.</strong></span> 
     </span>
    </p>
   </div>
  </div>
