4206 6618
159 466 235 522 361
1317 457 1762 516 MISCELLANEt

1862 486 1933 501 --
1971 457 2102 515 [ΞΒ.
2144 457 2232 516 III.

1751 572 1803 632 Δ
1834 571 1974 628 Mole
2003 586 2099 626 sua
2132 570 2411 627 frenentur
2440 585 2612 641 aqute,
2643 585 2702 628 se
2729 571 2945 643 lympha
2975 572 3173 643 ligavit,

155 581 353 644 Pascua,
387 591 538 644 rura,
571 591 784 644 nemus,
809 585 1043 647 segetes,
1073 573 1322 641 viburna,
1347 573 1618 638 salictum,

212 673 413 728 Viribus
443 673 617 739 iratis,
645 688 747 726 una
782 673 967 740 rapina
994 678 1157 725 tenet.

152 777 179 808 ι
210 765 312 821 Huc.
340 765 472 819 tnilii
503 763 778 820 commissi
813 781 908 834 per
949 763 1200 832 confraga
1237 777 1508 817 murmura
1554 761 1722 831 ponti,

211 857 236 895 δ
270 858 506 912 Flatibus
538 857 821 912 horrendis
850 859 968 912 laxa
998 856 1261 912 fremebat
1291 855 1483 910 hiems.

152 953 492 1025 Surgebatque
521 952 722 1008 cadens
753 968 850 1023 per
879 967 1081 1022 aquosa
1109 951 1388 1006 cacumina
1422 949 1634 1020 puppis.

213 1049 510 1102 Ascendens
535 1047 767 1118 liquidas
803 1057 825 1085 ε
858 1056 1041 1101 monte
1066 1057 1290 1102 cavante
1320 1047 1454 1101 vias.

152 1141 254 1210 Quo
274 1149 386 1195 rate
406 1155 666 1210 suspensa
695 1139 856 1196 modo
888 1140 1072 1195 nubila
1107 1150 1267 1195 nauta
1293 1140 1535 1200 tenebat,

214 1233 420 1303 Gurgite
443 1233 709 1289 subducto
737 1248 926 1289 rursus
955 1233 1020 1288 ad
1048 1248 1174 1288 arva
1206 1232 1367 1288 redit.

152 1327 402 1383 Fluctibus
429 1326 660 1394 infestis,
689 1326 862 1398 pelagi
895 1337 1178 1395 spumante
1209 1325 1463 1395 procella,

211 1423 428 1478 Assidue
453 1422 667 1492 rapidas
691 1438 848 1492 prora
881 1423 1098 1478 bibebat
1123 1437 1312 1492 aquas.

149 1512 366 1583 Equora
403 1514 715 1568 lambebant
741 1514 955 1569 inimica
993 1529 1121 1582 pace
1144 1516 1405 1578 carinam,

209 1608 429 1663 Tristius
458 1612 710 1679 amplexu
742 1626 839 1665 nos
868 1613 1114 1666 nocitura
1139 1625 1238 1666 suo

147 1701 239 1757 Sed
265 1717 410 1756 mora
436 1703 579 1758 nulla
611 1713 758 1758 vetat
786 1705 963 1758 varias
993 1719 1298 1759 memorare
1322 1701 1593 1773 querelas,

212 1793 331 1849 Post
363 1793 648 1850 referenda
679 1797 858 1864 simul,
893 1811 1167 1851 murmura
1198 1796 1361 1850 corde
1394 1806 1534 1865 tego.

151 1887 251 1942 Hoc
273 1889 399 1943 inihi
431 1890 702 1958 praecipue
724 1889 906 1944 divina
939 1889 1172 1958 potentia
1204 1897 1444 1958 prmstet.

216 1982 279 2037 Ut
303 1984 410 2038 cito
441 1983 622 2040 lelices
653 2000 749 2038 vos
779 1985 1026 2039 revidere
1056 1998 1271 2054 queam.

677 2088 902 2146 CAPUT
943 2088 1179 2144 XXVIII.

630 2183 786 2238 Aliud
812 2186 874 2238 de
901 2186 1082 2238 itinere
1107 2201 1221 2238 suo.

147 2282 360 2356 [Hiemis
386 2285 757 2354 asperitatem.
789 2287 909 2355 gelu
942 2302 1004 2338 ac.
1036 2289 1159 2342 nive
1191 2288 1296 2341 late
1325 2285 1503 2340 omnia
1539 2294 1731 2340 tenen-

215 2365 263 2410 te
306 2357 595 2420 dcscrthit;
657 2373 721 2411 ac
775 2359 918 2412 illam
974 2360 1074 2412 sibi
1143 2359 1353 2414 itineris
1427 2356 1731 2411 tarditatem

210 2428 479 2498 injecisse,
511 2429 843 2485 subobscure
874 2429 1091 2502 iunuit.]

147 2555 338 2613 Passim
369 2559 558 2613 stricta
589 2558 723 2628 riget
753 2560 954 2631 glacies
984 2570 1239 2617 concreta
1269 2563 1497 2630 pruinis,

207 2650 312 2705 Nec
343 2652 488 2707 levat
516 2652 746 2708 afﬂictas
776 2653 972 2708 ﬂexilis
1005 2653 1170 2708 herba
1201 2670 1402 2710 comas.

140 2744 298 2801 Terra
325 2746 472 2816 jacet
498 2737 730 2802 crustata
759 2751 882 2818 gelu
912 2750 1014 2804 sub
1042 2752 1246 2806 cortice
1287 2752 1444 2818 duro,

205 2837 374 2892 Mollis
403 2847 462 2894 et
481 2839 735 2895 arboreas
763 2841 852 2896 nix
885 2843 1013 2913 tegit
1041 2844 1150 2899 alta
1179 2858 1384 2899 comas.

139 2929 339 2986 Pronus
371 2945 672 2989 crustatum
695 2943 1012 2991 struxerunt
1032 2935 1254 2991 ﬂumina
1284 2953 1516 3002 murum.

206 3023 274 3081 Et
296 3025 522 3081 densata
549 3041 766 3098 gravem
795 3029 979 3084 vestiit
1003 3029 1145 3085 unda
1173 3040 1372 3086 cutem.

205 3182 230 3262 ξ
267 3181 584 3262 Unus-Cod;
607 3182 749 3247 Vat.,
775 3185 901 3262 litus
941 3187 1070 3262 milii
1109 3189 1404 3252 commisso.
1444 3190 1589 3258 quod
1617 3204 1734 3262 seq.

138 3250 274 3322 Edit.
310 3254 509 3322 Paris.,
543 3254 685 3309 Tum:
716 3255 842 3308 mihi
871 3260 1163 3312 commisso.

203 3321 245 3401 b_
266 3325 421 3401 Alitis
448 3326 607 3401 Cod"
631 3325 914 3401 _Flanlibus
949 3329 1250 3401 horriferis;
1276 3332 1554 3390 mendose.
1587 3334 1734 3392 Edit.
1767 3327 1815 3392 C

134 3393 321 3460 Paris.,
350 3394 594 3451 Flatibus
619 3398 895 3462 horriﬁcis.

205 3477 228 3504 ⁸
269 3468 412 3522 Edit.
447 3468 646 3532 Paris.,
669 3482 841 3523 monte
863 3481 1094 3528 vacante.

202 3532 229 3572 ⁸
265 3538 388 3612 _Duo
411 3540 585 3612 Codd.
623 3539 765 3612 vat.,
791 3557 886 3595 nec
905 3546 1138 3612 cupimus
1163 3546 1354 3601 subter.

207 3616 232 3646 ο
264 3609 318 3662 In
350 3610 640 3692 uno
671 3609 795 3667 Vat.
827 3609 1108 3692 Fortunati
1152 3619 1483 3692 carminibus
1507 3635 1742 3692 sequens

133 3691 319 3749 poema
369 3683 700 3756 subtexitur,
723 3684 866 3751 quod
911 3684 998 3739 hic
1029 3703 1250 3756 repono,
1282 3691 1408 3745 licet
1449 3683 1740 3749 nulla'nota

132 3761 408 3821 appareat,
443 3751 612 3808 fetum
637 3758 811 3822 ipsum
838 3770 957 3812 esse
985 3751 1288 3814 Fortunati.
1322 3761 1405 3816 En
1431 3763 1559 3818 illud
1591 3781 1605 3817 ε

221 3852 533 3922 Principium
554 3854 673 3922 anni
688 3855 788 3915 jam
805 3857 1202 3922 sancit_troplcus
1219 3860 1542 3922 Capricornus
1571 3876 1582 3911 :

219 3913 399 3965 Hense
439 3915 616 3964 Numae
662 3913 711 3965 in
755 3921 918 3969 medio
959 3913 1216 3973 Soli'astat
1254 3913 1583 3989 [Hs.,distat]
1608 3927 1743 3978 sidus

1440 4003 1671 4039 auuarum
1696 4004 1708 4039 Ζ

222 4039 512 4110 ﬁmum
533 4039 761 4110 gupnfes
785 4044 835 4110 in
855 4042 1033 4110 Mariis
1058 4051 1279 4110 tempora
1306 3989 1671 4110 piscg“,"a'“m

222 4100 448 4165 Respicit
497 4100 640 4166 μυί,
666 4103 911 4169 Respicis]
950 4100 1177 4170 Apriles'
1196 4100 1327 4177 aries
1356 4112 1469 4177 ﬁxo_
1487 4100 1574 4177 ore
1598 4113 1740 4177 [Ms.,

312 4229 322 4238 ,
425 4228 438 4238 ,
623 4231 633 4238 _
707 4230 717 4238 ,
783 4236 789 4238 _
1086 4233 1125 4238 _
1217 4173 1706 4238 [lixare]KaIendas:

225 4227 390 4290 Maius
409 4228 635 4290 Agenori
654 4230 858 4280 miratur
882 4245 1062 4282 cornua
1086 4227 1252 4285 Tauri.

223 4289 403 4353 Junius
419 4289 645 4353 aequatos
668 4291 792 4342 caelo
819 4297 952 4344 videt
975 4297 1049 4343 ire
1077 4298 1271 4347 lacnnes
1295 4313 1307 4348 :

224 4352 456 4402 Solstitio
478 4352 700 4403 ardentis
720 4356 891 4407 Cancri
917 4358 1013 4407 fert
1037 4358 1194 4408 .Iultus
1219 4371 1424 4411 astrum.

223 4416 440 4483 Augusti
463 4430 698 4483 incusem
721 4417 823 4483 Leo
845 4420 1062 4470 fervidus
1080 4423 1195 4483 igne
1221 4427 1425 4483 perurit.

225 4477 432 4541 Sidere,
463 4479 642 4543 Virgo,
665 4490 748 4530 tuo
771 4481 1012 4532 Bacchum
1046 4477 1186 4548 [ιὼ..
1206 4477 1425 4551 Bacchii]
1445 4489 1744 4549 September

1464 4553 1667 4613 [Opimat
1696 4566 1708 4601 :

225 4601 408 4674 @quat
441 4613 498 4674 et
518 4604 1022 4674 October,_sementls
1045 4618 1290 4674 tempore,
1314 4601 1484 4662 librarii
1513 4601 1525 4664 ξ

225 4665 467 4730 Scorpius
483 4669 681 4718 hiberni
708 4668 874 4730 [Forte
910 4665 1256 4740 hibernus'aut
1280 4665 1576 4740 Bibernum]
1618 4691 1746 4740 prte-

929 4734 1068 4794 [cepa
1086 4738 1229 4794 jubet.
1251 4740 1323 4786 ire
1343 4734 1670 4789 Novembi'e'm
1703 4755 1714 4791 ;

222 4788 489 4844 Terminat
511 4793 810 4845 Arcitenens
827 4788 992 4847 medio
1010 4788 1101 4848 sui
1123 4804 1262 4863 signa
1286 4800 1565 4851 Decembri.

204 4896 227 4937 ί
269 4897 387 4955 IIoc
436 4914 632 4970 poema
687 4901 1015 4972 proferimus
1064 4903 1395 4977 descriptum
1439 4923 1505 4964 ex
1554 4915 1736 4967 vetere

522 6019 798 6084 ΡΑτιιοι.
847 6013 1203 6077 LXXXVII
1223 6017 1264 6076 ι.

3318 459 3423 517 362

1902 666 2067 721 Obice
2097 666 2196 720 sub
2228 667 2445 736 proprio
2471 666 2554 719 vis
2584 666 2684 720 sibi
2715 665 2918 736 prmltet
2949 667 3066 721 iter.

1832 759 2164 814 Fluminibus
2194 761 2383 816 mediis
2406 769 2528 815 nata
2558 769 2638 815 est
2666 761 2973 830 crystallina
3005 762 3142 831 ripa,

1904 855 1928 892 ἀ
1972 855 2083 912 Nec
2107 860 2345 928 capimus
2373 858 2578 923 subter,
2607 873 2706 910 nec
2736 858 3006 925 superitur
3035 857 3157 911 iter.

1831 949 2092 1019 Aspcrius
2123 950 2317 1005 tumuit
2347 950 2570 1019 glacies,
2602 950 2866 1020 Aquilone
2899 949 3161 1005 fremente
3200 971 3209 1002 :

1905 1043 2003 1099 Cui
2029 1044 2175 1099 dabit
2206 1045 2296 1099 illa
2333 1044 2494 1107 viam,
2520 1060 2638 1116 quae
2677 1045 2778 1098 sibi
2815 1053 3036 1116 pugnat,
3062 1060 3198 1115 aqua
3226 1057 3249 1083 ο

2406 1156 2635 1216 CAPUT
2677 1159 2869 1214 XXIX.

1836 1275 2186 1349 [Fortunatus
2235 1289 2332 1344 pro
2355 1289 2422 1330 eo
2452 1276 2540 1346 qui
2582 1289 2642 1330 se
2671 1289 2974 1331 sacraverat
3004 1286 3124 1331 vota
3156 1276 3299 1342 facit,
3331 1293 3432 1334 nec

1904 1365 2009 1403 non
2068 1364 2164 1416 pro
2212 1363 2372 1418 rege;
2409 1359 2568 1417 atque
2621 1363 2725 1402 una
2766 1358 3078 1418 praesentes
3117 1363 3332 1404 sorores
3361 1349 3430 1406 ad

1905 1420 2094 1476 eadem
2120 1429 2241 1475 vota
2272 1416 2513 1476 facienda
2547 1416 2784 1491 invitut.]

1838 1533 1859 1572 τ
1906 1575 1920 1590 .
1959 1578 1971 1590 .
2007 1577 2021 1591 .
2057 1576 2072 1590 .
2109 1577 2121 1589 .
2161 1576 2175 1591 .
2211 1575 2226 1590 .
2261 1550 2358 1591 nos
2388 1536 2475 1606 qui
2500 1536 2646 1591 dedit
2673 1553 2794 1593 esse
2823 1548 3088 1608 sacratos,

1911 1627 2064 1682 Vivat
2087 1639 2141 1684 et
2172 1629 2284 1696 ipse
2312 1643 2498 1692 sacer;
2531 1628 2722 1698 dicque
2748 1630 2961 1686 sinistra
3000 1646 3177 1690 soror.

1833 1736 1949 1778 Lux
1982 1732 2089 1788 tua,
2119 1721 2384 1790 Salvator,
2422 1720 2511 1777 tali
2539 1736 2636 1791 pro
2664 1738 2885 1778 munere
2913 1724 3111 1794 cingat,

1904 1812 2015 1868 Nos
2040 1813 2132 1868 tibi
2161 1814 2248 1883 qui
2279 1813 2497 1878 statuit;
2529 1813 2710 1881 quinta
2734 1815 2858 1883 quid
2889 1815 3012 1869 inde
3033 1815 3217 1869 taces?

1761 1948 1812 2010 Β
1837 1905 2044 1962 Lumen
2075 1906 2429 1961 inextinctum
2463 1907 2560 1969 sis,
2592 1921 2685 1961 rex
2719 1907 2883 1977 bone,
2907 1923 3146 1976 semper,
3170 1916 3227 1962 ut
3250 1916 3399 1977 opto,

1912 2003 2040 2057 Haec
2072 2011 2121 2056 te
2154 2017 2316 2072 parva
2349 2000 2473 2056 licet
2503 2009 2624 2055 vota
2657 2017 2880 2057 monere
2908 2013 3129 2072 queant.

1839 2097 2039 2153 Ordine
2072 2096 2309 2153 Lucilluo
2331 2096 2549 2167 dignum
2579 2110 2732 2166 rape,
2770 2097 2957 2160 victor,
2990 2098 3251 2151 honorem
3278 2114 3292 2150 :

1913 2192 2038 2245 Ilaac
2059 2207 2160 2261 ego
2181 2190 2270 2260 qui
2301 2199 2325 2236 α
2358 2190 2533 2243 media
2563 2205 2574 2240 :
2599 2189 2768 2243 subde
2795 2188 3031 2246 secunda
3053 2203 3306 2258 sequens.

1840 2286 2103 2341 Omnibus
2134 2285 2184 2338 in
2219 2282 2427 2352 populis
2459 2295 2653 2336 nomen
2678 2281 2779 2336 sibi
2806 2281 3041 2336 vindicet
3068 2283 3269 2338 almum

1912 2379 2117 2448 Largus
2147 2388 2199 2432 et
2225 2377 2309 2431 hic
2331 2376 2485 2430 dator
2511 2393 2525 2429 :
2561 2375 2686 2444 quid
2718 2374 2878 2428 modo
2908 2383 3095 2444 quarta
3118 2373 3279 2431 siles?

1841 2473 2110 2543 Perpetuo
2139 2471 2340 2527 Christi
2369 2471 2588 2541 dignum
2622 2478 2833 2524 tueatur
2853 2484 3093 2525 amorem

1921 2568 2023 2621 Iste
2057 2566 2146 2620 Dei
2177 2565 2387 2620 cultor:
2413 2564 2594 2618 ultima
2625 2563 2815 2618 dextra
2841 2561 3003 2618 refer.

1843 2660 2184 2733 Magniﬁcum
2217 2674 2400 2727 regem
2434 2667 2524 2712 tua
2557 2673 2680 2713 nam
2716 2659 2916 2713 virtute
2937 2674 3155 2726 corona,

1918 2755 1995 2809 Te
2027 2768 2237 2824 precor,
2271 2753 2416 2808 celse
2446 2752 2586 2807 Deus
2613 2770 2625 2805 :
2651 2753 2879 2822 septima
2906 2754 3089 2824 sicque
3121 2756 3279 2826 petis.

1843 2851 1995 2906 Atris
2024 2848 2265 2919 expulsis
2293 2856 2482 2902 nostro
2510 2847 2579 2902 de
2605 2848 2769 2902 corde
2799 2847 3034 2903 tenebris

1915 2943 2139 3012 Semper
2165 2940 2462 2996 inextincta
2515 2941 2685 2998 simus
2722 2941 3014 3011 splendore
3044 2943 3276 3000 corusci.

1845 3187 2182 3249 membrana,
2202 3185 2410 3240 adnexa
2437 3183 2530 3238 uni
2561 3197 2591 3238 e
2621 3183 2793 3238 Codd.
2827 3182 3171 3240 bibliotheca:
3197 3186 3317 3241 Vat.
3339 3226 3357 3250 ,
3387 3186 3441 3242 in

1845 3275 1950 3331 qua
1980 3270 2034 3315 et
2064 3273 2280 3315 carmen
2324 3257 2393 3312 de
2421 3257 2476 3311 S.
2505 3254 2678 3331 Cruce
2701 3296 2716 3320 ,
2737 3256 2908 3331 _quod
2957 3257 3140 3331 incipit
3165 3276 3198 3331 :A
3238 3256 3447 3314 Vexila

1844 3327 1979 3404 regis
2005 3372 2021 3396 ,
2044 3341 2152 3385 etc.
2173 3371 2190 3395 ,
2217 3339 2270 3385 et
2313 3328 2570 3404 nonnulla
2598 3328 2702 3404 alia
2737 3327 3445 3404 Fortunaticarmina._sive

1849 3398 2026 3473 potius
2047 3416 2232 3456 corum
2258 3413 2435 3473 partes
2459 3400 2647 3473 lacera;
2671 3399 2936 3473 leguntur.
2969 3398 3102 3473 Illud
3130 3416 3256 3455 vero
3292 3399 3442 3473 Fort.

1849 3470 1988 3539 esse,
2023 3474 2269 3545 quamvis
2291 3472 2476 3545 titulus
2500 3486 2604 3545 non
2633 3470 2833 3525 iudicet
2854 3511 2870 3536 ,
2891 3470 2980 3540 qui
3011 3471 3165 3526 abest
3191 3487 3352 3545 reque
3374 3472 3442 3545 ab

1848 3543 2097 3602 omnibus
2140 3559 2260 3614 quae
2284 3544 2370 3597 illa
2416 3543 2727 3614 membrana
2760 3545 3105 3614 continentur
3132 3584 3147 3608 ,
3191 3543 3444 3600 carmini-

1848 3617 1973 3683 bus,
2005 3619 2136 3672 satis
2164 3613 2403 3670 Ostendit
2431 3623 2486 3667 et
2511 3613 2681 3682 stylus
2707 3615 2956 3680 proprius
2984 3613 3132 3668 Fort.
3165 3615 3361 3684 ipsius,
3388 3625 3446 3670 et

1847 3689 2052 3745 mentio
2077 3704 2338 3752 sororum,
2368 3686 2484 3740 sive
2505 3685 2990 3739 sanctimonialium
3017 3687 3152 3740 facta
3171 3730 3184 3750 ,
3217 3687 3283 3739 ad
3311 3702 3444 3754 quas

1849 3775 2030 3816 sermo
2059 3758 2238 3814 omnis
2263 3758 2510 3826 dirigitur
2536 3775 2547 3809 :
2580 3765 2636 3811 et
2665 3767 2782 3810 vota
2815 3772 2914 3826 pro
2943 3773 3066 3827 rege
3092 3775 3106 3822 ;
3136 3759 3277 3826 quod
3310 3759 3445 3814 alias

1849 3841 2093 3888 solemne
2137 3829 2433 3885 Fortunato
2476 3830 2592 3881 l'uit.
2643 3827 2946 3882 Obscurum
2982 3844 3146 3887 vero.
3177 3838 3230 3883 et
3271 3832 3444 3884 incer-

1850 3911 1965 3958 tum
1999 3904 2218 3970 hujusce
2237 3901 2496 3970 poematis
2511 3911 2886 3966 argumentum
2910 3909 3013 3953 est.
3045 3900 3100 3954 Si
3126 3902 3443 3957 licettanien

1851 3975 2048 4045 aliquid
2062 3973 2353 4042 cntijicere,
2371 3972 2498 4045 mihi
2525 3971 2652 4025 illud
2670 3985 2735 4025 ex
2757 3981 2998 4045 tempore
3011 3972 3212 4045 dictum
3238 3974 3446 4045 videtur

1849 4049 1906 4104 in
1936 4042 2200 4101 conventu
2240 4044 2551 4098 munialiutn
2601 4044 2910 4096 monasterii
2957 4045 3012 4096 S.
3040 4044 3226 4098 Crucis
3269 4042 3446 4098 Picta-

1849 4121 2068 4180 vieusis,
2102 4120 2236 4171 forte
2262 4130 2328 4170 eo
2359 4117 2444 4169 tlte
2471 4129 2576 4183 quo
2608 4115 2720 4180 ipse
2749 4114 3004 4168 sacerdos
3037 4114 3305 4180 initiatus,
3352 4124 3446 4169 aut

1850 4191 2012 4245 etiam
2039 4203 2323 4257 episcopus
2354 4186 2704 4239 PictavienSts
2747 4188 3094 4254 inauguratus
3128 4187 3247 4238 fuit.
3307 4186 3440 4243 Iliuc

1849 4265 2049 4317 etenim
2097 4275 2215 4313 vo:a
2250 4259 2377 4312 facit
2427 4273 2522 4326 pro
2570 4271 2636 4310 eo
2676 4258 2840 4325 quise
2867 4266 3157 4312 sacrauerat
3182 4298 3197 4321 ,
3241 4272 3304 4312 ac
3338 4259 3447 4313 Deo

1850 4342 2140 4394 statua-rat;
2199 4345 2298 4384 nec
2344 4345 2449 4382 non
2494 4344 2589 4397 pro
2620 4343 2742 4389 tege
2769 4369 2782 4390 .
2814 4329 2972 4397 cujus
3019 4344 3182 4396 opera
3218 4328 3446 4385 fortasse

1852 4407 2001 4461 illum
2029 4403 2250 4457 honoris
2272 4403 2496 4468 gradum
2543 4404 2948 4454 conscenderat.
2995 4400 3291 4454 Doletttluni
3319 4417 3450 4457 sane

1850 4480 2022 4547 prima
2058 4473 2322 4544 poematis
2350 4475 2510 4526 verba
2545 4472 2617 4524 ita
2646 4472 2802 4540 longo
2854 4488 2949 4524 usu
2979 4487 3047 4547 ac
3080 4484 3344 4528 vetustate
3391 4473 3443 4528 in

1851 4543 1950 4605 ins.
1982 4549 2174 4603 detrita
2207 4560 2326 4600 esse
2352 4585 2367 4609 ,
2398 4553 2454 4597 ut
2487 4557 2587 4596 nec
2632 4557 2820 4597 eorum
2855 4543 3078 4611 vestigia
3117 4554 3444 4613 appareant:

1851 4621 2101 4688 aquibus
2149 4619 2375 4672 fortasse
2428 4617 2605 4670 lumen
2659 4616 2754 4688 toti
2791 4617 3019 4688 poemati
3047 4615 3440 4670 alluuderetur.

1776 4705 1828 4765 ι)
1855 4685 1945 4747 Illa
1963 4693 2177 4765 _quippe
2203 4685 2810 4765 videntur_exprles.sisse
2835 4686 2952 4753 ejus
2993 4701 3187 4740 nomen
3209 4729 3223 4751 ,
3246 4689 3315 4765 tle
3337 4703 3444 4754 quo

1855 4765 1928 4817 ait
1961 4757 2304 4824 Fortunatus,
2335 4757 2476 4826 quod
2503 4773 2557 4811 se
2583 4758 2791 4810 dederat
2821 4773 2928 4810 esse
2952 4767 3236 4813 sacratum.
3272 4760 3446 4823 Atque

1854 4837 1971 4890 haec
1996 4850 2062 4889 ex
2085 4847 2201 4889 mea
2230 4832 2540 4898 conjectura
2570 4829 2860 4898 protulisse
2887 4830 3141 4884 suiliciat.

1923 4916 1950 4955 Ι
1987 4905 2148 4961 Ferte
2164 4945 2181 4971 ,
2214 4902 2437 4958 Medius.

3021 6010 3094 6072 IS
