4206 6546
748 413 859 474 363

1466 403 1797 464 VENANTII
1838 401 1998 461 HON.
2040 399 2249 458 CLEM.
2293 393 2696 454 FORTUNATI
2733 392 3017 452 OPERUM
3056 390 3236 452 PARS
3273 391 3315 450 Ι.

3935 387 4048 451 αι

746 545 4045 612 W

1427 752 1608 869 DE
1691 748 2042 868 VITA
2127 744 2644 864 SANCTI
2729 741 3339 860 MARTINI

1976 940 2250 1074 LIBRI
2308 987 2800 1084 QUATUOR

1347 1257 1687 1312 PROLOGUS
1723 1257 2096 1310 FORTUNATI
2132 1259 2526 1312 PRESBYTER]
2566 1259 2630 1311 IN
2665 1258 2868 1312 VITAM
2906 1257 3132 1312 SANCTI
3169 1256 3455 1310 MARTINI.

756 1415 784 1491 ι’
813 1416 925 1493 Hac
957 1432 1010 1493 in
1036 1413 1258 1493 epistola
1289 1413 1616 1493 Fortunatus
1646 1424 1706 1493 se
1735 1409 1996 1490 Gregorio
2024 1418 2247 1493 excusat
2295 1413 2438 1482 quod
2481 1413 2658 1493 minus
2678 1412 2947 1493 concinne
2977 1421 3030 1467 et
3058 1420 3180 1482 apte
3218 1411 3388 1467 libros
3425 1411 3495 1493 de
3525 1411 3811 1493 Miraculis
3841 1407 4056 1472 seu.

829 1491 927 1544 tini
957 1485 1359 1542 elucubraverit
1391 1492 1445 1536 et
1473 1485 1823 1553 perpoliverit
1852 1502 1862 1534 :
1896 1497 1958 1535 ac
1988 1485 2103 1548 ejus
2135 1486 2212 1538 rei
2245 1499 2462 1538 causam
2492 1485 2734 1539 oblendit
2767 1486 2962 1539 messis
2993 1494 3206 1549 tempus
3247 1498 3308 1538 ac
3339 1487 3535 1539 rustica
3568 1485 3785 1553 negotia
3809 1525 3827 1552 ,
3867 1486 4058 1553 quibus

825 1561 1088 1616 distentus
1128 1556 1320 1634 fuerat.
1379 1554 1524 1634 Idem
1559 1569 1616 1607 se
1651 1554 2167 1634 paratumtlcclarat
2196 1557 2304 1634 _qui
2343 1570 2500 1634 opus
2524 1572 2558 1634 a
2599 1558 2858 1625 Gregorio
2906 1558 3288 1634 concinnatum
3323 1557 3390 1610 de
3430 1558 3723 1612 virtutibus
3749 1557 3812 1612 S.
3845 1555 4054 1612 Martini

826 1634 1074 1688 versinus
1116 1629 1413 1693 exprimat.
1450 1625 1727 1679 Postremo
1773 1626 1955 1697 operis
1984 1625 2063 1678 sui
2112 1626 2378 1681 rationem
2407 1628 2622 1691 reddit,
2653 1644 2714 1681 ae
2742 1639 2970 1695 quatuor
3001 1627 3173 1690 libris,
3203 1628 3462 1697 quidquid
3510 1628 3580 1683 de
3605 1630 3802 1682 eodem
3830 1629 3888 1684 S.
3919 1630 4060 1685 ﬂar-

833 1705 948 1758 tino
981 1700 1254 1769 Sulpicius
1286 1699 1605 1770 scripserat,
1654 1696 2083 1770 sefomplexum
2135 1699 2406 1770 al'iirmat:
2457 1700 2614 1767 idque
2645 1699 2779 1753 intra
2813 1701 3043 1769 spatium
3102 1696 3398 1770 bimestre:
3450 1716 3587 1770 quos
3625 1702 3851 1770 quidem
3899 1699 4060 1770 libros

831 1775 932 1844 ipsi
962 1774 1020 1828 S.
1062 1766 1291 1826 Martiae
1337 1783 1436 1839 per
1464 1767 1687 1852 Gregor.
1722 1766 1851 1821 Tur.
1888 1768 2279 1837 nuncupandos
2307 1779 2362 1825 et
2391 1766 2786 1826 consecrandos
2812 1813 2828 1839 ,
2847 1766 3016 1841 quam
3041 1769 3322 1826 celerrime
3353 1766 3658 1826 missurum'
3677 1768 4031 1844 prolitetur.]

790 1945 818 1975 ι
850 1934 1054 1989 Damno
1085 1941 1261 1984 sancto
1288 1937 1436 2000 atque
1459 1927 1742 1996 apostolico
1774 1926 2004 2000 piissimo
2033 1928 2085 1979 iu
2111 1926 2315 1983 Christo
2377 1933 2433 1992 Α
2457 1930 2605 2000 geri,
2636 1931 2688 1984 id
2716 1931 2855 1999 agite
2899 1938 2958 1984 ut
2986 1931 3161 1999 ipsum
3192 1929 3326 1984 mihi
3349 1930 3577 1985 relatum
3619 1929 3863 1998 jubcatis
3892 1939 4042 1988 trans

899 2016 944 2060 et
967 2004 1212 2076 pcrulinrt
1238 2002 1369 2066 patri
1388 1998 1632 2068 Gregorio
1663 2013 1827 2067 papae,
1862 1996 2204 2053 Fortunatus.

829 2097 983 2164 Apud
1016 2095 1228 2166 pietatis
1261 2096 1499 2146 animum
1525 2132 1539 2155 ,
1573 2091 1713 2160 quod
1745 2105 1911 2158 opere
1938 2093 2114 2146 minus
2158 2091 2352 2146 inscri-

755 2193 922 2254 bitur,
962 2187 1269 2244 dilectionis
1316 2184 1507 2239 intuitu
1557 2183 1834 2238 dilatatur.
1879 2183 2011 2238 Nam
2060 2195 2354 2240 EUIXEIPH—

754 2291 928 2341 MATA
953 2321 968 2347 ,
999 2289 1170 2337 ΔΕΖιΣ
1197 2321 1212 2345 ,
1245 2287 1301 2331 AI
1321 2283 1532 2331 ttPE‘sts
1558 2317 1572 2339 ,
1612 2284 1954 2331 ΠΛΡΑΙΝΕΣΙΣ
1982 2315 1998 2342 ,
2052 2285 2109 2330 et
2153 2276 2356 2346 reliqua

759 2377 1064 2433 oratoribus
1094 2381 1143 2428 et
1171 2370 1466 2426 dialectici:
1497 2369 1899 2438 permittantur,
1931 2370 2069 2439 apud
2095 2385 2229 2440 quos
2252 2383 2355 2424 cre-

759 2478 888 2527 tera:
937 2479 1080 2523 artes
1123 2464 1400 2536 perpiexis
1451 2465 1642 2516 llorent
1690 2463 1936 2519 artibus:
1979 2462 2080 2517 ista
2111 2470 2356 2534 satagent

759 2563 872 2619 suis
898 2561 1150 2616 aliectare
1177 2558 1202 2596 δ
1232 2557 1545 2613 sirmatibus
1595 2571 1714 2625 qua:
1753 2555 1891 2610 soliti
1923 2564 2048 2609 sunt
2092 2556 2352 2623 adsuere,

759 2656 845 2711 vel
877 2656 1187 2724 proferre...
1214 2649 1323 2704 Vos
1365 2650 1486 2704 date
1515 2649 1730 2718 pietatis
1777 2656 1833 2702 et
1862 2647 2146 2703 citat-italis
2176 2648 2356 2704 animo

760 2748 974 2805 veniam
995 2789 1010 2812 ,
1040 2744 1336 2814 postposita
1369 2757 1466 2810 pro
1496 2752 1649 2812 parte
1677 2743 1891 2795 metrici
1929 2743 2079 2810 periti
2107 2756 2353 2798 censura.

762 2839 896 2906 Quia
926 2836 1182 2908 quidquid
1225 2836 1278 2889 in
1313 2836 1394 2890 his
1424 2835 1507 2888 vel
1539 2834 1760 2903 streplia
1795 2845 2034 2888 veterunt
2056 2876 2071 2900 ,
2103 2836 2185 2888 vel
2217 2849 2356 2904 prte-

762 2933 998 2989 sentium
1029 2931 1300 3000 sophisma
1337 2929 1650 2999 plerumque
1679 2928 1936 2983 dissertat
1956 2970 1970 2996 ,
2002 2937 2170 2983 totum
2204 2929 2358 2984 nobis

763 3036 821 3084 tu
852 3009 1165 3098 prmstabis,
1210 3026 1348 3094 quod
1379 3023 1554 3078 minus
1584 3025 1870 3078 novimus:
1919 3022 2060 3092 quod
2109 3025 2158 3075 in
2191 3037 2358 3092 Opere

765 3121 1055 3197 messium,
1087 3119 1138 3173 id
1183 3127 1265 3172 est
1292 3118 1346 3172 in
1373 3117 1489 3187 ipsa
1537 3132 1751 3179 messe.
1800 3125 1858 3170 ut
1908 3129 2149 3184 praesens
2183 3114 2356 3184 expli-

763 3227 890 3270 care
917 3211 1144 3281 portitor
1177 3209 1413 3280 poterit,
1463 3223 1564 3262 nec
1597 3207 1859 3276 expedire
1892 3206 2071 3273 licuit,
2117 3221 2215 3261 nec
2242 3217 2357 3261 ten-

768 3315 885 3362 tare
909 3303 1136 3375 singula.
1168 3304 1504 3371 Quapropter
1529 3309 1728 3354 sancte
1757 3315 1970 3353 coronat:
1995 3314 2059 3352 ac
2085 3297 2355 3353 dulcedini
2387 3323 2438 3382 Β
2465 3351 2480 3406 ι

768 3409 964 3456 νθειῐω
995 3413 1080 3452 me
1111 3395 1452 3466 peculiariter
1484 3404 1538 3448 et
1569 3393 1830 3448 instanter
1857 3392 2270 3455 commendans,
2304 3399 2360 3446 et

767 3506 823 3551 ut
858 3509 953 3565 pro
982 3491 1168 3547 lmmili
1198 3501 1287 3544 tuo
1313 3490 1515 3558 jugiter
1559 3502 1716 3542 orare
1740 3486 1976 3557 digneris
1997 3528 2010 3550 ,
2043 3494 2360 3554 exspectans

769 3599 1020 3658 suggero.
1062 3583 1194 3638 Cum
1227 3581 1498 3650 iusseritis
1527 3589 1705 3633 autent
1745 3589 1802 3631 ut
1841 3593 1976 3646 opus
2010 3577 2136 3630 illud
2157 3617 2170 3639 ,
2203 3575 2360 3629 Cltri-

768 3689 852 3734 sto
886 3681 1197 3746 prmstante,
1233 3671 1712 3726 intercessionibus
1741 3669 1922 3722 domui
1955 3663 2185 3729 Martini,
2215 3665 2358 3738 quod

771 3771 838 3826 de
867 3770 979 3824 suis
1028 3766 1313 3822 virtutibus
1353 3763 1694 3833 explicuisli,
1745 3761 1990 3817 versibus
2035 3759 2230 3815 debeat
2279 3757 2360 3812 di-

846 3913 872 3941 ι
917 3905 1074 3960 Deest
1103 3904 1217 3957 ltwc
1259 3901 1482 3971 epistola
1531 3897 1752 3971 ianen.
1772 3897 1965 3971 _l_£dit.,
1993 3896 2055 3971 in
2076 3909 2179 3971 qua
2207 3907 2362 3971 _rep_e-

771 3979 984 4036 riuntur
1033 3989 1183 4044 seqq.
1226 3963 1455 4044 quttuor
1495 3970 1611 4044 libri
1660 3970 1726 4022 de
1769 3969 1886 4023 Mir.
1919 3970 1983 4044 S._
2011 3963 2243 4021 Martini.
2286 3963 2359 4044 _ln

772 4049 942 4104 tribus
967 4037 1320 4108 Ceddi-Vat”
1352 4042 1545 4111 quibus
1576 4042 1678 4093 huc
1712 4054 1880 4108 usque
1908 4039 1987 4092 usi
2017 4054 2220 4111 sumus,
2242 4037 2358 4111 _de-

773 4129 898 4175 sunt
935 4117 1056 4172 libri
1100 4116 1167 4170 de
1195 4114 1312 4168 Μὶν.
1364 4107 1422 4167 S.
1461 4111 1698 4173 Martini.
1747 4107 1810 4165 ac
1855 4111 2076 4176 proinde
2131 4110 2212 4162 vel
2242 4107 2356 4162 lucc

773 4191 1019 4260 epistola.
1073 4187 1128 4260 In
1155 4201 1258 4260 uno
1279 4185 1414 4238 Cod.
1460 4185 1590 4236 Bibl.
1629 4181 1743 4260 Vat.
1779 4179 2146 4259 tantummodo
2195 4194 2354 4247 repe-

775 4253 1024 4316 riuntur:
1075 4259 1125 4310 in
1159 4257 1348 4310 eodem
1400 4261 1548 4325 ipso,
1597 4253 1734 4325 unde
1763 4255 2126 4325 excerpsimus
2170 4263 2362 4319 poema

777 4343 984 4388 sextum
1018 4329 1109 4383 lib.
1140 4343 1260 4392 vni,
1290 4329 1356 4379 de
1388 4322 1492 4394 quo
1519 4327 1570 4378 in
1599 4324 1736 4378 notis
1782 4325 1846 4376 ad
1877 4322 2018 4376 idem
2055 4336 2244 4394 poema
2271 4336 2364 4374 su-

777 4417 897 4456 mus
927 4401 1106 4454 locuti.
1156 4399 1213 4453 lit
1243 4393 1429 4452 eodem
1476 4396 1666 4467 legitur
1693 4395 1805 4448 Ιιςερ
1833 4394 2055 4462 epistola
2081 4432 2098 4460 ,
2127 4393 2221 4447 sed
2248 4407 2364 4446 mu-

779 4474 868 4528 tila
901 4470 1167 4536 nonnullis
1207 4469 1401 4524 verbis.

849 4543 879 4581 δ
918 4532 1110 4612 Synna
1136 4551 1217 4596 est
1239 4556 1406 4609 genus
1435 4539 1598 4594 vestis
1630 4536 1863 4607 tragicis,
1894 4534 1977 4590 vel
2007 4532 2174 4590 cauda
2195 4575 2213 4602 ,
2246 4534 2364 4590 sive

2463 2025 2624 2078 mitti.
2661 2023 2792 2078 Nam
2818 2023 3013 2093 pietate
3043 2022 3257 2077 Domini
3301 2022 3655 2087 concedente,
3689 2023 3837 2093 quod
3869 2022 3939 2078 de
3962 2024 4064 2078 vita

2460 2119 2577 2189 ejus
2608 2119 2690 2172 vir
2716 2117 2952 2172 disertus
2994 2117 3226 2172 domnus
3271 2115 3544 2185 Sulpicius
3589 2117 3693 2171 sub
3742 2131 3851 2171 uno
3884 2118 4065 2173 libello

2461 2223 2620 2280 prosa
2667 2209 2988 2278 descripsit,
3037 2219 3092 2264 et
3133 2208 3420 2279 reliquum,
3470 2207 3612 2277 quod
3660 2207 3870 2275 (Ιίθίοῄ
3917 2223 4064 2270 ore

2458 2304 2745 2369 subnectit,
2775 2302 3007 2372 primum
3033 2301 3248 2372 quidem
3273 2315 3408 2368 opus
3438 2315 3467 2355 a
3486 2314 3573 2354 me
3598 2300 3815 2354 duobus
3846 2300 4047 2356 libellis

2460 2409 2514 2455 et
2542 2399 2784 2467 dialogus
2807 2397 3143 2465 subsequens
3167 2394 3285 2448 aliis
3307 2395 3513 2448 duobus
3538 2393 4068 2461 libelliscomplexus

2459 2503 2541 2551 est
2569 2511 2582 2560 ;
2617 2493 2688 2548 ita
2718 2501 2772 2547 ut
2803 2493 3120 2546 brevissime
3163 2501 3216 2544 et
3240 2490 3393 2558 juxta
3443 2489 4064 2559 modulumpauperta-

2461 2591 2528 2646 tis
2550 2600 2746 2644 nostrae
2778 2590 2829 2643 in
2857 2596 3088 2657 quatuor
3111 2587 3334 2652 libellis,
3365 2593 3535 2640 totum
3563 2583 3698 2638 illud
3718 2598 3860 2653 opus
3880 2598 4068 2650 versu,

2463 2685 2600 2740 inter
2633 2685 2734 2738 hoc
2762 2684 3018 2737 bimestre
3048 2684 3282 2749 spatium
3308 2721 3324 2748 ,
3353 2679 3526 2733 audax
3559 2677 3755 2747 magis,
3789 2686 3957 2747 quam
3989 2677 4068 2732 lo—

2461 2794 2605 2850 quax
2631 2820 2646 2846 ,
2680 2792 2780 2832 nec
2809 2779 2995 2831 ellieax
3022 2816 3039 2844 ,
3069 2775 3269 2831 cursim
3312 2785 3366 2830 et
3398 2772 3639 2839 impolite
3678 2772 3822 2827 inter
3851 2772 4072 2828 frivolas

2461 2875 2839 2942 oecupationes
2865 2871 3141 2926 sulcarim.
3176 2870 3321 2936 Quos
3360 2868 3575 2922 libellos
3604 2867 3809 2921 domno
3838 2881 3989 2930 meo.
4020 2873 4074 2922 et

2463 2969 2551 3038 pio
2584 2968 2780 3021 donmo
2828 2965 3073 3029 Martiae,
3121 2963 3165 3017 si
3196 2962 3312 3031 ipse
3340 2973 3703 3016 commeatum
3730 2959 3972 3024 obtinet,
4018 2960 4070 3015 in

2461 3058 2923 3130 quaternionibtls,
2959 3072 3094 3125 quos
3122 3055 3394 3108 direxistis
3413 3095 3427 3118 ,
3479 3053 3578 3121 ipsi
3604 3066 3700 3120 per
3728 3065 3828 3106 vos
3852 3052 4070 3105 oblatu-

2461 3167 2554 3208 rus
2580 3150 2909 3218 coniunctim
2955 3159 3008 3203 et
3038 3145 3321 3201 confestim
3363 3143 3807 3198 transcribendos
3838 3145 4069 3213 curabo,

2463 3243 2592 3298 illud
2619 3254 2767 3297 certe
2801 3240 3104 3311 postulans,
3137 3246 3196 3292 ut
3226 3236 3343 3307 ejus
3367 3251 3397 3290 a
3425 3235 3580 3290 Vobis
3623 3235 3794 3304 pietas
3819 3245 4071 3304 reparata

2481 3351 2562 3390 πο
2595 3336 2748 3388 nobis
2779 3333 3073 3386 humilibus
3098 3340 3150 3385 et
3177 3331 3287 3384 suis
3331 3327 3692 3398 peculiaribus
3722 3329 4071 3384 intercedere

2468 3445 2572 3482 non
2600 3427 2843 3482 desistat.
2878 3423 3041 3494 Date[
3067 3425 3150 3478 ΑΙ.
3185 3423 3316 3476 Dato
3338 3419 3378 3492 ],
3415 3431 3566 3491 pater
3592 3421 3787 3489 dulcis,
3822 3421 4068 3489 veniam,

2467 3520 2589 3591 quia
2639 3519 2852 3571 lituram
2903 3522 3102 3567 tantam
3148 3512 3201 3566 in
3235 3526 3408 3567 messe
3454 3513 3716 3567 scribenti
3754 3512 3946 3582 pluvia
3976 3529 4073 3566 su-

2467 3611 2715 3680 perlapsa
2743 3605 2979 3672 suIIudil,
3013 3605 3116 3660 Ora
3149 3619 3246 3674 pro
3275 3618 3363 3659 me
3383 3603 3583 3663 doume
3614 3613 3824 3670 sancte,
3853 3613 3920 3660 et
3942 3604 4074 3659 mihi

2469 3703 2640 3757 dulcis
2670 3707 2841 3770 pater.

2470 3894 2672 3942 tractus
2718 3882 2882 3937 vestis
2931 3878 3244 3936 muliebris:
3275 3878 3414 3949 quod
3470 3879 3796 3935 vocabulum
3840 3880 4072 3938 ductum

2466 3967 2620 4012 est'a
2652 3952 2842 4008 Graeco
2876 3953 3041 4026 verbo
3073 3956 3219 4026 σὺρω
3242 3991 3257 4015 ,
3281 3951 3435 4026 ψιριίΔ
3449 3960 3609 4026 sonat
3633 3952 3863 4026 imiter},
3893 3963 3956 4009 ut
3980 3969 4072 4009 no-

2463 4029 2728 4083 tissimum
2758 4033 2863 4080 est.
2910 4023 2982 4078 De
3011 4023 3111 4078 hoc
3138 4023 3394 4080 Martialis
3423 4023 3518 4079 lib.
3547 4039 3647 4091 xu,
3681 4039 3768 4094 ep.
3797 4024 3871 4080 7s
3900 4041 3922 4082 :

2587 4141 2774 4202 Aptasti
2793 4139 2991 4202 longum
3015 4145 3068 4188 tu
3085 4148 3284 4200 quoque
3306 4149 3466 4200 syrma
3484 4138 3575 4188 tibi

2473 4245 2548 4300 Ac
2568 4256 2756 4299 rursus
2783 4241 2878 4297 lib.
2903 4255 2977 4307 tv,
3003 4239 3172 4310 epigr.
3201 4239 3269 4295 57
3295 4258 3308 4293 :

2598 4357 2734 4407 Musa
2753 4369 2846 4406 nec
2869 4359 3037 4405 insano
3055 4361 3266 4418 syrmate
3289 4360 3450 4405 nostra
3464 4356 3627 4418 iuvet.

2471 4460 2711 4518 Sumitur
2737 4474 2865 4514 vero
2885 4474 3064 4530 syrma
3112 4473 3208 4525 pro
3237 4459 3393 4527 longa
3427 4460 3643 4524 tragicre
3691 4459 3967 4516 orationis
3995 4476 4078 4517 se-

2471 4535 2571 4600 rie,
2603 4531 2667 4585 ad
2698 4542 2996 4586 extremum
3025 4544 3196 4600 usque
3235 4545 3391 4584 suum
3422 4539 3666 4585 tenorem
3694 4534 4078 4602 protraltente.

780 4667 4075 4711 —————-——————-———————-——_———_'———-‘

1913 4791 2249 4844 PBEFATIO
2281 4789 2346 4842 ΙΝ
2383 4790 2634 4843 EOSDEM
2668 4789 2913 4841 LIBROS.

888 4923 1058 4980 Nauta
1078 4920 1248 4985 rudis,
1271 4917 1476 4974 tumido
1495 4931 1616 4972 cum
1646 4917 1752 4972 vult
1777 4916 1907 4972 dare
1927 4916 2043 4972 vela
2070 4915 2354 4986 profundo,
2382 4917 2432 4984 α

958 5017 1133 5086 Atque
1160 5012 1484 5084 procellosis
1511 5012 1723 5067 nescius
1755 5012 1916 5066 intrat
1945 5026 2108 5080 aquas
2137 5048 2152 5074 ,

889 5105 1194 5161 Raucisono
1223 5103 1447 5158 latrante
1475 5104 1612 5168 salo,
1643 5117 1763 5156 cum
1792 5103 2077 5171 perstrepit
2103 5116 2322 5171 aequor,

963 5197 1030 5252 Et
1061 5211 1189 5266 vaga
1220 5195 1449 5250 terrilico
1477 5202 1774 5247 murmurat
1804 5195 1943 5246 unda
1977 5193 2112 5248 freto
2141 5209 2154 5246 :

823 5293 856 5348 5
895 5289 1161 5347 Exsiliens
1191 5287 1406 5355 pelag-ts
1427 5285 1593 5340 colles
1625 5287 1709 5340 ubi
1739 5287 1905 5340 volvit
1934 5300 2184 5355 aquosas,

963 5384 1231 5450 Plauaque
1261 5380 1419 5434 dorsa
1453 5380 1616 5434 maris
1645 5380 1841 5434 mobile
1871 5396 1999 5449 rupe
2032 5380 2181 5434 timet
2207 5398 2218 5431 :

893 5473 1160 5544 Naufragii
1185 5471 1430 5528 cumulos
1465 5472 1682 5540 capiens
1714 5487 1809 5540 per
1831 5474 2078 5541 conl'raga
2104 5511 2119 5537 ,
2147 5479 2364 5540 i‘onlus,

969 5569 1081 5636 Qua
1111 5567 1336 5636 crepitat
1365 5563 1604 5633 rapidus,
1639 5572 1818 5618 monte
1858 5571 2092 5628 uatante,
2119 5566 2288 5623 liquor
2315 5579 2326 5614 :

1007 5822 1018 5841 ί

1045 5803 1091 5856 «1.
1130 5804 1248 5857 't':=.t.
1279 5821 1409 5870 rupe
1438 5815 1674 5857 (:nr'eut:
1708 5805 1845 5876 quod
1883 5805 2189 5862 tenendum.

1003 5895 1091 5930 ou.
1129 5877 1244 5932 Vat.
1271 5894 1471 5942 raptem
1505 5894 1595 5945 per
1626 5877 1892 5947 confraga.

864 5803 998 5859 6.0

866 5876 998 5932 7.0

2568 4915 2822 4972 Certatim
2839 4914 3408 4986 implieitaquuatiunt
3427 4912 3556 4969 vada
3576 4915 3774 4970 cmrula
3792 4931 3923 4982 cvm
3933 4921 4077 4990 bam,

2470 5011 2539 5067 10
2645 5009 2780 5065 Cum
2813 5009 2996 5080 liquidi
3028 5011 3202 5079 campi
3234 5009 3441 5078 pensile
3472 5011 3664 5064 transit
3696 5011 3832 5066 iter:

2576 5102 2631 5158 Si
2665 5101 2772 5156 l'era
2802 5113 3009 5156 crescat
3037 5102 3230 5166 hiems,
3264 5111 3320 5154 ut
3349 5101 3553 5169 spumis
3585 5103 3843 5158 verberet
3895 5121 4079 5176 auras,

2649 5195 2716 5247 Et
2743 5208 2892 5248 mare
2921 5196 3202 5248 cteruieum
3237 5193 3388 5248 tollat
3427 5194 3491 5247 ad
3524 5202 3672 5249 astra
3700 5206 3866 5266 caput
3896 5218 3910 5253 :

2579 5286 2851 5342 Fluctibus
2880 5302 3135 5342 excussus
3166 5301 3259 5356 per
3289 5287 3464 5340 nubila
3492 5288 3673 5343 navita
3711 5292 3892 5346 Currit
3917 5334 3934 5359 ,

2647 5379 2813 5434 Intrat
2850 5390 2904 5435 et
2931 5380 3103 5436 aerias
3131 5380 3354 5448 pendula
3398 5395 3550 5448 prora
3587 5383 3724 5437 vias.

2477 5470 2543 5525 13
2584 5470 2713 5525 Pars
2741 5470 2882 5524 subit
2921 5485 3022 5524 una
3054 5473 3205 5536 ratis,
3238 5486 3361 5540 pars
3388 5472 3555 5527 altera
3581 5475 3758 5545 vergit
3783 5477 4010 5546 arenis,

2654 5565 2812 5617 Nutat
2839 5572 2890 5618 et
2917 5562 2969 5616 in
2999 5564 3162 5619 dubio
3194 5564 3395 5618 lubrica
3422 5565 3556 5621 libra
3583 5568 3746 5624 freto.

2551 5809 2638 5866 12.
2681 5810 2822 5866 Edit.
2848 5811 2979 5867 Ven.
3016 5811 3181 5866 tollat.
3220 5809 3286 5865 ad
3309 5821 3447 5866 astra
3478 5813 3651 5872 chaos.
