4192 6608
165 471 273 529 87$

170 588 282 642 255

312 678 595 749 Exsequiis
617 680 795 734 subito
815 678 1109 749 gentilibus
1138 678 1330 734 obvius
1357 681 1490 746 exit,

319 773 458 827 Dum
495 782 647 843 putat
678 772 807 827 imle
836 773 960 826 vehi
990 772 1137 826 cultu
1171 772 1463 827 simulacra
1496 775 1744 841 profano,

316 866 503 940 Fingit
533 868 585 923 in
615 868 875 923 adversos
902 868 1115 938 signum
1141 869 1343 934 crucis,
1368 868 1455 922 illa
1484 868 1721 923 cucurrit

322 959 464 1015 Ante
497 959 691 1023 virum,
731 975 824 1013 sua
856 959 997 1014 bella
1031 975 1249 1031 gerens,
1283 959 1500 1030 pietatis
1526 960 1718 1014 amica.

169 1048 278 1108 240
321 1052 489 1107 Obvia
525 1053 675 1107 turba
707 1054 839 1124 riget
868 1069 1166 1122 gressuque
1188 1054 1460 1122 extorpuit
1488 1067 1654 1123 aagro,

320 1148 501 1216 Atque
539 1147 762 1201 immota
808 1149 999 1215 gradu,
1033 1149 1295 1216 vertigine
1335 1155 1484 1214 rapta
1519 1153 1745 1209 rotatur,

318 1241 553 1296 Additur
584 1241 714 1295 illud
744 1256 900 1305 onus,
936 1242 1213 1310 deponunt
1241 1239 1379 1294 colla
1410 1238 1661 1303 cadaver,

323 1334 430 1387 Nec
448 1334 558 1404 jam
586 1333 722 1388 ferre
749 1333 940 1398 valent,
962 1346 1011 1388 et
1036 1348 1183 1388 mors
1205 1332 1257 1386 in
1288 1332 1523 1401 pondere
1548 1328 1763 1394 ert-scit,

323 1426 474 1481 Tunc
489 1444 641 1482 sacer
662 1428 953 1495 inspiciens
970 1443 1105 1495 Opus
1133 1430 1232 1480 hoc
1259 1442 1377 1481 esse
1394 1424 1792 1492 exsequiarum,

172 1520 286 1577 245
326 1520 497 1575 Jussit
517 1521 665 1574 abire
690 1520 895 1588 procul,
918 1521 1098 1589 digitis
1112 1517 1290 1575 crucis
1311 1533 1458 1571 arma
1478 1516 1792 1586 rcpingens,

328 1616 483 1673 Unde
512 1617 694 1686 ligavit
727 1616 849 1682 iter,
883 1618 1165 1670 miseratus
1193 1624 1247 1669 et
1281 1613 1403 1668 inde
1435 1612 1675 1677 resolvit,

337 1709 448 1765 Una
480 1710 777 1780 eademque
808 1725 967 1762 manu
1000 1710 1249 1763 mandata
1278 1724 1372 1777 pur
1398 1722 1521 1760 aera
1554 1705 1791 1771 mittens,

326 1802 439 1858 Hoc
469 1805 662 1858 mirum
698 1805 895 1858 faciens
926 1805 991 1857 de
1025 1802 1330 1868 ~uspi=-ione
1361 1817 1467 1855 sacr
1489 1801 1640 1853 rdos.

407 1901 659 1955 Protinus
692 1902 968 1971 antiquum
999 1901 1218 1967 cupiens
1253 1914 1479 1953 exurere
1508 1898 1707 1960 fanum,

176 1994 295 2052 2210
334 1992 505 2047 .Inssit
532 2003 587 2048 et
614 1994 868 2047 acclivem
903 1996 1118 2063 propius
1146 1991 1425 2047 succidere
1458 1992 1661 2059 pinum.
1816 1963 1866 2023 Β

331 2084 497 2140 Obvia
530 2088 876 2156 congreditur
904 2087 987 2141 cui
1020 2089 1213 2139 rustica
1247 2083 1433 2139 concio
1462 2100 1690 2158 pugnax

332 2177 409 2231 Ne
433 2172 737 2232 succidatur
770 2194 855 2232 res
887 2189 1005 2232 nata
1036 2188 1091 2232 ct
1122 2178 1297 2231 debita
1328 2175 1592 2240 ﬂammis;

332 2270 567 2327 Proinde
600 2276 938 2340 pacistuntur
967 2271 1065 2327 hac
1089 2272 1203 2341 lege
1230 2270 1478 2325 οΧΟῘιΙυΙῈ
1511 2268 1715 2337 pinum,

330 2364 388 2419 Si
424 2365 678 2419 Martinus
700 2382 817 2419 eam
852 2364 1025 2419 valeat
1049 2365 1281 2418 retinere
1304 2372 1569 2427 ruentem,

174 2455 299 2515 255
341 2457 659 2513 AttttttilltOc
679 2458 923 2526 populus,
951 2459 1051 2512 hoc
1070 2456 1503 2526 :~pundetspmfte
1528 2455 1800 2510 sacerdos.

337 2550 513 2605 Moflia
540 2550 842 2605 snbduutur
871 2550 1041 2621 rigido
1068 2551 1168 2604 sui)
1196 2550 1377 2613 stipite
1408 2549 1669 2613 membra,

335 2643 404 2699 Et
430 2654 765 2713 suspeetatur
789 2643 893 2711 pini
930 2644 1157 2711 peritura
1186 2645 1357 2697 ruina.

338 2736 551 2793 interea
584 2738 783 2808 rapidis
812 2747 969 2793 sonat
1012 2739 1114 2793 icta
1148 2739 1470 2807 bipennibus
1498 2737 1682 2804 arbor,

345 2834 522 2900 Atque
554 2832 1006 2900 subincrcpilaus,
1039 2848 1249 2897 casura,
1276 2832 1556 2887 cacumine
1586 2838 1757 2886 nutat.

422 2924 679 2978 Paulatim
706 2925 1093 2993 inclinansjam
1116 2927 1255 2979 victa
1273 2940 1463 2981 secure
1487 2925 1696 2990 ruebat,

339 3019 564 3075 Turbati
598 3021 847 3074 monachi
881 3028 1128 3089 spectant
1158 3030 1400 3075 extrema
1430 3020 1692 3090 magistri,

342 3110 644 3167 Credentes
679 3112 844 3167 ramis
876 3111 1192 3182 transfigere
1222 3113 1423 3168 viscera
1450 3112 1599 3181 justi.

350 3205 448 3260 Vir
478 3215 657 3261 tamen
688 3206 987 3274 intrepidus
1018 3217 1242 3275 perstat,
1272 3208 1504 3276 pinoun
1532 3203 1741 3261 cadenti

346 3297 550 3353 Obtulit
563 3313 712 3353 arma
727 3300 923 3364 crucis,
941 3298 1218 3354 cumulans
1231 3315 1324 3354 sua
1341 3299 1478 3356 bella
1494 3298 1799 3370 triumphis.

188 3389 309 3444 265
349 3390 614 3445 Extimuit
642 3392 858 3461 fugitiva
890 3393 1065 3448 virum
1100 3394 1425 3463 repedabilis
1453 3392 1635 3460 arbor,

350 3484 418 3540 Et
447 3483 652 3539 ruitura
682 3485 868 3555 procul
899 3487 1179 3556 suspendit
1206 3485 1259 3542 in
1289 3501 1412 3543 aera
1444 3486 1670 3555 lapsum,

346 3579 653 3645 Excutiens,
678 3590 824 3638 retro
843 3598 1015 3649 versa,
1032 3598 1236 3650 comas,
1255 3583 1372 3638 sine
1388 3597 1537 3638 more
1551 3580 1809 3636 caducum

351 3672 636 3731 Continuit
662 3676 857 3731 saltum
888 3690 1011 3733 sese
1039 3692 1135 3747 per
1165 3677 1341 3732 inania
1373 3676 1589 3731 librans.

349 3768 550 3823 Contra
584 3781 829 3823 naturam
857 3769 1086 3832 succisa,
1116 3777 1171 3824 et
1192 3783 1350 3825 curva
1378 3781 1700 3839 repugnans,

188 3859 313 3918 270
351 3859 473 3916 Mox
503 3862 638 3931 petit
660 3861 794 3916 illud
809 3862 912 3916 iter
925 3877 1026 3931 qua
1042 3878 1149 3917 non
1167 3878 1260 3918 sua
1282 3862 1519 3933 pondera
1537 3870 1806 3933 torquent.

352 3952 493 4007 ﬂiuc
519 3952 585 4006 ad
616 3953 875 4007 ruricolas
907 3957 1111 4021 vertigo
1139 3955 1330 4010 infesta
1357 3966 1579 4021 rotatur,

352 4046 415 4102 In
446 4056 686 4101 montem
717 4047 971 4102 exsiliens
1000 4047 1193 4102 vindex
1230 4059 1285 4103 ut
1318 4050 1502 4119 puniat
1530 4049 1731 4118 hostes,

355 4138 583 4211 Resque
615 4152 794 4211 parata
830 4142 949 4197 neci
977 4141 1078 4197 fuit
1109 4143 1249 4197 ultro
1276 4141 1414 4198 facta
1445 4143 1621 4199 saluti.

354 4233 443 4289 Fit
471 4234 649 4304 fragor
677 4235 728 4289 in
755 4245 957 4305 partes,
988 4235 1237 4289 monachi
1261 4250 1354 4305 per
1375 4234 1564 4306 gaudia
1588 4233 1806 4303 deﬂent,

355 4325 599 4383 Gentiles
621 4327 821 4397 stupidi
841 4344 971 4382 nova
1000 4344 1095 4399 per
1113 4329 1367 4384 miracula
1391 4328 1611 4398 pallent,

354 4420 572 4477 Judicio
600 4421 727 4491 ligni
755 4432 837 4477 est
861 4420 1133 4476 hominum
1162 4422 1364 4475 mollita
1390 4422 1659 4477 voluntas.

358 4517 581 4586 Expetit
608 4531 754 4570 arma
779 4516 953 4570 crucis
977 4529 1256 4579 conversa,
1288 4529 1471 4569 errore
1493 4514 1699 4584 relicto,

360 4610 431 4665 Et
456 4610 615 4664 timor
647 4608 731 4664 hic
757 4609 866 4679 pini
899 4608 1180 4663 Martiuum
1208 4607 1335 4662 fecit
1364 4610 1555 4674 amari,

182 2923 307 2981 260

360 4704 621 4774 Majorcm
650 4718 918 4774 generans
943 4702 1195 4769 fructum,
1222 4718 1341 4757 cum
1373 4702 1573 4758 decidit
1601 4701 1781 4759 arbor.
1838 4725 1896 4786 ι)

200 4804 319 4859 280
436 4801 573 4856 llinc
593 4799 746 4871 jubet
767 4799 987 4854 alterius
1008 4799 1336 4855 succendere
1356 4798 1589 4854 culmina
1616 4797 1745 4868 lani,

364 4896 717 4966 Vicinamque
738 4894 953 4951 domum
974 4912 1095 4951 eum
1116 4900 1358 4953 tlasnmea
1382 4898 1557 4969 lingua
1580 4909 1814 4967 voraret,

284 5015 421 5071 236.
446 5013 703 5072 Martinus
728 5015 981 5069 videlicet
1012 5016 1113 5069 εις-ι·
1141 5015 1363 5081 faciens,
1390 5032 1509 5072 cmn
1540 5016 1817 5071 hmebrem

201 5103 475 5161 pompam
490 5085 700 5161 eminus
713 5097 1026 5161 spectasset,
1042 5102 1102 5140 ac
1122 5089 1426 5161 linteamina
1452 5089 1699 5142 cadaveri
1716 5087 1821 5143 itit-

205 5158 422 5234 ilosita,
441 5158 793 5234 ventondlata
806 5173 867 5213 ac
881 5159 1174 5234 volitantia,
1191 5159 1329 5234 illam
1343 5160 1441 5214 sibi
1459 5161 1820 5234 suspicionem

206 5229 544 5303 iniecissent
590 5232 730 5297 quod
778 5229 1100 5284 saerilicittttt
1132 5232 1422 5303 gentilium
1469 5240 1733 5303 ageretur,
1769 5233 1821 5303 in

205 5322 329 5377 quo
367 5304 679 5377 simulacra,
722 5303 964 5377 candidis
995 5302 1172 5355 lintei.
1195 5374 1203 5377 _
1225 5306 1457 5377 obtecta,
1488 5302 1824 5357 circumferri

207 5372 494 5440 solebant,
523 5374 665 5430 facto
689 5372 866 5428 crucis
895 5375 1068 5440 signo,
1101 5374 1311 5429 turbam
1347 5376 1489 5428 illam
1521 5376 1824 5429 consistere

198 5449 408 5524 jussit,
440 5462 549 5517 quo
597 5446 774 5524 eidem
808 5448 1011 5514 vertigo
1056 5455 1339 5524 etartuum
1373 5446 1514 5524 rigor
1552 5446 1824 5499 inuitissus

207 5517 326 5577 East.
358 5519 496 5574 Cum
526 5530 704 5572 autem
738 5517 896 5570 funus
939 5532 1060 5572 esse
1091 5517 1214 5571 illud
1240 5520 1613 5586 camperissct,
1642 5532 1825 5573 rursus

210 5595 373 5650 Iacto
401 5593 579 5645 crucis
603 5592 778 5659 signo,
810 5590 1055 5643 eamdem
1089 5589 1331 5642 liberavit
1358 5604 1417 5642 ac
1448 5589 1662 5643 dimisit.

297 5662 428 5717 240.
462 5662 561 5716 Ed.
596 5662 754 5725 νειμ,
779 5677 1051 5730 gressuque
1081 5662 1333 5729 rxtorpuit
1356 5677 1514 5731 (egra.

298 5733 431 5791 219.
466 5733 579 5788 lloc
612 5734 789 5786 fanum
842 5734 1100 5801 dirutum,
1149 5748 1254 5786 non
1284 5734 1556 5788 iucettsum
1619 5744 1650 5785 a
1689 5731 1829 5787 Mar-

211 5812 363 5871 tinn,
393 5815 577 5861 narrat
602 5804 887 5873 Sulpicii“.

302 5879 432 5935 271.
484 5875 781 5931 Ruricolae.
833 5877 1074 5947 i’ugattos
1116 5876 1339 5941 scilicet,
1388 5876 1475 5947 qui
1505 5875 1739 5930 adversa
1763 5891 1829 5932 ex

216 5963 411 6028 parte,
463 5949 610 6005 edito
658 5950 712 6003 in
755 5949 912 6028 lo_co,_
947 5957 1199 6018 tanquam
1230 5948 1281 6028 in
1311 5957 1426 6003 tuto
1456 5948 1827 6028 constiterant,

214 6018 484 6084 intentum
528 6022 820 6094 spectaturi
857 6038 871 6077 :
902 6018 952 6077 in
1000 6035 1137 6091 quos
1162 6021 1345 6089 arbor,
1393 6020 1555 6078 veluti
1605 6020 1830 6093 abrepta

1183 464 1275 521 DE
1318 462 1483 521 VITA
1522 461 1772 521 SANCTI
1811 461 2127 521 ΜΔΒΉΝΙ.
2168 490 2237 507 -—-
2278 462 2413 520 ΜΒ.
2454 463 2496 520 l.

396 586 528 643 Post
547 586 650 642 iter
672 586 968 654 arripiens,
995 583 1255 641 comitatu
1279 583 1558 655 relligioso
1809 585 1867 645 Α

3381 460 3488 520 δτι

2037 581 2259 639 Viribus
2287 582 2450 637 ardor
2478 594 2664 649 agens,
2697 580 2827 637 totis
2855 579 3063 634 laxatus
3091 576 3334 643 habenis,

2033 678 2236 735 Obvius
2279 680 2394 750 ipse
2426 678 2591 745 volat,
2624 693 2725 747 qua
2757 688 2885 731 tunc
2914 675 3102 745 globus
3134 674 3322 742 igneus
3348 672 3481 738 ibat,

2032 771 2311 827 Scandens
2334 782 2470 829 tecta
2487 774 2710 838 domus;
2738 771 2823 825 hic
2843 770 3003 827 verba
3023 768 3294 838 precantia
3307 766 3489 835 mittit,

1889 865 1996 924 283
2036 868 2156 924 Mox
2179 877 2288 923 tota
2316 868 2369 923 in
2396 880 2583 923 ventos
2607 859 2846 923 revoluta
2877 865 3122 920 incendia
3152 864 3380 931 fervent,

2036 960 2105 1016 Et
2133 975 2316 1018 contra
2349 962 2571 1017 Boream
2604 962 2891 1017 Vulcanius
2920 960 3078 1014 ardor
3104 959 3339 1017 anhelat.

2034 1055 2310 1113 Seditiune
2340 1066 2558 1112 moveut
2583 1058 2849 1112 elementa
2882 1054 3180 1110 domestica
3211 1054 3374 1123 rixas,
3428 1061 3431 1064 ‘

2040 1147 2295 1207 Adversis
2320 1149 2583 1221 Zephyris
2613 1150 2797 1204 videas
2828 1134 3064 1221 pugnare
3094 1146 3324 1215 favillas,

2041 1241 2176 1296 llinc
2206 1243 2352 1298 furor
2383 1245 2632 1299 australis
2665 1243 2875 1315 premit,
2922 1242 3048 1297 hinc
3082 1242 3359 1297 velocibus
3386 1239 3488 1294 alis

1897 1330 2001 1389 290
2042 1332 2276 1387 Flamma
2300 1336 2485 1390 volans
2508 1336 2722 1389 borinas
2746 1334 3023 1389 mordebat
3048 1335 3096 1387 iu
3121 1348 3243 1388 aera
3268 1343 3489 1401 pennas,

2043 1426 2320 1483 Obiuctata
2349 1428 2461 1493 diu,
2499 1429 2818 1498 tandemque
2846 1428 3017 1482 evicta
3057 1443 3149 1496 per
3177 1440 3352 1489 auras,

2044 1521 2186 1589 Quas
2216 1538 2428 1579 armare
2458 1524 2655 1588 solent,
2685 1523 2949 1591 fugiebant
2979 1522 3195 1577 llatniua
3222 1521 3486 1581 ﬂammas,

2044 1612 2362 1671 Conditione
2391 1632 2526 1671 nova
2558 1617 2689 1670 satis
2722 1616 2837 1672 luce
2860 1632 2947 1672 res
2978 1617 3109 1670 mira
3146 1631 3239 1686 per
3285 1612 3491 1669 orbem.

2050 1707 2238 1764 Flabra
2276 1711 2459 1765 timent
2490 1713 2687 1779 ignem,
2721 1712 2871 1767 timet
2901 1712 3035 1782 ignis
3068 1712 3203 1783 ligna
3235 1723 3441 1774 vorare,

1900 1798 2009 1857 295
2047 1804 2220 1871 Atque
2243 1804 2412 1858 avidae
2439 1805 2663 1860 llautma:
2687 1822 2781 1859 sua
2806 1805 3133 1860 nutrimenta
3175 1808 3495 1873 pavescunt;

2051 1893 2423 1967 Paulatimque
2459 1900 2560 1954 l'oei
2588 1915 2645 1954 se
2677 1900 2925 1970 languida
2950 1899 3126 1967 lingua
3159 1898 3419 1964 resorbet,

2052 1988 2226 2045 Urere
2254 1992 2342 2058 qui
2368 1993 2525 2058 solet,
2558 2007 2586 2045 a
2616 2007 2674 2047 se
2701 1992 2818 2061 ipso
2849 1992 3182 2047 consumitur
3211 1990 3347 2061 ignis
3379 2009 3390 2042 :

2056 2083 2377 2155 Martinique
2408 2087 2541 2141 lidrs
2571 2088 2686 2141 sine
2721 2086 2949 2140 nubibus
2982 2085 3161 2139 intulit
3185 2085 3403 2138 imbres.

2050 2177 2255 2233 Rursus
2280 2189 2335 2233 ut
2354 2182 2473 2234 hinc
2492 2179 2632 2234 aliud
2655 2190 2868 2247 ctu-ere:
2890 2180 3199 2233 subtertcre
3222 2175 3499 2247 templum,

1909 2272 2013 2328 500
2048 2274 2263 2327 ltuztita
2291 2275 2440 2327 turba
2463 2283 2607 2327 Vetat
2630 2274 2810 2327 divelli
2842 2273 2960 2325 l'ana
2989 2271 3201 2340 profana
3230 2287 3243 2323 :

2064 2365 2124 2421 [Si
2151 2367 2216 2419 tie
2250 2368 2495 2435 repulsus
2526 2368 2636 2420 adit
2666 2366 2780 2421 loca
2815 2366 3077 2437 proxima,
3118 2365 3212 2418 Sed
3247 2363 3477 2418 biduano

2058 2459 2348 2514 Cuntectus
2382 2462 2584 2524 cinere,
2616 2469 2665 2514 et
2699 2461 2827 2513 setis
2856 2457 3051 2527 jejunia
3082 2458 3308 2521 ducens,

2056 2554 2300 2609 Nuntius
2339 2553 2595 2608 auxilium
2628 2552 2696 2607 ad
2731 2553 2927 2623 templa
2970 2549 3339 2606 imminuenda
3381 2562 3502 2616 pre‘

3308 2642 3504 2714 [ρεῖαν.

2058 2739 2261 2795 Mditiae
2291 2740 2549 2807 angelicae
2577 2754 2758 2795 coram
2788 2739 2895 2793 duo
2928 2738 3171 2808 pretiuus
3202 2735 3413 2801 adsunt,

1912 2829 2019 2885 505
2057 2830 2263 2885 Siderei
2289 2846 2563 2901 proceres,
2601 2831 2785 2885 hastas
2814 2840 2869 2885 et
2900 2840 3046 2883 Scuta
3082 2839 3353 2893 tenentes,

2058 2923 2311 2977 Cominus
2332 2923 2417 2977 hic
2433 2932 2674 2978 sanctum
2689 2922 3012 2991 compellant
3032 2921 3249 2975 vocibus
3266 2921 3429 2975 ultro:

2055 3015 2354 3082 Pracsidiis,
2389 3017 2632 3082 iiartine,
2669 3015 2771 3070 tuis
2801 3015 3100 3069 (Ινιὲιξιὶηιυΐ
3125 3016 3304 3078 astris,

2061 3111 2370 3181 Squallidus
2394 3111 2509 3181 ipse
2538 3111 2718 3177 sedes,
2748 3110 2842 3166 sed
2866 3109 2922 3163 lit
2951 3120 3036 3163 tua
3058 3124 3183 3163 cura
3210 3107 3503 3166 Tonantis:

2056 3203 2440 3274 Sull'ragiisque
2469 3203 2572 3258 tuis
2601 3205 2721 3260 caeli
2757 3203 2933 3258 fremit
2975 3203 3172 3257 arduus
3201 3201 3334 3267 axis,

1913 3296 2017 3353 510
2059 3296 2285 3368 Belliger
2308 3309 2363 3353 et
2386 3300 2510 3353 totis
2530 3298 2807 3369 conspirat
2826 3296 3084 3365 Olympus
3110 3294 3161 3348 in
3185 3294 3370 3359 armis,

2062 3390 2133 3448 Ut
2160 3402 2333 3462 erepta
2371 3392 2588 3455 et’licias,
2616 3406 2712 3462 per
2740 3405 2838 3446 nos
2866 3390 2959 3444 tibi
2993 3388 3185 3442 militat
3209 3387 3396 3452 mther,

2058 3489 2313 3545 Mittimur
2339 3504 2367 3542 a
2399 3488 2626 3542 Domino
2649 3485 2870 3557 gemini,
2905 3496 2992 3539 tua
3022 3493 3195 3537 castra
3224 3488 3504 3550 regentes;

2061 3582 2173 3637 Hac.
2201 3597 2297 3652 pro
2332 3591 2479 3650 parte
2512 3579 2675 3636 duces
2707 3578 2897 3635 melior
2929 3592 3034 3649 qua
3057 3590 3220 3632 causa
3254 3574 3479 3629 laborat.

2059 3676 2233 3744 Nunc,
2284 3693 2401 3749 age,
2449 3692 2641 3748 rumpe
2697 3690 2899 3745 moras,
2950 3689 3057 3731 neu
3101 3674 3301 3729 rustica
3350 3670 3506 3727 turba

3240 3765 3505 3838 [rebellet,

1914 3863 2021 3922 315
2058 3866 2221 3923 Arma
2242 3864 2484 3921 ministra
2496 3864 2676 3921 vides:
2695 3872 2935 3921 nostrum
2948 3874 3032 3920 est
3047 3876 3303 3933 superare
3315 3873 3507 3930 super-

3369 3951 3511 4026 [bos.

2055 4052 2225 4118 Irrue,
2252 4067 2320 4107 ne
2346 4053 2599 4121 trepides,
2625 4067 2727 4122 ope
2742 4060 2944 4117 nostra,
2972 4050 3040 4106 ad
3067 4048 3258 4118 ternpla
3287 4046 3511 4113 ruenda,

2056 4144 2165 4202 Nec
2198 4145 2429 4201 titubare
2454 4146 2643 4214 decet,
2673 4145 2823 4202 lavor
2848 4154 2932 4201 est
2965 4144 3057 4201 tibi
3086 4142 3330 4199 Numinis
3359 4141 3508 4195 almi.

2058 4242 2210 4298 Tunc
2230 4259 2386 4300 sacer
2416 4244 2732 4315 aggrediens
2763 4258 3027 4316 properus
3057 4242 3355 4299 dissolvere
3379 4248 3514 4296 tem-

3348 4337 3515 4407 plutn,

2058 4429 2201 4484 idola
2236 4428 2519 4495 exstinxit,
2554 4429 2671 4481 lana
2697 4427 2864 4494 exuit,
2890 4426 3071 4482 obruit
3096 4441 3258 4492 aras;
3322 4335 3343 4411 l

1914 4526 2019 4581 520
2058 4524 2295 4594 Totaque
2324 4523 2572 4578 sublimis
2598 4522 2766 4593 jacu'rt
2799 4521 2900 4577 sub
2927 4522 3146 4592 pulvere
3180 4522 3372 4589 moles,

2057 4619 2370 4686 Rusticitas,
2405 4616 2618 4672 inimica
2649 4618 2817 4687 prius,
2850 4616 2990 4671 favet
3017 4616 3128 4686 ipsa
3158 4614 3347 4683 ruinae,

2059 4712 2222 4768 Instat
2244 4720 2299 4766 et
2328 4711 2559 4778 excidio,
2592 4724 2712 4780 qua:
2740 4708 3060 4764 defendebat
3085 4709 3343 4779 iniquum,

2060 4804 2204 4859 ldola
2234 4802 2476 4873 ejiciens,
2512 4818 2707 4857 numen
2736 4800 2983 4857 confessa
3005 4802 3295 4861 Tonantis;

2060 4896 2179 4954 Uno
2206 4896 2503 4965 eodemque
2532 4895 2638 4951 ictu
2669 4894 2772 4949 hoe
2801 4893 3023 4962 respuit,
3055 4894 3204 4964 eligit
3232 4890 3385 4949 illud.

1922 5013 2148 5076 vortice,
2180 5011 2389 5067 ruinam
2417 5024 2569 5065 suam
2596 5016 2651 5063 et
2679 5023 2861 5063 casum
2895 5008 3079 5064 vertit.

1991 5084 2119 5141 275.
2154 5084 2285 5137 Cod.
2313 5082 2456 5147 Vat.,
2492 5082 2588 5152 fuit
2616 5082 2743 5134 ultio
2770 5085 2909 5151 facta
2936 5082 3113 5135 saluti.

1994 5158 2119 5213 276.
2153 5154 2385 5209 Judicio.
2415 5153 2536 5213 Με..
2568 5153 2777 5205 iudicio.

1994 5230 2119 5283 277.
2146 5227 2279 5286 Cod.
2317 5225 2460 5291 Vat.,
2498 5227 2683 5278 Errare
2703 5223 2931 5289 repulso.

1995 5298 2119 5355 285.
2154 5298 2287 5353 Cod.
2325 5298 2462 5367 Vat.,
2495 5298 2753 5361 Quantum
2776 5294 2955 5368 globus
2985 5296 3180 5367 igneus.

1997 5371 2124 5425 284.
2161 5372 2300 5424 Edit.
2334 5368 2494 5435 Ven.,
2529 5368 2645 5420 Intic
2674 5373 2824 5420 verba
2858 5370 3137 5432 precantia.

1972 5444 2123 5507 290.
2154 5443 2285 5497 Cod.
2323 5441 2462 5503 ναι..
2490 5442 2542 5493 in
2568 5456 2688 5493 acra
2715 5440 2913 5509 pinnas.

2001 5517 2123 5572 3m.
2179 5512 2311 5570 Cod.
2378 5512 2520 5577 γει,
2582 5510 2733 5564 Idolu
2799 5512 3114 5578 conminuit,
3172 5512 3296 5583 fana
3357 5520 3508 5570 erutt.

1932 5590 2104 5645 Etiam
2130 5586 2265 5640 Vctt.
2292 5584 2434 5640 Edit.
2470 5584 2646 5647 habet,
2681 5584 2801 5653 {una
2824 5585 2974 5639 eruit.

2003 5658 2124 5713 525.
2162 5658 2295 5710 Cod.
2330 5657 2472 5721 ν..ι.,
2504 5654 2655 5709 Idsla
2686 5656 2974 5723 nrojicieus.

2004 5728 2130 5783 523.
2161 5726 2482 5782 ﬂeduorum.
2516 5728 2637 5791 Ms.,
2672 5724 2967 5779 Eduarum

2006 5801 2139 5855 lbid.
2199 5798 2500 5867 Eduorum,
2559 5798 2673 5852 sive
2723 5797 3021 5854 Eduarum
3052 5813 3218 5870 pagus
3245 5798 3439 5856 dicitur
3472 5812 3509 5854 tt

1932 5873 2190 5939 Sulpicio.

2004 5944 2137 6001 Ibid.
2170 5944 2366 5999 Tentat.
2394 5944 2492 6010 his.
2522 5942 2687 6000 vellet.

2005 6015 2137 6075 lbid.
2165 6017 2298 6075 Cod.
2325 6015 2467 6088 Vah,
2499 6017 2744 6087 templum
2766 6016 2892 6073 dum
2912 6015 3125 6075 evellere
3150 6015 3321 6076 velut.
