4192 6544
722 422 827 479 ὅτε
1478 414 1793 473 νεΝΑΝτΙι
1838 418 1996 473 ΗΟΝ.
2040 418 2251 477 ϐιΕΜ.
2294 416 2377 473 F0

2369 418 2689 474 lRTIJNA'l‘I
2728 416 3015 471 OPEHUM
3058 416 3240 473 PARS
3278 418 3318 471 l.
3929 417 4024 477 376

722 532 830 590 325
870 534 997 589 Post
1020 532 1327 589 Heduorum
1349 533 1472 589 dum
1497 538 1755 606 templum
1780 537 2037 592 divellere
2065 545 2252 602 tentat,
2355 537 2409 599 Α
2576 535 2684 589 Nec
2711 534 2970 587 tumulata
3004 535 3239 603 quidem,
3277 533 3370 586 sed
3422 535 3601 602 portio
3632 543 3744 589 tota
3772 534 4023 601 sepulcri,

865 628 1091 683 Obstant
1118 627 1301 681 inculti
1329 627 1561 682 cultores
1593 628 1908 682 ruricolares
2569 626 2734 695 Cujus
2766 642 2951 680 atnore
2984 627 3069 693 pio
3103 628 3269 695 patris
3298 627 3608 680 exanimata
3644 640 3926 693 senectus,

870 721 947 775 Nc
978 724 1216 775 colerent
1246 720 1457 786 melius,
1484 736 1579 774 sua
1606 721 1651 774 si
1680 722 1884 774 cultura
1911 725 2147 790 periret;
2570 721 2867 775 Dilacerata
2893 722 3067 790 genis,
3104 722 3277 774 niveis
3302 722 3441 774 male
3466 730 3685 788 compta
3710 724 3947 790 capillis,

870 811 951 867 Ex
984 812 1177 881 quibus
1207 813 1395 866 audaci
1428 812 1551 866 nixu
1581 814 1717 867 male
1750 813 1936 867 fortior
1965 830 2125 880 unus,
2565 812 2697 867 Cum
2719 815 3003 882 impatiens
3026 824 3232 881 ageret,
3257 828 3356 866 nec
3372 814 3593 868 adesset
3614 829 3743 869 cura
3765 816 4029 881 medella,

869 905 1190 974 Aggreditur
1217 904 1393 972 gladio
1422 915 1581 973 caput
1609 905 1930 960 obtruncare
1957 916 2248 969 sacratum,
2426 905 2528 960 380
2555 904 2831 973 Comperit
2856 914 2913 959 ut
2933 916 3176 960 sanctum
3204 904 3492 960 advectum
3524 904 3819 977 dignanter
3850 910 3919 961 ad
3944 925 4028 961 ur-

724 997 833 1054 330
868 995 962 1052 Cui
994 1000 1131 1052 nuda
1166 1002 1375 1054 cervice
1407 1008 1559 1066 pater
1589 1014 1711 1054 sese
1736 999 1933 1053 obtulit
1962 999 2123 1053 ultro.
2456 1026 2461 1031 -
3868 999 4028 1073 [bem,

875 1092 972 1146 Ast
1004 1093 1092 1145 ubi
1123 1102 1300 1145 mente
1332 1088 1481 1145 ferox
1510 1102 1650 1145 tetas
1680 1092 1974 1159 collegerat
1993 1090 2122 1156 iras,
2567 1088 2800 1143 Advolat
2835 1090 2960 1144 inde
2989 1104 3157 1145 senex
3189 1094 3377 1147 vitulis
3406 1094 3725 1163 juveniliter
3756 1095 3950 1158 armis,

877 1183 1160 1239 Exacuens
1186 1182 1411 1242 rabiem.
1436 1182 1529 1237 sed
1562 1182 1737 1236 cordis
1764 1183 2017 1236 acumine
2050 1194 2254 1246 tonsus,

2568 1182 2795 1249 Impiger
2822 1183 3101 1245 exsiliens,
3133 1199 3293 1237 cursu
3318 1201 3415 1239 sua
3443 1196 3692 1255 tempora
3717 1186 3963 1240 vincens.

876 1279 1064 1332 Acrius
1090 1278 1327 1331 insiliens
1357 1285 1494 1328 lotos
1524 1274 1877 1341 suspenderat
1906 1284 2051 1327 artus
2087 1294 2097 1327 :

2564 1270 2881 1326 Pomilicutn
2911 1274 3144 1327 vallante
3169 1276 3357 1341 clioro,
3387 1278 3697 1346 populoque
3729 1258 4028 1347 frequente.

876 1370 963 1421 llis
987 1370 1131 1423 furor
1160 1378 1400 1421 armatus
1420 1368 1587 1436 juguli
1624 1378 1859 1421 ruiturus
1886 1368 1935 1421 in
1963 1368 2149 1432 ictum,
2569 1362 2729 1417 lrruit
2759 1366 2810 1418 in
2846 1364 3053 1418 medios
3082 1367 3406 1421 clamoribus
3441 1370 3881 1432 inverecundus;

726 1460 843 1533 335‘
869 1463 1225 1529 Tamgravius
1253 1461 1468 1525 feriens,
1490 1469 1745 1529 quantum
1763 1461 1868 1513 alte
1886 1460 2131 1514 educitur
2150 1461 2311 1525 ensis,
2422 1451 2525 1507 535
2562 1454 2695 1508 Nam
2724 1457 2880 1509 dolor
2912 1459 3136 1524 illSigniS
3163 1474 3269 1511 ηοιι
3296 1462 3517 1522 festum
3539 1476 3693 1514 arma
3716 1461 3957 1528 Plldm'iS-

877 1556 1123 1609 Astrictis
1156 1554 1347 1621 capulo
1376 1552 1576 1620 digitis,
1610 1554 1733 1605 dum
1768 1560 2029 1618 temperat
2062 1567 2289 1620 ungues,
2576 1545 2793 1601 Corruit
2822 1563 2950 1615 ergo
2982 1564 3144 1601 senex
3172 1551 3343 1603 sancti
3368 1551 3431 1602 ad
3460 1552 3684 1620 vestigia
3710 1567 3937 1619 pronus,

880 1646 1103 1707 Noxitts,
1140 1645 1390 1699 liorrilica
1426 1630 1710 1697 meditatus
1741 1644 1962 1697 vulnera
1998 1645 2208 1707 dextra,
2567 1638 2773 1704 Genua,
2801 1656 2986 1693 manus
3011 1642 3329 1711 plantasque
3354 1659 3447 1713 per
3471 1645 3657 1697 osenla
3693 1646 3878 1698 mollia
3906 1645 4030 1696 lam-

784 1748 787 1751 ‘
874 1738 1060 1793 Mortis
1082 1738 1306 1803 anticus,
1336 1752 1519 1791 amatis
1548 1736 1776 1802 facinus,
1807 1738 2095 1791 crudeliter
2123 1753 2311 1791 ausus:
3852 1734 4030 1809 (bene.

872 1811 990 1885 Jam
1022 1832 1165 1884 ferro
1198 1830 1532 1894 incumbens,
1558 1831 1714 1897 capiti
1748 1844 2003 1883 mucrone
2036 1830 2287 1893 reducto,
2568 1824 2663 1877 Vix
2694 1826 2891 1894 gemitu
2924 1827 3161 1893 laxante,
3197 1828 3338 1897 loqui
3367 1830 3445 1882 sic
3472 1831 3659 1897 incipit
3692 1845 3839 1899 aiger
3871 1851 3883 1883 ;

728 1917 837 1975 540
874 1920 1141 1976 Sternitur
1167 1921 1279 1988 ipse
1303 1923 1418 1974 solo
1440 1919 1528 1989 qui
1552 1922 1630 1973 sic
1655 1921 1915 1989 pendebat
1948 1923 1997 1972 iu
2018 1920 2211 1973 ictum:
2352 1908 2398 1967 Β
2574 1916 2665 1970 Vir
2695 1920 2917 1973 Martine
2943 1921 3055 1983 Dei,
3097 1924 3339 1989 populari
3371 1933 3493 1975 nate
3514 1924 3700 1986 saluti,

874 1994 953 2071 Ae
981 1998 1259 2086 resupinus
1284 2016 1448 2079 huuii,
1480 2016 1568 2083 qui
1599 2016 1814 2082 pronior
1842 2016 1947 2069 ibat
1980 2016 2028 2067 in
2058 2031 2267 2079 ausum,
2426 2010 2529 2065 590
2559 2009 2649 2064 Vir
2679 2013 2883 2065 cunctis
2914 2014 3152 2067 bonitate
3180 2031 3394 2081 parens,
3428 2014 3521 2068 tibi
3552 2031 3786 2085 suggero
3809 2018 4011 2087 luctus,

854 2091 1035 2185 cblittit
1067 2104 1121 2181 et
1150 2127 1247 2165 ore
1274 2126 1507 2179 precem,
1536 2126 1656 2164 cum
1682 2112 1920 2164 membra
1964 2112 2199 2178 superba
2224 2108 2318 2177 ja—
2568 2104 2673 2157 Nec
2704 2106 2883 2157 miseri
2918 2118 3136 2173 pereant
3166 2107 3439 2177 lacrvnize.
3474 2110 3687 2176 pietatis
3717 2112 3911 2164 amice.

733 2199 741 2222 τ
789 2203 795 2209 ’
922 2188 925 2193 ’
1050 2194 1075 2205 ”
2090 2206 2317 2274 |ccrent.
2565 2199 2733 2264 Quem
2765 2213 2883 2252 tnea
2914 2215 3071 2251 causa
3106 2200 3294 2263 trahit,
3330 2202 3444 2256 loca
3476 2212 3584 2255 tam
3617 2201 3911 2271 longinqua
3942 2216 4034 2257 ve-

877 2296 1029 2351 Justo
1053 2286 1227 2352 stante
1258 2298 1474 2359 cadi-us,
1507 2312 1611 2365 quo
1635 2297 1805 2351 credit
1838 2306 1981 2350 stare
2014 2296 2257 2359 cadente,
3857 2294 4035 2363 luire,

880 2389 1010 2445 Dum
1044 2370 1159 2441 vice
1185 2390 1393 2441 diversa
1420 2400 1526 2442 stat
1556 2405 1729 2456 maps,
1757 2388 1863 2440 ruit
1900 2388 1986 2441 ille
2015 2388 2279 2454 superbus
2300 2430 2313 2451 ,
2570 2384 2636 2438 Ut
2669 2386 2817 2437 labor
2851 2385 2949 2437 iste
2980 2384 3077 2436 viai
3116 2384 3316 2436 tribuat
3346 2384 3665 2452 compendia
3700 2386 3849 2450 vitai,

726 2480 834 2537 διε
945 2481 1148 2536 Rursus
1165 2498 1299 2551 opus
1334 2497 1592 2551 peragens
1613 2524 1626 2545 ,
1654 2482 1793 2535 idola
1819 2482 2013 2536 evertit
2038 2500 2047 2533 :
2079 2491 2132 2536 et
2161 2497 2318 2547 ecce,
2569 2477 2661 2529 Est
2690 2478 2818 2529 milii
2852 2486 2973 2529 nata
3003 2476 3171 2541 domi,
3206 2476 3539 2533 decumbens
3565 2480 3788 2533 vulnere
3824 2480 4035 2546 mutLt,

876 2570 966 2627 Vir
995 2574 1204 2641 quidam
1237 2583 1467 2626 tractans
1495 2572 1700 2627 Martini
1728 2573 1794 2626 de
1821 2588 1973 2639 nece,
2011 2573 2247 2628 cultrum
2432 2566 2537 2621 595
2579 2566 2855 2635 Exscqttiis
2888 2567 3058 2618 "Cilla
3091 2568 3223 2631 suis.
3259 2584 3378 2620 stlte
3407 2579 3555 2623 sorle
3589 2570 3837 2623 tltedclx.

878 2665 1012 2718 Dum
1044 2666 1200 2733 rapit,
1225 2666 1450 2732 eripitur
1477 2666 1727 2730 rapienda
1759 2665 1941 2733 rapina
1974 2664 2156 2733 rapaci
2183 2707 2197 2730 ,
2563 2660 2695 2727 Qua:
2724 2658 2991 2728 quondam
3024 2658 3305 2715 incolumis
3341 2661 3553 2731 stabat,
3585 2678 3707 2717 nica
3729 2664 3846 2717 sola
3875 2664 4029 2717 volu-

872 2757 1277 2829 Excussutuque
1310 2757 1444 2828 fugit
1473 2757 1592 2812 sine
1621 2772 1770 2812 more
1798 2757 2015 2811 volatile
2044 2756 2269 2821 ferrum,
3869 2756 4035 2827 [ρης.

870 2848 988 2902 .lam
1019 2848 1220 2904 leviore
1252 2836 1553 2917 via,'neque
1585 2859 1703 2917 post
1733 2847 2032 2916 comparuit
2066 2863 2314 2917 usquam,
2566 2845 2845 2913 Obsequiis
2878 2857 3077 2899 intenta
3111 2848 3229 2914 p.is,
3257 2848 3557 2916 placabilis,
3593 2868 3643 2902 ιιι
3678 2867 3785 2919 qua

730 2942 834 2997 550
876 2930 968 2995 Sic
1000 2940 1177 2994 cultro
1208 2940 1408 3007 ablato,
1440 2942 1683 2994 manibus
1712 2940 1848 2995 latro
1875 2941 2077 2995 exstitit
2099 2941 2313 2999 insons;
2566 2939 2681 2992 Vita
2715 2954 2887 2994 meam
2925 2940 3037 2994 lucc
3076 2939 3208 2993 milii
3257 2941 3425 2997 dulcis
3473 2952 3591 2998 erat
3621 2944 3850 2999 solando
3872 2960 4033 3001 sene-

872 3032 1127 3087 Redditur
1155 3042 1209 3087 et
1240 3034 1381 3086 initis
1409 3044 1689 3102 postquam
1718 3036 1773 3087 fit
1807 3035 1980 3087 nudus
2006 3034 2073 3087 ab
2104 3034 2271 3086 armis
2295 3075 2308 3095 ,
3834 3039 3999 3109 [ctam
4018 3080 4032 3099 ,

874 3128 981 3183 Nec
1000 3121 1145 3181 furor
1168 3140 1291 3183 ante
1313 3129 1475 3183 animi
1510 3130 1741 3197 perieris,
1769 3129 1865 3183 nisi
1896 3130 1997 3183 tela
2020 3131 2316 3199 perissent;
2578 3120 2717 3175 Ecce
2746 3131 2885 3190 perit
2912 3136 3200 3191 secumque
3230 3126 3395 3178 traliit
3416 3141 3535 3181 mea
3564 3130 3773 3182 viscera
3809 3130 3980 3194 letho,

878 3224 1044 3277 Invita
1076 3223 1189 3277 Iure
1218 3224 1386 3291 pietas
1411 3238 1529 3292 quae
1560 3222 1791 3293 perdidit
1820 3224 1957 3277 unde
1986 3231 2220 3279 noceret.
2353 3280 2390 3293 _
2427 3212 2531 3267 400

2353 3280 2390 3293 _
2427 3212 2531 3267 400
2571 3211 2942 3281 Canitietnque
2966 3226 3135 3283 patris
3160 3220 3466 3272 miseranda
3499 3221 3550 3273 in
3577 3230 3781 3274 tartara
3805 3221 3977 3278 ducit.

943 3320 1097 3387 Smpe
1122 3318 1310 3372 bemus
1343 3318 1489 3381 ilem,
1520 3317 2009 3371 contradicentibus
2044 3318 2172 3386 ipsis
2346 3280 2392 3344 Ο
2567 3306 2644 3359 lre
2673 3305 2765 3359 sed
2796 3307 2909 3371 ipse
2940 3308 3085 3375 prior
3115 3322 3395 3374 cuperem,
3429 3310 3475 3363 si
3508 3310 3649 3367 forte
3676 3315 3888 3369 liceret.

730 3411 836 3470 355
877 3411 1155 3481 Agricolis,
1191 3420 1478 3479 praestante
1510 3410 1632 3475 fide,
1666 3425 1724 3465 se
1753 3422 1961 3478 orante,
1996 3410 2240 3479 jubebat,
2563 3398 2819 3464 Ουίεηδω
2852 3399 2959 3453 Vi”
2986 3402 3121 3465 δθηίν
3157 3404 3242 3457 "ei
3272 3417 3380 3471 (ιυο
3408 3404 3541 3459 mihi
3570 3416 3692 3460 νυιεὶ
3724 3411 3967 3476 Pareo“-

877 3501 942 3558 Ut
970 3504 1111 3557 male
1139 3504 1281 3557 culta
1313 3502 1422 3555 suis
1444 3503 1697 3557 caderent
1728 3502 1836 3557 fera
1868 3504 1984 3556 fana
2018 3503 2312 3569 ministris;

2562 3496 2669 3562 Spe
2687 3506 2943 3562 pereunte
2958 3499 3146 3567 patris,
3168 3514 3288 3555 cum
3314 3504 3533 3558 nomine
3556 3507 3723 3573 prolis
3736 3508 4035 3577 adempti-1

871 3597 961 3652 Sic
983 3612 1194 3666 quoque
1218 3597 1518 3665 pontificem
1541 3596 1681 3651 soliti
1714 3598 2025 3667 impugnare
2052 3600 2313 3663 rebelles,

2278 3616 2313 3663 ς.
2565 3587 2677 3653 Qua
2712 3589 2949 3644 nubente
2983 3590 3121 3656 viro,
3155 3608 3249 3662 per
3271 3593 3412 3648 dona
3437 3594 3614 3651 futura
3646 3611 3933 3668 nepotum.

876 3688 1008 3741 Dum
1041 3688 1236 3756 templa
1268 3696 1534 3751 evertunt,
1569 3688 1662 3757 ipsi
1690 3699 1813 3742 sunt
1844 3705 1988 3742 arma
2014 3693 2191 3751 beato,
2420 3680 2528 3736 405
2557 3679 2753 3735 Aridus
2783 3681 2837 3735 in
2871 3682 3039 3736 ramis
3073 3694 3315 3752 poteram
3347 3690 3683 3745 revirescere
3712 3694 3918 3762 prolis;

880 3780 1175 3850 llostillqne
1204 3797 1362 3834 manu
1394 3780 1601 3835 Martini
1628 3782 1763 3835 bella
1791 3791 2070 3853 geruntur.
2561 3773 2695 3828 Cum
2738 3773 2906 3844 magis
2944 3775 3058 3831 hac
3099 3786 3345 3847 reputem
3385 3783 3670 3850 przesentis
3713 3784 3916 3839 damna
3947 3802 4039 3843 sa-

738 3876 839 3931 560
870 3875 1111 3934 Partibus
1139 3886 1296 3944 atque
1324 3876 1433 3931 suis
1458 3876 1631 3930 alieno
1665 3877 1833 3930 milite
1869 3878 2061 3931 vincit.
3857 3880 4036 3953 (Iutis,

877 3966 1027 4021 Tunc
1055 3967 1212 4021 etiam
1244 3968 1401 4020 fuerit
1430 3968 1635 4021 curatio
1664 3977 1857 4037 quanta
1893 3979 2137 4037 patrono.
2566 3961 2649 4016 ne
2679 3971 2979 4030 ιρεειδοιθν
3003 3964 3118 4033 rapi
3148 3974 3325 4019 nam“
3359 3982 3479 4021 mea
3514 3968 3720 4023 lumina
3761 3972 3893 4037 luci,

880 4061 1083 4129 Quanta
1110 4059 1422 4114 medelifero
1453 4060 1690 4114 manavit
1722 4061 1888 4131 gratia
1920 4073 2083 4126 tactu,
2574 4057 2775 4111 Ordine
2807 4058 3055 4126 deposito
3082 4060 3274 4115 melius
3304 4062 3388 4116 cui
3427 4077 3576 4115 causa
3610 4066 3869 4133 placeret,

879 4150 1151 4206 Laudibus
1180 4152 1230 4204 in
1262 4151 1419 4204 tantis
1450 4162 1593 4205 muta
1622 4162 1700 4205 est
1734 4151 1975 4206 facundia
2010 4153 2214 4208 mundi.
2573 4146 2636 4201 Ut
2664 4149 2807 4203 Senis
2831 4150 2919 4202 illa
2948 4152 3113 4219 patris
3140 4153 3417 4206 oeulorutn
3444 4153 3724 4209 clauderet
3746 4158 3933 4211 arbes.

882 4244 1053 4310 Quem
1081 4245 1289 4299 cunctis
1320 4242 1519 4299 vidisse
1550 4244 1645 4297 fott
1674 4246 1935 4299 meruisse
1957 4247 2208 4313 salutem,
2425 4237 2531 4293 “0
2573 4238 2727 4294 Unde
2752 4255 2906 4295 sacer
2928 4241 3150 4311 dignare
3176 4243 3387 4297 avidam
3407 4248 3744 4314 suspendere
3768 4261 4037 4320 mortem,

741 4337 844 4395 565
882 4336 979 4393 Est
1005 4335 1282 4405 satisipse
1310 4352 1441 4393 suus
1469 4351 1761 4406 generosus
1790 4340 1941 4394 testis
1971 4349 2026 4394 et
2053 4353 2261 4396 auctor.
2574 4336 2747 4404 Atque
2778 4334 3020 4389 minister
3045 4337 3184 4405 opis,
3219 4338 3492 4407 rapienda:
3512 4354 3738 4395 occurre
3772 4344 3973 4409 puellae
4006 4366 4019 4399 :

880 4432 984 4500 Qui
1042 4431 1311 4502 quondam
1368 4431 1672 4501 ingrediens
1726 4431 2076 4487 Trevirorum
2121 4434 2321 4490 llltPllia
2569 4424 2623 4481 δί
2655 4440 2801 4479 mora
2822 4426 2914 4493 είίο
2939 4442 3054 4480 mea
3079 4442 3239 4481 causa
3276 4434 3408 4495 ρεΐίι
3433 4471 3450 4494 ο
3479 4444 3737 4488 Succurre
3766 4436 3993 4492 duobus
4026 4457 4041 4494 :

2126 4528 2321 4601 magis,
2572 4515 2703 4572 Nam
2730 4534 2815 4572 me
2842 4535 2967 4573 cura
3001 4531 3175 4585 necat,
3211 4521 3256 4574 si
3290 4521 3364 4575 illi
3396 4524 3606 4577 curatio
3636 4538 3837 4579 cessat.

886 4619 1002 4685 Qua
1035 4615 1271 4671 resoluta
1301 4617 1390 4671 diu
1417 4632 1516 4686 per
1542 4618 1746 4672 viscera
1778 4621 1939 4687 non,
1971 4621 2178 4690 rigebat
2353 4659 2407 4719 Β
2572 4610 2683 4674 Qua
2708 4624 2860 4664 sacer
2887 4611 3099 4664 erubuit
3129 4612 3385 4667 confusus
3414 4628 3545 4669 voce
3580 4619 3860 4684 sacerdos,

882 4708 1114 4763 Turbida
1146 4706 1427 4777 paralysis,
1456 4708 1631 4778 gelido
1656 4710 1931 4781 languore,
1958 4714 2156 4782 puella,
2354 4702 2405 4719 ν
2433 4702 2538 4759 415
2570 4703 2845 4772 Indignum
2876 4720 2994 4758 sese
3028 4706 3119 4758 tali
3151 4707 3346 4760 virtute
3369 4708 3704 4763 ministrum.

888 4798 1131 4854 Flatibus
1151 4801 1407 4852 extremis
1438 4800 1587 4865 quasi
1613 4800 1723 4868 jam
1756 4802 1820 4855 de
1851 4800 2037 4858 funere
2066 4805 2283 4871 vivens,
2569 4795 2675 4853 Sed
2710 4807 2856 4862 Palel'
2883 4797 3130 4861 inslabal.
3164 4800 3495 4865 compellens
3524 4802 3749 4856 vocibus
3781 4804 3989 4861 iisdem
4018 4822 4037 4862 :

744 4894 846 4949 670
872 4892 1037 4960 Cujus
1062 4901 1217 4945 erant
1243 4890 1382 4943 oculi
1411 4887 1583 4957 vigilis
1609 4892 1852 4946 custodia
1880 4894 2086 4961 mortis,
2576 4890 2800 4945 Debitus
2829 4891 3030 4945 insanis
3060 4891 3299 4945 medicus
3326 4895 3498 4958 venis,
3527 4908 3690 4949 eaerc
3720 4910 3885 4951 curas
3907 4940 3923 4953 .

890 4984 1113 5042 Funeris
1144 4983 1426 5051 exsequias
1456 4982 1725 5037 reddentia
1761 4984 1957 5039 lumina
1991 4988 2268 5056 membris,
2574 4985 2779 5040 Sentiat
2800 4985 3085 5039 adventum
3121 4985 3311 5039 medici
3345 4990 3591 5056 purgatio
3620 4990 3817 5045 inorbi.

889 5080 1111 5136 Solvere
1143 5078 1397 5132 festinans
1426 5078 1673 5131 animatae
1705 5078 1915 5133 vinetila
1947 5081 2142 5144 carnis,
2585 5076 2678 5131 His
2711 5076 2970 5144 impulsus
2999 5075 3109 5130 adit
3136 5094 3237 5145 qua
3266 5078 3400 5131 lassa
3427 5080 3598 5145 puella
3620 5081 3859 5151 iacebat,

887 5173 1122 5241 Spiritus
1148 5184 1345 5225 arcano
1374 5172 1459 5223 vix
1493 5171 1705 5225 mobilis
1734 5171 1847 5224 ibat
1870 5171 2088 5238 anhelo,
2430 5169 2537 5226 ιεο
2574 5169 2749 5223 Turba
2778 5178 2985 5222 astante
3017 5170 3142 5222 foris
3173 5170 3372 5223 faceret
3401 5170 3528 5237 quid
3563 5183 3749 5239 pastor
3768 5175 3936 5229 ovili.

890 5263 1018 5319 Fine
1050 5263 1267 5317 trahens
1294 5262 1457 5315 dubio
1490 5264 1777 5331 perituram
1810 5264 2029 5317 naribus
2059 5278 2245 5317 auram
2276 5282 2288 5317 :
2573 5258 2708 5313 Hinc
2739 5274 2834 5312 sua
2865 5259 3002 5312 bella
3031 5274 3244 5327 gerens,
3278 5270 3461 5313 orator
3486 5259 3553 5313 ad
3582 5276 3735 5315 arma
3767 5269 4044 5335 recurrit,

744 5359 847 5415 575
875 5358 998 5424 Pes,
1018 5370 1227 5419 manus,
1249 5371 1360 5423 ora,
1382 5371 1551 5424 gena,
1572 5355 1863 5410 recubabat
1883 5355 2059 5429 imago
2077 5358 2326 5429 sepultae,
2562 5350 2818 5405 διθτιιεηε
2842 5348 3085 5404 membra
3105 5348 3241 5415 Solo;
3260 5364 3421 5405 sensu
3442 5364 3608 5422 super
3624 5364 3769 5409 astra
3786 5356 4050 5425 reducto,

818 5539 950 5595 3‘28.
980 5538 1112 5591 (20d.
1152 5538 1293 5597 \'at.,
1324 5536 1520 5609 Audaci
1548 5537 1682 5588 uisu.
2502 5536 2628 5591 383.
2660 5535 2995 5605 Pontiﬁcum.
3020 5538 3179 5593 Forte
3208 5541 3519 5609 pontiﬁcem.

816 5611 943 5668 329.
980 5608 1112 5662 Dum
1134 5619 1334 5681 cuperet
1362 5608 1555 5672 gladio.
1580 5679 1587 5681 _
1722 5680 1727 5681 ί
2502 5609 2632 5662 Ibid.
2660 5609 2794 5681 Cod.
2822 5608 2966 5674 Vat.,
2990 5610 3279 5680 papuloque
3308 5608 3574 5681 fremente.

818 5682 944 5736 3M.
978 5681 1111 5735 Cod.
1146 5679 1285 5751 γει,
1322 5682 1389 5751 ές
1418 5679 1681 5745 resupinat
1711 5680 1882 5731 Immo.
2504 5681 2630 5733 39L
2667 5680 2805 5734 Edit.
2842 5679 2997 5751 ναις
3025 5684 3229 5751 pietatis
3259 5679 3456 5737 arnicrc.

816 5751 943 5808 548,
976 5752 1110 5807 Cod,
1142 5750 1287 5811 Van,
1313 5749 1701 5817 Excuxsumqne
1724 5751 1840 5815 fuit.
2504 5753 2632 5804 598.
2655 5751 2788 5805 Cod.
2816 5749 3143 5815 V'atic.,'uita
3174 5756 3296 5806 mihi
3323 5756 3433 5806 ha‘c
3462 5758 3629 5809 dulcis
3655 5769 3783 5821 erat,
3814 5770 3938 5817 etc.

820 5822 948 5879 36L
981 5824 1113 5879 llud,
1146 5822 1291 5884 \’at.,
1328 5821 1463 5882 Quin
1489 5822 1659 5873 etiam.
2506 5822 2633 5875 40d.
2672 5823 2809 5875 Edit.
2850 5823 3009 5886 \‘en.,
3038 5822 3213 5877 Patris
3244 5828 3543 5879 miserandi.

982 5894 1111 5965 Cod.
1147 5891 1288 5965 Υέιι..
1325 5892 1781 5965 [estis‘geiierosus
1806 5901 1850 5945 et
1874 5902 2072 5945 auctor.
2507 5892 2632 5965 498.
2662 5894 2791 5946 Cod.
2822 5894 2966 5959 Vat.,
2996 5898 3177 5949 ordine
3205 5896 3478 5965 disposito.

827 5963 951 6023 368.
986 5964 1127 6019 Edtt.
1153 5950 1309 6029 Veni,
1336 5950 1535 6017 Tabidi‘t
1560 5964 1834 6033 paralysis.
2510 5962 2634 6018 425.
2671 5966 2725 6018 ltt
2750 5964 2877 6019 Cod.
2916 5950 3057 6031 \’al.,
3091 5950 3564 6038 {aciem'comprxit
3592 5976 3848 6032 alummr,
