4192 6542
719 419 824 478 579

1442 411 1765 471 VENANTII
1808 410 1963 469 ιιοΝ.
2003 407 2215 466 CLEM.
2257 405 2660 472 FORTUNATI
2700 403 2987 463 OPERUM
3029 404 3207 462 PARS
3245 405 3283 461 l.

755 573 3314 606 ____________________________

1900 703 2200 781 Lmen
2276 703 2835 782 SECUNDUS.

933 975 1173 1033 Pendula
1203 975 1313 1046 jam
1347 974 1548 1030 dudum
1577 973 1753 1029 laxavi
1780 974 2000 1029 carbasa
2026 974 2178 1043 pinu,

861 1073 995 1128 Dum
1024 1071 1246 1143 pelagus
1260 1072 1531 1140 componit
1562 1073 1682 1136 iter,
1709 1070 1836 1123 dum
1869 1082 2022 1124 nauta
2055 1070 2302 1136 resumit,

860 1167 929 1224 Et
960 1168 1204 1222 restricta
1235 1165 1402 1220 semel
1435 1164 1603 1220 levius
1637 1179 1694 1218 se
1724 1165 1932 1218 sarcina
1962 1165 2132 1230 ducit,

862 1259 946 1316 Me
974 1259 1310 1330 quoquejam
1340 1259 1496 1327 primi
1528 1257 1673 1312 [inita
1704 1269 1853 1330 parte
1882 1259 2066 1322 libelli,

788 1351 823 1409 ὅ
855 1351 936 1408 Ad
965 1367 1178 1407 cursum
1196 1352 1326 1406 levis
1354 1366 1481 1404 aura
1502 1362 1688 1416 \'0c:tl;
1725 1367 1854 1420 paro
1879 1352 2040 1405 lintea
2081 1350 2260 1406 ventis
2290 1369 2303 1406 :

862 1445 1092 1516 Spiritus
1119 1445 1413 1498 altevolans
1436 1443 1598 1513 imple
1626 1459 1744 1497 mea
1777 1444 1891 1497 vela
1917 1445 2242 1512 sccnndans,

861 1539 942 1594 Ne
973 1539 1231 1608 trepidam
1253 1538 1478 1594 classem
1509 1538 1775 1591 contraria
1805 1536 1970 1590 ﬂabra
2005 1537 2306 1607 ﬂagrum“;

869 1634 1154 1692 Martiuum
1212 1651 1328 1691 mea
1374 1650 1534 1704 prora
1569 1635 1767 1704 vehat,
1821 1644 2003 1691 sancta
2078 1634 2308 1697 eruntica

2068 1725 2298 1798 [na-tlte,

861 1822 1042 1878 Dulcis
1069 1837 1224 1893 apex,
1248 1836 1370 1891 spes
1387 1820 1489 1876 ﬂda
1510 1820 1662 1888 ratis,
1683 1821 1800 1876 leve
1825 1818 2034 1889 pondus
2057 1821 2306 1887 illitilniis,

753 1914 824 1973 IO
862 1914 1052 1971 Mercis
1080 1930 1214 1970 onus
1244 1929 1407 1970 suave
1434 1925 1537 1982 est,
1567 1923 1622 1970 et
1650 1914 1766 1970 sive
1794 1914 2029 1968 bmretur
2056 1913 2108 1968 in
2139 1915 2306 1980 ulnis,

866 2007 967 2074 Qui
997 2009 1171 2079 tetigit
1201 2008 1558 2079 quodcunque
1587 2021 1771 2077 manu,
1797 2006 1882 2064 vel
1915 2015 2087 2064 tactus
2118 2007 2186 2062 ab
2217 2006 2310 2061 illo

2183 2098 2308 2168 [est,

872 2193 916 2245 A
942 2191 1123 2262 digitis
1149 2193 1272 2247 salit
1293 2192 1396 2245 alta
1420 2192 1590 2258 salus,
1615 2189 1730 2245 ﬂuit
1756 2204 1987 2258 unguem
2019 2189 2086 2244 ab
2110 2205 2308 2258 ungue.

865 2280 1097 2338 Fimbria
1120 2285 1244 2352 quin
1275 2285 1434 2338 etiam
1468 2284 1608 2352 quod
1632 2282 1828 2338 nobilis
1854 2283 2029 2353 attigit
2050 2298 2304 2352 unquam,

865 2375 1072 2446 Sparsit
1100 2378 1462 2432 abundantem
1495 2377 1705 2432 modica
1733 2376 1801 2431 de
1825 2385 1974 2432 veste
1997 2377 2222 2430 salutem
2251 2395 2262 2428 :
2331 2357 2380 2418 Β

756 2464 826 2524 15
867 2467 1050 2522 Fontis
1065 2479 1117 2523 et
1147 2469 1303 2538 hujus
1330 2484 1480 2538 aqua:
1504 2468 1749 2523 restricta
1779 2475 1864 2521 est
1893 2467 2034 2520 nuda
2059 2468 2294 2536 cruoris,

861 2559 1194 2630 Siccavitque
1222 2577 1319 2614 suo
1349 2559 1658 2614 reﬂuamina
1690 2559 1837 2612 ﬂuxa
1868 2557 2087 2613 ﬂuenta.

865 2651 1096 2710 Sumcus
1125 2670 1266 2725 aeger
1297 2668 1452 2722 opem
1483 2668 1576 2724 per
1605 2656 1744 2708 furta
1773 2653 2006 2708 salubria
2038 2651 2113 2706 ﬂli
2141 2667 2152 2702 :

868 2743 1002 2798 Dum
1033 2746 1206 2799 nescit
1231 2743 1641 2808 medicus,-ﬂnit
1662 2743 1970 2799 discrimina
2000 2743 2239 2799 morbus.

865 2825 1078 2892 Arbiter
1110 2837 1390 2906 Arborius,
1420 2837 1501 2891 vir
1535 2837 1904 2906 prmfectorius
1934 2836 2097 2902 idem,

753 2928 828 2988 20
863 2929 1136 2997 Quartano
1160 2930 1392 3001 genitam
1420 2929 1654 3000 graviter
1681 2931 1954 2985 cruciante
1979 2926 2216 2992 camino,

865 3023 1099 3081 Plurima
1122 3024 1248 3079 dum
1267 3024 1487 3090 faceret,
1517 3037 1692 3093 neque
1721 3037 1848 3078 cura
1872 3022 2116 3078 mederet
2139 3022 2295 3076 alum-

2171 3114 2308 3188 [met

833 3197 835 3199 ’
864 3209 1028 3266 Ilissa
1056 3211 1210 3266 beata
1238 3210 1338 3266 viri
1364 3209 1633 3266 restrinxit
1664 3209 1892 3280 epistola
1923 3208 2146 3275 febrem,

868 3303 999 3371 Quae
1029 3319 1190 3374 super
1217 3305 1464 3374 imposita
1504 3305 1693 3358 charta
1724 3303 2012 3358 recubante
2042 3301 2239 3372 puella,

869 3396 991 3452 Mox
1022 3396 1233 3452 sudoris
1263 3411 1428 3466 aquas
1451 3395 1539 3450 ubi
1567 3395 1738 3450 littera
1769 3396 1907 3451 sicea
1935 3395 2147 3465 rigavit,

754 3490 827 3545 25
865 3487 1054 3544 Febris
1081 3488 1146 3543 ab
1177 3486 1404 3544 internis
1433 3497 1668 3544 extracta
1718 3496 1803 3543 est
1851 3490 1996 3544 arida
2035 3489 2311 3556 membris,

863 3580 980 3636 Axe
1003 3588 1252 3634 serenato
1280 3579 1560 3634 madidans
1607 3579 1728 3634 sine
1749 3578 1948 3634 vellere
1980 3579 2168 3645 nimbi,

866 3671 1011 3726 Rere
1037 3670 1322 3726 atramenti
1355 3671 1612 3726 restincta
1641 3680 1724 3726 est
1744 3670 1957 3725 ﬂamma
1989 3671 2182 3726 camini
2209 3689 2222 3725 :

866 3759 1226 3815 lsraelitarnni
1260 3759 1425 3815 veluti
1457 3761 1762 3832 Moysiticus
1790 3761 1946 3827 alter,

870 3851 949 3906 Ne
981 3866 1148 3922 vapor
1175 3854 1438 3920 excutiat,
1469 3851 1740 3921 protendit
1767 3853 1959 3924 pagina
1987 3853 2203 3910 nubem.

759 3944 829 4002 50
867 3945 1037 4013 Quam
1086 3945 1283 4001 mirum
1329 3945 1591 4001 artificem
1622 3945 1840 4002 dantem
1873 3962 1967 4017 per
1990 3948 2186 4016 scripta
2229 3963 2317 4002 sa-

2091 4038 2272 4111 [lulem
2297 4040 2313 4094 l

863 4131 954 4188 Sic
976 4131 1298 4202 operabatur
1324 4144 1583 4200 praesens,
1609 4130 1702 4186 ubi
1733 4140 1961 4186 noverat
1988 4132 2123 4200 ips».

867 4226 999 4294 Quae
1031 4216 1182 4293 patre
1223 4222 1292 4277 ab
1320 4222 1552 4279 Arborio
1579 4223 1806 4278 Martino
1854 4225 2076 4278 offertur
2113 4224 2313 4292 opimo.

867 4316 1246 4373 Consecranda
1277 4334 1437 4373 manu
1465 4334 1570 4389 qua
1599 4319 1891 4374 salvificata
1919 4319 1989 4373 sit
2016 4319 2146 4388 ipsa.

871 4411 1042 4477 Quam
1073 4411 1215 4465 bene
1245 4409 1327 4465 bis
1356 4424 1542 4464 sanam
1571 4424 1691 4465 cum
1725 4410 2028 4482 virginitate
2061 4411 2314 4481 puellam.

761 4505 829 4559 55
870 4503 1071 4558 Reddit
1102 4503 1218 4572 ipse
1250 4503 1385 4573 patri
1417 4502 1635 4573 proprio
1664 4511 1816 4574 pater
1845 4504 1936 4560 ille
1966 4505 2243 4576 superno?

793 4641 845 4696 6.
877 4641 1012 4696 Cod.
1041 4640 1189 4706 νειμ,
1221 4641 1333 4693 uela
1359 4641 1639 4698 secundus.

797 4713 850 4767 3.
879 4711 1144 4780 limptica,
1165 4713 1318 4765 navis
1340 4712 1612 4782 oneraria,
1639 4728 1733 4768 seu
1769 4715 2106 4770 mercatoria.
2137 4715 2312 4771 Gloss.

727 4782 901 4857 Crmci
932 4784 1104 4857 Latini
1139 4798 1241 4857 ms.
1270 4783 1578 4857 ἀγὸρᾳστος,
1617 4787 1899 4853 empticus;
1933 4799 1988 4841 ut
2019 4789 2176 4842 habet
2209 4788 2314 4842 Du-

724 4854 851 4930 (res.
885 4855 934 4930 in
959 4855 1137 4930 Gloss.
1171 4853 1231 4930 S_i
1258 4853 1404 4908 metri
1422 4859 1554 4930 ratio
1577 4867 1835 4930 [tueretur
1869 4860 2067 4925 (subdit
2090 4860 2312 4930 llrow.),

723 4927 858 5000 forte
900 4926 1112 5000 dixisset
1141 4940 1162 4978 :
1186 4925 1556 5000 _Empnretica.
1591 4927 1792 4984 Eadem
1839 4944 1970 4984 voce
2000 4935 2156 4999 paulo
2199 4925 2320 5000 post

725 4997 894 5053 utitur
925 4994 1151 5052 Fortun.
1183 4995 1237 5050 in
1272 4997 1374 5051 hoc
1402 5012 1564 5052 versu
1594 5015 1606 5050 :

823 5109 887 5158 Ut
911 5113 1049 5170 petat
1078 5107 1136 5156 ad
1163 5115 1372 5170 portum,
1397 5121 1565 5158 rerum
1591 5108 1706 5161 facit
1744 5114 1947 5174 emptica
1966 5112 2159 5175 iactum.

800 5191 886 5246 10.
927 5193 1070 5246 Edit.
1097 5191 1254 5257 Ven.,
1288 5201 1486 5248 erretur
1513 5195 1565 5248 in
1588 5195 1743 5251 ulnis.

800 5265 887 5317 Η.
920 5262 1042 5318 Illo.
1076 5265 1195 5328 Ms.,
1225 5265 1354 5329 ulla,

799 5333 1341 5410 I_b_id._Quqt_lcunque.
1362 5337 1472 5410 _Ms.
1503 5354 1822 5410 quocunque.

801 5407 891 5460 i7.
939 5407 1038 5459 Ed.
1074 5407 1236 5472 Ven.,
1273 5408 1517 5462 Salubrin
1549 5407 1784 5466 nan/tuin.

801 5478 1018 5553 18._Ed.
1059 5479 1211 5553 Vens,
1272 5479 1403 5532 Dum
1459 5484 1616 5535 nescit
1662 5486 1905 5552 nte-licus,
1967 5488 2160 5553 confert
2195 5485 2310 5540 huic

732 5549 839 5620 ipse
865 5551 1112 5602 vivumen.
1143 5549 1300 5604 Furte
1324 5553 1568 5606 levamen.

800 5619 890 5675 9.9.
927 5623 1020 5674 liti.
1061 5623 1216 5684 γαπ..
1252 5621 1334 5675 Ne
1367 5641 1524 5691 uapor
1556 5627 1830 5681 excrurict.

919 5693 1050 5766 Coll.
1089 5693 1226 5766 \_'_:ll.,
1260 5695 1342 5746 ubi
1369 5713 1468 5747 non
1502 5708 1603 5748 erat
1635 5699 1760 5766 ipse.

805 5760 894 5815 55.
931 5765 1068 5816 lidil.
1104 5763 1262 5829 Ven.,
1296 5760 1665 5820 consideranda
1694 5787 1869 5822 unum.

923 5834 1057 5910 Cod.
1092 5835 1232 5910 Vat”
1265 5839 1487 5910 reddidit
1513 5841 1607 5892 iste
1636 5849 1790 5910 patri.

802 5902 892 5958 38.
930 5905 1052 5960 Erat
1106 5907 1186 5962 hic
1233 5909 1486 5967 Paulinus
1526 5911 1610 5968 vir
1636 5902 1976 5983 'cnnsularis,
2017 5925 2078 5969 ac
2125 5923 2311 5985 postea

2327 978 2386 1038 Δ

2551 972 2641 1027 Sic
2671 969 2868 1026 meruit
2905 971 3199 1043 geminam,
3249 973 3366 1030 solo
3411 983 3659 1040 curante,
3697 974 3993 1031 medellam

2556 1063 2691 1118 Dum
2721 1066 2937 1120 cbaram
2967 1066 3206 1120 sobolem
3242 1067 3400 1122 morti
3451 1070 3708 1124 subduxit
3750 1079 3994 1137 utrmque

2629 1157 2943 1228 Paulinique
2974 1159 3190 1214 oculum
3222 1169 3361 1214 tetra
3392 1161 3620 1228 caligine
3651 1178 3920 1230 mersum,

2552 1248 2823 1318 Impositis
2855 1252 3122 1315 manibus,
3152 1253 3335 1307 radius
3361 1255 3657 1323 penetravit
3690 1267 3907 1320 acutus,

2446 1337 2515 1393 40
2557 1341 2733 1411 Atque
2765 1356 2957 1398 serena
2987 1344 3126 1408 dies,
3157 1345 3371 1400 detersa
3401 1348 3563 1410 nube,
3597 1347 3834 1414 refulsit,

2558 1433 2762 1490 Lumen
2811 1446 2864 1490 et
2912 1439 3133 1492 emicuit
3166 1439 3327 1494 facies
3355 1456 3460 1494 non
3495 1441 3639 1495 lusca
3674 1440 3975 1512 gemellum

2553 1525 2764 1580 Mai-tui
2797 1528 2981 1598 digitis
3009 1530 3130 1584 oleo
3157 1542 3408 1586 manante
3435 1533 3696 1598 lucerna,

2557 1616 2761 1674 Cuncta
2803 1621 3088 1676 salutilero
3120 1639 3421 1691 supernatis
3447 1627 3666 1696 collyria
3699 1633 3846 1679 tactu

2634 1710 2753 1781 Ipse
2782 1712 2947 1766 etiam
2979 1729 3105 1768 casu
3134 1717 3398 1770 scalarum
3429 1719 3632 1772 vertice
3661 1717 3869 1786 lapsus,
3944 1785 3946 1787 g

2447 1799 2518 1858 45
2558 1801 3019 1876 Dinumeransque
3064 1806 3306 1863 cadendo
3357 1807 3592 1878 gradus,
3647 1808 3867 1876 capite,
3924 1818 4020 1860 ore

3779 1895 4017 1969 [relisus,

2556 1986 2785 2045 Attritus
2833 1987 3114 2058 membris,
3147 1987 3480 2045 descendens
3525 1987 3758 2044 saltibus
3799 1986 4016 2058 amplis,

2557 2083 2850 2139 Multorum
2876 2081 3144 2154 medicus,
3177 2084 3575 2155 quamplurima
3616 2083 3840 2140 vulnera
3883 2095 4020 2150 por-

3848 2174 4018 2246 [tans,

2555 2267 2692 2323 Dum
2741 2268 2891 2324 cellae
2920 2268 3138 2324 recubat
3166 2267 3402 2340 graviter
3450 2269 3553 2326 sub
3595 2278 3757 2325 nocte
3797 2278 4020 2339 sopora,

2553 2361 2835 2431 Pervigilis
2864 2361 3077 2416 Domini
3108 2363 3251 2417 venit
3282 2363 3503 2432 angelus
3530 2377 3658 2418 aere
3697 2364 3874 2428 fusus,

2448 2451 2516 2507 50
2556 2451 2743 2509 Ulcera
2766 2470 2992 2524 qumque
3022 2455 3118 2509 viri
3140 2464 3393 2522 tractans,
3417 2456 3542 2510 dum
3573 2459 3786 2526 singula
3812 2456 4020 2526 palpat,

2557 2545 2807 2615 Tangens
2836 2553 3077 2602 membra
3107 2563 3291 2615 manu,
3322 2547 3517 2602 solidat
3546 2549 3770 2617 vestigia
3803 2560 4019 2619 gressu,

2561 2637 2951 2708 Excutiturque
2975 2639 3110 2705 lues,
3143 2638 3368 2710 fugitivo
3395 2640 3570 2695 tabida
3599 2641 3764 2708 saltu,

2557 2731 2626 2786 Et
2675 2732 2899 2787 sudibus
2954 2732 3161 2788 laceros
3209 2734 3369 2790 rediit
3398 2736 3537 2790 cutis
3571 2751 3677 2792 una
3719 2750 3818 2806 per
3847 2745 4017 2803 artus,

2559 2825 2838 2880 Crastinus
2868 2825 3127 2881 incolumi
3155 2829 3419 2896 processit
3445 2843 3677 2898 corpore
3717 2839 3975 2899 comptus
4001 2845 4019 2884 :

2450 2917 2520 2974 55
2558 2916 2982 2987 Angelicamque
3015 2917 3176 2972 ﬂdem
3210 2927 3375 2974 testes
3402 2921 3690 2990 prmsentia
3724 2920 3877 2976 fecit.

2555 3008 2666 3064 Nec
2713 3009 2950 3078 perferre
2979 3010 3127 3078 pium
3175 3009 3465 3080 longinqua
3513 3011 3719 3082 ﬂagella
3769 3010 4023 3078 decebat,

2562 3103 2789 3172 Quando
2818 3103 3080 3173 ﬂagellari
3108 3105 3344 3175 graviter
3371 3119 3477 3161 non
3507 3106 3726 3174 pertulit
3755 3104 3952 3161 ullum.

2638 3196 3019 3253 Praztereunda
3072 3198 3202 3255 mihi
3255 3213 3429 3269 neque
3474 3207 3602 3254 sunt
3629 3197 3750 3256 haec
3786 3199 4028 3254 maxima

3789 3291 4022 3362 [renum

2556 3382 2818 3440 Maximus
2847 3385 3144 3456 Augustus,
3179 3399 3315 3442 nece
3344 3386 3509 3456 regis,
3533 3385 3804 3442 maximus
3826 3386 4024 3456 armis,

2450 3474 2521 3531 60
2558 3477 2848 3547 Imperium
2883 3487 3094 3543 nactus,
3123 3477 3270 3534 civili
3295 3479 3451 3536 clade
3477 3480 3768 3551 superbus,

2560 3568 2698 3624 Dum
2726 3569 2866 3639 regit
2893 3570 3139 3626 insolitas
3163 3571 3438 3628 frenorum
3471 3573 3714 3629 infrenus
3737 3573 3983 3633 habenas
4007 3591 4023 3630 :

2564 3664 2888 3721 Pontificum
2914 3667 3002 3721 cui
3033 3675 3161 3722 tunc
3187 3667 3424 3723 adulatio
3451 3668 3570 3722 laxa
3601 3668 3840 3738 favebat,

2562 3758 2827 3829 Principis
2852 3770 2902 3814 et
2935 3770 3091 3827 nutu,
3121 3760 3253 3817 cleri
3281 3776 3404 3817 cum
3435 3762 3668 3818 circulus
3701 3761 3836 3831 ibat,

2560 3849 2790 3905 Martino
2811 3852 3084 3920 veniente,
3114 3861 3291 3908 tamen
3320 3867 3416 3909 rex
3442 3855 3558 3922 ipse
3584 3864 3840 3924 precatus

2454 3943 2525 4002 65
2562 3944 2634 4002 Ut
2677 3953 2920 4002 sanctum
2965 3947 3036 4003 ad
3081 3961 3329 4004 mensam
3361 3947 3592 4016 habeat;
3623 3949 3715 4019 qui
3763 3964 3920 4018 saepe
3949 3967 4038 4010 re-

3786 4043 4030 4116 [pulsus,

2563 4128 2802 4184 Tandem
2829 4130 3127 4200 promeruit
3168 4129 3285 4187 ﬂeri
3313 4131 3538 4188 conviva
3571 4131 3735 4188 beati.

2565 4222 2797 4291 Imperio
2824 4223 3114 4292 plaudente
3139 4223 3304 4279 simul
3331 4225 3502 4292 sedet,
3541 4226 3675 4285 urbe
3712 4226 3955 4300 favente,

2562 4315 2853 4372 Convivam
2883 4318 3010 4373 coeli
3036 4318 3179 4390 quod
3215 4327 3430 4377 lenem
3461 4324 3667 4393 excipit
3693 4329 3841 4382 auia.

2559 4406 2899 4466 Conveniunt
2920 4427 3201 4480 proceres,
3223 4412 3536 4482 praefectus,
3557 4416 3769 4484 consul,
3785 4417 4035 4477 honores

2459 4499 2528 4555 70
2567 4499 2824 4556 Certatim
2858 4504 3039 4571 acciti,
3068 4503 3268 4575 regalia
3301 4503 3438 4560 festa
3469 4507 3735 4576 colentes,

2420 4633 2656 4716 lilplanns
2690 4637 3006 4716 episcopus,
3054 4638 3413 4716 amicissimus
3454 4641 3516 4700 S.
3559 4642 3774 4713 Martini
3812 4665 3824 4700 :
3863 4663 4033 4716 quem

2421 4705 2529 4771 hic,
2561 4709 2792 4774 amplum
2826 4705 3203 4777 patrimonium
3237 4705 3640 4781 relinquentem
3676 4732 3774 4782 pro
3803 4705 4040 4777 Ch'risto

2421 4787 2580 4852 atque
2622 4796 2669 4832 ei
2698 4794 2758 4834 se
2781 4795 2846 4833 ac
2874 4796 2968 4835 sua
2995 4783 3176 4835 omnia
3209 4782 3589 4852 devoventem,
3618 4792 3833 4843 solebat
3867 4794 4041 4848 disci-

2423 4848 2565 4919 pulis
2621 4859 2874 4920 tanquam
2919 4852 3155 4923 egregias
3206 4854 3422 4925 pietatis
3469 4848 3782 4929 exemplum
3831 4877 4045 4934 propo-

2419 4935 2569 4975 nere.

2494 4993 2580 5044 ὗε).
2616 4991 2878 5067 maximus
2907 4993 3014 5062 hic,
3049 4993 3308 5050 Gratiano
3336 4996 3465 5067 imp.
3513 5001 3718 5066 occiso,
3767 5016 3798 5055 a
3844 5006 4045 5062 militi-

2343 5097 2396 5158 υ
2979 5069 3275 5158 Augustus,
3307 5062 3498 5158 postea.
3535 5087 3575 5158 a_
3621 5062 3960 5158 Ἰᾜ-ὲςΜΙΟ-εἱυ.
3987 5090 4044 5158 et

2431 5133 2804 5218 Valentiniano
2837 5139 3006 5218 victus
3031 5133 3420 5218 estllacite'rtio
3450 5144 3518 5218 ab
3550 5145 3795 5218 Aquileia
3845 5148 4040 5218 lapide

2426 5207 2597 5284 capite
2622 5207 2937 5284 plenus-fuit
2964 5225 3052 5284 an.
3083 5209 3273 5284 383,6
3294 5209 3412 5284 Kal.
3447 5207 3727 5284 Septemb.

2495 5279 2583 5330 (ὶο.
2618 5278 2748 5331 Cod.
2785 5279 2931 5344 Vat.,
2963 5280 3190 5350 Imperio
3216 5282 3479 5349 indeptus.

2618 5350 2757 5404 eun.
2789 5349 2947 5415 Ven.,
2979 5349 3103 5406 cieri
3141 5363 3262 5407 tunc
3300 5355 3523 5411 circulus
3555 5358 3703 5423 ibat;
3736 5361 3891 5430 quod
3947 5374 4042 5421 te-

2496 5435 2544 5470 ΙΠ
2569 5437 2676 5470 Ill“.

2421 5434 2676 5474 nellﬂlllll.

2494 5496 2582 5543 tu.
2616 5491 2882 5577 Sulpicius
2910 5504 3157 5577 recenset
3186 5497 3268 5577 bis
3291 5499 3470 5577 verbis
3490 5514 3584 5554 eos
3607 5503 3694 5577 qui
3715 5502 3780 5577 ad
3813 5507 4044 5577 regiam

2425 5577 2663 5616 mensam
2715 5565 2977 5618 sedebant
3030 5584 3041 5618 :
3095 5567 3327 5622 Convivre
3352 5571 3567 5624 aderant
3602 5573 3754 5625 relati
3782 5578 3859 5631 ad
3886 5565 4048 5636 Hicin

2428 5638 2610 5721 (esum:
2651 5636 2864 5721 evocati,
2892 5639 3077 5721 summi
3120 5651 3272 5708 atque
3314 5643 3541 5695 illustres
3592 5646 3705 5708 viri,
3755 5655 4055 5721 pwrfcrtus

2426 5707 2660 5791 i‘ddllqufc
2689 5707 2864 5791 consiti
2892 5706 3138 5773 Evodius,
3172 5706 3247 5763 rir
3275 5730 3376 5784 quo
3407 5717 3537 5766 nihil
3581 5706 3813 5782 unqualm
3844 5706 4057 5791 institis

2426 5779 2557 5858 fuit;
2581 5781 2791 5864 comites
2819 5781 2943 5852 duo,
2971 5798 3170 5837 summa
3207 5779 3453 5857 potestate
3491 5779 3726 5862 pyra-eiii,
3756 5779 3932 5864 {misr
3973 5779 4059 5857 τοί

2424 5864 2522 5918 gis,
2545 5860 2590 5904 et
2617 5861 2853 5921 patruus.
