4192 6540
745 417 850 472 583

891 536 1044 590 lrruit
1088 535 1140 588 in
1173 531 1735 596 cellam,'cansamqne
1774 524 1994 593 exponit
2040 520 2273 589 iniquam
2306 530 2321 567 :
2353 512 2408 571 Δ

884 630 1000 697 Quo
1027 631 1212 693 virtus,
1262 626 1515 688 Martine,
1550 634 1634 676 tua
1681 622 1798 675 est?
1830 622 1941 676 lloc
1982 621 2208 689 aspicis,
2241 618 2323 672 in-

2166 712 2320 781 [quit,

745 817 848 872 145
886 814 1055 869 Unum
1082 828 1309 879 namque
1332 824 1475 864 tuum
1502 826 1669 878 nuper
1696 810 1791 861 hac
1813 807 1958 860 czrde
1983 806 2181 873 prrenii
2202 846 2216 868 ,

887 911 954 962 ΕΙ.
985 908 1107 959 ntilti
1141 908 1315 973 pruula
1344 905 1519 971 jacet,
1560 903 1761 971 μυιίιςιῑί
1790 913 1941 966 Calda
1986 897 2253 962 tttiuistro,

888 1003 1293 1072 lnjunctumque
1338 1001 1486 1052 uelis
1539 998 1757 1051 Sceleris
1810 995 1904 1048 bos
1950 993 2180 1060 armiger
2229 991 2329 1042 itit-

2174 1087 2324 1158 “det.

885 1189 1086 1242 Damno
1113 1201 1299 1239 cresco
1328 1192 1440 1249 tuo,
1471 1183 1811 1249 enngaudens
1844 1181 2007 1234 ubere
2032 1179 2183 1233 lletu.

886 1280 1134 1333 Protinus
1163 1278 1246 1334 his
1275 1277 1431 1330 dictis
1460 1276 1649 1328 fratres
1682 1289 1833 1327 sacer
1861 1276 2081 1327 advocat
2112 1286 2323 1335 omnes,

743 1373 845 1427 150
888 1372 951 1426 Et
1006 1382 1155 1441 pater
1216 1386 1308 1425 ore
1376 1370 1540 1424 rcl'ert
1595 1366 1851 1436 quidquid
1919 1368 2061 1418 it‘J'tlS
2128 1366 2328 1418 indicat

2114 1457 2326 1529 [ltostis.

880 1560 1150 1613 Sollicitus
1176 1574 1240 1610 ne
1261 1557 1383 1624 quid
1414 1557 1568 1621 lupus
1599 1554 1921 1620 ahripuisget
1953 1552 2102 1605 ovili.

883 1655 1200 1723 Pcrqttirunt
1242 1656 1419 1707 socios
1473 1651 1762 1717 monachi,
1809 1662 2198 1713 numerumque
2236 1661 2327 1699 re-

2056 1740 2321 1810 [censenlz

881 1843 982 1897 Sed
1018 1858 1174 1909 grege
1202 1842 1268 1894 de
1293 1840 1449 1892 niveo
1474 1836 1711 1889 modicus
1738 1850 1908 1902 neque
1932 1832 2101 1884 defuit
2130 1846 2320 1899 agnus.

877 1936 1183 1989 Conducms
1206 1933 1451 1985 mercede
1485 1940 1658 1982 tamen
1691 1930 1844 1982 deest
1875 1929 2101 1979 rusticus
2136 1940 2271 1975 unus
2300 1940 2313 1975 :

737 2030 846 2088 155
883 2030 1044 2100 Ligna
1098 2028 1354 2083 trahenda
1430 2024 1561 2078 locis
1618 2040 1896 2076 uentorum
1955 2031 2170 2074 vectore
2232 2022 2327 2071 bu-

2121 2112 2325 2181 [hulc0,

879 2216 994 2282 Quo
1048 2228 1278 2283 propero
1326 2213 1477 2281 jubet
1526 2212 1603 2265 ire
1646 2210 1840 2280 gradu,
1885 2222 2210 2272 causamque
2244 2220 2329 2258 re-

2122 2296 2325 2367 l‘lllifil.

890 2397 1277 2454 Semianimum
1309 2395 1588 2449 inveniunt
1625 2392 1791 2453 missi,
1823 2404 2073 2459 supremo
2103 2404 2323 2456 genicu-

2175 2485 2324 2553 |tetn,

884 2582 1265 2651 lndicatatque
1297 2596 1504 2645 necem,
1539 2580 1663 2633 dum
1698 2579 1872 2633 adhuc
1918 2592 2081 2643 super
2129 2576 2324 2627 halitus

2146 2666 2330 2735 [erral,

884 2769 1033 2834 Quod
1066 2783 1157 2820 sua
1201 2768 1382 2819 laxato
1408 2775 1591 2817 taurus
1624 2765 1752 2816 foret
1786 2762 1997 2830 inguina
2030 2775 2218 2823 cornu,

744 2862 848 2918 160
885 2861 1263 2930 Explicalaque
1289 2860 1414 2924 ﬁde,
1443 2860 1602 2909 vitam
1625 2872 1744 2909 cunt
1770 2870 1834 2907 vo
1856 2874 1895 2907 ‘e
1918 2854 2148 2919 reliquit.

885 2954 992 3009 Nec
1050 2968 1291 3008 sanctum
1365 2950 1467 3004 hoc
1520 2964 1702 3003 errare
1754 2948 1877 2999 facit
1932 2946 2073 3014 quod
2127 2943 2330 2997 fecerat

2136 3040 2327 3108 terror.

961 3138 1187 3191 Additur
1221 3137 1345 3188 hinc
1375 3133 1535 3188 etiam
1570 3148 1747 3186 rerum
1774 3130 2031 3184 mirabilis
2063 3132 2217 3193 ordo,

891 3235 1031 3289 Mille
1062 3235 1287 3288 nocendi
1312 3245 1453 3287 artes
1482 3234 1606 3284 dum
1634 3232 1864 3299 pcrlidus
1895 3232 2064 3283 exerit
2097 3229 2287 3295 hostis,
2351 3258 2402 3322 ε

883 3328 1034 3382 Nunc
1083 3328 1230 3381 Jovis
1277 3328 1332 3380 iu
1383 3325 1570 3379 l'aciem
1591 3367 1605 3391 ,
1635 3338 1774 3378 nunc
1795 3339 1853 3377 se
1885 3325 2145 3378 mentitus
2178 3323 2324 3376 Anu-

2145 3416 2285 3485 [betn
2311 3456 2326 3480 ,

744 3509 849 3564 105
885 3510 1043 3581 Saepe
1095 3509 1282 3565 habitu
1329 3506 1589 3573 Veneris,
1656 3506 1952 3576 saepissime
2015 3508 2187 3561 fronte
2226 3507 2325 3561 Mi-

2082 3606 2281 3673 lttert'a:
2314 3622 2325 3655 ;

889 3701 1116 3757 Sedulus
1142 3700 1349 3753 insidiis
1372 3708 1560 3752 sancto
1590 3713 1684 3752 sua
1713 3698 1852 3751 seria
1881 3711 2161 3764 rumpens,

888 3795 1122 3847 Diversis
1154 3792 1338 3845 formis
1358 3835 1372 3857 ,
1401 3802 1458 3845 ttt
1490 3802 1662 3845 terror
1685 3800 1973 3855 cresceret,
1996 3789 2182 3855 olTert;

887 3884 956 3937 Et
993 3884 1173 3937 varius
1201 3891 1453 3952 generet,
1480 3883 1661 3948 specie
1690 3882 1947 3945 variante,
1983 3881 2256 3948 timerent,

888 3976 985 4042 Qui
1013 3987 1207 4028 virtute
1231 3974 1433 4043 nequit,
1461 3985 1742 4041 superatus
1763 3983 1816 4025 ut
1840 3984 1952 4025 arte
1996 3973 2236 4025 rebellet.

747 4070 850 4125 170
890 4070 992 4123 Sed
1026 4079 1200 4122 tamen
1228 4070 1525 4135 intrepidus
1558 4067 1814 4134 persistit,
1850 4068 2022 4118 inania
2057 4076 2327 4134 temnens,

888 4161 1111 4228 Semper
1160 4163 1213 4212 itt
1244 4161 1500 4212 adversos
1527 4159 1769 4227 iaculans
1811 4159 1987 4211 crucis
2016 4172 2161 4210 arma
2198 4158 2329 4211 bea-

2188 4246 2297 4318 [tus
2314 4287 2328 4312 ,

889 4343 1118 4414 Belliger
1146 4343 1246 4397 hoc
1272 4342 1461 4413 clypeo
1491 4342 1699 4394 hostilia
1743 4341 1845 4393 tela
1874 4341 2110 4395 relidens
2131 4382 2146 4405 ,

885 4436 997 4504 Qua
1029 4447 1339 4504 penetrante
1380 4437 1517 4501 acie,
1542 4451 1600 4489 se
1629 4436 1872 4489 machina
1906 4435 2035 4487 falsa
2082 4436 2325 4487 resolvit.

884 4530 1039 4599 Sit-pe
1069 4534 1229 4584 etiam
1278 4530 1332 4584 iu
1382 4541 1629 4585 sanctum
1675 4543 1869 4583 vacuos
1909 4543 2103 4583 acuere
2135 4528 2331 4582 tumul-

2194 4621 2331 4691 ηαδ,
2364 4636 2419 4697 D

745 4714 851 4773 175
888 4717 1236 4781 lniiciatores,
1273 4715 1407 4771 falso
1437 4717 1716 4771 minitante
1748 4718 1978 4787 ﬂagello.

885 4815 989 4871 Sed
1021 4814 1263 4869 fremitus
1312 4816 1513 4885 fragilis
1550 4831 1645 4884 per
1678 4789 1857 4868 inania
1920 4816 2165 4883 cymbala
2223 4817 2329 4869 litt-

1642 4908 1659 4924 '
1677 4908 1697 4926 ⁸
1937 4906 1944 4915 ’
2199 4908 2299 4981 [nit
2314 4952 2329 4977 ,

886 5004 1263 5077 Oppositisqne
1294 5008 1453 5060 minis
1482 5006 1757 5059 interritus
1789 5007 1904 5069 ipse
1931 5004 2162 5072 resistit,

893 5102 1001 5154 Nec
1032 5102 1244 5154 fundata
1270 5101 1422 5153 decet
1453 5112 1634 5151 Contra
1665 5112 1918 5152 eruetiata
1952 5102 2178 5154 moveri.

964 5196 1097 5249 lline
1118 5212 1327 5263 quoque
1357 5194 1584 5247 lethit'eri
1611 5192 1844 5246 suiTusus
1870 5192 1991 5245 felle
2015 5195 2225 5259 veneni,

752 5288 853 5347 180
890 5291 1169 5355 Perlidus,
1216 5292 1513 5354 horribilis,
1580 5301 1696 5344 trux
1727 5330 1742 5356 ,
1802 5289 2071 5355 lubricus,
2118 5288 2331 5341 invidus

2108 5381 2336 5452 inriguis,

821 5639 943 5693 146.
992 5638 1084 5689 Ed.
1122 5636 1273 5698 Ven”
1310 5635 1543 5687 Pecorali
1573 5646 1750 5701 capia.

824 5710 947 5761 itii.
987 5707 1249 5765 li«l.\'eu..
1288 5706 1466 5772 lhplic
1491 5718 1637 5772 .‘uquc
1672 5708 1810 5771 /ide;
1853 5704 1993 5772 quod
2025 5700 2336 5757 tenendum.

824 5780 945 5832 168.
997 5777 1203 5829 Varius.
1239 5778 1398 5829 Forte
1443 5776 1676 5829 Vati/uit.

820 5851 1083 5904 i7|.luL
1125 5850 1854 5912 Veuq15wnpm‘Utu‘nvns

813 5922 939 5978 185.
982 5918 1076 5973 Ed.
1115 5920 1265 5982 Ven.,
1304 5922 1355 5974 In
1389 5926 1527 5975 tidtt.
1568 5924 1693 5975 \‘en.
1726 5919 1966 5986 Contaqm
1992 5924 2195 5975 (cedent.

1464 404 1785 462 \‘ENANTII
1828 403 1982 459 NON.
2027 396 2231 455 CLEM.
2282 394 2674 452 FORTUNATI
2713 394 2998 451 OPEBUH
3040 394 3219 451 PARS
3258 394 3292 447 Ι.

2352 1891 2401 1949 Β

3919 388 4014 444 384

2574 512 2680 569 Ore
2705 523 3012 568 cruentatus
3034 512 3317 566 Martinum
3344 516 3598 577 provocat
3618 506 3789 561 armis
3822 521 3839 560 :

2574 609 2678 663 Cur
2700 608 2891 662 habent
2914 608 3226 670 monachos,
3255 617 3486 657 oneroso
3508 602 3737 655 crimine
3771 597 4017 668 pressos?

2571 701 2679 755 Cur
2744 702 3015 755 maculosa
3078 698 3276 753 cohors
3337 696 3542 750 habitet
3583 694 3667 762 pia
3706 699 3861 761 septa
3904 705 4019 745 mae

3224 792 3229 797 λ
3814 780 4017 858 [gistrii

2570 883 2648 938 Ne
2680 898 2766 937 rea
2803 883 2952 936 turba
2986 881 3140 935 malis
3176 881 3344 935 violet
3371 879 3639 935 consortia
3664 876 3804 949 justi
3830 893 3847 932 :

2434 972 2534 1028 185
2574 974 2806 1026 Mnrtnda
2841 990 2941 1027 neu
2975 976 3210 1039 reliquos
3240 972 3351 1025 vitii
3382 982 3627 1041 cuntagza
3652 969 3872 1030 l'rieent,

2573 1067 2670 1131 Qui
2697 1066 2833 1118 male
2869 1066 3153 1131 pollttcrittl
3201 1063 3398 1116 lavacri
3432 1061 3760 1116 venerabilis
3803 1059 4019 1124 undam,

2575 1161 2653 1211 Ac
2682 1172 2772 1209 sua
2808 1157 3142 1221 perdiderint
3168 1157 3488 1224 baptismata
3518 1153 3743 1208 crimine
3766 1165 3955 1215 tltchl,

2572 1251 2681 1305 Nec
2721 1251 2801 1304 via
2839 1251 2911 1304 sit
2947 1251 3139 1313 veniae,
3162 1247 3331 1318 periit
3358 1248 3555 1317 quibus
3584 1244 3759 1300 orbita
3794 1243 3986 1311 lapsis,

2573 1342 2706 1398 Cum
2730 1344 2889 1397 semel
2924 1344 2974 1397 in
3006 1346 3214 1397 foveant
3246 1342 3331 1396 vix
3354 1351 3437 1397 est
3456 1356 3725 1395 revocant:
3752 1348 4021 1405 ruentem,

2436 1435 2538 1491 190
2568 1439 2644 1488 Ac
2676 1451 2849 1497 neque
2876 1438 3082 1488 restitui
3119 1444 3329 1488 vastato
3355 1434 3409 1487 in
3432 1447 3659 1500 corpore
3689 1432 3919 1494 ﬂorem;

2575 1528 2685 1581 Nec
2710 1530 2891 1579 redeat
2922 1526 3135 1579 miseris
3167 1527 3304 1579 ultra
3338 1524 3667 1594 indulgentia
3697 1521 3925 1574 Christi.

2581 1616 2720 1670 l‘unc
2754 1617 3006 1670 Mat-tinus
3031 1618 3107 1669 ait
3136 1618 3252 1672 hmc
3295 1626 3478 1670 contra
3506 1616 3770 1668 damonis
3804 1614 3938 1665 iram
3972 1628 3987 1666 :

2575 1709 2817 1776 Perﬁde,
2857 1710 3176 1779 decipiens,
3244 1709 3365 1778 quia
3424 1723 3532 1762 non
3601 1720 3688 1761 tua
3738 1703 4023 1760 Commoda

3790 1796 3988 1869 [cernis
4007 1835 4022 1849 ,

2573 1895 2749 1949 Hostis
2772 1896 2948 1965 inique
2978 1894 3095 1961 tibi,
3128 1893 3220 1948 tibi
3242 1894 3350 1961 jam
3384 1906 3527 1947 noxa
3553 1900 3844 1961 pereunte,

2430 2012 2534 2067 195
2565 2012 2617 2067 Si
2652 2025 2787 2063 nunc
2817 2011 3091 2078 paenitens,
3120 2008 3163 2062 si
3196 2023 3332 2061 nunc
3362 2007 3685 2073 resipiscere
3717 2006 3912 2070 velles,

2572 2105 2913 2171 Praecipitare
2933 2102 3137 2154 animas
3161 2112 3214 2155 ut
3240 2101 3351 2169 jam
3378 2116 3470 2169 per
3491 2098 3716 2152 erimina
3748 2098 3929 2152 nolles

2571 2196 2679 2249 Nec
2703 2204 2787 2247 tua
2810 2194 3065 2248 saevirent
3087 2194 3275 2247 aliena:
3299 2193 3401 2246 tela
3429 2193 3620 2255 ruinae,

2574 2289 2899 2354 Erroresque
2924 2296 3042 2339 tuos
3063 2285 3374 2349 damnares,
3406 2284 3593 2337 ultime
3618 2282 3807 2351 judex,

2577 2381 2649 2435 De
2676 2382 2872 2449 pietate
2900 2380 2994 2433 Dei
3028 2379 3223 2443 fidens,
3257 2378 3574 2447 promittere
3602 2377 3828 2444 possim,

2430 2494 2535 2549 200
2576 2493 2641 2549 Ut
2673 2495 2761 2547 tibi
2795 2504 2899 2546 tam
2925 2494 3122 2546 misero
3155 2492 3399 2545 misereri
3427 2490 3675 2544 Christus
3703 2489 3952 2551 haberet,

2575 2588 2638 2639 Et
2667 2589 2771 2639 cito
2802 2587 3024 2639 donaret
3051 2587 3312 2639 scelerata
3347 2583 3549 2653 piacula
3580 2584 3779 2649 culpm.

2574 2682 2653 2737 Ob
2698 2683 2795 2735 hoc
2848 2694 2975 2736 arce
3031 2680 3138 2749 poli
3191 2680 3469 2735 descendit
3506 2678 3573 2731 ad
3611 2692 3740 2730 arva
3791 2674 4024 2729 Redem-

3848 2763 3869 2838 [
3876 2759 3995 2835 ptor
4008 2781 4025 2830 ;

2574 2863 2789 2919 Perdita
2850 2873 2906 2918 ut
2962 2863 3235 2933 eriperet,
3300 2860 3536 2932 peritura
3588 2873 3686 2914 nec
3725 2858 3842 2926 ipsa
3887 2859 4025 2926 peri-

3845 2952 4027 3022 lrent,

2574 3052 2948 3108 ltumaculatus
2977 3052 3119 3106 enim
3141 3052 3378 3107 maculas
3409 3050 3690 3120 detergere
3717 3049 3891 3111 venit,

2431 3165 2538 3219 205
2578 3164 3000 3233 Vulneribusque
3030 3165 3141 3219 suis
3164 3176 3378 3221 curaret
3406 3175 3462 3219 ut
3494 3165 3669 3218 ulcera
3706 3160 3921 3215 tnundi.

2578 3260 2803 3315 Funeris
2830 3260 2964 3312 otdo
2986 3260 3067 3313 sui
3096 3266 3295 3312 nostra:
3322 3256 3421 3311 luit
3448 3256 3612 3310 arrha
3642 3253 3831 3308 salutis
3870 3270 3883 3303 :

2575 3352 2775 3421 Sputa,
2831 3350 3073 3421 ﬂagella,
3128 3350 3410 3420 chlamys,
3454 3348 3556 3413 fel,
3612 3356 3857 3409 acetum,
3916 3342 4031 3395 lau-

3661 3436 3784 3509 [cea
3800 3476 3816 3501 ,
3858 3435 3996 3488 clavi
4013 3475 4029 3495 ,

2577 3543 2717 3599 Crux
2743 3541 2851 3612 pia,
2879 3554 3047 3606 mors,
3080 3539 3340 3602 tumulus,
3370 3534 3530 3604 lapis,
3556 3534 3781 3597 inferos.
3812 3530 4033 3595 umbra,

3710 3625 4001 3694 [tyrannus
4021 3642 4032 3652 ·

2581 3732 2731 3788 Victa
2772 3732 2933 3787 simul
2972 3727 3151 3785 triduo
3191 3725 3423 3797 premit,
3466 3732 3522 3778 et
3557 3719 3697 3776 redit
3736 3731 3933 3772 auctor
3971 3718 4036 3771 ad

3840 3812 4036 3882 lustra,

2433 3920 2540 3975 210
2580 3919 2987 3985 Descensusque
3013 3930 3143 3969 suus
3165 3926 3317 3967 meus
3345 3921 3429 3967 est
3459 3922 3723 3964 ascensus
3755 3907 3809 3960 in
3835 3906 4037 3971 altum,

2578 4012 2684 4067 (Nec
2714 4011 3010 4080 peccatoris
3044 4015 3269 4061 mortem
3299 4006 3468 4073 magis
3494 4003 3642 4069 eligit
3673 4003 3845 4065 ultor,

2580 4105 2807 4172 Quando
2836 4102 2948 4157 suis
2973 4100 3147 4169 pinnis
3171 4094 3326 4152 nobis
3344 4095 3488 4150 dedit
3509 4108 3658 4147 arma
3689 4088 3906 4144 salutis.

2579 4200 2669 4255 Sic
2699 4202 2815 4268 pius
2869 4196 3182 4251 indomitam
3224 4200 3432 4262 pestem
3476 4200 3861 4244 mansuescere
3912 4194 4037 4238 teu-

3901 4276 4007 4350 [tat
4020 4316 4036 4343 ,

2580 4382 2937 4451 Promisitque
2973 4378 3104 4449 lupo
3130 4379 3269 4432 bona
3302 4381 3485 4446 pastor
3514 4372 3675 4427 ovilia
3705 4370 3886 4426 reddi.

2436 4505 2543 4561 215
2581 4504 2789 4570 Quanto
2830 4498 3000 4566 magis
3040 4494 3239 4550 homini
3271 4489 3499 4548 reserari
3532 4488 3755 4559 praemia
3786 4486 3997 4541 Christi
4024 4527 4042 4553 ,

2592 4595 2816 4664 Propter
2842 4604 3001 4661 quem
3032 4589 3147 4657 ipse
3178 4585 3320 4640 Deus
3350 4583 3511 4637 homo
3538 4582 3627 4647 tit,
3678 4580 3821 4650 jacet
3872 4589 4046 4649 atque

3758 4672 4045 4741 resurgit?

2582 4787 2627 4838 υ
2658 4784 2826 4850 pietas
2851 4788 2906 4833 et
2934 4779 3073 4833 celsa
3119 4774 3273 4838 ﬁdes,
3307 4768 3656 4840 prmumptio
3688 4767 3891 4829 dulcis,

2580 4878 2707 4945 Quae
2734 4873 2995 4945 promittit
3021 4886 3176 4939 opem
3220 4864 3495 4933 deceptori
3520 4873 3572 4916 et
3605 4863 3845 4930 perituro
3873 4860 3888 4910 ἱ

2583 4971 3076 5037 Explicuitvotutn,
3112 4964 3156 5017 si
3201 4974 3304 5015 n0u
3335 4960 3476 5012 valet
3502 4950 3930 5024 irejuvandum,

2437 5085 2543 5140 220
2582 5084 2675 5138 Cui
2724 5080 2899 5133 minus
2948 5079 2999 5130 in
3077 5088 3235 5145 posse
3287 5079 3408 5134 est.
3466 5066 3595 5124 satis
3652 5066 3954 5121 ostendere

3848 5154 4045 5229 [velle.

2584 5271 2713 5325 Nam
2771 5278 2936 5323 totum
2987 5260 3251 5333 impendit
3277 5257 3367 5328 qui
3398 5271 3504 5312 non
3551 5252 3835 5309 abscondit
3888 5268 4047 5306 amoo

3870 5348 4043 5418 irent.

2517 5618 2637 5673 195,
2683 5616 2782 5669 Ed.
2818 5613 2977 5673 γρῦ..
3014 5608 3219 5673 Per/ide
3243 5604 3544 5671 despiciens.

2685 5668 3161 5746 EtLVenu-Hoszis
3216 5668 3382 5743 inique
3431 5668 3716 5735 tibi,f_tibi
3774 5668 3957 5731 noxia,
4006 5676 4051 5724 η

2422 5773 2701 5834 pereunte.

2515 5836 2637 5887 200.
2688 5830 2780 5883 Ed.
2804 5829 2956 5888 Ven.,
2989 5822 3233 5875 Fuilarca
3255 5818 3452 5873 salutis.

2515 5905 2641 5959 215.
2685 5899 2937 5955 ltcserari.
2980 5896 3103 5956 515..
3130 5902 3436 5947 reserantur.
