4192 6544
208 379 315 439 385

435 493 569 549 llinc
597 491 812 556 Clarus,
860 487 1103 559 placidus
1133 485 1451 542 adolescens
1482 483 1742 549 moribus,

1576 577 1813 649 [expers,

358 680 648 734 Martinam
699 674 1030 744 amplectens
1084 683 1315 743 patrem,
1368 678 1423 724 et
1481 684 1575 722 sua
1625 678 1817 721 cuncta

1459 763 1815 836 [rt-linquens,

364 867 636 935 Tempore
661 864 863 934 quique
890 860 1040 915 brevi
1072 857 1261 913 micuit
1288 857 1484 911 virtute
1514 856 1746 924 fideque,

202 960 321 1014 225
362 960 494 1015 Cum
527 973 695 1029 prope
747 954 1057 1025 pontiﬁcem
1089 950 1393 1005 habitacula
1432 950 1817 1012 constituisset,

358 1054 438 1107 Ac
465 1066 559 1104 sua
584 1047 891 1117 complures
924 1052 1169 1114 peterent
1199 1042 1470 1095 consortia
1504 1038 1719 1105 fratres,

362 1144 499 1199 lluic
531 1159 590 1197 se
623 1153 748 1195 tunc
772 1138 1070 1195 monachus
1094 1135 1305 1190 socians
1330 1134 1609 1189 Anatolius
1632 1133 1814 1188 addit:

359 1237 417 1292 In
448 1252 736 1293 commune
766 1236 915 1303 prius
944 1232 1166 1285 humilis
1205 1244 1455 1295 censura,
1488 1230 1708 1293 sodalis,

362 1335 460 1403 Qui
524 1332 676 1387 rudis
706 1330 928 1401 ingenii,
960 1336 1181 1382 versuto
1212 1326 1402 1381 illusus
1435 1324 1501 1377 ab
1533 1325 1706 1389 hoste,

201 1426 320 1483 250
361 1426 489 1481 Post
519 1425 613 1489 ait,
646 1424 712 1477 ad
736 1437 860 1477 sese
888 1420 1031 1489 quod
1056 1420 1271 1474 coalitus
1303 1420 1521 1485 angelus
1552 1420 1675 1481 iret,

360 1522 439 1576 Ac
463 1533 707 1573 reserare
735 1518 835 1572 sibi
863 1515 1116 1587 mysteria
1152 1514 1331 1567 clausa
1364 1512 1640 1573 Tonantis,

364 1614 435 1669 Et
462 1614 571 1667 cito
601 1613 813 1665 siderea
842 1611 1069 1663 volitent
1096 1623 1190 1661 sua
1234 1606 1419 1660 nuntia
1451 1620 1643 1673 penna,

362 1708 541 1777 Atque
574 1707 800 1760 remissa
830 1705 927 1757 viri
956 1702 1239 1770 responsio
1273 1701 1451 1753 nubila
1480 1708 1679 1768 lang'il,

360 1800 507 1855 Inter
537 1816 596 1854 se
641 1808 695 1853 et
726 1798 1007 1852 Dominum
1044 1810 1355 1850 memorans
1394 1795 1495 1848 iter
1524 1810 1645 1848 esse
1695 1807 1821 1861 pro-

1517 1888 1817 1959 [pinquum,
1851 1867 1900 1927 Β

206 1987 329 2045 255
369 1988 450 2045 Ac
481 1987 581 2041 sibi
607 1986 844 2055 contigui
872 1986 1041 2054 iactat
1065 1986 1297 2039 confinia
1326 1984 1469 2049 caeli,

364 2082 436 2137 Se
463 2090 673 2135 secreta
707 2079 802 2134 Dei
832 2079 1106 2134 nascendo
1132 2079 1241 2147 jam
1267 2093 1387 2133 esse
1412 2080 1750 2147 pt0phctam.

366 2176 473 2229 Sed
525 2174 786 2237 Clarum,
839 2182 895 2226 tit
938 2172 1145 2237 credat,
1181 2186 1281 2226 nec
1328 2173 1511 2240 Opinio
1546 2174 1676 2224 falsa
1713 2187 1825 2225 mo-

1621 2264 1821 2335 |vchat.

369 2358 525 2413 Tunc
553 2358 671 2413 sine
705 2371 856 2411 more
880 2356 1065 2410 furens
1091 2355 1602 2429 Anatoliusasscrit
1629 2358 1822 2410 audax.

367 2455 487 2521 Quo
539 2455 640 2509 sibi
690 2453 760 2507 de
808 2454 950 2508 cmlo
1001 2452 1263 2507 Dominus
1309 2452 1639 2505 transmittat
1686 2453 1824 2505 ami-

1619 2544 1823 2616 ﬂetum.

212 2639 332 2695 240
373 2639 567 2695 Induat
594 2649 648 2693 et
673 2648 877 2693 vestem
907 2640 1137 2693 delatam
1182 2648 1339 2694 nocte
1369 2639 1571 2705 silenti,

374 2733 441 2789 Ut
471 2734 639 2803 signis
669 2743 921 2801 stupeant
974 2732 1131 2801 cujus
1177 2733 1339 2785 modo
1369 2734 1528 2786 verba
1554 2734 1824 2789 cavillant.

372 2827 565 2882 Elevat
599 2831 723 2883 hinc
755 2830 962 2881 varium
1016 2832 1403 2882 monachorum
1437 2829 1590 2881 turba
1627 2830 1825 2883 tumul-

1670 2924 1822 2993 ltum,

374 3016 442 3071 Et
468 3030 731 3083 SttSpensa
764 3022 908 3069 tenet
953 3012 1217 3081 spectatio
1249 3027 1385 3065 vana
1414 3012 1646 3067 sodales.

372 3111 580 3166 Interea
617 3111 821 3165 medias
865 3113 1016 3179 quasi
1070 3125 1172 3163 nos
1224 3120 1619 3163 transcurrerat
1648 3110 1826 3172 horas,

213 3208 333 3263 245
375 3205 444 3259 Et
476 3214 590 3258 rota
624 3203 760 3257 flexa
790 3218 944 3272 atquo
983 3202 1210 3272 gyrabat
1232 3200 1449 3254 cardine
1479 3212 1675 3254 metam
1704 3219 1714 3252 :

376 3297 464 3352 Fit
497 3298 678 3351 subito
707 3298 983 3366 strepitus,
1041 3297 1280 3364 quatitur
1312 3295 1481 3358 locus,
1530 3310 1680 3348 arma
1710 3309 1828 3348 mo-

1571 3389 1784 3461 [ventur
1815 3409 1827 3444 ;

377 3486 444 3543 Et
466 3499 727 3541 concussa
756 3483 912 3537 simul
944 3483 1092 3537 vario
1124 3483 1303 3537 fremit
1332 3481 1451 3536 aula
1482 3496 1722 3546 susurro,

376 3582 653 3638 Murmure
678 3580 969 3633 raucisono
1018 3578 1297 3648 frangente
1339 3578 1522 3645 lepore
1571 3578 1830 3646 loquelas.

378 3677 588 3732 Credas
621 3689 888 3742 pugnaces
941 3675 1163 3727 volitare
1216 3687 1309 3741 per
1339 3682 1479 3726 astra
1523 3672 1829 3741 phalanges,

216 3775 337 3832 250
381 3773 451 3828 Et
482 3772 667 3826 videas
700 3770 912 3838 rapidas
944 3768 1251 3823 discurrere
1300 3768 1511 3821 turbine
1538 3779 1759 3821 turritas.

383 3871 482 3925 llic
511 3869 597 3920 ubi
623 3865 905 3920 concussis
950 3864 1228 3917 redierunt
1257 3864 1364 3916 otia
1393 3863 1579 3926 turbis,

381 3965 634 4031 Motaque
666 3971 957 4029 tempestas
990 3958 1277 4028 tranquilla
1323 3958 1536 4015 silentia
1587 3956 1832 4021 sumpsit,

382 4058 626 4112 Advocat
694 4070 761 4110 ex
833 4052 1115 4108 monachis
1180 4054 1467 4106 confestim
1558 4050 1838 4104 Anatolius

1628 4146 1833 4217 limum.

384 4247 644 4305 Cominus
701 4254 755 4299 et
779 4244 1012 4299 tunicam
1043 4250 1278 4298 ostentat
1321 4240 1610 4308 iactantior
1640 4238 1836 4300 alliam,

222 4342 345 4401 255
385 4342 487 4409 Qui
540 4355 710 4393 vacuo
743 4337 977 4392 tumidus
1022 4335 1159 4390 falso
1210 4333 1558 4389 ttmhrabalur
1613 4332 1837 4392 honore,

384 4434 658 4489 Candidus
684 4430 916 4493 exuviis,
950 4430 1042 4483 sed
1078 4428 1211 4497 nigri
1250 4429 1513 4480 daemonis
1559 4436 1693 4479 arte.

388 4526 517 4580 Inde
546 4524 649 4578 ciet
680 4522 933 4590 reliquos,
970 4520 1205 4573 occurrit
1235 4519 1425 4573 Clarus
1477 4528 1529 4571 et
1563 4523 1695 4586 ipse,

392 4620 576 4688 Palpat
611 4616 891 4671 mollitiem
922 4618 1084 4667 Vestis
1115 4614 1350 4668 candore
1398 4612 1584 4676 nivali,

389 4717 574 4773 Serica
595 4713 908 4780 conﬁngunt
943 4718 1160 4763 tenuato
1187 4707 1413 4761 stamina
1444 4706 1554 4772 filo,

312 4874 450 4932 222.
494 4872 589 4925 Ilit-
614 4870 804 4927 Clarus
832 4885 858 4920 a
888 4867 1129 4937 Sulpicio
1160 4864 1418 4937 refertur
1441 4862 1784 4937 nobilissimo
1811 4878 1841 4919 e

232 4962 447 5023 genere
476 4947 656 5023 fuisse,
690 4959 809 5009 cap.
839 4938 912 4993 ‘25
947 4934 1077 5023 Vita:
1104 4940 1161 5020 ετ
1210 4934 1457 5023 Martini;
1486 4934 1633 5004 isque
1662 4946 1842 5016 postea

232 5007 507 5079 sacerdos
556 5007 790 5070 initiatus
839 5010 1086 5066 omnibus
1116 5011 1374 5064 vitutibus
1430 5009 1479 5060 itt
1516 5007 1844 5062 tnottaSIerio

236 5096 466 5149 enituit.

313 5163 446 5217 325.
494 5160 604 5213 Non
654 5158 810 5217 longe
844 5155 1049 5209 scilicet
1098 5166 1126 5204 a
1157 5150 1364 5205 Martini
1400 5149 1730 5204 monasterio
1766 5150 1846 5216 (ut

234 5235 447 5294 ibidem
501 5241 683 5285 narrat
738 5227 1029 5295 Sulpicius)
1063 5224 1471 5295 tabernaculum
1504 5237 1681 5283 suum,
1733 5223 1846 5276 sive

237 5308 441 5365 cellam
484 5304 674 5358 Clarus
731 5294 1119 5361 constituerat;
1164 5294 1302 5361 quod
1355 5294 1463 5348 fere
1518 5295 1680 5345 moris
1734 5303 1849 5346 erat

238 5378 527 5433 veteribus
583 5370 947 5432 monasteriis,
1000 5379 1055 5421 ut
1082 5366 1235 5421 cellis
1294 5366 1541 5418 hacillac
1587 5365 1845 5431 dispersis

239 5451 655 5509 coalescerent;
711 5443 786 5497 ttti
820 5443 1015 5512 legitur
1060 5442 1111 5491 in
1167 5438 1281 5491 Vita
1313 5440 1369 5490 S.
1406 5437 1641 5512 Antonii.
1674 5451 1722 5488 c.
1759 5437 1845 5502 10,

238 5540 301 5579 η.
332 5519 425 5583 58,
450 5527 591 5571 erant
625 5508 677 5569 in
723 5508 896 5568 monte
922 5511 1250 5583 monasteria,
1282 5520 1522 5576 tanquam
1552 5508 1851 5583 tabernacu-

239 5596 299 5651 ια
358 5610 375 5647 ε
416 5581 559 5661 φ,ρά
613 5588 839 5661 "auide
867 5584 985 5661 aurs
1018 5582 1249 5661 Aggypti‘
1286 5581 1622 5661 tttottastcrtis
1684 5581 1849 5661 fuisse

239 5650 449 5735 legitur
494 5661 632 5724 apud
693 5659 865 5735 Ilier.,_
892 5650 1273 5735 elli9l0|§;‘l0§,
1302 5668 1421 5735 quze
1455 5650 1763 5735 ‘estupratfz,
1796 5652 1847 5732 in

244 5722 664 5793 translationem
722 5722 1027 5799 regularum
1082 5724 1178 5781 SS.
1217 5724 1507 5787 Pachumii,
1557 5722 1845 5789 'lheodori,

244 5820 302 5866 et
332 5808 618 5863 Oresiesis.

321 5881 451 5937 2'56.
490 5880 620 5934 Cod.
662 5876 809 5936 για..
851 5870 947 5926 Dei
976 5869 1199 5924 sciendo.

320 5952 447 6007 242.
492 5951 631 6008 Edit.
668 5948 827 6010 νεα..
861 5947 1017 5999 elevat
1045 5947 1161 5997 hair
1202 5958 1417 5995 varium.

1220 368 1309 423 DE
1351 365 1519 423 VITA
1558 363 1815 421 SANCTI'
1850 361 2163 421 MARTENI.
2210 389 2279 404 --
2320 361 2448 418 LIB.
2494 361 2557 417 ll.

1848 484 1901 545 Α
1924 479 2033 536 260
2074 483 2182 536 [\ec
2211 490 2452 535 contacta
2488 495 2645 534 manu
2686 479 2919 535 discerni
2967 480 3161 536 vellera
3194 492 3433 550 possunt.

1872 4640 1926 4700 D

3406 360 3509 419 586

2072 576 2288 629 lineitur
2321 578 2519 629 interea
2570 578 2844 627 monachis
2890 594 2990 630 nox
3022 579 3242 645 petvigil
3274 580 3487 646 lit-mnis

2070 667 2137 721 Et
2162 679 2440 731 t'otti,i;tt-t'.t
2472 669 2657 721 choris
2687 668 2933 723 Davidica
2958 686 3125 723 canna
3163 674 3405 738 resultat,

2073 761 2132 817 Ut
2166 776 2345 816 coram
2380 760 2719 816 Altithronns
2752 765 3009 815 velamina
3036 766 3153 818 visa
3187 767 3410 822 revelet.

2067 852 2183 907 Jant
2218 854 2500 923 spumabat
2527 855 2678 921 equis
2709 872 2919 910 aurora:
2946 860 3126 927 auriga
3160 861 3404 925 rubores,

1924 944 2033 1000 265
2071 945 2160 1001 Sol
2194 962 2406 1015 quoque
2466 946 2708 1000 lucillttas
2750 949 3205 1004 circutullectebat
3255 954 3511 1024 habenas,

2067 1040 2243 1110 Atque
2274 1050 2455 1095 renata
2488 1042 2604 1094 dies
2635 1044 2916 1097 revocabat
2942 1045 2993 1099 in
3019 1061 3143 1098 arva
3171 1046 3405 1116 labores,

2069 1134 2185 1189 Mox
2269 1134 2459 1187 Clarus
2531 1136 2851 1190 monachum
2934 1137 3160 1193 Martino
3229 1142 3483 1197 Ostender

3299 1236 3513 1312 [Ietidit,

2078 1321 2317 1378 Noscens
2351 1324 2655 1391 pontiﬁcem
2688 1325 3063 1395 phantasmata
3098 1329 3239 1384 nulla
3290 1331 3477 1389 latere.

2071 1417 2202 1472 Cum
2234 1420 2401 1473 sancti
2434 1432 2559 1473 ante
2588 1424 2773 1473 oculos
2803 1422 2950 1475 vario
2982 1419 3076 1474 fuit
3127 1438 3226 1475 una
3252 1422 3441 1492 ﬁgura,

1925 1511 2032 1566 270
2074 1511 2494 1581 Decipuiamque
2524 1528 2671 1565 suam
2704 1516 2956 1583 deceptor
2978 1516 3152 1584 perdit
3181 1516 3229 1569 in
3275 1518 3445 1572 illum.

2073 1604 2315 1672 Coeperat
2347 1607 2428 1657 his
2453 1609 2674 1659 demens
2705 1607 2983 1659 Anatolius
3010 1622 3138 1677 ergo
3167 1608 3346 1675 reniti,

2072 1698 2353 1753 Interdtcta
2397 1699 2497 1751 sibi
2532 1699 2738 1753 Martini
2767 1714 3055 1755 occurrere
3083 1702 3229 1767 ovili,

2076 1795 2207 1847 llum
2242 1804 2417 1848 tamen
2472 1795 2653 1849 invitis
2688 1796 2988 1849 traheretur
3016 1799 3259 1865 passibus
3288 1800 3514 1865 haerens,

2078 1889 2335 1959 Tegmina
2361 1892 2627 1958 falsiloqui
2660 1905 2951 1947 vanescunt
2978 1895 3097 1949 alba
3140 1898 3339 1965 nigelli,

1928 1983 2035 2038 275
2074 1983 2141 2038 Et
2197 1984 2335 2038 male
2395 1984 2692 2039 desumunt
2760 1986 3081 2042 mouachmn
3158 2005 3286 2057 vaga
3365 1993 3519 2059 pallia

3256 2082 3517 2154 [nttdum;

2072 2168 2179 2224 Nec
2227 2180 2335 2225 stat
2396 2172 2675 2241 imagineis
2733 2171 3036 2228 simulatilis
3092 2175 3275 2229 ttmhra
3311 2179 3518 2249 ﬁguris,

2076 2262 2283 2317 Territa
2316 2262 2522 2317 Martini
2551 2264 2629 2318 sic
2673 2281 2889 2319 nomine
2921 2267 3067 2321 larva
3098 2270 3310 2340 refugit.

2147 2359 2327 2411 llostis
2365 2357 2511 2411 iners
2542 2361 2741 2429 majora
2781 2362 2894 2415 suis
2925 2361 3119 2417 dehinc
3166 2366 3372 2420 viribus
3427 2382 3523 2420 au-

3336 2457 3517 2533 [άοηε.

2076 2542 2321 2598 Perﬁdus
2346 2554 2398 2597 et
2427 2546 2624 2600 totiens
2652 2545 2839 2612 elisus,
2872 2563 2973 2603 nec
3001 2548 3103 2605 sibi
3128 2551 3373 2618 credens,

1931 2637 2039 2691 280
2073 2639 2277 2691 Debilis
2309 2654 2458 2693 arma
2491 2655 2732 2704 movens,
2760 2653 2812 2694 et
2840 2644 3075 2710 degener
3101 2647 3263 2698 ardua
3289 2656 3522 2714 tentans,

2080 2732 2146 2786 Ut
2176 2749 2266 2786 sua
2302 2732 2417 2785 laus
2447 2734 2599 2786 fieret
2651 2738 2731 2786 vel
2766 2736 3087 2790 sollicitasse
3121 2748 3411 2805 potentem,

2075 2825 2362 2879 (lresceret
2390 2835 2443 2879 ct
2475 2828 2662 2889 titulis,
2700 2826 2889 2882 fortem
2921 2833 3162 2896 pulsasse
3207 2835 3449 2901 sagittis:

2079 2920 2315 2991 Denique
2346 2935 2469 2973 cum
2500 2932 2718 2975 sanctus
2742 2924 3024 2978 recubaret
3055 2928 3107 2978 in
3131 2941 3321 2995 aggere
3350 2932 3520 2994 lusus,

2083 3012 2407 3066 Insinuando
2443 3029 2630 3081 preces
2662 3016 2888 3071 Domino
2917 3033 3013 3085 pro
3047 3020 3198 3085 plebe
3248 3022 3524 3083 sacerdos,

1934 3106 2040 3159 28.3
2078 3108 2332 3161 Constitit
2359 3119 2484 3162 ante
2510 3112 2694 3164 oculos
2722 3111 2979 3165 deformis
3008 3113 3179 3166 forma
3225 3113 3461 3174 rebellis,

2083 3201 2385 3264 Sulphttrea
2417 3201 2517 3255 sub
2539 3203 2659 3256 luce
2712 3207 2919 3257 micans
2950 3204 3211 3259 radiatilis
3242 3208 3451 3270 umbra,

2086 3295 2315 3349 Lumine.
2349 3300 2573 3351 mentito
2599 3298 2934 3359 tenebrosus,
2965 3307 3019 3353 et
3047 3309 3159 3352 atra
3186 3316 3422 3369 vorago;

2082 3388 2336 3457 Fulgitlus
2358 3390 2590 3451 exuviis,
2637 3390 2800 3457 regali
2831 3401 2979 3445 veste
3006 3393 3245 3458 satelles,

2079 3483 2277 3537 Tectus
2308 3484 2616 3549 bracteolis,
2653 3499 2823 3538 vacuo
2849 3484 3150 3540 diademate
3184 3486 3433 3555 pulcher;

1939 3575 2044 3629 290
2084 3576 2285 3629 Uidine
2317 3591 2649 3643 gemmarum
2678 3592 2968 3631 numerosa
3001 3581 3118 3633 luce
3146 3594 3422 3645 coruscus,

2084 3666 2241 3722 Falsa
2268 3680 2410 3722 veste
2443 3679 2629 3737 potens
2657 3688 2670 3735 ;
2702 3671 2787 3725 cui
2837 3671 3052 3725 calceus
3078 3670 3243 3726 iliitus
3270 3690 3422 3741 auro,

2086 3763 2269 3818 Latior
2292 3776 2337 3817 et
2382 3766 2584 3818 tunttdo
2607 3765 2818 3835 jactans
2859 3780 2918 3819 se
2945 3784 3135 3836 pompa
3170 3770 3464 3839 triumpho,

2084 3854 2247 3927 Cujus
2279 3860 2344 3910 ad
2387 3873 2659 3926 aspectum
2692 3872 2909 3915 sanctus
2946 3860 3101 3914 habet
3145 3877 3239 3916 ora
3269 3881 3537 3933 repressa,

2084 3953 2373 4021 Mutuaque
2396 3954 2557 4007 ambo
2588 3955 2679 4009 diu
2710 3964 2933 4010 tenuere
2976 3956 3190 4011 silentia
3224 3961 3391 4023 fastu;

1943 4048 2049 4101 295
2088 4047 2289 4102 Mirans
2324 4050 2412 4103 ille
2444 4050 2637 4113 virum,
2671 4053 2798 4103 dum
2831 4050 3061 4119 despicit
3092 4052 3191 4107 iste
3223 4054 3535 4122 superbunt.

2085 4141 2255 4207 Quem
2311 4142 2457 4211 prior
2520 4144 2813 4210 alloquitur
2880 4159 3042 4210 reus,
3095 4155 3149 4200 et
3220 4150 3540 4203 temerarius

3300 4240 3491 4312 [hostis
3527 4261 3538 4296 :

2087 4330 2219 4395 Qua.-
2270 4330 2495 4398 oudum,
2556 4330 2806 4399 Martine,
2846 4332 2997 4400 cupis
3053 4343 3367 4402 penetrante
3422 4350 3544 4404 pre-

3379 4428 3542 4500 team.

2091 4516 2205 4568 .Iatn
2240 4516 2316 4583 pia
2347 4524 2463 4570 vola
2487 4529 2637 4571 tenes
2671 4539 2680 4570 :
2708 4534 2937 4588 egosutn
2967 4520 3131 4587 gloria
3160 4529 3247 4573 tua
3274 4520 3540 4589 Christus,

2096 4613 2277 4679 Exigis
2306 4623 2361 4666 ut
2386 4618 2596 4667 veniam
2628 4615 2835 4669 validos
2867 4629 3114 4669 recreare
3161 4614 3395 4679 labores,

1949 4706 2054 4763 300
2095 4706 2371 4762 Etsudata
2403 4705 2509 4759 tuis
2546 4717 2601 4759 ut
2631 4709 2773 4762 soler
2806 4705 2942 4760 bella
2968 4704 3290 4775 triumphis?

2016 4846 2144 4902 250.
2188 4847 2288 4903 Fd.
2328 4844 2455 4898 Ven.
2494 4844 2543 4895 iu
2582 4843 2718 4899 Ven.
2756 4843 2923 4905 Etlit.,
2958 4861 3117 4897 manu
3149 4844 3381 4897 dissolri.

2019 4920 2149 4973 264.
2196 4924 2293 4974 ω.
2325 4917 2479 4978 Ven.,
2512 4925 2557 4968 et
2582 4919 2691 4981 jam
2732 4927 2934 4981 spumat
2976 4920 3135 4986 equis.

2020 4993 2148 5045 272.
2191 4993 2319 5045 Cod.
2344 4990 2459 5042 Val.
2484 4997 2725 5041 occurrat
2755 4989 2895 5040 ovili.

2017 5067 2144 5117 9.80.
2190 5063 2288 5117 Ed.
2324 5065 2481 5122 γεω..
2517 5059 2855 5130 btdegmera
2877 5061 3062 5112 ardua.

2018 5134 2144 5191 285.
2189 5134 2457 5198 Sulpicius
2485 5143 2667 5184 narrat
2698 5145 2748 5186 c.
2772 5132 2841 5184 ‘26
2865 5135 3132 5185 dtalmlttm
3158 5131 3255 5185 hac
3284 5145 3340 5185 se
3370 5130 3539 5187 forma

1950 5208 2253 5265 05tentlisse
2288 5207 2533 5267 Martino,
2560 5205 2685 5255 dum
2722 5218 2764 5257 is
2788 5205 2836 5255 itt
2869 5204 3059 5256 rellttla
3088 5213 3287 5257 oraret.
3314 5204 3540 5272 Aggeris

1951 5282 2130 5347 itaque
2161 5280 2377 5333 nomine
2406 5278 2551 5331 venit
2595 5274 2733 5328 forte
2761 5285 2977 5343 aggesta
3009 5276 3222 5341 bumus,
3259 5279 3341 5329 Vel
3372 5280 3542 5344 palea,

1950 5369 2113 5419 super
2137 5368 2293 5421 quam
2328 5360 2545 5421 stratus,
2562 5348 2899 5421 precabatur.

2021 5418 2232 5480 286aln
2264 5425 2489 5490 vulgatis
2521 5420 2689 5481 libris,
2719 5419 3005 5471 radianlius
3036 5418 3226 5489 legitur
3250 5435 3345 5485 pro
3374 5421 3547 5471 radiu-

1954 5501 2075 5557 tilia.
2105 5500 2228 5551 Hzec
2277 5507 2542 5563 postrema
2592 5491 2757 5545 dictio
2812 5493 3092 5544 l'attttltaris
3128 5493 3438 5552 fortunato,
3492 5503 3548 5543 ttt

1953 5572 2329 5629 animadvertit
2391 5566 2593 5629 Brow.,
2646 5564 2798 5617 sicuti
2853 5572 2907 5617 et
2972 5562 3305 5631 lympltatilt's,
3375 5564 3543 5629 furia-

1954 5648 2074 5707 tilis,
2111 5653 2213 5697 etc.

2023 5719 2149 5774 “luo.
2200 5716 2337 5768 l'ftlit.
2365 5711 2522 5769 κρυ..
2556 5725 2759 5761 memor;
2786 5726 2837 5759 ιι
2870 5708 2980 5762 ἔρως
3004 5722 3260 5761 corruens.

2024 5790 2149 5845 295.
2198 5789 2339 5842 hihi.
2400 5785 2551 5846 \‘ctt.,
2608 5784 2828 5834 Sinnius
2880 5782 3020 5833 Iteuct
3075 5796 3413 5847 urereprcsso

2026 5864 2151 5917 δυο.
2194 5859 2329 5915 (μω).
2370 5859 2509 5913 Vat...
2549 5856 2679 5907 bt't'u
2712 5864 2937 5919 (niptris.
