4192 6556
283 612 526 680 Namque
580 623 718 665 onus
764 621 1048 664 ascensum
1110 613 1274 672 vetat,
1317 614 1372 660 et
1410 606 1744 662 descendere

1479 699 1740 772 [prmstat,

287 798 459 854 linum
487 809 642 852 versa
670 801 889 850 tranunt
913 831 929 860 ,
962 805 1060 849 nec
1088 806 1142 848 tn
1169 790 1334 847 altum
1374 793 1608 862 pondera
1639 792 1743 848 du-

1573 885 1739 959 [cunt,

286 988 345 1044 In
375 993 613 1042 montem
643 981 894 1054 gradiens
927 980 1126 1035 titubat
1165 980 1268 1036 sub
1302 980 1444 1036 fasce
1473 980 1740 1046 columna,

283 1085 477 1142 Deficit
502 1092 556 1139 et
583 1080 786 1151 fragilis
816 1079 997 1135 valido
1023 1079 1124 1135 sub
1153 1079 1393 1148 pondere
1437 1077 1615 1147 planta
1648 1091 1663 1128 :

135 1177 246 1234 375
289 1178 484 1247 Mergit
513 1178 565 1231 in
597 1174 864 1230 undosum
896 1173 1220 1228 cumulatam
1251 1171 1460 1226 sarcina
1504 1182 1742 1239 proram,

287 1272 359 1328 Ut
411 1279 557 1342 petat
593 1269 662 1324 ad
713 1277 951 1339 portum,
999 1281 1182 1322 rerum
1229 1264 1356 1321 facit
1397 1264 1628 1334 emptica
1663 1262 1746 1332 ja-

1559 1357 1744 1430 [ctum.

293 1464 395 1532 Qui
427 1471 579 1532 pater
608 1459 832 1517 illustris
865 1458 1072 1514 Paulini
1103 1465 1256 1527 gesta
1289 1456 1502 1522 beabat,

291 1558 502 1613 Floruit
527 1556 690 1611 Italia:
719 1571 825 1626 quo
859 1563 978 1624 post
1005 1554 1248 1607 antistite
1280 1552 1435 1617 Nola,

286 1653 404 1718 Qua
434 1653 582 1720 regio
610 1651 884 1719 Campana
913 1647 1070 1703 sedet
1099 1655 1311 1702 rectore
1341 1659 1598 1714 supremo
1629 1664 1641 1696 :

131 1745 246 1803 580
297 1745 467 1800 Dives
529 1743 714 1815 agris,
786 1741 1055 1812 opulens,
1122 1737 1379 1805 famulis,
1453 1737 1752 1807 locuplelus

1499 1828 1749 1901 [acervis,

296 1931 390 1985 Vir
411 1945 579 1986 censu
607 1939 810 1994 vastus,
838 1929 956 1983 lare
981 1926 1180 1987 celsus.
1209 1935 1266 1982 et
1294 1940 1388 1980 ore
1415 1925 1713 1990 rotundus;
1780 1895 1829 1960 Β

297 2023 465 2078 Ditior
497 2023 610 2091 ipse
639 2020 765 2082 fide,
799 2035 895 2089 pro
925 2018 1140 2074 Christo
1169 2021 1228 2072 llt
1257 2018 1356 2072 sibi
1387 2033 1612 2087 pauper,

299 2115 366 2168 Et
411 2115 561 2169 dedit
605 2114 920 2168 innumeros
970 2113 1300 2168 redimentes
1330 2111 1555 2166 crimina
1598 2123 1751 2164 num-

1588 2201 1749 2275 [mos,

293 2303 458 2370 Cujus
490 2317 679 2372 sparsa
712 2315 832 2356 snio
870 2299 1120 2370 migravit
1149 2299 1214 2354 ad
1239 2308 1384 2353 astra
1416 2297 1676 2364 facultas;

133 2396 257 2453 385
300 2396 451 2452 Fecit
480 2407 533 2448 ct
565 2397 616 2449 in
647 2394 842 2450 coelum
873 2395 1052 2463 pigras
1082 2393 1380 2449 ascendere
1412 2399 1605 2457 terras,

297 2491 417 2545 Uno
461 2490 657 2544 stando
688 2489 831 2555 loco,
881 2497 936 2542 et
965 2487 1096 2540 dant
1132 2471 1290 2542 bruta
1335 2486 1401 2540 ad
1440 2485 1618 2541 sidera
1646 2500 1753 2540 sai-

1597 2577 1750 2648 [tum.

297 2672 442 2740 Ergo
471 2670 840 2740 evangelicum
873 2670 1093 2724 Paulino
1122 2671 1382 2739 implente
1409 2670 1658 2737 relatum,

297 2765 562 2821 Martinus
612 2766 842 2819 monitat
893 2765 1103 2818 cunctis
1153 2764 1482 2833 talenyesse
1529 2778 1754 2832 sequen-

1581 2857 1749 2929 ldum,

295 2952 540 3021 Tramite
573 2951 778 3006 difficili
812 2951 983 3020 potuit
1014 2952 1101 3019 qui
1134 2966 1355 3020 pergere
1381 2951 1553 3016 dives,

142 3044 252 3102 590
297 3043 660 3113 Depositoqne
689 3059 854 3098 oui-re
885 3045 1126 3098 ascendit
1155 3045 1240 3111 qui
1273 3045 1407 3098 liber
1440 3046 1492 3098 in
1524 3059 1727 3110 arcem,

298 3136 668 3204 Exemploque
695 3150 919 3188 monens
952 3147 1109 3189 vocat
1140 3137 1298 3189 altius
1346 3138 1423 3190 ire
1456 3151 1711 3206 sequaces
1740 3154 1752 3202 ;

303 3229 425 3285 Jam
454 3244 672 3299 quoque
703 3229 915 3282 Martini
946 3246 1063 3298 qua:
1096 3230 1274 3283 fabula
1309 3231 1520 3284 fluxerit
1549 3247 1664 3299 ore,

294 3321 431 3388 Quas
481 3322 718 3392 gravitas
768 3321 965 3389 fuerit,
1016 3337 1176 3392 quam
1226 3337 1350 3376 acer
1402 3326 1469 3378 de
1517 3324 1632 3394 lege
1674 3324 1754 3378 di-

1558 3426 1752 3472 εει-ωε.

294 3504 539 3574 Qumstio
568 3497 667 3560 nec
699 3505 854 3562 latuit
882 3507 1091 3562 caelesti
1120 3507 1242 3576 jure
1270 3511 1523 3578 peritum,

137 3598 256 3657 395
300 3599 398 3655 Vir
444 3614 690 3655 reserare
736 3599 921 3654 valens
977 3600 1338 3670 quodcunque
1376 3602 1600 3671 aenigma
1655 3615 1754 3658 ne-

1541 3695 1711 3766 [garet
1738 3715 1752 3764 ;

295 3788 506 3859 Ingenii
539 3787 714 3842 dulcis
743 3787 1029 3857 prudentia
1055 3789 1198 3857 larga
1229 3787 1572 3852 redundans;

298 3881 475 3937 Fonte
507 3896 746 3950 perenne
773 3881 962 3936 bibens
990 3881 1134 3950 quod
1165 3883 1372 3938 rivulus
1401 3883 1495 3938 ille
1525 3884 1751 3954 rigaret;

299 3975 499 4034 Sermo
526 3976 650 4046 pius
671 4016 688 4044 ,
716 3985 996 4046 promptus
1016 4016 1032 4042 ,
1065 3975 1306 4045 placidus
1325 4016 1341 4043 ,
1368 3987 1540 4043 catus,
1573 3987 1752 4048 aptus,

1449 4069 1660 4141 [amand
1671 4085 1751 4139 us,

293 4162 356 4218 In
386 4161 546 4217 tantis
574 4161 770 4217 animis
801 4161 923 4218 caeli
955 4176 1235 4232 possessor
1265 4161 1315 4217 in
1341 4164 1502 4228 arvis,

139 4259 256 4314 400
297 4257 532 4327 Pervigil
559 4268 764 4321 orator,
797 4256 1106 4311 mandando
1139 4258 1350 4325 negotia
1383 4257 1626 4322 Christo,

295 4351 510 4406 Judicis
550 4351 602 4406 in
641 4349 823 4404 vultus
850 4349 1069 4418 inopum
1102 4350 1439 4417 querimonia
1470 4351 1732 4420 pandens,

295 4443 504 4500 Doctus
564 4444 618 4502 in
675 4453 793 4499 arte
859 4457 1050 4508 sacra,
1109 4444 1430 4498 miscrorum
1484 4459 1756 4513 exponere

1519 4539 1750 4611 [causas,

293 4633 557 4689 Assertor
583 4630 816 4699 validus,
848 4645 1108 4702 superans
1126 4630 1278 4698 'fora,
1309 4631 1465 4702 jura,
1497 4642 1724 4704 togatos,
1781 4659 1836 4720 D

296 4725 516 4782 Nobilis
545 4735 838 4794 astructor,
869 4726 1131 4781 facundus
1161 4729 1533 4792 concionator,

138 4818 257 4880 £05
299 4819 409 4887 Qui
441 4835 598 4889 prece
628 4819 847 4890 profusa
883 4819 1094 4874 Domini
1125 4819 1430 4874 vadimonia
1466 4821 1704 4888 placatis,

1159 388 1249 446 DE
1289 387 1453 445 VITA
1493 387 1742 446 SANCTI
1781 387 2093 449 MARTINI.
2136 422 2207 436 —
2245 393 2374 451 LIB.
2415 394 2473 458 11.

139 522 247 578 3'70
286 517 396 574 Nec
425 515 686 573 retineret
712 525 868 585 opes,
896 510 987 581 qui
1019 509 1158 568 coelo
1190 521 1501 567 occurreret
1530 510 1726 580 ἤτω-ες,
1763 513 1818 575 Α

1993 516 2141 572 Mens
2175 518 2390 573 fundata
2425 519 2558 588 Deo,
2589 521 2706 578 sine
2735 522 2856 579 fuco
2888 523 3133 593 proxima
3159 525 3300 584 emlo

1989 607 2108 664 Otia
2140 613 2282 666 nulla
2313 623 2515 679 terens,
2550 623 2606 669 et
2635 617 2780 672 nulla
2805 617 3016 687 negotia
3043 619 3223 674 carnis
3249 639 3262 673 :

1844 702 1951 759 ΗΟ
1989 703 2257 775 Quidquid
2305 706 2570 777 agendum
2620 717 2784 776 esset,
2826 718 2995 765 totum
3033 710 3290 768 velociter
3339 715 3444 770 im-

3310 807 3424 864 lens

3310 807 3321 858 l

1990 887 2096 945 Sed
2139 904 2290 946 mora
2343 891 2590 950 Christus
2642 902 2798 962 erat,
2845 894 3110 952 famulans
3155 805 3447 964 enim];

3205 993 3444 1067 [dieque,

1989 1075 2121 1133 Nam
2171 1078 2323 1134 cibus
2370 1087 2426 1134 et
2453 1093 2697 1147 somnus,
2746 1081 2851 1138 nisi
2905 1085 3049 1154 quod
3105 1093 3292 1142 natura
3346 1104 3445 1145 ne-

3226 1179 3444 1253 [eessat,

1992 1262 2202 1320 Tardus
2246 1263 2417 1332 edax,
2459 1265 2619 1320 velox
2657 1266 2886 1338 vigilans
2917 1311 2933 1336 ,
2965 1285 3156 1341 sopor,
3189 1287 3314 1329 esca
3347 1275 3448 1333 sub

3313 1369 3446 1436 ictu,

3313 1369 3446 1436 ictu,

1997 1452 2104 1508 Nec
2162 1453 2400 1521 faceret,
2454 1454 2556 1508 nisi
2608 1455 2750 1524 quod
2802 1455 2918 1511 sine
2971 1457 3055 1514 his
3099 1473 3224 1514 caro
3268 1369 3448 1518 v[ivere

3213 1551 3403 1623 [nescit
3431 1571 3445 1620 ;

1852 1635 1956 1692 415
1996 1637 2231 1709 Tempus
2303 1647 2590 1710 utrumque
2654 1641 2842 1696 dicaris
2908 1642 3084 1698 causis
3148 1645 3449 1714 repetendo

3196 1740 3448 1811 [duabus,

2001 1824 2188 1881 Lectio
2217 1841 2359 1882 nunc
2391 1843 2674 1896 resonans,
2705 1829 2805 1885 sibi
2836 1845 2976 1887 nunc
3004 1834 3177 1888 oratiu
3204 1849 3447 1903 currens,

1998 1917 2163 1985 Cujus
2191 1929 2305 1973 erat
2336 1921 2550 1990 requies
2581 1932 2783 1977 tantum
2816 1933 3020 1980 mutare
3053 1925 3283 1990 labores,

1993 2011 2048 2067 Si
2081 2012 2208 2067 foris
2238 2015 2387 2080 isset,
2425 2023 2540 2068 crat
2569 2016 2728 2070 homo
2758 2008 2956 2086 jugiter
2980 2019 3203 2072 intimus
3233 2033 3419 2088 orans,

1994 2103 2146 2160 Caelo
2171 2121 2277 2160 non
2303 2107 2499 2170 carnis,
2533 2107 2628 2161 sed
2658 2108 2882 2163 tendens
2916 2110 3118 2164 lumina
3150 2111 3353 2166 cordis.

1854 2197 1960 2255 4'20
2000 2199 2106 2254 Nec
2137 2199 2290 2254 dolus
2321 2201 2557 2255 inclusus
2587 2203 2759 2268 latuit,
2795 2219 2892 2258 nec
2915 2204 2982 2260 ab
3012 2220 3105 2260 ore
3137 2206 3372 2277 refluxit,

2002 2291 2096 2344 Vir
2122 2293 2239 2347 sine
2270 2295 2574 2357 mundanis,
2611 2296 2822 2350 Domini
2856 2299 3130 2366 possessio
3157 2299 3376 2366 munda,

1999 2385 2206 2439 Nullum
2230 2387 2432 2454 judicio
2455 2387 2740 2454 damnans,
2772 2389 2909 2444 mala
2942 2391 3088 2444 nulla
3123 2405 3445 2459 repensans;

2001 2479 2125 2533 ΙΙωο
2154 2495 2250 2533 sua
2283 2479 2418 2534 forte
2449 2480 2568 2546 fuit,
2596 2482 2638 2536 si
2670 2483 2806 2536 farta
2837 2484 3030 2554 injuria
3063 2485 3216 2541 fratri
3247 2496 3351 2554 est,

1999 2574 2043 2626 A
2073 2574 2307 2627 minimis
2335 2575 2459 2628 lasso
2493 2590 2596 2628 non
2632 2591 2862 2644 unquam
2896 2586 3013 2631 erat
3043 2578 3173 2631 ultio
3200 2578 3412 2645 dulcis;

1857 2667 1963 2723 425
2007 2667 2190 2734 Deque
2216 2667 2384 2734 gradu
2417 2667 2630 2737 proprio
2661 2683 2832 2738 neque
2861 2671 3090 2740 reppulit
3118 2670 3431 2728 officialem.

2001 2763 2206 2817 Charus
2237 2772 2289 2817 et
2318 2761 2577 2831 adversis,
2613 2764 2729 2831 pius
2757 2766 2947 2834 mquis,
2975 2765 3202 2821 blandus
3229 2765 3449 2836 iniquis,

2003 2855 2104 2922 Ira,
2143 2864 2339 2919 tumor,
2372 2856 2532 2921 risus,
2563 2871 2764 2912 mteror
2784 2858 2932 2912 stetit
2959 2859 3109 2913 exsul
3137 2859 3202 2914 ab
3237 2861 3350 2924 illo,

2004 2951 2118 3004 Non
2170 2952 2220 3004 in
2276 2949 2452 3006 fronte
2498 2959 2689 3006 tenens
2739 2951 2972 3020 nubem,
3009 2967 3106 3007 nec
3157 2955 3208 3008 in
3243 2968 3337 3008 ore
3360 2967 3453 3008 ca-

3147 3046 3447 3118 [cliinnum.

2007 3135 2148 3192 Idem
2180 3151 2393 3204 semper
2421 3146 2538 3192 erat
2566 3137 2724 3201 facie,
2757 3149 2903 3201 cute,
2937 3137 3120 3203 corde,
3155 3138 3354 3192 colore.

1781 3269 1829 3336 Ο
1863 3227 1967 3283 450
2006 3228 2111 3284 Nec
2141 3229 2379 3284 variabat
2409 3243 2564 3300 opus,
2617 3230 2698 3284 vir
2743 3230 2916 3285 adhuc
2965 3231 3017 3285 in
3057 3245 3282 3301 corpore
3329 3245 3458 3286 con-

3256 3323 3452 3396 [stans.

2006 3415 2316 3470 lmmortale
2345 3415 2544 3485 aliquid
2562 3417 2775 3470 mortali
2805 3419 2871 3471 ab
2902 3418 3134 3490 imagine
3165 3434 3453 3489 promens,

2001 3510 2107 3564 Ora
2143 3510 2309 3574 Deus,
2343 3523 2558 3564 sensum
2588 3512 2780 3580 pietas,
2815 3525 2918 3580 pax
2949 3511 3113 3566 corda
3137 3512 3378 3580 tenebat,

2005 3601 2110 3657 Pro
2141 3617 2197 3656 se
2228 3617 2390 3671 parva
2423 3615 2634 3672 gerens,
2672 3605 2843 3658 aliena
2875 3605 3128 3659 misertus
3159 3606 3370 3674 agebat,

2001 3693 2216 3748 Naturae
2249 3702 2306 3746 ut
2335 3697 2530 3748 seriem
2561 3704 2891 3764 p05tponens
2921 3697 3142 3766 angelus
3172 3705 3343 3762 esset,

1859 3785 1964 3842 435
2004 3787 2123 3842 Alta
2151 3787 2590 3856 supergrediens,
2624 3797 2803 3842 mente
2829 3787 2972 3842 ultra
2997 3787 3179 3842 nubila
3205 3787 3454 3854 mndens,

1999 3879 2160 3934 Liber
2187 3880 2254 3933 ab
2283 3879 2530 3933 humanis
2555 3880 2790 3935 intrabat
2815 3879 2991 3934 sidera
3022 3879 3189 3948 curis,

2005 3973 2207 4043 Inclyta
2237 3972 2389 4043 signa
2420 3987 2644 4042 gerens,
2694 3981 2751 4027 et
2788 3971 2953 4028 multa
2988 3971 3173 4028 futura
3218 3973 3460 4042 prophe-

3293 4065 3456 4139 [taus,

2005 4156 2198 4212 Stabat
2229 4155 2404 4211 adhuc
2436 4156 2594 4211 terris
2617 4197 2632 4222 ,
2665 4156 2982 4212 caelestibus
3003 4155 3230 4212 intimus
3257 4158 3456 4224 haeres,

2003 4249 2243 4306 Noscens
2273 4251 2452 4305 clausa
2482 4250 2600 4314 Dei,
2633 4251 2786 4320 quasi
2814 4250 3131 4305 conciliator
3155 4252 3340 4318 amici,

1862 4342 1967 4401 M0
2006 4343 2138 4400 Cum
2169 4359 2262 4398 sua
2297 4345 2579 4414 participat
2609 4358 2735 4399 caro
2762 4358 2819 4398 se
2851 4352 2999 4400 certa
3029 4344 3234 4410 clienti,

2006 4439 2098 4496 Vir
2125 4439 2212 4496 eui
2237 4438 2484 4495 Christus
2518 4454 2692 4506 amor,
2745 4437 2995 4495 Christus
3047 4439 3243 4504 honor,
3278 4455 3459 4496 cinna

3165 4531 3457 4603 lChristus,

2006 4629 2157 4700 Flos,
2175 4627 2332 4695 odor,
2355 4642 2504 4695 esca,
2533 4641 2715 4698 sapor,
2746 4627 2885 4695 fons,
2913 4627 2999 4682 lux
3027 4626 3198 4698 gloria
3230 4628 3462 4685 etChri-

3295 4723 3457 4797 [stus.

2010 4818 2182 4887 Hujus
2211 4819 2264 4872 in
2297 4818 2492 4873 affectu
2521 4817 2780 4883 insertus,
2812 4815 3097 4886 solidatus,
3125 4815 3339 4873 adultus
3375 4837 3387 4872 :

2008 4913 2084 4968 Ac
2107 4914 2251 4970 velut
2279 4914 2442 4968 arbor
2469 4911 2616 4984 agri,
2649 4925 2807 4967 seeos
2835 4920 2920 4966 est
2939 4912 3037 4967 ubi
3066 4926 3259 4968 cursus
3289 4928 3460 4980 aqua-

3291 5008 3454 5083 [rum,

1869 5101 1974 5156 445
2012 5101 2326 5158 Floricomis
2352 5102 2510 5169 foliis,
2539 5108 2593 5156 et
2624 5100 2788 5156 fluctu
2834 5111 3056 5172 perpete
3086 5101 3344 5172 gaudens,

298 4914 577 4982 Quantum
607 4927 744 4970 voce
772 4913 960 4970 valens
993 4913 1166 4970 viduis
1204 4923 1366 4984 atque
1395 4914 1759 4984 orplianatro-

1592 5008 1755 5080 limis.

300 5101 472 5172 Cujus
498 5109 552 5156 et
582 5101 698 5170 ipsa
731 5099 913 5171 polum
943 5101 1211 5156 taciturna
1245 5100 1461 5157 silentia
1490 5101 1706 5170 pulsant
1735 5101 1759 5155 τ

219 5243 357 5301 579.
400 5239 536 5295 Cod.
575 5241 717 5307 γει,
745 5248 939 5294 rectore
967 5255 1210 5310 superno.

222 5317 358 5372 580.
405 5314 548 5380 Edit.
582 5312 742 5374 νεα..
780 5313 1004 5380 locuples
1032 5322 1078 5364 et
1107 5313 1322 5365 acervis.

224 5389 360 5443 386.
405 5379 676 5448 Ed.\'en.,
707 5383 823 5438 Uno
853 5379 1028 5435 dando
1059 5387 1202 5447 loco;
1231 5391 1503 5454 corrupte.

223 5459 358 5514 589.
404 5458 537 5511 Cod.
573 5456 716 5514 Vah.
749 5457 911 5521 potuit
937 5455 1058 5522 quia
1083 5471 1311 5524 pergere.

223 5531 360 5585 5511.
407 5529 547 5582 Eilit.
581 5529 740 5595 Ven.,
773 5529 1109 5594 exemploque
1133 5543 1353 5581 inurens.

224 5604 361 5658 ⁵592.
407 5599 636 5654 Fabula.
677 5601 772 5655 Hic
803 5601 1028 5667 fabulam
1069 5615 1165 5666 pm
1208 5602 1456 5654 imrabola
1480 5611 1757 5664 acceptam

141 5674 568 5742 intelligoﬂen.
597 5673 763 5736 l-Ldit.,
789 5672 901 5741 jam
930 5686 1043 5740 quia
1076 5670 1290 5725 Martini
1321 5678 1574 5744 sapientia
1597 5677 1760 5730 fluxe-

135 5762 213 5802 ττι
247 5763 359 5800 ονε.

225 5817 355 5874 599.
406 5817 534 5871 Ven.
568 5817 742 5877 Edit.,
776 5831 1036 5881 possessor
1067 5817 1117 5867 in
1145 5819 1318 5871 armis.

226 5892 356 5944 404.
402 5889 505 5946 Ed.
539 5890 696 5950 Ven.,
731 5888 943 5940 Nullius
974 5897 1224 5941 ast'uctcr

231 5959 360 6020 419.
400 5961 508 6017 Ed.
545 5963 702 6022 γεω..
740 5959 946 6014 Νικίαι-α
974 5970 1212 6014 necasset.

1937 5243 2061 5298 415.
2104 5242 2232 5296 Cod.
2291 5243 2433 5309 Vat.,
2478 5259 2663 5313 sapora
2703 5259 2854 5311 esca,
2905 5244 3043 5299 forte
3089 5260 3304 5314 sapora,
3341 5259 3459 5300 cor-

1865 5327 2038 5384 rupto.

1937 5387 2064 5438 419.
2107 5385 2243 5440 Cod.
2280 5386 2421 5452 Vat,
2460 5387 2514 5442 In
2551 5386 2684 5442 Cod.
2719 5387 2866 5456 νειμ,
2912 5389 3037 5442 εωΙο
3079 5405 3216 5442 nunc
3263 5390 3454 5459 carnis,

1865 5475 1999 5512 nunc
2025 5460 2268 5520 tendens;
2301 5459 2441 5526 quod
2473 5459 2666 5522 placet.

1935 5530 2060 5584 4‘23.
2102 5529 2214 5602 Cod
2249 5529 2412 5595 .Vat.,
2442 5529 2570 5583 Haec
2595 5547 2693 5585 sna
2721 5546 2938 5598 namque
2965 5533 3084 5602 fuit.

1937 5603 2063 5656 425.
2111 5601 2230 5656 Non
2285 5618 2530 5670 unauana.
2588 5603 2710 5666 Ms.,
2761 5601 3145 5674 nonnunquam.
3202 5603 3324 5660 Non
3369 5621 3460 5659 mt-

1865 5691 2014 5746 quam
2043 5690 2140 5744 ego
2176 5677 2408 5742 reposui.
2454 5675 2639 5748 Narrat
2671 5674 2865 5744 quippe
2900 5679 3020 5732 Sev.
3051 5676 3205 5748 Sulp.
3255 5678 3392 5744 quod
3427 5693 3460 5732 a

1865 5750 2099 5800 minimis
2121 5750 2278 5799 etiam
2306 5747 2539 5808 clericis,
2571 5763 2688 5801 cum
2721 5763 2833 5816 ipse
2862 5759 3004 5802 esset
3033 5747 3287 5804 sacerdos
3319 5750 3459 5816 inju-

1868 5820 1940 5872 ria
1968 5819 2148 5880 laisus,
2182 5833 2446 5883 nunquam
2479 5819 2544 5872 de
2570 5820 2875 5876 ulciscendo
2896 5821 3182 5890 cogitabat.

1937 5890 2061 5942 456.
2105 5890 2272 5944 Curis.
2318 5891 2438 5952 διδ..
2465 5893 2604 5943 ciris.

1940 5961 2064 6018 445.
2117 5961 2322 6017 Fluctu.
2357 5962 2454 6015 διδ.
2489 5965 2675 6022 fructu.
