4192 6540
637 390 641 394 ’
710 414 815 474 ssi
1429 399 1755 458 szANTtt
1797 397 1958 454 nos.
1999 396 2208 452 CLEM.
2253 395 2310 450 Ft

2193 437 2208 452 .
2253 391 2649 450 FORTUNATI
2689 389 2980 448 OPERUM
3019 389 3201 449 PARS
3238 390 3282 446 1.
3904 384 4003 444 39!

859 527 1054 582 Ornata
1084 531 1300 578 mternm
1328 518 1430 574 fert
1455 532 1609 586 poma
1633 515 1889 586 perennia
1925 514 2046 567 νίιιη
2329 515 2381 573 Α
2407 507 2512 563 470
2553 508 2806 562 Versibus
2835 505 3066 561 intonuit
3098 503 3352 559 Paulinus
3381 501 3579 561 deinde
3611 501 3829 566 beatus.

860 624 1004 679 Inter
1030 622 1347 689 apostolicas
1372 618 1535 680 acies,
1568 628 1854 680 sacrnsmte
1889 609 2200 678 prophetas,
2558 601 2908 669 Aiquiparare
2933 599 3115 653 valens
3147 599 3370 653 illuSIris
3401 609 3625 669 uterque
3651 602 3874 664 relator,

865 716 1215 785 {tim-.yriiqm;
1257 711 1482 776 choros9
1516 719 1673 774 atque
1700 708 1908 774 agmina
1943 701 2133 768 tnlgida
2163 698 2306 761 rteli,
2553 693 2772 746 Materia
2804 692 2928 744 vit-ti
2957 691 3050 744 sed
3079 700 3134 744 et
3167 691 3263 758 ipsi
3295 690 3535 744 carmine
3565 691 3788 746 cedunt.

861 782 1134 876 Rege-sub
1165 803 1385 863 invicto,
1421 817 1520 868 qua
1551 799 1819 853 exercitus
1851 798 1938 852 ille
1969 804 2242 857 coruscat,
2557 783 2869 838 Luminibus
2896 783 3055 836 tantis
3085 797 3186 852 ego
3212 783 3425 836 nubilus
3451 783 3662 837 inseror
3686 782 3878 852 audax,

715 907 822 962 .550
863 905 964 958 per
1002 911 1226 962 ini-nnis,
1263 911 1535 965 proceres,
1570 894 1808 962 legiones
1837 899 1999 957 atque
2031 890 2306 950 cohortes,
2556 879 2631 936 De
2657 880 2892 936 minimis
2924 878 3204 944 minimus,
3254 879 3322 932 de
3375 881 3583 944 magnis
3629 879 3865 934 maxima
3893 889 4004 936 tem

861 999 1045 1063 Milite,
1093 1011 1186 1050 seu
1237 995 1453 1058 Comite,
1501 1001 1556 1047 et
1583 991 1836 1062 gradibus
1884 989 2040 1052 duce,
2090 987 2309 1040 consule
3840 973 4001 1045 italis,

2035 1093 2304 1145 crescens.
2411 1068 2517 1124 475
2560 1067 2659 1134 Qui
2692 1067 2827 1136 pede
2857 1065 3152 1132 subtitubo,
3177 1063 3419 1120 balbutio
3445 1065 3619 1121 faucis
3645 1065 3869 1134 anhelo,

863 1190 1086 1240 Lacteus
1117 1183 1216 1235 iste
1247 1191 1390 1249 toga,
1425 1179 1617 1232 rutilus
1647 1185 1807 1230 micat
1836 1175 1924 1228 ille
1955 1189 2182 1233 corona,
2558 1162 2621 1215 Et
2649 1161 2796 1214 rudis
2824 1160 3038 1230 eloquio
3069 1173 3234 1226 carpo
3261 1159 3407 1228 quod
3434 1159 3676 1214 condere
3697 1167 3898 1214 cei-tor.

861 1279 1008 1332 llnuc
1036 1285 1292 1343 prmtexta
1327 1272 1524 1334 nitens,
1558 1273 1703 1323 illum
1736 1267 1980 1321 diadema
2015 1264 2234 1317 facetat.
2554 1256 2628 1308 Da
2653 1255 2862 1309 \‘cniam
2889 1255 3013 1324 quia
3046 1264 3098 1309 te
3128 1253 3326 1308 cecinit
3352 1267 3441 1308 rea
3465 1252 3644 1323 lingua
3676 1256 3873 1308 relatu.

863 1373 969 1425 llos
1001 1370 1264 1436 chlamys,
1297 1378 1377 1418 ast
1403 1366 1520 1418 illos
1549 1364 1754 1416 armilla
1781 1373 1969 1430 topaza
2002 1359 2224 1413 decorat
2258 1375 2265 1406 :
2558 1349 2661 1402 Fer
2693 1348 2903 1416 pietatis
2932 1362 3089 1417 Opem
3123 1349 3343 1413 misero,
3378 1346 3694 1402 miserando
3732 1347 4004 1414 misertor,

715 1464 823 1519 45.)
864 1465 1074 1516 Balteus
1107 1460 1228 1512 huic
1259 1458 1448 1520 radiat,
1483 1457 1604 1509 huic
1635 1455 1800 1509 infula
1831 1455 1984 1508 crine
2008 1458 2278 1505 coruscat.
2556 1441 2749 1495 Rector
2775 1451 2830 1496 ut
2861 1441 3198 1496 Altithronus
3219 1456 3339 1496 cum
3370 1442 3580 1495 venerit
3607 1441 3812 1496 arbiter
3837 1440 4002 1507 orbis,

858 1555 1009 1624 ᾼιιειο
1041 1554 1304 1618 palmata},
1345 1551 1541 1602 trabem.
1569 1549 1704 1601 nitet
1738 1549 1870 1600 alter
1900 1547 2126 1604 hennre,
2412 1535 2517 1591 480
2557 1535 2690 1590 Tum
2725 1551 2932 1589 memor
2959 1537 3209 1590 obtineas
3237 1533 3421 1590 deliCIi
3452 1534 3652 1587 oblivia
3688 1537 3882 1598 nostri,

855 1646 1027 1716 Ptngit
1087 1655 1143 1698 et
1183 1651 1426 1697 ornatum
1471 1654 1678 1708 gemma
1707 1680 1722 1703 ,
1776 1654 1998 1699 aurum,
2053 1649 2304 1706 purpura,
2560 1627 2701 1680 Inter
2721 1642 2806 1680 me
2826 1643 2887 1679 ac
2917 1626 3204 1680 Dominum
3237 1625 3503 1680 mediator
3529 1625 3720 1679 adesto
3748 1626 4000 1695 benigne,

2071 1732 2306 1800 [hyssus,
2554 1722 2721 1787 Quem
2752 1737 2845 1774 sua
2876 1721 3030 1789 culpa
3063 1721 3211 1787 ligat,
3245 1731 3334 1773 tua
3368 1731 3424 1773 ut
3444 1720 3776 1775 interventio
3809 1719 4002 1787 solvat,

862 1834 968 1889 Nec
999 1833 1143 1888 videt
1170 1832 1271 1887 hoc
1299 1833 1486 1885 oculus
1508 1828 1649 1899 quod
1684 1827 1846 1882 habet
1873 1840 2036 1895 super
2059 1832 2198 1877 astra
2224 1835 2309 1874 se—
2559 1812 2692 1880 Spes
2724 1810 3000 1865 Fortunati
3024 1813 3093 1865 sit
3117 1812 3216 1865 lida
3251 1813 3439 1867 salutis
3466 1813 3646 1883 egeni.

2100 1914 2303 1982 |‘natus.
2337 1907 2386 1968 B
2557 1905 2880 1972 Suppliciter
2905 1905 3163 1959 humilem
3193 1905 3288 1958 tibi
3322 1920 3381 1959 se
3402 1908 3686 1967 stravisse,
3722 1912 3972 1971 patrone,

866 2021 953 2074 llis
987 2019 1203 2084 frueris,
1238 2017 1482 2080 Martine,
1511 2017 1686 2078 bonis,
1721 2011 1823 2067 sub
1856 2011 2096 2080 principe
2127 2006 2277 2070 coeli,
2407 1995 2511 2050 485)
2553 1996 2650 2061 Qui
2681 1997 2844 2064 lepra:
2874 1996 3111 2050 maculas
3142 1997 3405 2052 medicata
3432 2011 3530 2065 per
3558 1998 3744 2050 oscula
3783 2012 4008 2067 purgas,

716 2110 824 2166 too
862 2111 1102 2166 (ςαειιιηιε
1131 2112 1380 2175 angelicis
1412 2110 1702 2168 sociabilis,
1731 2117 1786 2160 et
1812 2103 2126 2174 patriat'cltis
2551 2089 2732 2142 Mttrtis
2763 2097 2817 2140 el
2843 2099 3100 2141 οκιτειιιω
3131 2102 3356 2143 revocas
3387 2091 3439 2142 in
3469 2089 3678 2158 origine
3707 2091 3868 2142 linem
3905 2105 3921 2154 ;

861 2203 1090 2268 Compar
1116 2201 1442 2268 apostolicis,
1476 2199 1681 2253 meritis
1711 2196 1970 2263 anpiande
2000 2190 2303 2262 prophetis,
2550 2180 2738 2234 Carnis
2759 2179 2931 2233 adhuc
2971 2177 3172 2247 fragilis
3207 2181 3479 2250 quondam
3501 2183 3603 2236 sub
3623 2181 3861 2250 imagine
3886 2196 4011 2236 con-

861 2294 1053 2345 Aihhte
1082 2293 1431 2361 martyribus,
1453 2290 1602 2358 queis
1634 2289 1871 2342 rubricat
1892 2285 2028 2337 umla
2059 2282 2301 2336 cruoris:
3808 2275 4011 2348 [διευς.

863 2382 1084 2451 Fulgide
1110 2385 1415 2444 confessor,
1441 2379 1724 2433 candentia
1755 2379 1864 2430 lilia
1897 2377 2138 2436 vincens,
2548 2364 2701 2420 Nunc
2728 2379 2864 2435 opus
2893 2375 2951 2421 ut
2979 2367 3137 2422 mites
3168 2366 3340 2436 pietas
3361 2374 3452 2422 tua
3479 2366 3797 2424 commodet
3819 2381 4012 2433 aures,

863 2473 1086 2527 Lumine
1117 2489 1382 2541 purpureo
1413 2473 1680 2535 redimite,
1705 2471 1923 2534 decore,
1960 2480 2211 2529 cornsce,
2554 2457 2684 2511 Nam
2715 2473 2872 2528 prece
2915 2474 3074 2528 posse
3107 2461 3252 2516 vales
3277 2460 3419 2530 apud
3477 2461 3655 2523 illum,
3708 2459 3865 2525 cujus
3922 2458 4015 2513 ha-

710 2563 818 2622 465
859 2566 1100 2620 Librrius
1129 2572 1376 2635 gradiens
1409 2581 1502 2633 per
1529 2566 1670 2618 celsa
1697 2563 1886 2630 palatia
1919 2561 2088 2628 regis.
3817 2552 4014 2627 [beris,

927 2657 1370 2727 Virtrauscripte,
1393 2667 1602 2724 potens,
1634 2664 1834 2708 :eterna
1861 2653 2121 2705 iusmcula
2146 2648 2306 2715 civis,
2410 2649 2517 2707 ιθο
2555 2647 2706 2716 Quod
2770 2657 2896 2716 peto
2953 2653 3010 2701 tu
3079 2643 3304 2714 poteris,
3365 2644 3492 2713 quia
3555 2653 3727 2699 totum
3797 2650 4016 2713 prastat

856 2747 1088 2816 Signifer
1119 2765 1268 2802 arma
1295 2749 1472 2802 crucis
1503 2747 1612 2800 fers
1645 2745 1920 2797 nobilitate
1954 2740 2247 2803 triumphi,
3782 2734 4017 2807 [amicis,

856 2839 1060 2903 Dulcis,
1092 2841 1380 2902 adut-aude,
1413 2851 1463 2892 et
1497 2839 1628 2890 mihi
1654 2847 2034 2904 pectore,vocc
2058 2833 2306 2899 colende,
2557 2837 2645 2893 Sic
2677 2835 2769 2891 tibi
2801 2848 3026 2904 quaeque
3049 2831 3187 2900 petis
3219 2830 3414 2886 tribuat
3445 2829 3742 2900 praesentia
3773 2828 3944 2897 regis.

855 2929 1019 3001 Cujus
1043 2933 1317 2998 prosaicus
1345 2930 1541 2985 cecinit
1570 2931 1715 2999 prius
1752 2939 1869 2982 acta
1898 2927 2154 2990 Severus,

955 3067 1262 3146 (_I_od._¥at.,
1297 3066 1642 3146 Balteus/tim
1670 3063 1842 3146 rudia!
1875 3062 2016 3146 Itiur‘.

2489 3085 2611 3138 475.
2657 3084 2794 3139 Edit.
2829 3082 2991 3143 Ven”
3019 3080 3246 3135 balbtttia
3276 3080 3444 3146 fauce,
3477 3087 3524 3132 et
3549 3078 3761 3133 anhelo.

957 3139 1059 3222 ili,
1094 3137 1406 3222 Marti/ribus
1435 3137 1662 3222 rubrirut
1687 3135 1870 3200 quibus
1895 3134 2034 3185 unda

3016 3134 3235 3206 condere
3265 3134 3422 3205 certo.

785 3207 914 3262 467.
957 3207 1246 3276 Triumphi,
1271 3212 1394 3276 Ms.,
1420 3207 1711 3276 triumphis.

729 3373 4008 3402 —.—.—_—_—-—_———————-—————————-—

1950 3513 2247 3590 LIBER
2306 3510 2782 3589 TERTIUS.

941 3797 1208 3852 Hactenus
1238 3808 1290 3848 tn
1323 3790 1519 3848 bibulis
1562 3790 1665 3844 fixa
1702 3789 1848 3842 stetit
1875 3787 2109 3841 anchora
2140 3787 2313 3850 terris,
2349 3788 2395 3850 ρ
2572 3781 2773 3837 Rursus
2795 3781 2848 3834 in
2872 3778 3070 3835 Oceani
3095 3779 3282 3836 videor
3301 3779 3431 3834 mihi
3462 3780 3688 3835 tendere
3710 3781 3908 3837 ﬂuctus
3936 3800 3945 3832 ;

859 3890 978 3945 Otia
1005 3889 1147 3942 lenta
1195 3885 1436 3948 trahens,
1461 3891 1516 3937 et
1546 3881 1698 3934 ittrrli
1721 3882 1880 3934 dente
1909 3881 2216 3946 quiescens,
2455 3875 2521 3928 15
2553 3874 2720 3937 Maius
2743 3873 2843 3928 iter
2873 3870 3148 3941 gradiens,
3175 3870 3260 3926 ubi
3294 3889 3352 3925 se
3379 3872 3508 3926 vada
3540 3873 3728 3941 glauca
3755 3874 4016 3936 reliduut.

864 3983 1077 4037 Leniter
1108 3979 1374 4038 alludens,
1401 3978 1524 4029 dum
1556 3975 1732 4027 sibilat
1781 3989 1905 4026 aura
1935 3988 2203 4038 soporem,
2560 3966 2627 4020 Et
2652 3965 2847 4020 crescit
2876 3974 3082 4020 terrore
3112 3969 3291 4030 timor,
3323 3975 3460 4028 rate,
3491 3966 3652 4028 nube,
3689 3965 3979 4035 profundo.

867 4074 932 4128 Et
961 4088 1058 4127 nos
1089 4072 1274 4125 umbra
1307 4071 1456 4138 tegit,
1486 4068 1751 4121 viridante
1782 4065 2061 4132 crepidine
2088 4066 2238 4132 τίῃιιι,
2561 4059 2694 4112 Dum
2750 4067 2927 4112 tamen
2969 4057 3073 4110 alta
3108 4066 3252 4126 peto,
3305 4067 3521 4112 resonet
3568 4057 3702 4112 mihi
3736 4058 3926 4112 Gallus
3963 4058 4015 4112 in

791 4163 826 4219 5
866 4165 1002 4222 Ecce
1029 4178 1217 4217 serena
1246 4163 1360 4216 dies
1386 4160 1602 4215 rutilata
1630 4158 1943 4226 crepuscula
1978 4156 2204 4223 profert,
3848 4155 4016 4224 taure.

861 4253 928 4309 Et
963 4255 1184 4324 pelagus
1215 4263 1327 4306 rate
1355 4260 1512 4306 nauta
1573 4251 1725 4318 petit,
1770 4249 1882 4318 jam
1938 4247 2088 4301 solvo
2116 4248 2314 4301 ruden-
2562 4245 2720 4300 Gesta
2753 4247 2906 4299 beata
2937 4247 3056 4311 viri,
3088 4260 3190 4315 qua
3230 4245 3438 4315 mitigat
3466 4245 3607 4298 unda
3646 4254 3948 4311 tumorem,

2188 4339 2310 4411 μεθ,
2566 4340 2633 4394 Et
2659 4356 2909 4396 sermone
2939 4342 3077 4395 viam
3115 4340 3321 4396 relevet
3344 4341 3457 4394 sale
3479 4339 3662 4395 fabula
3685 4340 3887 4397 dulcis.

865 4440 1038 4495 Litttts
1069 4437 1421 4493 arundineum
1456 4436 1684 4505 liquens,
1717 4447 1834 4488 .evo
1859 4432 2078 4488 carbasa
2112 4433 2311 4497 ventis,
2451 4433 2522 4489 '20
2565 4435 2807 4502 Deferor,
2841 4451 2994 4501 ecce,
3022 4435 3183 4499 freto,
3221 4437 3423 4506 fugiunt
3445 4447 3501 4491 et
3533 4436 3714 4490 littora
3745 4438 3948 4490 visum.

861 4537 1001 4590 Ante
1033 4549 1129 4601 per
1182 4532 1439 4587 Adriacas
1469 4544 1684 4600 spumas
1739 4529 1891 4582 daret
1925 4528 2038 4582 vela
2073 4528 2312 4591 videbar,
2566 4527 2807 4594 Remiget
2839 4528 2927 4582 hic
2957 4526 3165 4594 Gallus,
3216 4528 3476 4582 Martinus
3506 4528 3624 4582 vela
3655 4530 3949 4598 gubernet,

863 4629 1102 4683 Turbine
1150 4638 1332 4696 raptus
1361 4641 1512 4697 aqua:
1557 4641 1653 4695 per
1680 4641 1951 4680 murmura
2001 4640 2161 4680 rauca
2206 4624 2313 4678 fra-
2565 4622 2804 4677 Flamina
2827 4621 3071 4676 Christus
3095 4629 3239 4690 agat,
3278 4631 3494 4690 portum
3523 4622 3718 4692 quibus
3759 4623 3905 4676 unda
3940 4637 4012 4676 re-

2116 4717 2308 4789 [goris,
3816 4713 4017 4785 [άυοδίπ

759 4818 826 4875 10
865 4815 997 4872 Cum
1021 4815 1154 4871 duce
1186 4813 1437 4882 Sulpitio,
1461 4814 1598 4868 bene
1628 4810 1784 4882 cujus
1801 4813 1868 4866 ab
1892 4827 1986 4866 ore
2016 4821 2264 4872 venusto.
2561 4809 2711 4863 Nunc
2759 4822 2973 4878 quoque
3021 4818 3169 4877 gesta
3218 4809 3378 4876 sacri,
3411 4808 3537 4863 dum
3589 4807 3786 4877 navigo
3835 4817 4013 4871 nauta,

869 4909 1075 4963 Martini
1106 4922 1287 4962 sacros
1315 4906 1488 4960 dulcis
1515 4906 1684 4976 stylus
1709 4902 1879 4958 edidit
1905 4915 2088 4957 actus:
3719 4900 4015 4973 [loquatun

863 5003 1008 5066 Quos
1051 5013 1152 5068 ego
1197 4999 1296 5051 sub
1335 4995 1583 5066 geminis,
1627 4995 1815 5049 claudo
1855 4993 2008 5062 pede.
2039 5009 2200 5049 curro
2246 4994 2312 5048 Ii-
2561 4996 2830 5054 Mensibus
2899 4995 3137 5052 hibernis
3163 5039 3178 5063 ,
3251 4997 3378 5050 dum
3452 4995 3770 5063 Bosphorus
3843 4996 4018 5067 alligat

2107 5088 2280 5160 [bellis
2296 5132 2310 5150 ,
3799 5087 4014 5160 (undas.

868 5188 1085 5243 furimus
1104 5187 1299 5258 egregii
1323 5195 1620 5241 contexens
1650 5194 1798 5254 gesta
1831 5183 2060 5251 patroni.
2341 5170 2394 5231 Ι)
2455 5184 2526 5236 25
2567 5184 2630 5238 Et
2659 5183 2889 5255 liquidos
2918 5196 3138 5251 campos
3169 5189 3314 5238 vetat
3337 5180 3510 5237 imber
3532 5196 3690 5240 arare
3716 5185 3949 5249 carinis,

795 5349 850 5402 4.
893 5347 1029 5400 Εσὶὶι.
1053 5345 1213 5406 V'en.,
1245 5353 1291 5416 et
1317 5351 1509 5416 noctem
1544 5343 1719 5416 umbra
1755 5352 1906 5405 tenet,
1931 5342 2200 5416 uiridante.
2415 5347 2610 5416 quique
2637 5346 2803 5416 ipsius
2829 5347 2887 5404 S,
2937 5347 3145 5402 Martini
3179 5345 3400 5400 virtutes
3436 5359 3660 5400 narrans
3711 5361 3778 5400 ac
3811 5348 4015 5415 (ἣρω-ω.

798 5419 884 5472 12.
917 5417 1237 5471 Foitunatus
1263 5415 1468 5468 duobus
1498 5415 1864 5482 superioribus
1904 5415 2050 5487 libris
2074 5429 2134 5487 ca
2167 5427 2312 5487 com-
2415 5415 2601 5472 dicans
2633 5415 2900 5474 inducitur
2925 5419 3036 5472 suis
3061 5421 3111 5472 in
3145 5418 3377 5487 Dialogis
3404 5419 3471 5470 ab
3498 5418 3690 5471 eodem
3743 5419 4006 5484 Sulpicia.

733 5492 917 5558 plexus
948 5498 1028 5539 est
1054 5503 1169 5552 qua:
1202 5487 1466 5551 Sulpicius
1512 5497 1825 5558 narraverat
1859 5487 1910 5536 in
1943 5485 2035 5536 lib.
2069 5485 2133 5558 de
2192 5483 2307 5537 Vita
2415 5489 2604 5542 Nescio
2637 5490 2938 5558 igiturqnid
2973 5492 3022 5542 in
3063 5483 3535 5543 mentem'venerii
3584 5489 3656 5542 cl,
3688 5489 3810 5543 vim
3862 5490 4010 5544 1059.

725 5555 780 5616 S.
809 5559 1012 5631 Martini
1041 5575 1049 5606 :
1074 5558 1288 5631 duobus
1319 5573 1447 5631 vero
1474 5556 1817 5631 sequentibus
1848 5571 1908 5631 ea
1939 5555 2178 5631 carmine
2218 5572 2311 5631 εξ-
2337 5587 2343 5596 ~
2414 5560 2519 5623 pho
2568 5561 2788 5626 Lirutio,
2834 5555 2928 5631 qui
2961 5561 3012 5613 in
3043 5559 3159 5612 Vita
3205 5559 3482 5631 Fortunati
3533 5559 3751 5613 Gallum
3811 5561 3881 5615 de
3911 5577 4013 5628 quo

764 5630 908 5684 rimit
929 5644 1044 5695 qnze
1073 5629 1210 5680 idem
1243 5628 1506 5692 Sulpicius
1536 5629 1584 5678 in
1609 5629 1717 5678 suis
1749 5627 1981 5695 Dialogis
2008 5627 2072 5679 de
2103 5627 2310 5679 virtuti-
2415 5632 2499 5685 hic
2551 5632 2836 5686 mentiolit
2861 5627 3000 5686 esse
3033 5631 3264 5682 affirmat
3317 5630 3592 5683 Paulinum
3645 5627 4009 5686 Petricorien.

763 5719 821 5755 us
853 5700 1182 5770 ejusdetuS.
1217 5699 1424 5751 Martini
1451 5700 1830 5751 edissevuerat.
1886 5769 1890 5770 ν
2174 5769 2178 5770 ν

2416 5717 2555 5765 sem,
2611 5720 2766 5770 quem
2809 5703 3128 5757 Fortunatus
3160 5703 3360 5754 vocarit
3407 5699 3637 5761 Gallum.
3692 5713 3753 5757 ut
3800 5705 3936 5760 alius
3979 5716 4007 5756 ι

797 5773 883 5826 53-5.
910 5770 1043 5822 Eilit.
1080 5769 1231 5833 Ven.,
1257 5772 1397 5821 nivis
1419 5771 1510 5820 iter
1536 5770 1772 5839 gradiens
1793 5811 1806 5826 .
1839 5769 1926 5820 ubi
1952 5771 2059 5837 jam
2084 5769 2233 5819 vada.
2419 5769 2641 5828 Ρευιίησ
2669 5775 2870 5827 Nolam)
2911 5788 3030 5827 esse
3062 5773 3477 5837 intettigeretur,

802 5843 897 5914 17.
922 5843 1012 5894 llic
1042 5839 1223 5914 Gallus
1268 5858 1370 5914 non
1401 5842 1536 5892 atius
1585 5839 1968 5914 certevidetttr
1999 5853 2308 5914 essequam
2491 5846 2582 5900 18.
2623 5845 2766 5899 Edit.
2802 5846 2954 5911 νειμ,
2996 5861 3099 5914 qua
3129 5844 3343 5913 contigit
3381 5846 3522 5896 unda
3553 5855 3832 5899 tumorem.

730 5929 774 5972 tl
814 5912 956 5984 quia
1007 5912 1245 5981 Sulpicio
1275 5912 1564 5979 discipulus
1624 5912 1678 5962 S.
1717 5911 1931 5965 Martini
1975 5909 2310 5977 appellatur;
