4192 6552
214 381 322 447 397

359 1262 550 1330 lncipit
570 1263 820 1332 alloquiis
851 1265 962 1322 fera
998 1279 1210 1337 pectora
1238 1271 1410 1326 cultor
1439 1287 1616 1338 arare,

354 1355 461 1409 Ore
483 1370 634 1411 sacer
666 1357 856 1426 nitido,
890 1359 1114 1416 dumosa
1141 1365 1346 1418 novalia
1387 1382 1652 1434 purgans,

353 1446 710 1507 Proscindens
739 1452 963 1522 iterans,
986 1455 1069 1511 bis
1095 1466 1279 1528 terque
1306 1470 1606 1530 quaterque
1634 1465 1807 1519 resul-

1149 1598 1151 1601 .
1629 1573 1800 1624 icans,

1149 1598 1151 1601 .
1651 1573 1797 1624 cans,

352 1631 612 1690 Paulatim
644 1638 711 1692 ad
739 1638 948 1696 fructus
979 1643 1224 1710 stnpidns
1255 1646 1587 1702 animaverat
1621 1555 1797 1718 ξενος.

201 1725 314 1784 165
344 1727 480 1784 Hinc
511 1732 735 1787 rudibus
770 1736 979 1802 populis
1002 1736 1200 1791 Christi
1230 1755 1364 1796 nova
1388 1744 1591 1795 semina
1610 1742 1795 1812 jactat,

355 1819 619 1876 Sensibus
644 1823 896 1880 humanis
922 1827 1170 1883 lactantia
1197 1832 1435 1899 germina
1463 1847 1708 1905 surgunt,

349 1909 571 1966 Leniter
603 1922 660 1968 et
689 1917 880 1985 rigidis
918 1920 1231 1976 coalescunt
1255 1927 1494 1992 gramina
1514 1928 1695 1982 sulcis.

347 2002 488 2068 Quid
518 2004 718 2060 faceret
746 2019 986 2076 sanctus,
1040 2013 1208 2068 turbis
1239 2019 1556 2074 coeuntibus
1586 2023 1798 2089 amplis.

353 2094 527 2150 Messe
557 2098 608 2150 in
641 2107 745 2152 tam
777 2101 944 2155 multa
975 2105 1195 2160 veniens
1221 2110 1499 2176 operarius
1531 2113 1702 2166 unus?

204 2191 318 2246 170
347 2191 589 2258 Excolit,
625 2195 868 2264 includit,
896 2199 1045 2266 serit,
1078 2201 1285 2270 inserit,
1315 2199 1515 2276 alligat,
1543 2209 1729 2265 ambit.

346 2286 560 2342 Interea
587 2291 780 2344 mulier
807 2289 1063 2348 defuncto
1092 2297 1317 2364 pendula
1351 2309 1479 2353 nato

347 2377 571 2432 Brachia
601 2379 916 2436 distendens
944 2383 1103 2440 offert
1132 2399 1257 2443 ante
1283 2404 1375 2443 ora
1400 2391 1653 2461 cadaver,

345 2469 572 2526 Funeris
617 2472 946 2544 increpitans
978 2479 1178 2534 misero
1239 2480 1350 2536 fera
1409 2486 1615 2540 cantica
1652 2486 1798 2554 plan-

1607 2577 1795 2649 (ctum,

346 2653 484 2709 Dum
515 2655 669 2712 dolor
689 2658 756 2713 ad
788 2659 1054 2732 lacrymas
1085 2664 1266 2731 trahit,
1296 2666 1411 2723 haec
1456 2668 1541 2725 vix
1569 2673 1798 2740 explicat

187 2840 298 2895 175
332 2839 510 2895 Fortis
541 2845 714 2900 amice
743 2845 857 2910 Dei,
885 2856 997 2903 toto
1026 2851 1353 2907 venerabilis
1381 2854 1530 2920 orbe,
1647 2765 1761 2836 [ore

338 2933 510 3000 Quem
534 2949 749 3008 semper
776 2939 1010 2996 lamenta
1057 2953 1297 3010 movent,
1339 2946 1538 3014 pietate
1571 2950 1796 3017 propin-

1681 3059 1789 3098 ua:

1681 3059 1745 3097 ua
1777 3062 1785 3098 :

338 3124 549 3179 Ardens
579 3127 704 3195 quid
733 3130 970 3197 cupiam,
997 3144 1193 3200 corpus
1223 3132 1317 3186 tibi
1354 3134 1560 3189 nuntiet
1581 3041 1785 3204 allgqens.

337 3215 475 3271 Ecce
502 3217 635 3272 ohiit
657 3220 869 3275 miserae
894 3221 1022 3276 mihi
1052 3222 1214 3290 ﬁlius,
1246 3225 1408 3280 ubere
1436 3238 1644 3294 raptus,

343 3305 397 3360 ln
424 3323 531 3376 quo
560 3320 729 3366 mater
759 3327 902 3367 eram
928 3330 941 3380 ;
975 3328 1074 3370 nec
1098 3329 1244 3382 spes,
1271 3331 1443 3386 neque
1464 3317 1655 3374 restitit
1680 3319 1790 3376 liae-

182 3489 294 3546 180
341 3489 608 3546 Occubuit
650 3493 880 3563 genitus,
923 3493 1118 3550 cecidit
1155 3495 1366 3564 domus,
1407 3506 1462 3554 et
1503 3410 1789 3555 mihilrffft:

1621 3593 1784 3666 [ctus.

341 3671 498 3727 Nulla
528 3685 902 3730 remanserunt
933 3679 1070 3733 uteri
1105 3679 1293 3735 solatia
1315 3682 1456 3750 duri,

339 3761 449 3818 Nec
479 3775 726 3834 superest
747 3766 889 3834 quod
911 3766 1070 3824 dulce
1095 3784 1296 3839 vocem,
1325 3790 1430 3842 quo
1458 3775 1599 3832 fessa
1629 3779 1788 3834 recli-

1600 3871 1744 3944 Ιοεπη
1767 3915 1785 3943 .

347 3950 381 4004 ις
393 3950 524 4007 bere
547 3952 688 4022 quod
717 3969 982 4023 recreem,
1021 3967 1162 4016 totus
1195 3962 1334 4030 perit
1359 3963 1494 4018 ordo
1523 3968 1780 4039 parentis,

335 4043 440 4110 Qui
468 4056 660 4113 restas,
681 4061 890 4115 precor,
913 4049 1043 4106 affer
1058 4066 1216 4120 opem
1245 4055 1597 4112 medicamine
1614 4058 1780 4128 verbi,

181 4138 292 4193 185)
328 4137 512 4193 Redde
534 4155 723 4208 genus,
751 4157 851 4196 nec
879 4144 952 4197 sit
981 4147 1167 4202 matris
1194 4147 1324 4201 mihi
1368 4165 1559 4204 nomen
1599 4151 1779 4221 inane,

341 4232 404 4286 Ni
425 4233 641 4288 soboles
672 4234 879 4306 re'deat,
901 4251 1080 4292 secum
1112 4254 1231 4293 mea
1251 4239 1436 4294 funera
1459 4241 1637 4297 ducat.

339 4323 573 4392 Adjuvat
624 4324 762 4381 hanc
815 4329 1042 4397 populus
1070 4330 1307 4387 clamans
1342 4332 1566 4401 :Saccr,
1604 4350 1782 4392 annue

1622 4440 1775 4496 vctis,

1597 4428 1703 4501 [vot

333 4511 387 4563 ln
421 4512 628 4566 cunctis
660 4526 760 4565 vox
789 4528 894 4566 una
929 4524 1073 4568 tonat
1110 4533 1120 4567 :
1157 4516 1414 4571 Miserere
1446 4520 1703 4585 precanti.

333 4602 484 4656 Tunc
517 4606 630 4669 pius
660 4606 905 4666 antistes,
936 4608 1158 4676 genibus
1189 4610 1433 4676 profusus
1456 4611 1507 4664 in
1539 4613 1704 4680 arvis,

172 4695 291 4750 190
329 4694 596 4749 Sternitur
628 4704 750 4750 ante
798 4698 980 4752 oculos
1014 4699 1245 4765 Domini,
1295 4715 1392 4770 pro
1439 4701 1594 4760 plebe
1639 4713 1778 4758 sata-

1600 4797 1773 4870 lsens,

338 4882 410 4938 Ut
439 4893 738 4940 mereretur
757 4900 933 4954 ovem,
962 4902 1055 4957 per
1075 4903 1229 4958 quam
1254 4881 1382 4960 grex
1405 4890 1665 4960 plurimus
1691 4907 1779 4948 es-

1655 4986 1772 5056 [set.

254 5090 385 5146 156.
417 5091 554 5163 Edil.
583 5092 740 5154 Ven.,
767 5095 991 5163 undique
1018 5097 1144 5147 risu.

418 5162 554 5216 Etlit.
591 5163 748 5235 Ven”
773 5162 976 5233 sa'pius,
1011 5177 1167 5235 atque
1188 5167 1398 5220 iterans.

597 5234 753 5308 γεω,
788 5232 979 5289 semina
1003 5232 1238 5308 surgunt.

248 5303 557 5382 i73._Ed‘it.
597 5306 799 5362 νείκει
820 5309 947 5360 Cod.
977 5303 1113 5372 Vatf,
1151 5310 1348 5361 cantica
1373 5311 1615 5377 planctu;
1636 5314 1775 5382 quod

154 5375 533 5443 Setjuettdutn.

248 5445 378 5502 ifLO.
416 5447 556 5501 Edit.
597 5448 748 5512 Ven.,
779 5465 870 5515 pro
903 5451 1045 5515 plebe
1073 5462 1326 5516 precatus.

251 5518 379 5591 ζει-ί.
417 5519 554 5572 Edit.
591 5519 722 5572 Ven.
749 5530 800 5574 et
823 5522 952 5573 Cod.
985 5522 1126 5582 ναι..
1158 5527 1334 5576 ordine
1357 5525 1626 5591 disposito.

243 5588 376 5642 ‘2“.
406 5590 624 5644 Sacrum
647 5593 1046 5645 adcomitatum.
1098 5595 1170 5648 Ib.
1218 5597 1268 5648 in
1309 5588 1580 5661 Ven.'ed.,
1616 5598 1773 5653 Forte

157 5663 237 5716 ad
260 5678 315 5713 se
339 5677 542 5714 sacrum
568 5663 887 5716 comitatum.
910 5665 1245 5738 Comitatum
1276 5683 1368 5732 pro
1399 5670 1507 5734 ipsa
1541 5669 1776 5738 impera-

159 5735 311 5788 toris
357 5735 504 5786 curia
532 5750 784 5795 usurpari
839 5737 1058 5788 solitum
1116 5740 1265 5790 testis
1315 5749 1396 5789 est
1435 5735 1768 5804 Ammianus,

159 5806 270 5860 lib.
303 5821 489 5866 XXVIII,
524 5807 609 5858 ubi
635 5806 761 5860 dicit
812 5808 879 5858 ad
925 5809 1170 5874 principis
1194 5811 1492 5863 comitatum
1528 5811 1772 5864 Maximi-

159 5892 270 5929 πω
300 5876 513 5939 accitus,
538 5885 669 5940 etc.,
699 5887 749 5930 et
783 5877 1013 5946 Snlpic..
1047 5880 1141 5932 lih.
1175 5895 1206 5932 ll
1242 5879 1404 5939 Dial.,
1436 5896 1485 5937 c.
1512 5881 1563 5946 6,
1587 5887 1651 5937 de
1674 5887 1772 5937 hoc

159 5946 297 6018 ipso
344 5947 488 6004 facto
520 5947 736 6003 Martini
794 5949 1087 6018 disserens,
1145 5953 1320 6006 eodem
1368 5953 1472 6024 [eia
1523 5965 1766 6027 tempore,

1192 405 1282 461 DE
1323 405 1763 474 VITASANCTI
1806 390 2108 471 iiARTtNI.
2150 443 2221 459 ..-
2261 417 2396 474 LIB.
2441 417 2525 474 in.

220 507 324 561 155
347 508 532 565 Excita
559 526 746 568 amore
771 515 934 581 sacri,
970 516 1091 572 licet
1113 517 1213 572 hoc
1238 520 1621 586 nonqcrederet
1646 522 1767 590 ipsi,
1841 534 1893 587 Λ

361 602 443 657 Ad
475 607 751 674 speculare
779 623 971 663 novum
997 624 1325 674 concurrens
1348 613 1580 682 undique
1607 615 1808 681 visum;

362 695 498 751 Cum
529 713 627 754 nec
655 698 781 754 dum
809 699 892 756 bis
921 698 1122 756 Christi
1165 702 1398 758 radiaret
1435 706 1638 759 honore
1679 707 1811 758 chao

1594 801 1810 873 [raeter,

356 880 467 939 Nec
513 899 665 941 sacra
727 889 1034 961 verbigena:
1083 893 1276 950 ﬂueret
1323 911 1484 966 super
1537 899 1678 952 unda
1709 899 1811 953 To-

1587 993 1804 1063 litantis.

365 1074 435 1127 At
455 1072 712 1132 Martinus
732 1092 920 1145 ovans,
952 1079 1177 1136 Domino
1208 1094 1482 1140 reserante
1515 1086 1805 1156 profunda,

207 1164 320 1221 160
349 1166 530 1236 Sensit
554 1169 744 1226 adesse
777 1170 952 1226 locum
974 1189 1080 1243 quo
1112 1173 1292 1231 fertile
1319 1189 1566 1247 surgeret
1596 1193 1806 1235 arvum.

3411 425 3520 491 398

2063 532 2263 586 Annuit
2306 533 2692 601 Omnipotens;
2728 535 2926 594 famulo
2969 539 3105 598 dans
3145 543 3358 602 culmen
3410 551 3509 605 ho-

3297 651 3508 697 norum.

3297 651 3428 696 noni

2059 714 2176 770 Mox
2204 716 2372 772 bonus
2403 734 2499 775 ore
2533 736 2720 789 preces
2750 734 2932 780 orator
2961 728 3107 784 misit
3133 729 3187 785 in
3230 637 3389 789 εει-οε
3419 752 3433 788 :

2063 809 2265 865 Ordine
2293 811 2561 881 deposito,
2592 825 2871 886 postquam
2902 834 2960 876 se
2985 824 3158 878 oratio
3190 827 3453 897 complet,

1921 901 2022 957 195
2053 902 2285 972 Erigitur
2312 906 2514 974 senior,
2545 910 2702 963 simul
2727 909 2903 966 infans
2931 915 3257 985 viviﬁcatur,

2063 996 2466 1070 Porrigitnrque
2489 1016 2601 1059 sua:
2629 1007 2828 1075 populo
2859 1007 2961 1063 sub
2985 1018 3120 1066 teste
3153 1016 3452 1072 mamillae.‘

2063 1089 2144 1144 Fit
2182 1092 2379 1162 fragor,
2426 1104 2480 1150 et
2512 1099 2690 1167 populi
2743 1115 2876 1156 nova
2927 1112 3142 1172 pectore
3178 1117 3300 1162 vota
3346 1107 3504 1164 volu-

3371 1210 3504 1270 tant,

2057 1277 2305 1334 Mirantes
2334 1281 2604 1338 hominem
2637 1285 2757 1340 laete
2787 1297 3023 1346 mutasse
3052 1291 3326 1362 vigorem;

2057 1370 2122 1424 Et
2152 1374 2239 1441 qui
2273 1375 2323 1428 in
2359 1386 2531 1432 morte
2563 1388 2764 1444 manet,
2796 1383 2955 1437 morti
2983 1399 3077 1439 sua
3107 1385 3228 1454 jura
3259 1387 3470 1444 tulisse.

1909 1462 2014 1520 200
2039 1463 2163 1520 lndc
2196 1469 2508 1523 catervatim
2536 1470 2833 1540 Christum,
2857 1474 3266 1548 hominumque,
3305 1479 3504 1536 Deum-

2051 1631 2316 1700 Confessi,
2340 1646 2564 1690 exorant
2596 1637 2711 1692 fieri
2741 1653 2798 1693 se
2826 1639 2944 1713 lege
2977 1641 3183 1699 beatos.
3355 1572 3502 1646 huc.

2053 1723 2136 1779 Fit
2156 1725 2333 1782 subito
2366 1729 2417 1783 in
2447 1743 2664 1799 campos
2687 1731 2916 1800 populus
2939 1736 3357 1792 catechumenus
3380 1752 3499 1793 ont-

3373 1829 3498 1904 [nis.

1842 1921 1888 1982 Β
2057 1910 2173 1966 Νοιι
2216 1915 2412 1984 templa
2457 1927 2754 1985 ex5pectat,
2806 1934 2904 1974 nec
2939 1921 3170 1976 claustra
3199 1922 3374 1981 dicata
3415 1940 3500 1979 sa-

3354 2018 3472 2074 celli

3354 2018 3472 2074 celli

2053 2099 2416 2171 Ecclesizeque
2446 2112 2627 2173 typum
2665 2118 2884 2171 campus
2916 2087 3232 2175 generosior
3261 2015 3460 2178 exﬁlet,
3482 2059 3498 2084 ’

1905 2188 2012 2246 205
2043 2193 2300 2262 Quodque
2324 2196 2462 2249 solet
2494 2196 2670 2260 tectis,
2706 2199 2871 2265 pratis
2902 2199 3191 2254 adhibetur
3219 2205 3440 2273 apertis.

2051 2284 2216 2339 Unica
2240 2299 2384 2339 mors
2417 2287 2566 2352 pueri
2597 2289 2673 2341 sic
2694 2289 2816 2342 vitae
2850 2293 3080 2359 parturit
3108 2307 3323 2364 agmen,

2048 2376 2291 2443 Dumque
2323 2394 2457 2431 unus
2489 2388 2642 2431 terra:
2674 2380 2854 2446 rediit,
2883 2384 3035 2450 plebs
3067 2395 3212 2439 astra
3243 2387 3478 2457 recepit;

2043 2467 2154 2521 Sub
2183 2469 2316 2522 duce
2347 2468 2574 2523 Martino
2602 2469 2730 2524 felix
2763 2474 3029 2528 exercitus
3056 2475 3140 2529 hic
3168 2485 3270 2531 est.

2049 2559 2178 2613 Dum
2211 2571 2417 2630 regeret
2448 2562 2696 2630 princeps
2726 2563 2850 2617 data
2873 2564 2992 2632 jura
3030 2566 3451 2638 Valentinianus,

1900 2653 2007 2707 210
2040 2653 2079 2706 Ii
2110 2655 2316 2708 unuleis
2347 2657 2536 2723 opibus
2562 2656 2762 2710 mundo
2793 2657 3106 2726 famulante,
3127 2663 3410 2729 superbus,

2043 2746 2175 2800 Tum
2209 2746 2294 2814 pia
2338 2764 2498 2803 causa
2533 2763 2745 2804 sacrum
2786 2749 2851 2805 ad
2890 2755 3199 2809 comisatum
3230 2757 3489 2824 compulit

3355 2849 3480 2927 are.

2039 2937 2208 3002 Quem
2240 2937 2358 3005 quia
2394 2938 2677 3006 przesensit
2699 2952 2758 2994 se
2787 2940 2931 3009 posci
2967 2940 3088 2995 talia
3119 2941 3325 3010 Ccsar,

2036 3031 2169 3097 Quae
2200 3031 2363 3085 nollet
2395 3040 2652 3099 przestare
2681 3032 2816 3100 viro,
2845 3033 2998 3102 jubet
3027 3050 3150 3089 arce
3186 3036 3391 3103 repelli,

2040 3123 2107 3178 Et
2131 3133 2277 3178 vetat
2307 3140 2336 3177 a
2368 3124 2598 3193 foribus,
2633 3137 2913 3194 penetrare
2947 3129 3138 3197 palatia
3162 3131 3389 3200 justum.

1893 3214 2001 3271 215
2034 3215 2208 3272 Instat
2237 3216 2304 3271 ad
2334 3218 2448 3272 haec
2474 3233 2627 3282 uxor,
2659 3220 2742 3273 cui
2768 3231 2894 3274 tunc
2916 3233 3029 3275 erat
3053 3225 3244 3281 Arrius
3276 3237 3486 3284 auctor.

2039 3309 2146 3365 Sed
2175 3323 2329 3365 sacer
2352 3319 2409 3364 ut
2436 3310 2574 3365 vidit
2607 3311 2697 3366 tali
2729 3327 2788 3366 se
2811 3315 2999 3369 l‘raude
3031 3317 3238 3384 repelli,

2042 3400 2179 3457 Hinc
2219 3402 2340 3458 aula
2379 3403 2653 3474 exclusus,
2692 3406 2831 3461 redit
2882 3421 3028 3462 arma
3073 3409 3366 3467 domestica
3395 3429 3490 3471 suo

3224 3525 3235 3534 ·
3283 3520 3487 3566 tinens.-

3224 3525 3235 3534 ·
3307 3520 3486 3580 mens,

2036 3585 2355 3658 Contegitur
2384 3589 2534 3658 setis,
2573 3594 2902 3662 respergitur
2932 3606 3093 3664 atque
3129 3505 3347 3668 favilli[s,

2031 3683 2231 3738 Ordine
2253 3683 2408 3739 miles
2438 3699 2625 3755 agens,
2672 3699 2917 3744 removet
2953 3701 3244 3762 potumque
3267 3695 3480 3764 cibum-

3390 3806 3421 3846 u

1892 3867 1999 3926 220
2021 3869 2188 3926 Nocte
2218 3871 2410 3941 dieque
2441 3888 2636 3928 vacans
2660 3875 2845 3930 orandi
2866 3877 3065 3947 jugiter
3095 3895 3213 3936 usu.
3329 3788 3382 3861 [q
3424 3806 3478 3861 θ’

2034 3965 2307 4034 Septimus
2329 3981 2460 4038 ergo
2484 3968 2602 4022 dies
2622 3971 2826 4036 aderat,
2861 3988 2968 4041 quo
2999 3986 3218 4030 sanctus
3241 3992 3448 4047 amore,

2036 4057 2218 4112 Fortia
2246 4069 2418 4113 castra
2457 4075 2701 4125 movens,
2727 4062 2810 4117 his
2839 4063 3136 4121 desudabat
3165 4070 3215 4122 in
3254 4071 3437 4128 armis.

2029 4153 2265 4221 Angelus
2296 4155 2552 4209 assistens
2577 4155 2734 4225 jubet
2759 4159 2838 4213 ire
2869 4161 3064 4228 palatia
3097 4162 3322 4235 justum,

2031 4243 2220 4299 Fretus
2248 4245 2301 4300 in
2329 4247 2530 4300 auxilio
2553 4248 2810 4304 Martinus
2840 4255 3007 4322 pergit
3036 4255 3102 4309 ad
3131 4272 3358 4336 arcem,‘

1883 4334 1988 4389 225
2021 4337 2227 4416 Limine
2260 4340 2434 4394 nullus
2461 4340 2636 4406 obest,
2668 4344 2732 4396 ad
2760 4345 3014 4416 principis
3056 4364 3148 4404 ora
3183 4334 3464 4425 perintrat,

2027 4428 2126 4496 Qui
2165 4441 2408 4486 sanctum
2441 4433 2731 4503 inspiciens
2775 4437 2919 4506 quod
2957 4439 3191 4509 adesset,
3236 4443 3475 4505 frenduit

3357 4555 3472 4609 ore,

3357 4555 3396 4595 Ol

2032 4615 2207 4682 Atque
2237 4628 2446 4673 aStante
2477 4634 2582 4688 pio,
2608 4620 2746 4675 solio
2783 4637 2958 4692 neque
2984 4627 3154 4697 surgit
3182 4630 3251 4684 ab
3268 4539 3396 4688 alt[o.

2021 4704 2274 4775 Regalem
2304 4709 2489 4764 sellam
2519 4726 2640 4766 mox
2677 4713 2889 4784 ignibus
2919 4717 3078 4774 ardor
3101 4721 3335 4787 oberrat,

2030 4799 2093 4854 Et
2121 4816 2250 4872 vaga
2279 4805 2491 4860 llatnma
2539 4818 2705 4875 natat,
2739 4825 2842 4879 qua
2872 4812 3037 4868 molle
3075 4815 3246 4872 sedile
3280 4833 3468 4875 corus-

3384 4928 3410 4964 8

3384 4928 3410 4964 a

1876 4983 1982 5038 250
2012 4983 2254 5055 Undique
2280 4987 2416 5054 fusa,
2443 4988 2643 5056 furens,
2676 4993 2767 5048 sed
2804 4995 2977 5066 culpae
3007 4997 3238 5057 Caesaris
3272 4911 3457 5074 ulEfixt:

1879 5097 2068 5178 inquit.
2097 5116 2198 5169 qtto
2224 5101 2487 5178 episcopus
2511 5104 2662 5159 datus
2689 5117 2780 5172 est,
2814 5111 2912 5178 fuit
2936 5121 2982 5164 et
3015 5117 3289 5170 necessitas
3307 5122 3458 5175 adire

1879 5173 2194 5249 comitatum.
2228 5175 2484 5250 Conntes»
2519 5177 2766 5250 videlicet
2814 5173 3224 5250 appellabantur
3276 5173 3451 5246 intimi

1881 5246 2087 5366 augii'sti
2113 5245 2430 5299 consiliarii.
2455 5247 2561 5301 Sed
2583 5249 2775 5318 legesis
2793 5245 3005 5308 Dul‘res.
3029 5256 3092 5311 ad
3118 5257 3254 5314 hanc
3273 5245 3458 5318 vocem

1881 5328 1931 5366 m
2030 5329 2134 5366 oss.

1878 5311 1931 5366 in
1960 5313 2134 5367 Gloss.

1951 5382 2074 5464 21η.
2107 5384 2272 5464 Uxor.
2294 5388 2488 5464 Ariana
2516 5390 2649 5464 haec,
2674 5409 2804 5449 uxor
2829 5396 3181 5453 Valentiniani
3210 5405 3461 5464 senioris.

1882 5455 2480 5539 Justitialuit,_Arian:n
2511 5463 2756 5539 factionis
2805 5478 3025 5532 patrona
3057 5484 3104 5523 et
3141 5455 3464 5539 nunnfiié

1879 5542 2006 5607 qua,
2039 5530 2113 5580 uti
2143 5530 2328 5607 S_u:f'llill
2376 5530 2648 5607 Socrates,
2700 5530 2876 5600 libfv,
2925 5555 2974 5595 c.
3039 5543 3122 5607 ll,
3156 5555 3206 5596 ι·ι
3243 5530 3460 5604 smmi

1880 5598 2038 5688 Ιηνιι.
2156 5601 2235 5688 115,
2269 5614 2382 5683 erat
2428 5605 2493 5659 ταὶ
2533 5603 2790 5680 ’Δρειανών
2818 5598 3120 5688 φρονοῦσαί
3146 5615 3217 5669 De
3256 5598 3460 5674 eadem

1881 5672 2030 5744 plura
2073 5671 2214 5744 Eccl.
2255 5675 2564 5744 scriptores.

1950 5741 2073 5818 2l78.
2108 5742 2341 5803 SCiltCCl,
2367 5741 2424 5799 ut
2455 5750 2518 5801 de
2568 5753 2680 5818 ipSo
2732 5753 2913 5807 scribit
2943 5756 3206 5811 Sulpicius
3235 5775 3247 5812 :
3275 5759 3458 5815 Cilicio

1879 5811 2200 5898 OvaleUfr,“
2227 5818 2392 5871 cinere
2444 5811 2816 5889 conspergitur.
2849 5829 2960 5880 cibo
2983 5841 3203 5898 potaque
3219 5831 3433 5889 abstinet

1877 5887 2320 5963 orationesdielius
2349 5887 2674 5961 noctibusque
2705 5887 2990 5963 ptrpetuut.

1949 5955 2070 6008 22.3.
2106 5959 2384 6026 C0d.Vat.,
2414 5966 2526 6027 Quo
2548 5955 2758 6037 angelus
2779 5955 3048 6025 adsistens.
