4192 6546
627 438 633 443 '
703 422 812 486 399

859 536 1094 594 Cervicis
1121 537 1269 592 durae
1295 534 1509 590 solvens
1531 535 1721 590 ardore
1751 536 2005 604 rigorem.

851 631 983 690 lndc
1006 631 1212 704 ﬂagella
1233 639 1497 702 coquunt,
1523 631 1645 686 hinc
1694 645 1872 700 regem
1905 629 2147 685 incendia
2177 642 2282 682 cae-

2111 719 2281 793 [dunt.

856 820 1079 891 Vapulat
1102 830 1154 876 et
1177 833 1376 890 raptois
1398 821 1626 873 ﬂammis
1663 826 1881 888 augusta
1910 825 2174 886 potestas;

854 915 990 969 llinc
1017 915 1160 968 celer
1180 914 1380 969 exsiliit
1407 913 1617 980 rapiens
1641 928 1701 967 se
1721 913 1919 973 Ctesar,
1947 922 2002 966 et
2031 911 2246 976 ardens,

705 1006 815 1065 2'55
841 1007 1053 1063 Martini
1083 1023 1254 1078 genua
1285 1006 1613 1078 amplectens
1644 1005 1970 1073 pedibusque
1997 1004 2273 1058 volutans.

849 1099 1044 1170 Sicque
1069 1099 1355 1170 superbum
1383 1098 1656 1154 hominem
1687 1112 1744 1153 se
1777 1111 2070 1167 agnoscere
2116 1109 2278 1164 poena

2063 1187 2280 1260 [coegit,

844 1280 981 1339 Vilia
1012 1297 1171 1352 regna
1202 1283 1455 1351 probans,
1480 1292 1534 1336 et
1555 1283 1696 1337 celsa
1713 1280 1988 1336 cacumina
2019 1295 2274 1347 curvans,

847 1374 1128 1445 lmperiale
1157 1385 1318 1444 caput
1349 1375 1514 1428 sancti
1539 1374 1604 1428 ad
1638 1376 1858 1443 vestigia
1881 1373 2136 1427 subdens.

843 1466 954 1524 Nec
975 1475 1220 1535 spectare
1250 1481 1434 1535 preces
1469 1467 1666 1535 patitur
1689 1465 1988 1520 reverentia
2012 1464 2142 1534 justi
2169 1483 2182 1526 ;

683 1546 807 1618 .300
833 1558 1090 1617 Praestitit
1113 1569 1236 1613 ante
1267 1567 1478 1613 tumens
1516 1573 1675 1630 quam
1730 1558 1953 1627 supplex
1995 1557 2168 1610 danda
2197 1569 2284 1610 ro-

2059 1651 2282 1721 [gasset;

847 1749 1011 1820 Regia
1039 1749 1140 1805 rite
1171 1764 1369 1819 parans
1400 1749 1640 1804 convivia
1670 1763 1813 1817 smpe
1846 1749 2029 1812 beato;

847 1844 1050 1900 Obtulit
1081 1842 1204 1898 inde
1223 1841 1406 1896 favens
1427 1843 1639 1897 abeunti
1670 1855 1889 1896 munera
1923 1841 2202 1909 princeps:

1416 421 1735 479 VENANTII
1775 421 1934 479 llON.
1976 418 2182 478 CLEM.
2228 412 2618 476 FORTUNATI
2649 412 2931 472 OPERUM
2971 411 3152 470 PARS
3191 409 3236 471 l.

2312 533 2364 592 Α

3879 401 3987 465 400

2543 529 2730 582 Omnia
2759 540 3077 596 praeponens
3106 525 3221 578 haec
3251 519 3622 588 imperialibus
3647 519 3812 575 escis.

2387 620 2492 676 265
2540 620 2651 674 llnc
2679 619 2937 673 Martinus
2959 616 3067 687 agit
3089 659 3102 680 ,
3133 628 3240 683 quo
3266 612 3479 668 clausos
3505 626 3728 666 carcere
3757 612 3910 668 laxet
3931 650 3948 678 ,

2530 713 2736 767 Exsilio
2759 713 2973 776 ductos,
3002 709 3307 775 laribusque
3329 706 3554 760 reducat
3579 706 3758 770 avitis,

2533 806 2638 861 Sed
2662 805 2778 871 tibi,
2810 812 3000 859 sancte
3024 813 3201 872 pater,
3230 800 3406 854 minus
3436 806 3541 864 est,
3572 801 3815 869 Augusta
3843 796 3986 866 quod

3747 889 3953 962 [explet
3966 929 3984 957 ,

2529 992 2641 1046 lloc
2665 989 2834 1059 magis
2862 986 3119 1056 obsequio
3148 987 3324 1041 crevit
3349 984 3532 1056 regina
3561 993 3809 1054 peracto.

2609 1084 2702 1139 Est
2733 1085 2885 1137 locus
2914 1081 2968 1135 in
2999 1079 3279 1135 Turonum
3310 1078 3416 1132 line
3478 1085 3534 1132 et
3561 1077 3775 1131 contine
3807 1073 3988 1127 Bitur-

3802 1169 3984 1239 leum.

2385 1269 2491 1325 270
2535 1269 2714 1325 lncola
2747 1281 2905 1337 quem
2941 1265 3118 1319 vicum
3144 1263 3397 1318 vocitavit
3426 1260 3518 1315 Cla
3533 1259 3901 1329 udinmagum,

2531 1362 2738 1416 Mansio
2769 1363 2904 1412 forte
2930 1358 3028 1411 fuit
3053 1357 3281 1412 Martino
3314 1353 3659 1421 praetereunti
3680 1392 3697 1419 ,

2532 1451 2791 1506 Ecclesia:
2825 1448 3036 1504 Domini
3064 1462 3166 1516 qua
3201 1444 3486 1499 secretaria
3521 1443 3766 1512 pollent;

2539 1542 2914 1612 Virgineisque
2954 1539 3133 1595 choris
3175 1546 3360 1594 Sancto
3401 1535 3747 1598 abscedente,
3800 1533 3982 1603 requi-

3802 1626 3951 1697 [ηιηι
3967 1666 3986 1694 ι

2540 1729 2658 1796 Quo
2687 1727 2854 1792 stetit,
2884 1733 2977 1781 aut
3028 1723 3186 1788 sedit,
3214 1721 3381 1792 iacuit
3428 1737 3600 1793 genua
3632 1730 3795 1777 att-ue
3827 1720 3989 1775 reﬂe-

3848 1812 3946 1885 [xit
3973 1829 3988 1878 ;

847 1935 1174 2006 Paupertate
1204 1947 1392 2004 potens
1422 1934 1515 1988 sed
1544 1934 1774 2002 reppulit
1803 1933 1981 1986 omnia
2009 1900 2249 2002 sanctus,

2399 1915 2495 1972 275
2537 1914 2808 1970 Lambunt
2849 1919 3044 1968 cuncta
3085 1909 3268 1976 simul,
3315 1909 3400 1964 vel
3439 1909 3508 1963 ad
3549 1908 3732 1964 oscula
3777 1905 3991 1976 singula

849 2029 1104 2100 Donaque
1148 2028 1469 2098 despiciens,
1514 2029 1709 2082 meruit
1757 2026 1875 2094 plus
1923 2024 2164 2094 principe
2211 2025 2280 2078 ab

2125 2113 2281 2187 [ipso,

699 2232 807 2292 245
845 2233 1076 2291 Tantum
1111 2232 1282 2288 maius
1330 2231 1534 2286 habens
1596 2239 1852 2299 quantum
1897 2232 2072 2284 minus
2118 2227 2288 2282 ambit

2048 2320 2280 2392 [avarus.

845 2420 1039 2477 Omnia
1066 2427 1190 2473 sunt
1215 2417 1312 2472 soli
1335 2417 1422 2486 qui
1449 2416 1589 2471 nulla
1620 2415 1846 2486 requirit
1881 2413 2133 2469 habendi.

842 2513 983 2572 Hinc
1011 2528 1222 2584 quoque
1248 2511 1560 2568 Romuleam
1591 2519 1803 2581 regeret
1851 2524 1972 2564 cum
2029 2508 2286 2563 Maximus

2061 2599 2284 2672 [arcem,

849 2698 949 2754 Vir
973 2697 1196 2765 capiens
1214 2696 1418 2764 apicem
1446 2710 1540 2764 per
1559 2695 1767 2763 publica
1793 2703 1939 2764 gesta
1967 2692 2282 2761 triumphis:

851 2790 1062 2861 Sepias
1087 2789 1171 2844 hic
1195 2799 1437 2843 sanctum
1467 2803 1560 2856 per
1589 2787 1738 2842 celsa
1773 2786 1966 2854 palatia
1995 2784 2176 2850 duxit;

703 2907 810 2963 250
850 2905 964 2962 Hoc
989 2914 1100 2960 toto
1130 2918 1380 2959 sermone
1403 2903 1627 2972 loquens
1653 2901 1721 2955 de
1754 2901 1872 2954 luce
1903 2900 2074 2954 futura
2112 2917 2123 2952 :

841 2999 970 3068 Quis
998 2998 1068 3054 sit
1095 2996 1264 3054 honor
1292 2995 1450 3050 ’ustis
1501 2994 1618 3048 laus
1667 2993 1859 3064 gloria,
1894 2991 2091 3061 palma,
2126 3003 2286 3044 coro-

2158 3081 2246 3154 [ηε
2269 3098 2283 3146 ;

841 3187 950 3244 Nec
970 3186 1151 3254 regina
1177 3183 1338 3254 pedes
1363 3188 1540 3242 cessat
1577 3180 1875 3251 lacrymosa
1905 3179 2102 3247 rigare,

847 3280 1111 3335 Sternens
1134 3279 1372 3332 membra
1394 3276 1531 3341 solo,
1557 3273 1890 3342 suspendens
1907 3271 2095 3342 gaudia
2127 3276 2251 3324 voto
2274 3283 2288 3322 :
2316 3268 2366 3335 α

848 3372 981 3428 inde
1005 3380 1252 3441 precatur
1277 3383 1466 3433 ovans,
1499 3366 1742 3420 convivia
1770 3376 1830 3418 ut
1859 3365 1970 3434 ipsa
1998 3371 2242 3433 pararet;

702 3488 815 3548 255
849 3486 1067 3544 Obtinet
1097 3484 1198 3540 hoc
1226 3483 1434 3540 bonitas
1463 3481 1606 3551 quod
1634 3495 1740 3536 non
1774 3480 1914 3534 valet
1959 3478 2063 3534 alta
2103 3487 2285 3548 potes-

2139 3572 2242 3645 [tas
2269 3587 2286 3626 :

851 3675 972 3746 Ipsa
1001 3686 1160 3728 manu
1183 3669 1368 3725 sellam
1395 3668 1592 3738 posuit,
1634 3681 1986 3737 mensamque
2015 3667 2246 3735 paravit,

854 3766 998 3822 Dans
1027 3763 1274 3820 manibus
1320 3762 1568 3832 lymphas
1592 3802 1608 3829 ,
1645 3775 1832 3816 rursus
1872 3760 2052 3829 regina
2094 3758 2284 3814 minis-

1924 3846 1926 3848 ’
2163 3851 2290 3923 [trat

851 3956 1020 4020 Laeta,
1043 3953 1284 4008 modesta
1308 3949 1422 4004 suis
1442 3948 1634 4018 palmis
1663 3961 1796 4016 quas
1823 3955 2040 4000 coxerat
2055 3958 2205 4000 escas
2233 3962 2247 3998 :

852 4048 971 4115 Quo
997 4044 1273 4101 residente
1292 4055 1466 4105 sacro,
1493 4038 1744 4093 stetitilla
1774 4036 2051 4092 immobile
2072 4037 2287 4106 planta:

703 4158 810 4217 260
849 4155 1078 4213 Fercula
1103 4152 1427 4215 subducens,
1452 4160 1507 4204 et
1531 4149 1716 4218 pocula
1747 4148 1974 4218 porrigit
2002 4150 2139 4217 ipsa,

849 4247 970 4307 Una
998 4248 1245 4301 ministra
1271 4246 1390 4297 viro
1416 4241 1628 4297 suﬂecit
1653 4240 1718 4294 ad
1745 4239 1922 4294 omnia
1950 4239 2069 4292 soli.

851 4340 1072 4398 (lanula
1101 4337 1303 4403 finitur,
1329 4334 1422 4389 sed
1447 4335 1619 4388 adhuc
1645 4333 1822 4401 regina
1851 4331 2075 4402 satagit,

850 4432 1162 4504 Fragmina,
1174 4428 1451 4497 reliquias,
1467 4434 1694 4490 crustas,
1714 4435 1767 4479 et
1783 4425 1947 4478 frusta
1965 4421 2289 4486 recondens;

779 4595 909 4651 245.
943 4593 1084 4648 Edit.
1109 4591 1271 4656 Ven.,
1296 4596 1457 4649 tanta,
1485 4588 1674 4655 majus.

3743 1997 3990 2070 [ducunt.

2542 2099 2780 2154 Divisere
2807 2096 2886 2152 sui
2912 2093 3218 2150 veneranda
3241 2093 3504 2147 stramina
3531 2091 3658 2146 lecti
3683 2133 3696 2157 ,

2537 2194 2712 2262 Atque
2739 2191 2885 2244 leves
2912 2187 3091 2257 paleas
3115 2184 3334 2239 virtutis
3363 2183 3602 2252 pondere
3629 2190 3884 2252 pensant,

2540 2284 2710 2350 Quam
2744 2279 2918 2349 tetigit
2951 2278 3202 2346 stipulam
3233 2286 3478 2340 sanctus,
3511 2289 3617 2329 non
3649 2274 3762 2328 ibat
3794 2273 3990 2329 inanis.

2542 2376 2788 2444 Denique
2819 2380 2938 2440 post
2962 2369 3163 2439 fragilis
3190 2367 3456 2435 confregit
3483 2366 3638 2420 fortia
3663 2367 3899 2419 culmus.

2402 2468 2508 2525 280
2551 2468 2681 2522 Nam
2713 2469 2946 2534 graviter
2975 2461 3261 2532 quemdam
3290 2459 3468 2514 rabies
3493 2459 3765 2513 invaserat
3793 2458 3990 2527 hostis,

2541 2561 2608 2614 Et
2637 2559 2970 2613 truculentus
2995 2570 3160 2623 agens
3184 2555 3384 2608 erroris
3403 2552 3624 2621 spiritus
3649 2551 3771 2615 iret,

2539 2655 2672 2708 Dum
2703 2649 2960 2720 rapiendo
2985 2655 3126 2702 rotat
3151 2660 3353 2701 vesano
3371 2646 3593 2700 cardine
3620 2645 3876 2714 praedam,

2537 2745 2689 2800 Hunc
2713 2756 2978 2811 suspensa
3007 2740 3107 2792 viri
3136 2739 3283 2814 collo
3312 2737 3518 2791 festuca
3543 2737 3770 2806 fugavit,

2543 2836 2945 2902 Immanemque
2976 2833 3186 2887 hostem
3213 2829 3452 2900 palearis
3482 2842 3649 2884 art5ta
3677 2830 3934 2887 removit.

2393 2928 2502 2988 285
2543 2929 2717 2992 Tibia,
2754 2928 2907 2996 fruge
2934 2927 3103 2991 ferax,
3137 2926 3339 2979 larvam
3363 2924 3883 2994 jaculata,sagittat,

2547 3024 2616 3078 Et
2643 3021 2840 3089 stipula
2865 3021 3045 3084 exilis,
3075 3020 3224 3088 quasi
3250 3017 3381 3073 dura
3407 3017 3680 3088 phalarica
3708 3017 3847 3072 fixit.

2541 3115 2648 3171 Nec
2673 3116 2754 3168 sic
2780 3115 2940 3169 ullius
2965 3112 3094 3168 ferri
3119 3113 3428 3180 expavisset
3451 3126 3699 3177 acumen,

2541 3209 2756 3278 Spicula
2785 3223 2884 3262 nec
2912 3218 3115 3261 tantum
3147 3206 3438 3270 timuisset,
3465 3205 3630 3260 missa
3659 3220 3756 3274 per
3781 3219 3995 3273 arcum,

2542 3302 2768 3357 Lubrica
2801 3303 3096 3371 pennigero
3125 3299 3402 3353 venientia
3429 3298 3534 3353 tela
3568 3298 3772 3363 volatu,

2391 3397 2498 3453 290
2539 3395 2788 3450 Parthica
2818 3410 2912 3449 seu
2947 3395 3194 3447 timidum
3221 3393 3268 3448 si
3297 3391 3678 3447 transfodisset
3701 3391 3936 3454 arundo,

2539 3487 2699 3557 Plaga
2734 3496 2790 3541 ut
2817 3485 2994 3541 vicino
3020 3486 3238 3555 gravius
3265 3486 3555 3542 lacerasset
3583 3487 3650 3539 ab
3679 3485 3813 3550 ictu,

2537 3578 2801 3636 Stramina
2816 3576 2895 3632 sic
2911 3577 3102 3631 metuit
3117 3575 3394 3646 trepidans
3407 3575 3786 3628 adamantinus
3798 3574 3996 3640 hostis,

2541 3671 2618 3726 Ac
2648 3669 2794 3724 velut
2831 3682 2896 3723 ex
2927 3669 3140 3736 stipulis
3163 3676 3423 3736 coqueret
3443 3681 3503 3721 se
3527 3666 3744 3721 ﬂamma
3771 3667 3996 3732 camini,

2546 3760 2638 3814 Vir
2663 3760 2816 3813 stetit
2841 3757 3148 3821 incolumis,
3174 3755 3414 3824 fugiente
3437 3758 3734 3812 volucriter
3757 3757 3952 3811 umbra
3978 3773 3994 3786 π

2395 3853 2504 3910 295
2549 3851 2759 3908 Deserit
2775 3861 2831 3906 et
2849 3850 3085 3920 pradam
3113 3849 3274 3919 lupus
3297 3852 3504 3918 ingens,
3525 3859 3580 3905 et
3605 3851 3690 3905 leo
3715 3850 3998 3907 frendens.

2621 3945 2748 4000 Inde
2777 3942 3070 3999 revertenti
3092 3941 3446 3997 Trevirorum
3471 3957 3538 3996 ex
3568 3944 3704 3996 urbe
3729 3943 3924 4008 beato,

2540 4035 2706 4092 Obvia
2737 4035 2875 4090 forte
2899 4034 3059 4089 datu‘r
3081 4033 3266 4088 medio
3293 4034 3406 4088 iera
3433 4034 3658 4088 buccula
3685 4048 3922 4102 campo;

2541 4131 2709 4197 Quam
2735 4129 2948 4182 daemon
2975 4127 3144 4182 dorso
3170 4127 3486 4182 incumbens
3508 4126 3746 4195 agitabat
3770 4110 3994 4195 anhelo,

2549 4219 2820 4275 Pendulus
2844 4220 2994 4274 aerio
3018 4218 3270 4288 quatiens
3293 4218 3474 4288 auriga
3497 4217 3736 4288 ﬂagello,

2401 4312 2507 4368 300
2553 4310 2780 4366 Pestifer
2802 4321 2920 4367 arte
2948 4325 3086 4365 nova
3107 4351 3123 4376 ,
3151 4323 3311 4364 cursu
3339 4309 3476 4365 bove
3502 4324 3701 4379 nempe
3728 4309 3992 4380 verendo,

2542 4403 2815 4473 Cornigeri
2848 4403 3072 4473 pecudis
3099 4402 3385 4472 prooulsor
3411 4401 3579 4456 mulio
3606 4402 3777 4458 tristis

2403 4577 2530 4633 inde
2567 4579 2632 4631 ab
2673 4579 2856 4644 apside
2895 4578 3141 4632 solebant
3183 4578 3331 4640 poni.
3378 4575 3584 4630 florum
3629 4592 3790 4631 usum
3835 4578 3993 4632 nobis

779 4644 909 4722 iiii:
935 4644 1067 4718 add.
1106 4644 1295 4721 Vaticz,
1325 4644 1518 4727 palatia
1540 4644 1698 4710 ducit.
1733 4653 1948 4727 Maximi
1977 4654 2141 4727 pietas
2169 4653 2286 4706 latt-
2317 4644 2372 4707 D
2399 4650 2635 4704 ostendit
2682 4650 2932 4727 Paulinus
2973 4653 3133 4727 epist.
3159 4649 3277 4727 Si,
3297 4648 3486 4727 inqua
3516 4650 3865 4727 scribe_ns_ad
3895 4649 3995 4727 Sco

710 4742 868 4794 tlalur
895 4753 922 4790 a
951 4734 1174 4802 Sttlpic.,
1209 4725 1339 4784 Dial.
1373 4745 1431 4790 tt,
1481 4743 1530 4783 c.
1566 4729 1620 4792 ὖ,
1673 4726 1943 4794 excipiens
1993 4725 2183 4794 quibus
2233 4738 2291 4778 se

717 4809 1002 4866 admiscuit
1028 4806 1199 4859 civilia
1230 4802 1470 4856 dissidia.

768 4881 908 4936 "251.
935 4877 1065 4932 Cod.
1102 4875 1243 4938 νειμ,
1277 4873 1410 4938 Quid
1435 4873 1498 4924 sit
1528 4868 1847 4936 honorjusti.

790 4953 918 5004 9.59.
952 4949 1092 5001 Edit.
1125 4945 1284 5010 νειμ,
1307 4945 1439 4995 stetit
1473 4943 1564 4994 illa
1591 4940 1884 5003 immobilis,
1912 4946 2078 5008 atque.

781 5021 910 5076 26:2.
949 5019 1089 5073 Edil.
1126 5016 1284 5078 Ven.,
1313 5015 1486 5083 regina
1517 5015 1713 5080 sategit.

787 5094 914 5148 263.
954 5081 1889 5154 Μθκίηιὶςυιιῇιιίηὶιιιίι-υιιιοἰυονυιη
1906 5081 2155 5147 reliquias
2173 5095 2290 5154 qure

721 5183 756 5222 ε
786 5163 995 5219 Martini
1038 5174 1192 5212 caruit
1222 5153 1593 5223 superfuerant
1625 5157 1694 5205 uti
1730 5156 1988 5223 pretiosas
2018 5153 2282 5204 recondit.

787 5233 916 5290 265.
953 5232 1208 5285 Martium
1237 5221 1339 5280 non
1365 5232 1480 5279 sine
1503 5239 1662 5278 causa
1694 5239 1750 5274 se
1779 5239 1807 5274 a
1840 5221 2016 5287 regina
2045 5224 2292 5275 convivio

718 5309 889 5373 excipi
927 5317 1115 5374 passus
1141 5309 1251 5362 est,
1285 5313 1366 5350 νιν
1395 5296 1718 5363 caeteroqnin
1750 5305 1803 5346 et
1833 5298 1900 5345 uh
1935 5295 2054 5346 vita:
2095 5297 2293 5346 sancti-

721 5387 880 5432 [atem
906 5373 933 5438 ,'
971 5386 1022 5425 et
1073 5373 1142 5425 ob
1182 5379 1388 5423 aetatem
1433 5373 1592 5437 (nam
1638 5377 1744 5438 tum
1792 5375 2230 5438 septnugcnartus
2263 5378 2293 5417 a

717 5437 956 5516 Sulpicio
984 5444 1147 5496 fuis~e
1169 5437 1698 5516 scribitur).alromui
1725 5437 1963 5515 criminis
1988 5437 2291 5503 suspicione

720 5508 968 5578 alie-ntus;
1001 5530 1105 5581 qun
1137 5511 1384 5564 nimirum
1420 5510 1506 5561 illa
1539 5508 1860 5581 indulgentia
1895 5508 2127 5564 miseris.
2162 5521 2292 5574 quo-

721 5609 840 5647 rum
873 5579 1059 5642 salutis
1091 5582 1439 5647 deprecandae
1471 5595 1628 5632 CilllSd
1673 5581 1736 5630 ad
1785 5579 2162 5644 imperatorem
2183 5591 2295 5630 .ac-

719 5671 989 5721 cesserat,
1026 5656 1226 5709 facilius
1261 5658 1464 5706 veniam
1499 5653 1827 5718 impetraret.

794 5733 918 5785 Ἧι).
952 5720 1402 5794 Claudiomagum.
1446 5722 1594 5775 Hunc
1635 5723 1805 5776 vicum
1838 5720 2294 5774 Claudiomachum

719 5799 1392 5873 appellatiSulpiciuscap.
1420 5795 1470 5848 8.

793 5862 920 5926 52.72.
953 5862 1116 5934 idem,
1161 5869 1287 5920 dial.
1331 5862 1400 5930 tt,
1441 5879 1559 5931 cap.
1587 5864 1648 5931 l,
1690 5874 1870 5933 aperte
1911 5863 2146 5917 declarat
2189 5862 2296 5915 duo

722 5944 1010 6004 secretaria
1040 5943 1089 5995 in
1119 5940 1359 5995 ccclesiis
1382 5936 1584 5994 exstrui
1607 5939 1948 5993 consttevisse
1975 5952 1989 5991 :
2015 5951 2134 6004 qua:
2168 5934 2293 5989 hinc

2398 4736 2580 4775 verum
2614 4722 2907 4774 versiculos
2938 4721 3132 4786 mittit,
3168 4720 3220 4772 itt
3264 4718 3487 4772 basilica
3531 4719 3702 4772 sancti
3751 4718 3952 4774 Felicis
3975 4760 3994 4784 ,

2397 4808 2426 4846 a
2459 4808 2515 4844 ευ
2540 4803 2866 4852 couStructa,
2889 4791 3116 4844 diversis
3143 4791 3196 4842 in
3229 4791 3361 4843 locis
3389 4788 3676 4858 inscriptos
3702 4807 3714 4842 :
3744 4791 3799 4842 iu
3828 4807 3998 4844 secre-

2397 4868 2544 4918 tariis
2568 4881 2678 4917 vero
2717 4865 2940 4931 (subdit)
2961 4861 3182 4925 duobus,
3207 4877 3324 4930 qua:
3351 4878 3508 4930 supra
3537 4862 3644 4913 dixi
3684 4863 3823 4914 circa
3853 4863 3999 4927 apsi-

2397 4936 2511 4989 dem
2541 4952 2668 5000 esse,
2703 4935 2754 4991 lii
2783 4949 2956 4986 versus
2984 4932 3215 4985 indicunt
3245 4933 3414 5000 olftcia
3441 4933 3764 5000 siugutorunt
3789 4947 3807 4985 :

2932 5026 2974 5078 Α
3013 5026 3193 5078 dextra
3232 5023 3431 5091 apsidis
3455 5040 3472 5076 :

2461 5119 2548 5169 Hic
2569 5119 2702 5168 locus
2721 5127 2798 5168 est
2822 5117 3099 5166 Veneranda
3123 5129 3298 5178 penus,
3316 5127 3412 5176 qua
3437 5115 3681 5176 conditur,
3707 5124 3760 5165 et
3777 5130 3875 5178 qua

2527 5183 2771 5232 l’t-omitur
2792 5181 2914 5230 alma
2933 5181 3057 5229 sacri
3080 5191 3256 5240 pompa
3278 5178 3550 5228 ministerii.

2887 5268 2932 5318 Α
2963 5266 3172 5318 sinistra
3211 5265 3443 5330 ejusdem
3467 5279 3486 5317 :

2491 5361 2541 5408 Si
2568 5373 2719 5422 quem
2742 5368 2906 5408 sancta
2932 5363 3076 5422 tenet
3095 5355 3372 5422 meditantla
3393 5357 3458 5422 Δἰιι
3483 5356 3601 5422 lege
3624 5356 3871 5422 voluntas,

2492 5418 2782 5485 lltc'poter'u
2812 5421 3036 5470 residens
3054 5431 3206 5468 sacris
3233 5418 3503 5466 intendere
3523 5419 3678 5468 libris.

2469 5506 2595 5560 9.75.
2637 5506 2775 5559 Edit.
2811 5503 2970 5566 Veu.,
3003 5500 3337 5570 Virginciqtte
3375 5500 3534 5552 chori.
3571 5500 3764 5554 Narrat
3813 5502 4002 5571 Sulpi-

2399 5581 2536 5643 cius,
2562 5594 2680 5646 cap.
2708 5575 2763 5638 8,
2793 5575 2935 5645 quod
2971 5573 3040 5646 ibt
3072 5582 3225 5646 erat:
3258 5571 3472 5646 ecclesia
3501 5571 3713 5624 celebris
3741 5575 4003 5646 religione

2399 5642 2724 5712 sanctorum,
2781 5642 2870 5699 nec
2929 5645 3092 5696 minus
3150 5642 3376 5712 gloriosa
3425 5657 3692 5696 sacrarunt
3735 5642 4003 5716 virginum

2402 5722 2696 5774 multitudo.

2470 5792 2595 5843 9nd.
2630 5790 2760 5844 Cod.
2799 5787 2944 5852 νει,
2973 5785 3244 5852 quemdam
3276 5795 3331 5839 att
3358 5785 3542 5840 rabies.

2471 5863 2597 5915 981.
2632 5860 2761 5913 Iret.
2796 5860 2953 5914 Forte
2981 5861 3104 5912 ibat.

2473 5935 2595 5990 993.
2634 5936 2770 5989 lidit.
2810 5931 2943 5988 Ven.
2971 5972 2987 5998 ,
3027 5933 3176 6000 lupus
3205 5946 3392 6001 egens;
3423 5928 3708 5987 mendose.
