4192 6542
205 416 304 476 tot
1184 407 1275 465 an
1310 405 1480 465 virs
1517 404 1765 465 SANCTI
1815 406 1880 499 ut

1908 403 2123 465 .RTINI.
2160 435 2237 449 —
2273 404 2405 464 LIB.
2446 406 2535 465 Ill.

349 530 663 601 Exagitatur
688 528 833 583 iners
852 571 866 596 ,
896 525 1141 584 residens
1169 541 1269 597 per
1295 533 1443 596 terga
1471 524 1759 580 bubulcus.
1830 524 1887 587 Α

358 625 455 680 Hii:
485 624 576 678 ubi
604 620 935 677 millimodas
964 620 1212 675 animalis
1238 619 1491 689 adegerat
1516 618 1623 673 iras
1645 659 1658 681 ,

356 719 468 771 Ibat
497 716 698 787 ubique
724 716 892 781 ferus,
924 712 1210 769 furibunda
1235 711 1465 782 juvenca
1494 711 1764 775 ministro,

202 811 317 869 305
361 811 475 867 Sttb
505 820 713 864 tortore
740 808 890 879 gravi
924 822 1019 877 per
1040 820 1234 871 curva,
1264 819 1360 874 per
1386 804 1530 858 invia
1558 815 1804 870 cursans,

351 902 596 959 Accessit
622 901 843 971 propius
870 908 1061 954 sancto
1087 896 1321 952 furiatile
1343 910 1535 959 cornu,

356 997 616 1065 Elataqne
641 1009 802 1049 manu
839 991 1103 1063 pecudem
1129 990 1429 1046 consistere
1456 986 1674 1043 mandat
1700 1001 1713 1040 :

348 1088 482 1155 Quae
500 1087 649 1141 stetit
662 1084 721 1140 af
721 1087 848 1152 fixo,
866 1085 1045 1138 minus
1061 1083 1331 1151 improha,
1346 1080 1572 1137 buccula
1587 1092 1802 1149 gressu;

350 1181 520 1251 Quem
546 1195 701 1237 sacer
726 1180 1014 1235 instantem
1044 1190 1166 1233 mox
1198 1176 1353 1245 vidit,
1376 1174 1698 1241 comminus,
1724 1174 1807 1228 in-

1648 1272 1802 1343 quit.

196 1375 312 1433 510
354 1375 521 1445 Perge
545 1374 718 1439 ferox,
744 1372 867 1442 fuge
888 1385 1052 1439 saeve,
1074 1369 1192 1426 redi
1214 1368 1379 1436 male,
1406 1368 1538 1424 cede
1560 1376 1801 1436 cruente,

353 1468 642 1523 lnnocuam
678 1465 939 1535 pecudem
968 1465 1169 1519 desiste
1195 1464 1405 1533 agitare
1432 1461 1643 1515 nocive.

350 1559 504 1613 Tunc
529 1559 779 1612 animalis
803 1558 946 1611 enini
978 1557 1172 1625 linquit
1200 1556 1314 1611 fera
1343 1554 1521 1609 bellua
1550 1564 1758 1623 tergum
1786 1570 1801 1620 ;

352 1654 419 1708 Et
449 1652 643 1720 recipit
678 1652 951 1721 proprium
985 1648 1266 1703 mitissima
1297 1648 1522 1701 buccula
1552 1660 1800 1700 sensum.

350 1748 624 1803 Sternitur
647 1758 771 1801 ante
794 1745 959 1815 pedes
983 1744 1179 1807 sancti,
1206 1753 1530 1797 veneranter
1551 1742 1803 1807 adorans,

201 1839 316 1896 515
363 1838 537 1895 Flexit
570 1849 625 1893 et
650 1837 767 1905 ipsa
795 1853 935 1909 genu
961 1852 1080 1907 quae
1111 1852 1217 1891 non
1248 1835 1410 1891 habet
1442 1836 1805 1903 intellectum,

350 1930 551 1986 Contra
578 1941 820 1983 naturam
846 1930 1157 1983 discernens
1180 1937 1329 1999 gesta
1354 1928 1516 1981 beati.
1835 1912 1885 1973 Β

348 2022 789 2091 Obsequiumque
809 2021 959 2075 dedit
987 2022 1162 2076 meriti
1186 2036 1306 2091 qua:
1329 2020 1497 2076 nescit
1524 2020 1805 2087 honorem,

356 2111 483 2166 lnde
508 2112 677 2182 magis
711 2114 951 2182 humilis,
982 2114 1104 2181 quia
1136 2113 1302 2165 libera
1329 2112 1468 2166 colla
1495 2114 1736 2181 gerebat.
2058 2111 2346 2169 Cressibns
2377 2114 2676 2179 instabiles,
2709 2117 3005 2185 pendentes
3028 2116 3255 2171 saltibus
3283 2119 3436 2188 ipsis,

355 2206 493 2259 Ante
519 2206 675 2275 ligata
704 2213 939 2271 tumens,
971 2220 1000 2260 a
1028 2215 1181 2276 peste
1206 2209 1380 2259 soluta
1409 2206 1622 2260 reclinis
1646 2222 1662 2267 ;
2062 2202 2127 2258 Et
2155 2206 2365 2259 rediere
2397 2221 2557 2261 canes
2586 2210 2739 2276 quasi
2771 2224 2863 2275 per
2891 2208 3114 2278 vestigia
3141 2211 3324 2264 cancri
3350 2226 3366 2275 ;

196 2297 311 2354 320
350 2298 481 2367 Quae
506 2300 659 2353 stetit
682 2314 779 2354 ore
801 2299 1056 2366 fremens,
1085 2299 1282 2354 cecidit
1309 2309 1433 2369 post
1459 2301 1664 2355 vincula
1685 2314 1812 2370 snp-
1912 2293 2019 2352 560
2059 2296 2258 2367 Eﬂ‘ugit
2283 2298 2565 2355 incolumis
2589 2316 2682 2370 per
2707 2312 2893 2371 aperta
2919 2301 3225 2372 lepuscttlus
3248 2318 3398 2373 arva,

1639 2392 1806 2464 [plex,
2061 2391 2128 2445 Et
2153 2406 2286 2445 cane
2310 2393 2572 2462 seposito,
2605 2402 2748 2448 tutus
2781 2394 2905 2448 terit
2926 2395 3036 2449 alta
3067 2395 3263 2450 viator.

2062 2482 2158 2538 Hic
2188 2481 2347 2553 fugit,
2378 2486 2465 2540 ille
2494 2486 2656 2554 redit,
2690 2489 2866 2542 nullus
2891 2489 3054 2560 perit,
3079 2504 3208 2547 ecce
3235 2490 3507 2559 salutem;

2058 2575 2148 2632 Sic
2174 2592 2391 2647 quoque
2421 2580 2667 2635 bestiolis
2694 2595 2881 2650 pacem
2913 2598 3067 2638 sacer
3092 2582 3272 2637 intulit
3298 2583 3454 2655 ipsis;

2059 2667 2424 2740 Debilitasque
2454 2689 2645 2726 canum
2675 2675 2813 2729 facta
2839 2685 2923 2731 est
2953 2676 3165 2746 pietatis
3193 2677 3398 2748 imago,

1923 2763 2028 2819 565
2068 2767 2170 2834 Qui
2200 2770 2376 2837 potius
2408 2774 2573 2823 vetito
2600 2769 2907 2826 didicerunt
2931 2787 3153 2842 parcere
3176 2789 3360 2828 morsu
3386 2791 3401 2839 ;

2060 2858 2124 2911 Et
2148 2859 2273 2927 quia
2303 2858 2590 2915 defuerant
2616 2861 2885 2931 homines,
2916 2863 3016 2918 ubi
3038 2866 3171 2918 mira
3201 2863 3441 2931 facessit,

2053 2952 2135 3005 Nil
2159 2952 2227 3006 de
2256 2952 2413 3008 laude
2440 2956 2597 3023 perit,
2622 2955 2876 3010 miracula
2908 2957 3079 3012 bestia
3106 2958 3297 3013 sensit.

2057 3050 2265 3109 Quanta
2294 3048 2455 3100 etiam
2482 3048 2654 3103 sancti
2682 3050 2947 3103 sermonis
2974 3050 3142 3119 gratia
3170 3049 3358 3104 fulsit?

2058 3142 2157 3207 Qui
2189 3158 2311 3197 cum
2338 3160 2509 3212 nuper
2535 3159 2689 3199 ovem
2722 3145 2947 3200 vidisset
2972 3147 3171 3201 vellere
3202 3158 3438 3214 tonsam,

1916 3234 2024 3289 370
2068 3234 2193 3289 Haec
2224 3234 2518 3304 Evangelii,
2549 3236 2756 3305 dicens,
2787 3239 3038 3291 mandata
3068 3237 3310 3307 peregit:

2060 3326 2304 3398 Namque
2319 3327 2452 3383 duas
2468 3330 2676 3384 tunicas
2693 3338 3104 3399 gestans,unam
3121 3331 3316 3384 obtulit
3330 3330 3516 3391 insons

2058 3422 2128 3477 Et
2154 3422 2356 3477 nudata
2385 3438 2484 3478 suo
2513 3425 2580 3479 de
2613 3425 2848 3495 tegmine
2877 3426 3013 3480 texit
3039 3434 3309 3493 egentem.

2130 3515 2429 3585 Inspiciens
2462 3517 2644 3572 itidem
2677 3527 2893 3572 sanctus
2924 3534 3017 3587 per
3045 3533 3167 3573 rura
3198 3516 3509 3587 subulcum,

2059 3606 2269 3663 Nudutn
2305 3608 2527 3677 pellicea
2563 3617 2770 3664 tantum
2802 3610 2902 3664 sub
2934 3620 3084 3665 veste
3118 3622 3456 3679 trementem,

3404 405 3510 467 609.

2053 523 2228 589 Mons,
2244 523 2422 590 vallis,
2442 531 2613 592 petra,
2628 523 2774 595 sylva
2786 565 2800 589 ,
2816 521 2989 581 frutex
3006 523 3279 580 defecerat
3292 527 3490 593 omnis,

2060 613 2167 671 Per
2190 616 2403 686 patulos
2426 630 2669 685 campos,
2701 617 2920 689 fugienti
2946 618 3182 687 tegmine
3209 620 3373 688 nudo,

1909 706 2019 766 345
2063 707 2271 779 Poplite
2293 709 2523 776 defecto,
2556 710 2693 778 pede
2717 711 2883 780 lasso,
2916 728 3047 768 nare
3077 712 3280 767 recliva
3311 730 3325 767 :

2054 800 2223 857 Totus
2245 800 2313 855 ab
2339 815 2435 856 ore
2461 802 2632 870 canis,
2667 818 2761 871 per
2786 802 2997 874 singula
3028 820 3307 860 murmura
3337 847 3352 872 ,
3378 821 3513 878 pene

3318 895 3513 969 [dens,

2056 988 2241 1046 Sensit
2266 991 2463 1046 adesse
2492 1000 2666 1046 tamen
2696 990 2905 1046 Martini
2930 990 3082 1063 signa
3107 993 3247 1047 beati
3272 1036 3286 1059 ,

2058 1080 2236 1138 Flexit
2266 1085 2369 1137 iter
2399 1082 2639 1151 trepidus
2668 1084 2906 1139 hirsutas
2940 1082 3128 1139 fraude
3160 1098 3256 1154 per
3288 1084 3500 1152 herbas,

2054 1171 2292 1231 Auribus
2319 1177 2555 1243 acclivis,
2586 1192 2771 1248 vagus,
2799 1180 3119 1249 exagitatus,
3145 1178 3372 1234 anhelus
3400 1198 3416 1247 ;

1911 1269 2019 1328 350
2058 1269 2278 1328 Corruit
2309 1281 2433 1328 ante
2465 1271 2631 1343 pedes
2668 1272 2906 1328 titubans
2934 1272 3109 1344 lepus,
3141 1274 3345 1331 advena
3377 1289 3514 1344 sup-

3323 1366 3467 1440 [plex
3487 1406 3509 1439 ,

2056 1457 2110 1514 Si
2136 1474 2243 1514 non
2270 1475 2404 1517 voce
2433 1470 2628 1531 potest,
2657 1462 2785 1517 flatu
2817 1477 2913 1533 pro
2938 1476 3073 1518 voce
3104 1472 3374 1532 precatur,

2052 1552 2146 1610 Sic
2169 1555 2279 1609 fera
2306 1570 2464 1624 parva
2483 1554 2654 1625 jacet,
2686 1556 2897 1610 Martini
2927 1558 3164 1626 tegmine
3192 1565 3301 1611 tuta
3320 1599 3337 1624 ,

2057 1646 2124 1702 Et
2156 1650 2381 1703 recubat
2408 1649 2551 1703 dulci
2577 1647 2797 1703 defensa
2820 1648 2921 1703 sub
2944 1649 3152 1705 arboris
3181 1651 3391 1705 umbra.

2057 1738 2209 1795 Tunc
2233 1755 2386 1795 sacer
2408 1756 2472 1797 ex
2499 1741 2660 1796 solito
2684 1743 2974 1797 miseratus
3002 1758 3151 1799 more
3174 1743 3399 1808 salubri,

1913 1828 2020 1886 355
2057 1831 2290 1900 Imperat
2319 1842 2376 1888 ut
2399 1835 2561 1889 catuli
2588 1844 2824 1902 cessent,
2855 1822 3090 1891 abeunte
3116 1835 3326 1908 fugace.

2059 1927 2297 1980 Atsacer
2320 1925 2409 1981 ille
2431 1942 2623 1980 canum
2648 1943 2773 1981 mox
2800 1943 2979 1982 sermo
3000 1930 3237 1984 cucurrit
3257 1930 3307 1985 in
3326 1942 3511 1986 aures.

2055 2017 2395 2089 Torpescunt
2417 2020 2647 2085 habiles,
2677 2022 2840 2078 verbo
2866 2022 3079 2090 figente,
3110 2025 3347 2095 lyciscze,

363 2489 431 2544 Et
459 2488 575 2544 sine
604 2502 738 2544 voce
765 2487 932 2553 favet,
958 2501 1110 2542 armo
1128 2487 1326 2559 jactata
1354 2486 1550 2557 priore.

357 2580 492 2635 Tum
521 2594 677 2634 sacer
704 2581 928 2635 antistes
954 2580 1215 2649 pecudem
1247 2580 1500 2649 pra'cepit
1528 2579 1699 2647 abire;

365 2675 595 2743 Moxque
625 2689 841 2745 gregem
869 2674 1091 2742 repetit,
1124 2674 1355 2743 pastoris
1388 2687 1521 2727 voce
1545 2672 1808 2727 revincta.

352 2768 407 2822 Id
435 2779 644 2839 gestum
671 2780 753 2824 est
784 2768 877 2822 illo
900 2769 1000 2822 sub
1026 2777 1290 2837 tempore.
1318 2767 1533 2838 quando
1560 2767 1702 2822 beati

209 2861 325 2917 325
366 2861 471 2916 Per
500 2862 707 2916 medias
736 2862 979 2916 flammas
1011 2875 1109 2916 nec
1142 2861 1350 2915 fimbria
1381 2868 1627 2915 senserat
1654 2861 1808 2931 ignis.

354 2953 430 3008 De
458 2953 700 3007 minimis
726 2953 887 3006 etiam
914 2951 1218 3007 referantur
1242 2951 1472 3007 maxima
1499 2968 1699 3006 rerum.

355 3046 629 3117 Tempore
661 3062 782 3103 nam
815 3048 1049 3120 quodam
1077 3089 1092 3115 ,
1124 3047 1253 3103 dum
1286 3047 1433 3101 vicos
1462 3047 1704 3101 ambulat
1731 3049 1810 3102 al-

1622 3142 1764 3216 [mtts
1793 3162 1807 3209 ;

347 3237 541 3301 Obvia,
572 3236 802 3291 venandi
832 3236 1033 3301 studio,
1065 3236 1213 3290 volat
1236 3250 1426 3305 agmen
1452 3250 1736 3305 equorum,

353 3328 496 3384 Nare
525 3344 717 3399 sagace
741 3343 965 3392 canum,
999 3328 1058 3381 fit
1086 3327 1284 3396 prada,
1312 3334 1526 3395 reperta
1555 3327 1764 3381 frutetis
1791 3344 1803 3380 :

196 3425 312 3483 330
358 3424 695 3481 Transiliunt
727 3436 951 3492 campos
983 3426 1195 3492 equites
1225 3430 1279 3474 et
1307 3434 1441 3474 voce
1469 3429 1765 3490 sequuntur
1792 3440 1803 3475 :

352 3520 643 3577 Intendunt
668 3521 905 3588 leporctn
941 3517 1226 3585 fugitivum
1251 3517 1459 3587 agitare
1484 3517 1731 3586 molossi,

354 3611 596 3666 Saltibus
622 3611 864 3677 excussi,
896 3611 1091 3665 latratu
1115 3618 1170 3665 et
1191 3609 1354 3663 dente
1382 3609 1599 3675 minaci2

352 3704 542 3760 Difl'usi
572 3692 893 3768 excurrunt,
922 3705 1129 3759 celeres
1158 3702 1211 3756 in
1240 3717 1426 3757 amore
1451 3704 1675 3771 rapinae,

348 3799 500 3854 Alter
527 3799 579 3852 in
610 3798 835 3852 alterius
862 3796 1090 3853 miscent
1111 3798 1339 3865 vestigia
1369 3797 1570 3863 saltus;

194 3892 310 3950 335
352 3893 458 3948 lste.
482 3905 689 3960 sequax
722 3892 935 3957 tacitus,
970 3891 1105 3961 petit
1154 3891 1241 3945 ltic
1271 3891 1598 3947 clamoribus
1626 3907 1806 3960 auras,

354 3985 452 4039 Hic
481 3983 677 4038 frutice
704 3983 758 4037 in
783 3997 956 4038 vacuo
982 3982 1204 4039 delusus
1226 3982 1392 4038 odore
1419 3992 1644 4052 rotatur,

352 4076 584 4132 Motibus
608 4076 853 4132 arboreis
882 4076 1028 4131 saltu
1057 4076 1404 4146 suspenditur
1432 4076 1589 4143 alter,

349 4168 520 4233 Capttt
548 4183 612 4223 ex
638 4169 795 4223 unius
824 4176 1139 4223 cunctorum
1159 4168 1366 4223 frendet
1398 4168 1592 4235 hiatus,

350 4258 509 4328 Smpe
540 4275 704 4329 super
735 4260 977 4329 leporem
1009 4275 1191 4314 morsu
1216 4260 1476 4327 deceptus
1503 4261 1668 4331 inani,

192 4350 310 4408 5ιο
357 4352 630 4421 Unguibus
660 4352 870 4421 injectis
914 4352 1039 4407 dum
1072 4352 1252 4421 przeda
1283 4352 1537 4407 volubilis
1565 4355 1693 4407 exit.

356 4446 437 4498 Ac
464 4459 523 4498 se
548 4444 704 4499 turba
731 4442 947 4514 premit,
974 4443 1053 4498 sic
1078 4443 1282 4498 lubrica
1309 4444 1513 4499 beStola
1541 4442 1693 4514 fugit.

348 4537 465 4593 Non
491 4546 608 4594 erat
638 4538 843 4595 interea
867 4553 976 4607 quo
999 4538 1137 4593 calle
1164 4539 1474 4608 lepusculus
1503 4540 1602 4595 iret
1626 4557 1639 4604 ;

272 4722 405 4776 309..
444 4722 578 4776 Edit.
613 4721 776 4786 Ven.,
801 4720 1103 4792 Exagitator
1130 4721 1463 4792 iners;quod
1489 4732 1799 4780 tenendum.

273 4794 407 4847 305.
445 4794 580 4847 Edit.
617 4794 751 4848 Ven.
780 4804 833 4847 et
860 4796 995 4848 Cod.
1032 4793 1173 4856 Vat.,
1205 4794 1309 4847 ibat
1342 4795 1521 4857 ubique
1550 4795 1677 4863 fero.

270 4864 404 4920 510.
442 4864 583 4919 E-lit.
617 4864 777 4931 νειμ,
811 4866 949 4919 unde
976 4877 1220 4928 cruente;
1256 4866 1379 4918 item
1409 4866 1540 4920 Cod.
1568 4866 1691 4921 Vat.

272 4935 403 4991 517.
443 4937 583 4990 ltldit.
623 4936 783 5001 Ven.,
818 4936 970 4990 Dedit
997 4939 1210 4997 meritis,
1243 4953 1378 5005 quae.

275 5006 407 5060 5W.
447 5007 584 5060 Itldit.
621 5008 781 5070 ναι..
813 5006 1000 5063 Saluta
1029 5008 1247 5061 reclinis.

271 5078 405 5135 3-23.
444 5078 553 5132 lloc
587 5080 930 5142 incendium,
958 5094 1065 5149 quo
1096 5094 1202 5132 non
1234 5079 1367 5133 arsit
1400 5080 1682 5145 Martinus,
1723 5084 1803 5137 fu-

194 5155 319 5206 sius
375 5151 627 5204 describit
680 5150 947 5216 Sulpicius
1000 5151 1053 5204 itt
1112 5149 1335 5217 epistola
1388 5152 1454 5204 ad
1513 5152 1798 5208 [inst-binm

196 5220 579 5291 presbyterum
605 5265 618 5286 ,
648 5222 790 5292 quod
826 5222 1009 5285 paucis
1052 5222 1404 5289 complecmr.
1452 5222 1581 5277 Cum
1626 5225 1806 5279 Marti-

199 5307 310 5348 nus
359 5295 425 5343 atl
476 5295 751 5348 dioecesim
799 5294 1086 5361 quamdam
1138 5293 1472 5347 invisendatn
1503 5336 1518 5358 ,
1576 5295 1801 5350 hiberno

198 5376 453 5429 tempore
513 5366 872 5432 perrexisset,
925 5374 981 5418 et
1051 5364 1238 5418 clerici
1286 5366 1459 5419 eidem
1512 5367 1706 5420 lectum
1752 5371 1805 5421 in

196 5440 501 5493 secretario
532 5438 779 5491 ecclesia:
802 5436 1147 5495 stravissent,
1175 5434 1343 5487 multo
1364 5438 1624 5491 stramine
1649 5454 1807 5507 agge-

198 5518 335 5569 sto;
390 5522 486 5560 nec
538 5524 641 5563 non
694 5509 868 5578 ignem
924 5508 975 5559 in
1029 5509 1333 5578 pavimento
1370 5507 1436 5560 ad
1480 5520 1804 5565 nocturnum

201 5580 379 5647 frigus
414 5577 827 5646 temperttntftttlt
874 5578 1212 5647 posuissent,
1243 5577 1535 5645 Martinus,
1580 5598 1702 5635 cum
1749 5598 1807 5637 se

201 5650 427 5705 mollius
452 5666 611 5720 quam
656 5652 861 5705 solehtt
905 5649 1133 5705 cttrbare
1176 5650 1468 5713 sensisset,
1501 5652 1804 5720 subjectum

201 5734 450 5777 stramen
493 5724 692 5790 ejicere
722 5722 885 5790 Cthll.
924 5736 986 5775 ac
1026 5724 1378 5791 dispergere;
1412 5724 1555 5788 quod
1587 5740 1707 5777 cum
1744 5728 1796 5780 in

202 5796 515 5864 proximum
558 5794 736 5863 ignem
778 5792 1102 5858 deetdisset,
1138 5793 1260 5847 inde
1291 5792 1503 5847 flamma
1548 5810 1804 5849 succensa

202 5877 326 5927 est,
358 5880 461 5934 qua
499 5867 683 5932 procul
715 5866 878 5917 dubio
906 5865 1163 5918 Martinus
1192 5864 1573 5930 deflagrasset,
1608 5866 1711 5920 nisi
1741 5868 1806 5922 ad

204 5950 397 6009 preces
426 5938 779 6007 confugisset.
811 5936 909 6000 Qui
942 5951 1062 5991 cum
1096 5936 1269 6007 primo
1297 5936 1363 5991 ad
1391 5936 1592 5993 ostium
1620 5953 1809 5995 accur-

1825 4663 1884 4726 D

1912 3695 2017 3751 375
2062 3698 2199 3753 Ecce
2227 3698 2427 3765 Adam,
2463 3701 2735 3767 quondam
2766 3701 3000 3770 paradisi
3031 3703 3161 3757 sede
3192 3706 3479 3774 repulsus:

2058 3791 2219 3846 Exsul
2251 3791 2320 3845 ab
2350 3791 2557 3865 Elysio,
2588 3793 2755 3863 pascit
2786 3794 2962 3864 gregis
2990 3808 3084 3848 ora
3112 3794 3288 3850 suilli:

2057 3884 2312 3955 Deposito
2337 3887 2534 3942 veteris
2563 3887 2733 3942 Adam
2762 3889 2997 3943 carnalis
3019 3890 3239 3957 atuiCIu,

2058 3978 2228 4031 Adam
2260 3992 2456 4048 nempe
2486 3979 2610 4034 novi
2642 3995 2740 4034 nos
2770 3980 2997 4035 induere
3026 3983 3197 4035 instar
3225 3990 3459 4052 oportet.

2135 4069 2271 4123 Hinc
2306 4070 2499 4124 iterum
2532 4085 2763 4127 cernens
2795 4075 3072 4127 vernantia
3108 4083 3256 4143 prata
3289 4074 3503 4145 beatus,

1910 4164 2016 4221 580
2058 4165 2185 4220 Pars
2208 4177 2414 4234 pastus,
2441 4181 2566 4236 pars
2589 4163 2768 4222 fossus
2790 4174 2929 4233 erat,
2957 4182 3082 4236 pars
3105 4168 3304 4223 floreus
3323 4182 3509 4240 agger.

2056 4258 2161 4314 Sed
2189 4272 2286 4313 sue
2327 4256 2632 4323 confossus,
2677 4259 2814 4313 bove
2844 4269 3048 4329 pastus,
3080 4258 3215 4315 ﬂore
3238 4271 3505 4315 comatus.

2053 4352 2342 4421 Comparat
2362 4366 2490 4421 ergo
2513 4351 2682 4407 tribus
2703 4362 2919 4407 sanctus
2949 4352 3044 4406 tria
3068 4355 3285 4408 numina
3302 4354 3465 4409 rebus
3490 4371 3507 4409 :

2053 4445 2248 4516 Turpis
2276 4446 2524 4502 adulterii
2548 4448 2760 4517 species
2786 4457 2872 4502 est
2899 4446 3044 4502 fossa
3074 4450 3303 4504 carectis
3331 4466 3347 4507 :

2053 4540 2336 4613 Herbaque
2365 4541 2601 4613 coniugii
2630 4543 2829 4597 retinet
2849 4542 3077 4598 detonsa
3109 4543 3358 4613 figuram.

1908 4720 2068 4778 risset
2090 4765 2103 4787 .
2138 4730 2196 4777 ut
2223 4739 2291 4779 ex
2325 4724 2417 4780 illo
2446 4724 2699 4781 incendio
2729 4741 2789 4782 se
2817 4726 3092 4795 eriperet,
3125 4725 3215 4780 diu
3245 4740 3368 4779 cum
3404 4742 3500 4795 pe-

1905 4795 2024 4849 sulo
2056 4796 2285 4851 luctatus
2307 4837 2322 4862 ,
2354 4798 2536 4851 tandiu
2566 4798 2703 4867 ignis
2734 4797 2904 4853 sensit
2931 4798 3182 4851 ardorem
3210 4838 3224 4861 ,
3257 4798 3339 4852 vel
3371 4812 3498 4853 cum

1905 4869 2071 4921 vestis
2100 4882 2210 4921 suae
2239 4868 2601 4935 detrimento,
2634 4869 2807 4922 donec
2834 4910 2848 4933 ,
2879 4870 2930 4922 in
2964 4885 3023 4923 se
3057 4883 3305 4923 reversus
3333 4911 3348 4933 ,
3390 4870 3500 4923 Deo

1904 4939 2210 5006 supplicare
2239 4942 2421 5003 etrapit.
2449 4940 2599 4993 'l‘unc
2623 4956 2754 4995 vero
2779 4939 2971 4994 mediis
2995 4940 3237 4993 consedit
3262 4940 3313 4994 in
3345 4939 3507 4996 flam-

1907 5025 2012 5063 mis
2034 5050 2050 5071 ,
2083 5010 2206 5078 quin
2240 5012 2321 5065 vel
2357 5011 2549 5067 leviter
2578 5012 2645 5065 ab
2677 5013 2742 5067 iis
2775 5012 3082 5065 ltederetur.

1979 5080 2112 5153 Ibid.
2148 5078 2312 5152 Ignis.
2335 5080 2460 5151 Ms.,
2487 5084 2674 5153 ignem.

1978 5152 2107 5207 527.
2139 5154 2269 5207 liud.
2300 5153 2451 5216 Vah,
2482 5152 2616 5207 vicos
2646 5155 2824 5207 circuit
2853 5154 3045 5207 almus.

1980 5223 2368 5297 34I_._b'eslola.
2420 5227 2553 5291 Ms.,
2597 5225 2832 5279 bestiola.
2881 5226 3015 5280 Cod.
3069 5225 3217 5287 Vat.,
3272 5226 3457 5283 bislola
3478 5240 3505 5297 ,'

1908 5295 2045 5351 edit.
2080 5294 2240 5359 νου..
2276 5298 2484 5351 biscola.

1981 5366 2105 5441 550.
2140 5369 2289 5433 Quod
2338 5371 2489 5434 lepus
2529 5367 2594 5422 ad
2643 5369 2923 5424 Mutinnm
2965 5384 3293 5433 con-tigerit,
3340 5379 3503 5441 atque

1911 5437 1973 5511 ad
2008 5440 2125 5511 ejus
2167 5454 2225 5494 se
2268 5442 2429 5507 pedes
2470 5441 2764 5510 abjet-erit,
2811 5444 2976 5497 altum
3015 5444 3153 5509 apud
3198 5437 3499 5511 Sulpicium

1912 5510 2207 5564 silentium.
2248 5512 2519 5583 Quocirca
2570 5511 2933 5579 Fortunatus,
2983 5527 3261 5581 poetarum
3302 5510 3460 5569 inore
3486 5554 3504 5583 ,

1912 5596 2025 5636 rem
2063 5582 2425 5650 amplifieasse
2457 5583 2757 5639 censendus
2788 5594 2890 5638 est.

1985 5652 2110 5725 ξδι.
2144 5654 2279 5709 Cod.
2311 5654 2453 5717 Vat.,
2486 5671 2577 5725 pro
2608 5656 2719 5708 luce
2746 5668 3003 5723 precatur.

1985 5723 2107 5778 571.
2148 5725 2285 5781 Edil.
2324 5723 2493 5788 \’en.,‘
2525 5727 2710 5779 obtulit
2740 5726 2937 5792 infans.

1987 5796 2111 5867 ῤ’Π.
2148 5797 2281 5851 Cod.
2320 5798 2463 5859 νει,
2498 5798 2672 5850 veteris
2702 5802 2869 5867 potius
2898 5801 3143 5853 carnalis.

2148 5867 2291 5941 fudit.
2325 5868 2460 5941 Yon.
2488 5912 2503 5936 ,
2539 5886 2657 5936 pars
2684 5864 2829 5937 eram
2853 5888 2914 5922 ne
2941 5874 3129 5941 ﬂorens

1987 5936 2115 5995 384.
2146 5937 2286 5996 Edit.
2324 5939 2482 6008 Ven.,
2510 5936 2737 6013 conjugii
2760 5936 2968 5999 detinet.
