4192 6568
748 447 853 506 ιοδ

749 561 854 615 585
895 561 990 615 Est
1011 573 1105 630 par
1137 556 1428 628 virginibus
1469 556 1624 611 violis
1652 571 1771 626 qua:
1799 563 1989 610 vernat
2016 555 2216 625 imago,

901 653 1090 709 Herbis
1122 655 1412 718 luxurians,
1441 650 1566 706 feno
1591 658 1736 720 apta,
1765 658 1819 705 et
1846 648 1981 704 ﬂore
2010 649 2226 705 decora.

893 743 1058 817 Digna
1108 747 1232 806 Deo.
1263 744 1489 814 ge'umis
1514 751 1689 813 grata,
1737 749 1792 797 et
1839 741 2130 796 radiantior
2158 747 2322 797 ostro.

964 837 1120 892 Miles
1166 846 1340 892 autem
1389 835 1712 891 monachum
1758 832 2069 904 professus,
2119 833 2326 902 singula

2034 926 2320 999 [linquens,

890 1021 1131 1092 Coniuge
1151 1036 1271 1077 cum
1297 1021 1511 1091 propria
1530 1029 1756 1092 cuperet
1774 1019 1895 1090 quia
1917 1020 2114 1089 degere
2140 1023 2323 1086 vitam,

784 1109 856 1166 90
896 1111 1134 1178 Mutavit,
1164 1114 1384 1169 meliore
1413 1114 1517 1179 via,
1552 1123 1920 1169 transcurrere
1950 1122 2167 1179 metam,

885 1203 1011 1258 Jure
1039 1205 1331 1260 sacerdotis
1368 1207 1617 1271 monitor,
1652 1207 1754 1261 hoc
1783 1206 1971 1260 ordine
2001 1205 2211 1260 discens
2239 1222 2250 1256 :

888 1295 1258 1367 Belligeratori
1289 1300 1462 1353 valeat
1491 1313 1557 1353 ne
1587 1299 1780 1353 femina
1807 1298 1996 1368 jungi?

891 1389 1016 1444 Sola
1048 1391 1213 1446 aciem
1247 1393 1434 1447 melius
1461 1393 1735 1462 componit
1761 1392 1994 1446 mascula
2027 1391 2214 1458 virtus,

889 1477 1122 1534 Debiliur
1148 1491 1323 1535 teneat
1347 1497 1622 1537 murorum
1655 1483 1886 1537 claustra
1914 1491 2145 1546 caterva,

745 1567 850 1624 395
889 1570 954 1625 Et
993 1587 1156 1627 sexus
1186 1571 1386 1643 fragilis
1409 1589 1530 1629 sese
1561 1575 1697 1628 intra
1731 1586 1880 1645 sepla
1914 1577 2167 1632 recondat
2200 1592 2212 1630 :

885 1663 997 1718 Hoc
1022 1665 1171 1731 satis,
1205 1677 1258 1720 tit
1293 1669 1480 1722 mulier
1509 1669 1711 1728 timeat.
1745 1683 1831 1722 res
1869 1669 1982 1735 ipsa
2013 1668 2210 1722 timori.

884 1756 1034 1812 Miles
1063 1758 1129 1812 ad
1161 1773 1306 1814 arma
1339 1769 1526 1828 potens
1548 1769 1733 1830 pergat
1752 1762 1992 1830 galeatus
2026 1762 2077 1815 in
2106 1775 2319 1831 ag'nen,

884 1848 1089 1904 Lorica:
1121 1850 1345 1919 triplicis
1381 1867 1655 1921 squamma
1699 1852 1941 1907 radiante
1970 1867 2177 1906 corusct
2207 1869 2246 1916 ς,

1462 438 1787 496 νΕΝΑΝτιι
1827 435 1984 492 "0N.
2026 434 2234 491 CLEM.
2277 430 2670 490 FORTUNA'H
2709 433 2995 492 OPERUM
3035 433 3215 494 PARS
3249 435 3291 493 1.
3914 434 4001 499 ὅθι

2350 552 2403 611 Α

2572 554 2836 623 Quidquid
2866 555 3143 622 pontifices
3173 555 3522 612 celebrabant
3557 557 3751 614 ordine
3778 575 3999 630 narrans,

2571 645 2674 700 Pro
2703 647 2818 702 vice
2849 646 3058 702 Martini
3091 663 3351 718 peragens
3395 649 3672 720 synodalia
3707 666 3952 718 praesens,

2570 742 2741 809 Atque
2762 742 2843 795 sui
2874 756 3000 796 cura
3033 741 3321 812 longinqua
3355 758 3450 813 per
3476 758 3601 800 aera
3634 754 3805 800 tranat
3835 723 3856 800 ἶ

2426 833 2534 888 425
2571 835 2762 902 Quem,
2795 836 3066 904 pendente
3092 837 3202 901 via,
3237 851 3334 893 nec
3363 839 3417 891 in
3449 853 3573 892 aera
3609 854 3780 907 penna
3815 839 3997 911 fatigat,

2570 927 2672 982 Sed
2703 937 2854 982 natat
2900 927 2983 981 ala
3013 927 3181 994 celer,
3215 928 3389 984 donec
3416 944 3551 984 nova
3582 933 3770 985 nuntia
3820 943 3994 999 portet.

2567 1021 2697 1086 Quae
2720 1020 2936 1074 mandat
2969 1020 3226 1076 Dominus
3253 1023 3383 1077 nihil
3411 1023 3775 1079 absconsnrns
3822 1026 3998 1093 amico,

2569 1112 2741 1181 thue
2769 1111 2919 1182 prius
2949 1111 3136 1168 retulit
3174 1126 3349 1180 sacer,
3381 1114 3495 1170 haec
3520 1123 3641 1184 post
3668 1125 3862 1171 cuncta
3895 1133 4002 1185 pro-

3809 1206 3963 1280 [havil
3988 1228 3997 1262 :

2570 1297 2677 1352 Nec
2722 1298 2978 1369 frangunt
3023 1299 3276 1369 praedicta
3328 1299 3487 1355 fidem
3515 1341 3530 1366 ,
3578 1315 3754 1370 neque
3807 1303 3999 1371 prodita

3782 1393 3998 1467 [fallunt.

2635 1480 2842 1536 Accidit
2879 1479 3002 1537 hinc
3031 1481 3272 1549 demum,
3305 1483 3508 1540 foribus
3533 1485 3758 1542 sedente
3791 1485 4000 1558 Severo,

2566 1569 2830 1640 Compare
2856 1587 2974 1626 eum
3000 1573 3172 1639 Gallo,
3203 1575 3374 1628 doctis
3399 1583 3454 1630 et
3482 1591 3668 1632 amore
3702 1579 3995 1644 ministris;

2567 1662 2834 1718 Murmure
2865 1664 3155 1734 multivago
3185 1666 3485 1735 completur
3510 1668 3645 1722 cella
3677 1668 3815 1722 beati
3851 1687 3866 1722 :

2564 1756 2709 1808 Ostia
2739 1755 2918 1810 clausa
2953 1767 3160 1819 tenens,
3189 1758 3294 1813 diei
3330 1760 3638 1822 geminante
3666 1761 3768 1815 sub
3801 1762 3946 1830 hora,

2567 1850 2837 1906 Audivere
2877 1851 3043 1921 loqui,
3079 1853 3171 1907 sed
3201 1853 3364 1922 quid?
3392 1855 3598 1910 nescire
3626 1855 3862 1910 fatentur
3894 1877 3906 1910 :
3943 1887 3954 1900 -

2426 1477 2531 1532 430

885 1939 1124 1996 'l'ltoraca
1157 1957 1222 1998 ex
1255 1944 1491 2001 humeris
1521 1946 1755 2010 indutus,
1786 1946 1943 2000 nixus
1981 1947 2032 1998 in
2077 1945 2227 1998 hasta
2260 1962 2272 1997 :
2353 1923 2399 1984 Β
2426 1939 2531 1994 435
2570 1942 2866 1998 Senserunt
2905 1946 3214 2014 strepitum,
3247 1961 3421 2014 neque
3449 1947 3609 2002 verba
3642 1947 3886 2019 loquacia
3917 1964 4005 2005 no-

740 2028 848 2087 400
886 2034 1142 2091 Assuetus
1169 2037 1377 2108 clypeo,
1425 2039 1789 2094 transmittens
1834 2039 2026 2094 vulnus
2052 2039 2120 2092 ab
2165 2053 2314 2092 arcu.

882 2125 1017 2180 llinc
1065 2129 1311 2198 capulum
1359 2131 1595 2197 vibrans,
1641 2131 1763 2185 hinc
1813 2141 2067 2200 torquens
2114 2131 2318 2184 missile

2105 2219 2314 2292 [ιειυηι.

883 2308 1114 2366 Ferrata:
1145 2313 1334 2366 tunicas
1365 2314 1505 2368 rivos
1533 2313 1633 2368 sub
1664 2313 1903 2384 pondere
1931 2312 2148 2368 sudans.

875 2401 972 2456 llis
1000 2403 1155 2461 dictis
1183 2405 1426 2461 mulcens
1449 2407 1704 2476 juvenem
1735 2407 2057 2474 resipiscere
2083 2405 2244 2474 cogit,

877 2494 1115 2567 Conjuge
1140 2503 1452 2569 paslptisila,
1483 2512 1536 2556 et
1564 2505 1754 2572 repetit
1775 2506 1995 2557 eremita
2018 2516 2270 2557 coronam
2300 2520 2311 2557 :

948 2587 1154 2658 Jugiter
1195 2592 1395 2646 interea
1426 2593 1547 2660 quia
1580 2592 1706 2646 falsa
1757 2601 1812 2646 et
1852 2602 2034 2647 sancta
2068 2593 2314 2658 canebat,

879 2681 988 2736 Nec
1034 2682 1173 2738 serie
1201 2685 1389 2754 recipi,
1420 2700 1592 2755 neque
1625 2695 1846 2755 possunt
1889 2687 2087 2756 scripta
2118 2687 2316 2742 teneri.

735 2582 844 2644 £05

877 2774 1134 2842 Quaenam
1167 2779 1268 2830 vita
1305 2780 1442 2833 sacri
1488 2779 1666 2844 fuerit,
1697 2781 1817 2849 quis
1865 2779 2068 2849 singula
2093 2779 2318 2833 currat?

871 2870 1078 2934 Quanta
1103 2869 1234 2926 fides
1257 2873 1438 2936 animi,
1463 2889 1618 2942 quam
1643 2874 1785 2928 celsa
1809 2882 1862 2929 et
1887 2887 2015 2940 pura
2041 2874 2312 2941 voluntas,

874 2963 954 3016 Ad
985 2979 1142 3033 quem
1176 2981 1279 3020 non
1314 2967 1486 3020 solum
1521 2966 1767 3023 homines
1802 2968 1959 3038 longo
1987 2969 2118 3024 orbe
2167 2969 2316 3023 veni-

2155 3058 2316 3131 [rent,

732 3140 841 3199 410
879 3145 1071 3201 Verum
1116 3148 1276 3203 etiam
1305 3149 1541 3204 cmlestis
1595 3150 1765 3205 honor
1809 3151 2020 3206 visebat
2049 3164 2314 3221 amanter,

873 3237 1261 3310 Angelicusque
1314 3241 1511 3296 chorus
1571 3243 1889 3312 properabat
1937 3245 2004 3300 ad
2051 3259 2145 3299 ora
2201 3245 2305 3300 fre-

2041 3335 2308 3408 [qttenten

873 3421 1162 3490 Colloquiis
1193 3423 1414 3494 placidis
1449 3435 1505 3479 ιιι
1529 3425 1727 3482 fessum
1759 3427 2024 3484 animaret
2054 3431 2311 3497 amicum,

873 3514 940 3570 Et
959 3517 1107 3584 quasi
1122 3521 1456 3585 complexum
1478 3531 1683 3576 recreet
1702 3538 1794 3590 per
1816 3523 1975 3576 verba
1998 3536 2270 3593 parentem
2297 3543 2309 3578 :

874 3611 978 3666 lies
1023 3613 1210 3680 probat
1256 3614 1354 3668 ista
1386 3629 1635 3684 Sequens,
1687 3632 1806 3686 qua:
1834 3630 1981 3686 gesm
2025 3618 2196 3686 priora
2229 3633 2314 3673 re-

2091 3709 2310 3782 [narrat.

733 3793 840 3852 ΜΒ
875 3797 1172 3853 Concilium
1204 3800 1451 3856 allectum
1485 3802 1655 3858 fuerat
1685 3804 1938 3875 synodale
1967 3806 2309 3876 Nemausum,

873 3894 991 3959 Quo
1016 3909 1169 3949 sacer
1198 3897 1420 3951 auti5tes
1449 3897 1712 3954 mediator
1735 3902 1926 3955 adesse
1955 3915 2185 3958 recusat.

874 3983 1016 4054 Ergo
1064 3997 1230 4042 ratem
1281 3990 1543 4044 scandens
1589 3991 1818 4047 celerem
1845 4033 1863 4061 ,
1913 4003 2063 4063 parat
2099 3996 2178 4051 ire
2221 4013 2314 4064 per

2079 4104 2310 4156 amnem,

2079 4104 2217 4144 amnt

871 4165 1107 4225 Calibus
1138 4171 1189 4225 in
1220 4171 1409 4229 mediis
1437 4173 1682 4230 habitans
1711 4177 1928 4232 eremita
1961 4089 2217 4247 reniotus,

877 4261 996 4331 Ipse
1048 4263 1099 4317 itt
1131 4278 1305 4333 puppe
1334 4267 1565 4322 sedens:
1600 4279 1819 4324 cunctos
1865 4285 1958 4324 sua
2018 4287 2174 4340 prora
2226 4287 2312 4328 se-

2029 4364 2306 4435 [questrat,

728 4449 836 4512 ιεο
872 4453 1103 4524 Angelus
1133 4469 1259 4510 ecce
1287 4464 1461 4510 tamen
1499 4455 1711 4512 Domini
1747 4460 1895 4514 venit
1921 4460 2086 4530 aliger
2115 4467 2244 4529 alto,

877 4547 992 4614 Ipsa
1029 4562 1220 4615 nempe
1248 4546 1335 4602 die
1365 4565 1466 4618 qua
1493 4564 1552 4603 se
1582 4559 1877 4606 conventus
1908 4552 2107 4621 abegit,

799 4747 924 4805 58G.
961 4749 1104 4803 ﬁdit.
1139 4749 1296 4809 Ven.,
1331 4745 1476 4801 Fene
1504 4758 1646 4813 apte.

797 4820 922 4875 587.
960 4820 1096 4872 Etlit.
1137 4820 1269 4872 Vt‘tt.
1306 4862 1318 4882 ,
1358 4821 1420 4871 Et
1444 4820 1726 4873 rmlitmtt'or
1751 4837 1896 4874 auro.

797 4893 922 4947 581$.
957 4891 1095 4945 ιιᾱῑι.
1135 4892 1288 4950 Ven.,
1329 4890 1477 4943 Nili-‘5
1503 4894 1636 4944 item.

805 4963 936 5018 lbitl.
981 4963 1215 5029 Singula.
1265 4963 1375 5014 [Vult
1435 4963 1616 5015 dubito
1669 4963 1948 5032 legendum
2006 4981 2154 5031 esse,
2187 4982 2306 5022 cum

730 5034 863 5090 Cod.
895 5034 1038 5095 \’at.,
1071 5034 1279 5099 cingula
1333 5032 1583 5096 linqurns.
1645 5036 1824 5103 Itaque
1871 5036 1938 5088 de
1993 5038 2079 5090 illo
2127 5051 2310 5095 narrat

728 5106 998 5172 Sulpicius
1033 5122 1044 5157 :
1077 5105 1213 5173 quod
1252 5106 1517 5174 cingulum
1563 5105 1835 5174 al'jt’cei'at,
1865 5106 2063 5174 indque
2108 5112 2304 5166 militis.

730 5178 864 5232 Cum
900 5176 1167 5248 igiturhic
1216 5173 1365 5227 miles
1415 5173 1729 5228 monachum
1778 5181 2044 5242 prol'essus
2098 5181 2304 5248 fuisset,

733 5263 797 5302 ac
827 5247 985 5301 vellet
1030 5245 1303 5299 dimissam
1333 5261 1610 5312 cutt,ttg0tti
1645 5258 1909 5313 repetere,
1942 5266 2097 5316 quam
2130 5245 2305 5306 Marti;

731 5335 834 5374 nus
867 5320 916 5372 in
951 5317 1241 5384 puellarum
1279 5320 1604 5370 monasterio
1631 5333 1748 5372 esse
1787 5319 2046 5384 jusSt-rat,
2085 5324 2179 5376 hac
2205 5339 2304 5378 una

731 5389 943 5443 Martini
973 5392 1214 5441 oratione
1235 5389 1310 5460 ab
1335 5390 1518 5441 eadem
1553 5390 1852 5456 recipienda
1881 5390 2165 5445 delenit".-
2203 5407 2304 5460 est,

731 5461 869 5528 quod
920 5459 1195 5524 militibus,
1231 5459 1280 5512 itt
1326 5461 1438 5510 acie
1472 5462 1678 5525 positis,
1712 5477 1905 5514 uxmes
1956 5479 2056 5514 non
2110 5465 2307 5518 admis-

732 5544 973 5590 reantur,
1004 5534 1093 5584 sed
1144 5531 1223 5583 lite
1255 5531 1393 5582 inter
1422 5541 1568 5598 septa
1601 5546 1662 5582 :tc
1690 5533 2016 5586 (ητιιείιιιθιιιξι
2050 5549 2106 5588 se
2134 5538 2305 5589 eunti-

734 5615 888 5657 ltenttl
928 5620 938 5653 :
975 5601 1218 5670 quocirca
1249 5618 1341 5656 nec.
1395 5601 1436 5653 is
1489 5604 1536 5652 in
1573 5601 1798 5668 quadam
1829 5606 2132 5657 nimia-lica:
2186 5611 2305 5662 vitte

731 5675 978 5743 pabeslra
1005 5676 1072 5725 de
1106 5688 1267 5731 uxore
1301 5675 1582 5741 repetenda
1617 5675 1850 5735 cogitare
1880 5677 2124 5732 tlebrbat.

803 5745 932 5798 391.
960 5744 1090 5796 (ἷοά.
1127 5743 1268 5808 γυνη,
1293 5746 1383 5815 jus
1409 5747 1701 5800 sacerdotii.

805 5816 936 5868 lbid.
961 5817 1094 5869 Etlit.
1117 5815 1270 5878 νειμ,
1293 5817 1386 5866 huc
1409 5817 1585 5866 orrlinr
1603 5818 1806 5882 dicens;
1827 5821 1963 5885 quod
1994 5819 2300 5873 tenentium.

802 5887 928 5940 415.
959 5887 1298 5952 Nemausum,
1337 5887 1461 5938 urbs
1488 5889 1544 5940 Ut
1565 5891 1774 5941 etiamne
1803 5890 2177 5945 celeberrima.

801 5956 927 6010 MS.
963 5958 1215 6010 Martinus
1246 5957 1453 6012 sotlicet
1483 5960 1730 6027 naving
1769 5979 1778 6012 :
1814 5964 1991 6030 procul
2033 5978 2064 6013 α
2113 5964 2304 6017 ceteris

2341 3291 2388 3357 C

3845 2043 4001 2114 [runt,

2564 2127 2695 2182 Pars
2727 2127 2824 2182 fuit
2856 2127 2970 2183 haec
3002 2128 3201 2193 meriti,
3233 2129 3317 2183 vel
3363 2130 3440 2184 sic
3469 2131 3708 2187 sensisse
3759 2148 4002 2201 superna.

2565 2224 2753 2294 Agnita
2783 2225 2826 2277 si
2859 2239 2963 2278 non
2993 2234 3135 2288 sunt,
3176 2226 3308 2278 satis
3339 2234 3420 2279 est
3450 2224 3630 2278 audita
3660 2229 3882 2281 mereri.

2565 2317 2692 2371 Post
2715 2331 2867 2372 sacer
2892 2317 3174 2387 egrediens
3199 2317 3414 2382 cellam,
3444 2318 3651 2386 majore
3682 2318 3887 2374 Set-ero

2560 2408 2788 2478 Sulpitio
2817 2419 3067 2478 poscente
3094 2408 3205 2475 diu,
3236 2423 3356 2478 quae
3388 2418 3533 2479 gesta
3566 2409 3820 2475 fuissent,

2420 2499 2525 2557 Mt)
2566 2501 2660 2554 Vix
2713 2511 2887 2555 motus
2929 2501 3219 2571 precibus,
3269 2499 3484 2555 tandem
3538 2514 3652 2558 rem
3702 2518 3766 2557 ex
3825 2503 4006 2560 ordine

3757 2595 3962 2667 [pandit
3990 2617 4002 2651 :

2564 2686 2764 2740 lntlicat
2794 2686 2877 2739 hic
2901 2688 3122 2758 Agnem,
3149 2684 3366 2740 Teclam
3396 2685 3722 2757 Mariamque
3751 2688 4004 2757 locutam,

2559 2777 2874 2832 Sam-tarum
2907 2793 3184 2848 exponens
3214 2778 3395 2832 vultus
3424 2778 3775 2849 habitumque
3803 2781 4006 2848 beatus,

2562 2871 2690 2938 Quae
2723 2870 2907 2939 facies,
2931 2871 3092 2935 oculi,
3111 2885 3264 2938 gena,
3291 2886 3402 2939 pes,
3421 2885 3632 2936 manus,
3654 2887 3801 2936 arca,
3824 2875 4004 2943 figura,

2560 2961 2788 3018 Lumine
2831 2971 2938 3016 tam
2973 2978 3106 3032 puro
3143 2963 3272 3016 vidit
3304 2977 3450 3030 saepe
3477 2978 3569 3016 ora
3601 2979 3874 3020 sororum.

2418 3053 2528 3109 445
2565 3054 2696 3122 Quis
2743 3054 2897 3108 color
2925 3065 3088 3124 atque
3135 3055 3317 3119 decus,
3349 3070 3470 3124 quae
3530 3054 3702 3110 forma
3741 3067 3798 3112 et
3842 3060 4008 3128 gratia

3766 3149 4006 3222 [quauta,

2567 3240 2631 3294 Et
2662 3254 2916 3296 sermone
2946 3239 3059 3309 pari
3092 3239 3355 3308 placidam
3383 3239 3584 3296 dixisse
3609 3242 3861 3297 salutem.

2561 3334 2660 3388 Hic
2693 3337 2822 3403 petit
2845 3333 2912 3388 ad
2941 3336 3155 3396 fratres,
3189 3335 3294 3389 illte
3339 3337 3544 3404 petiere
3583 3351 3840 3392 sorores:

2557 3424 2664 3478 Sed
2698 3423 2838 3479 redit
2873 3424 2977 3479 iste
2999 3424 3189 3493 gradu,
3221 3424 3326 3479 illae
3355 3441 3476 3479 nam
3510 3426 3719 3482 rediere
3745 3429 3948 3482 volatu.

2556 3517 2780 3570 Culmen
2805 3517 3181 3586 apostolicum,
3207 3517 3377 3571 celsas
3400 3529 3454 3572 et
3473 3517 3678 3574 honore
3696 3519 4007 3584 columnas,

2414 3609 2519 3662 ιῡυ
2556 3607 2712 3677 Smpe
2733 3607 2948 3662 Petrum
2976 3609 3172 3663 meruit
3199 3609 3524 3678 Paulumque
3552 3611 3735 3666 videre
3759 3612 4007 3667 licenter.

2495 3699 2502 3710 '
2562 3703 2896 3759 Daemonicas
2924 3705 3082 3759 etiam
3119 3705 3352 3759 tolerans
3379 3705 3679 3774 saepissime
3705 3724 3936 3776 pugnas,

2559 3797 2785 3852 Nomine
2817 3813 3082 3869 quemque
3105 3813 3202 3852 suo
3227 3800 3552 3862 increpitans
3581 3799 3812 3869 cogebat
3833 3801 4009 3866 abire,

2559 3891 2788 3946 Maxime
2815 3889 3139 3946 Mercurium
3173 3891 3421 3945 infestum
3454 3891 3727 3948 referebat
3757 3894 3973 3959 adt-sse,

2563 3984 2789 4040 Brutum
2825 4000 3056 4056 namque
3085 3987 3271 4042 Jovem
3309 3998 3360 4041 et
3395 3986 3640 4043 hebetem
3674 3992 4013 4045 memorabat

3774 4082 4006 4158 [naberi.

2415 4169 2519 4223 455
2557 4170 2601 4226 0
2633 4170 2830 4225 sinceri
2866 4171 3032 4238 oculi,
3065 4173 3206 4226 nulla
3233 4172 3462 4243 caligine
3492 4176 3683 4243 pressi,

2560 4265 2706 4318 Meus
2737 4264 2942 4319 radiata
2988 4267 3181 4335 soplto,
3227 4267 3467 4322 retinens
3498 4271 3615 4324 sine
3657 4269 3803 4324 nube
3853 4284 4010 4325 sere-

3814 4361 3971 4435 [nttm
3994 4361 4006 4413 !

2558 4453 2780 4523 lnspicis
2805 4452 3001 4506 aeriam
3029 4453 3229 4507 carnali
3257 4453 3459 4508 lumine
3483 4453 3700 4508 Teclam
3735 4473 3747 4508 :

2564 4548 2737 4618 Atque
2765 4547 2914 4602 vides
2945 4550 3169 4618 Agnem,
3206 4547 3451 4601 redimita
3485 4547 3658 4602 fronte
3685 4563 3918 4616 corona,

2412 4751 2466 4803 in
2493 4756 2686 4801 remota
2726 4747 2866 4799 navis
2895 4753 3039 4817 parte
3077 4747 3216 4799 solus
3263 4745 3537 4809 residebat,
3575 4753 3632 4800 ttt
3665 4757 3848 4800 narrat
3887 4745 4014 4801 Stti-

2411 4823 2512 4890 pic.
2547 4836 2664 4886 cap.
2701 4818 2786 4890 15.

2481 4893 2602 4945 422.
2639 4889 2769 4942 Cod.
2824 4889 2968 4949 Vah,
3013 4887 3329 4941 celebrarunt
3358 4887 3552 4940 ordine.
3605 4887 3796 4942 Narrat
3827 4889 4016 4958 Sulpi-

2411 4965 2523 5016 εἱιις
2551 4961 2688 5024 quod
2739 4975 2858 5013 eum
2894 4960 3101 5012 Martini
3152 4959 3399 5028 disc‘pttli
3434 4969 3614 5027 postea
3650 4975 3764 5011 rem
3817 4963 4018 5030 exqui-

2409 5045 2602 5087 ειμδρηι
2638 5033 2941 5101 diligi-uter,
2979 5039 3031 5083 et
3076 5029 3265 5084 eodem
3296 5033 3413 5098 ipso
3442 5031 3526 5082 die
3557 5032 3823 5098 synodum
3857 5029 4017 5085 cele-

2410 5105 2634 5166 bratmt,
2664 5116 2714 5155 et
2746 5115 2937 5156 cwtera
2984 5106 3232 5155 evenisse
3280 5105 3455 5155 omnia
3510 5103 3646 5155 sicut
3692 5116 3721 5154 a
3767 5103 4015 5158 Martino

2409 5176 2704 5229 didicerant
2727 5175 3078 5230 cumueriere.

2481 5247 2606 5299 4'28.
2636 5246 2770 5297 Cod.
2802 5245 2939 5307 \‘at.,
2968 5242 3162 5296 rettulit
3194 5252 3245 5294 ut
3285 5247 3451 5313 prius.

2480 5317 2600 5369 455.
2638 5316 2778 5369 Etlit.
2809 5315 2965 5376 γεω..
2990 5317 3119 5368 ostia
3136 5315 3312 5367 clausa
3329 5315 3412 5368 die
3439 5317 3653 5370 retinent
3679 5318 4012 5385 geminante.

2483 5388 2614 5441 lbitl.
2672 5387 3006 5440 Mercurium.
3062 5386 3276 5438 Dtmnutt
3324 5385 3573 5442 videliCel
3628 5390 3857 5441 ilartitto
3910 5391 4019 5443 sub

2410 5459 2572 5512 Variis
2603 5459 2862 5510 idolorum
2895 5458 3196 5523 aspectibus
3226 5473 3342 5510 sese
3375 5462 3716 5512 ostendebat.
3753 5459 3820 5512 Ut
3859 5477 4014 5513 cn'tn

2409 5537 2473 5582 tie
2524 5530 2709 5581 etitleat
2760 5530 2941 5581 scribit
2989 5529 3220 5580 Severus
3272 5527 3558 5594 StilpiCttts,
3603 5545 3721 5586 ('ati.
3759 5529 3829 5582 ‘20
3873 5531 4019 5584 Vliet-

2409 5604 2467 5656 S.
2503 5601 2748 5653 Memini:
2783 5597 3094 5666 Frequenter
3120 5599 3380 5663 diul'olns,
3424 5601 3544 5653 dum
3588 5603 3733 5654 mitte
3779 5601 4016 5655 nocendi

2408 5673 2602 5726 artibus
2630 5685 2859 5724 sancmm
2887 5671 3051 5723 virum
3075 5669 3355 5723 conabatur
3386 5672 3626 5725 illtutere.
3669 5675 3939 5726 visibilem
3969 5676 4016 5726 ii

2407 5761 2462 5798 se
2491 5746 2670 5813 tomus
2702 5743 2733 5795 τι
2758 5742 2885 5796 t'ersi
2915 5743 3058 5794 s‘mis
3097 5743 3426 5803 incerct'a'...
3481 5746 3618 5796 Nam
3647 5743 3736 5796 intr
3757 5749 3922 5796 rdum
3957 5747 4016 5797 in

2407 5817 2549 5870 Jo:is
2589 5831 2824 5882 petsona.
2875 5821 3176 5882 p’ernmque
3225 5814 3503 5882 Mercurii,
3555 5817 3907 5882 sa’pe,e'irtm
3961 5836 4011 5867 at

2419 5889 2625 5939 l'eneris
2673 5905 2730 5938 (ιε’
2790 5885 2836 5938 Μ
2865 5900 3029 5938 πίτνω
3090 5886 3512 5956 transﬁguratum
3569 5886 3790 5940 vultibus
3870 5885 4005 5954 oﬁ'e-

2408 5959 2568 6013 rebat.
