4192 6586
751 430 853 489 607
1467 431 1792 493 VENANT"
1841 435 1999 493 "ON.
2043 433 2253 495 CLEM.
2288 437 2682 498 FORTUNATI
2724 438 3010 499 OPERUM
3050 444 3243 502 PARS.
3288 443 3329 500 Ι.
3911 447 3995 505 tos

887 551 988 618 Qui
1020 560 1171 620 potes
1199 565 1313 621 ore,
1347 553 1448 608 mei
1478 553 1689 608 veniam
1721 554 1959 624 deposce
1989 565 2168 612 reatus
2193 575 2204 609 :

895 643 966 700 Et
996 645 1177 703 vitiata
1201 644 1295 702 tibi
1323 644 1465 717 quod
1494 645 1672 718 lingua
1702 656 2084 715 remurmurat,
2114 647 2258 716 audi,

2362 562 2419 621 Δ

2591 557 2659 615 Ut
2686 559 2754 614 de
2786 559 2928 616 fonte.
2957 561 3045 630 pio
3073 561 3200 616 ﬂuat
3231 563 3739 634 indulgentia'lazso,

2585 651 2662 706 Ac
2695 661 2745 707 te
2771 661 2979 720 orante,
3007 651 3182 721 Sacer,
3215 656 3399 711 redeat
3429 657 3694 712 medicata
3725 652 3950 712 cicatrix.

750 795 3975 823 W

1948 915 2245 992 LIBER
2318 911 2821 1006 QUARTUS.

895 1163 1022 1220 Post
1060 1174 1209 1216 mare
1247 1157 1586 1229 ﬂuctivagam
1616 1166 1868 1228 repetens
1892 1154 1958 1210 ad
1989 1155 2162 1212 littora
2196 1168 2329 1220 por-

2175 1245 2330 1317 llum.

894 1347 1145 1404 Floribus
1175 1344 1457 1400 albicornis
1485 1342 1611 1396 dum
1643 1341 1752 1396 lilia
1791 1339 1982 1410 pollice
2021 1352 2205 1408 carpo,

893 1440 1079 1507 Ungue
1107 1437 1287 1492 recido
1319 1450 1473 1490 rosas
1511 1442 1567 1488 et
1605 1449 1700 1501 per
1730 1433 1947 1486 violaria
1974 1445 2153 1498 curro,

892 1534 1054 1588 ituris
1079 1529 1377 1585 ammniferi
1400 1529 1578 1582 varios
1603 1527 1736 1582 situs
1773 1527 1911 1582 inter
1937 1526 2152 1593 odores,

825 1626 858 1680 5
895 1625 1104 1692 Obripit
1129 1623 1252 1678 inde
1280 1637 1442 1692 sopor
1470 1641 1484 1688 ;
1513 1623 1689 1678 fessus
1712 1637 1924 1692 quoque
1950 1622 2085 1676 colla
2113 1619 2333 1685 reclino,

901 1717 1161 1783 Fnltaqne
1193 1716 1472 1780 gramineo
1500 1714 1784 1783 iacuerunt
1825 1712 2065 1766 membra
2093 1712 2334 1782 grabato,

894 1809 1000 1866 Sed
1027 1808 1163 1863 redit
1184 1821 1308 1862 ecce
1329 1802 1474 1871 dies,
1493 1816 1544 1861 et
1566 1804 1674 1876 jam
1709 1805 1950 1868 lucescit,
1975 1803 2207 1859 eundum
2232 1812 2331 1868 est,

899 1905 1035 1959 Dum
1065 1902 1326 1955 matutino
1360 1914 1460 1954 nos
1500 1915 1593 1954 ore
1623 1899 1822 1953 salutat
1863 1899 2109 1963 hirundo,

897 1997 976 2052 Ac
1019 2008 1078 2049 se
1133 2001 1291 2048 nocte
1337 1991 1486 2046 brevi
1539 1992 1774 2045 celerata
1831 1989 2142 2057 crepuscula
2190 2003 2337 2042 rum-

2159 2083 2332 2156 [punt,

790 2183 859 2240 10
897 2183 1014 2252 Quo
1053 2191 1272 2253 torpore
1313 2187 1496 2236 natent
1526 2177 1768 2249 quamvis
1803 2191 1918 2230 mea
1950 2176 2178 2238 lumina,
2210 2191 2334 2229 sur-

2157 2271 2329 2340 |gant;
2364 2280 2410 2342 Β

900 2371 1274 2441 Evigilansque
1302 2367 1469 2423 oculis
1491 2365 1766 2434 detergam
1799 2364 1995 2433 pollice
2026 2377 2294 2424 somnum,

899 2466 965 2520 Et
995 2463 1136 2534 quod
1181 2463 1283 2518 iter
1316 2459 1485 2527 repeti
1510 2458 1695 2514 Gallus
1721 2466 1896 2520 vocat,
1931 2456 2038 2517 ibo,
2068 2453 2296 2509 sodales.

895 2557 1171 2611 Fluctibus
1205 2555 1256 2608 in
1282 2553 1475 2608 triﬁdis
1509 2552 1724 2621 ignarus
1752 2557 1908 2602 nauta
1943 2546 2156 2610 libellis,

895 2652 973 2705 Ac
1005 2652 1151 2706 velut
1179 2649 1456 2717 ambiguas
1488 2647 1626 2700 inter
1653 2643 2024 2714 Symplegadis
2052 2639 2220 2693 undas

784 2741 857 2800 ,15
897 2741 1038 2796 Jonii
1070 2741 1248 2811 Egei.
1283 2739 1540 2808 Mateique
1571 2749 1800 2805 sequace
1831 2733 2090 2803 procella;

893 2833 976 2888 Me
1007 2845 1183 2887 tamen
1209 2835 1260 2887 in
1292 2833 1487 2888 bibulis
1522 2844 1588 2884 ne
1622 2836 1887 2896 mergeret
1917 2827 2111 2882 Auster
2129 2824 2331 2891 arenis,

891 2924 1111 2980 Summa
1141 2923 1464 2994 gubernavit
1494 2919 1706 2976 Martini
1739 2919 1845 2974 vita
1889 2918 2116 2988 patroni,

894 3019 1062 3084 Quam
1106 3019 1248 3071 nitor
1275 3015 1540 3070 scabridis
1575 3012 1822 3082 indignus
1867 3025 2086 3078 carpere
2126 3012 2328 3077 verbis,

892 3113 1165 3176 lluSticus,
1198 3121 1314 3166 arte
1357 3110 1526 3174 rudis,
1559 3115 1772 3162 tentans
1814 3107 2044 3161 formare
2075 3105 2292 3169 monile,

782 3208 853 3264 20
889 3207 1038 3275 Quod
1075 3221 1173 3260 nec
1205 3206 1328 3258 lima
1357 3204 1508 3274 polit,
1537 3216 1635 3256 nec
1657 3201 1884 3256 malleus
1904 3199 2052 3255 addit
2081 3215 2327 3265 acumen,

891 3302 1006 3358 Non
1037 3303 1230 3356 incutlo
1257 3299 1404 3366 terit,
1427 3297 1734 3366 fornaxque
1763 3295 2032 3350 examinat
2063 3295 2204 3364 igne,

888 3395 997 3450 Nec
1029 3394 1250 3448 mordax
1285 3390 1500 3462 gemino
1535 3388 1748 3456 forceps
1783 3385 2058 3441 trutinavit
2095 3386 2325 3450 obunco,

893 3486 1000 3543 Sed
1031 3487 1199 3556 magis
1223 3485 1552 3552 incomptum
1585 3479 1790 3549 profert
1830 3493 1948 3533 mea
2001 3477 2176 3547 lingua
2217 3492 2332 3531 tne-

2086 3571 2325 3644 [tallum;

892 3675 998 3730 Res
1037 3682 1216 3729 tamen
1247 3671 1335 3728 illa
1361 3671 1517 3740 juvat
1551 3669 1670 3725 sine
1697 3667 1938 3738 qualibet
1963 3667 2124 3723 ullius
2153 3679 2289 3734 arte,
2357 3656 2403 3720 C

781 3767 852 3824 25
889 3766 1040 3834 Quod
1071 3781 1165 3836 per
1191 3779 1251 3821 sc
1280 3763 1554 3834 pulchram
1592 3760 1809 3831 praefert
1835 3773 1930 3814 sua
1975 3762 2144 3829 gratia
2178 3776 2327 3831 gem-

2141 3855 2325 3926 litium,

890 3959 1140 4012 Attamen
1169 3954 1331 4009 officii
1353 3967 1482 4023 .quze
1508 3958 1718 4006 restant
1748 3949 1925 4004 debita
1953 3948 2196 4014 solvam;

888 4048 958 4101 Et
983 4047 1075 4102 cui
1093 4061 1278 4116 magna
1307 4046 1468 4100 nimis
1491 4043 1650 4099 modo
1671 4042 1868 4108 debeo,
1889 4057 2046 4111 parva
2070 4043 2325 4112 rependo.

890 4133 1138 4191 Carnutis
1169 4137 1370 4190 interea
1405 4134 1638 4205 genitam
1682 4144 1832 4201 pater
1868 4133 2061 4189 anxius
2105 4149 2324 4204 mgram,

891 4227 968 4282 Ex
1003 4239 1155 4283 utero
1186 4237 1386 4282 mutam
1412 4226 1638 4296 profert,
1665 4240 1819 4280 sacro
1840 4241 1934 4282 ore
1962 4227 2278 4284 medendam
2311 4247 2322 4281 :

781 4319 852 4378 50
895 4320 1000 4375 Sex
1039 4320 1283 4389 geminos
1327 4319 1562 4389 graviter
1607 4317 1854 4372 hebetem
1905 4317 2019 4372 sine
2062 4335 2189 4374 voce
2234 4335 2327 4390 per

2119 4412 2327 4483 [:intios.

817 4537 872 4589 7.
919 4532 1014 4587 Hic
1043 4531 1189 4585 locus
1220 4527 1508 4592 respondet
1538 4527 1602 4580 iis
1623 4525 1837 4594 Sulpicii
1868 4526 2061 4590 verbis,
2093 4527 2225 4584 Dial.
2246 4544 2322 4595 ιη,

743 4620 864 4674 cap.
898 4605 950 4668 1,
977 4603 1226 4666 Lucesc‘t,
1251 4598 1818 4674 o_Galle,_surgendunt
1843 4608 1938 4658 est,
1970 4609 2074 4674 etc.

821 4667 904 4730 l3.
937 4667 1072 4729 Cod.
1111 4673 1256 4738 Vat.,
1284 4671 1334 4722 in
1365 4669 1552 4738 tri/idm
1596 4667 1751 4721 tribus
1778 4680 1936 4721 nauta
1962 4668 2185 4733 libellis;
2206 4685 2322 4724 cor-

741 4759 916 4816 rupte.

814 4811 905 4874 ΞΟ.
951 4816 1083 4873 Cod.
1119 4813 1264 4879 Vat.,
1301 4811 1475 4881 Neque
1503 4811 1738 4864 malleus.

817 4889 908 4942 51.
939 4889 1131 4943 Narrat
1152 4880 1422 4950 Sulpicius
1449 4882 1588 4950 quod
1617 4880 1889 4945 Martinus,
1920 4895 2039 4935 cum
2069 4882 2319 4937 adessent

744 4960 979 5030 episcopi
1013 4953 1415 5030 Valentinianus
1447 4957 1558 5030 sive
1589 4950 1982 5030 Valentinus‘et
2023 4952 2320 5018 Victricius,

745 5023 908 5086 cessit
933 5023 1050 5097 ipse
1098 5025 1335 5097 deloco,
1389 5031 1438 5076 ut
1493 5025 1524 5076 ii
1572 5027 1745 5097 potius
1785 5023 2321 5097 puellamsanaront,

743 5093 1000 5168 tanquam
1044 5113 1104 5152 se
1154 5095 1458 5168 digniores;
1502 5093 1609 5168 sed
1641 5095 1985 5146 renuentibus
2025 5094 2106 5148 liis
2145 5105 2198 5148 ct
2226 5110 2323 5148 ex-

740 5163 1021 5228 oratitibns
1053 5177 1112 5220 ut
1137 5168 1251 5232 ipse
1281 5165 1466 5229 puella:
1492 5163 1817 5223 mederetur,
1837 5181 1934 5216 non
1953 5174 2213 5216 cunctatus
2242 5168 2323 5218 ul-

737 5253 818 5296 ιιοα
836 5242 1128 5310 (uti-iunun
1143 5236 1465 5310 pm'clarum,
1480 5243 1524 5286 et
1543 5234 1848 5310 ostendendo
1865 5235 2219 5301 humilitatem,
2236 5253 2323 5290 nec

744 5305 1320 5379 differendo-pietatem)
1353 5319 1551 5379 sperata
1583 5306 1834 5379 prarstitit.

815 5375 903 5436 .39.
938 5382 1069 5435 Cod.
1106 5377 1249 5439 νειμ,
1280 5376 1456 5427 tinnilc
1499 5377 1769 5442 plectrum.
1822 5375 1918 5429 Ed.
1956 5377 2108 5442 Ven.,
2145 5379 2323 5431 inutile

741 5455 1010 5523 plectrum.
1040 5453 1105 5501 At
1144 5446 1462 5523 Brut-verus:
1497 5448 1632 5513 quod
1654 5447 2022 5523 tneii_dose.ait_,,
2044 5449 2321 5523 legebatur,

740 5516 925 5576 inutile
957 5519 1314 5590 plectrmn,_iil
1340 5516 1536 5590 optime
1568 5520 1801 5590 Correxit
1827 5518 2025 5590 Sidonii
2056 5516 2322 5585 interpres

745 5597 858 5663 lyra
923 5587 1143 5646 tiimula.
1205 5587 1345 5641 Idem
1407 5587 1580 5663 _B_r0w.
1615 5587 1845 5663 _profert
1898 5589 2071 5663 locum
2135 5593 2322 5645 Alcimi

743 5657 908 5729 Aviti,
942 5677 1101 5731 quem
1131 5671 1344 5712 secutus
1373 5658 1583 5711 videtur
1615 5657 1964 5714 Fortunatus.
2009 5660 2056 5714 ls
2085 5676 2210 5716 vero
2241 5664 2326 5716 hic

739 5744 827 5789 est
859 5753 869 5786 :

871 5823 1075 5872 Flexilis
1091 5825 1310 5871 arctatur
1333 5833 1510 5869 recavo
1533 5822 1603 5870 sic
1631 5821 1794 5882 lingua
1821 5821 1998 5882 palato,

869 5887 1078 5934 Pri-ssus
1101 5892 1153 5932 ut
1179 5886 1227 5932 in
1251 5897 1512 5939 cameram,
1536 5883 1770 5946 pulsantis
1808 5886 2020 5932 verbere
2047 5885 2235 5946 plectri,

871 5948 1142 5996 Percussus
1161 5955 1382 6007 reSonet,
1409 5945 1684 5996 modulatus
1710 5949 1756 5995 in
1782 5959 1917 6007 aera,
1945 5945 2126 6006 sermo,

2579 1153 2686 1210 Nec
2715 1155 2893 1212 differt
2935 1155 3192 1214 Martinus
3219 1173 3377 1230 opem
3408 1161 3622 1232 pietatis
3651 1165 3912 1233 amicam;

2579 1247 2851 1304 Sternitur
2872 1265 3002 1320 ergo
3022 1253 3162 1315 solo,
3189 1254 3380 1309 tacitus
3405 1270 3566 1325 prece
3586 1258 3763 1313 sidera
3789 1263 4005 1330 pulsans,

2579 1342 2813 1411 Corpore
2832 1344 2976 1398 fusus
3001 1344 3170 1410 ltumi,
3191 1347 3419 1402 volitans
3437 1363 3598 1419 super
3617 1351 3816 1406 aetbcra
3835 1369 4006 1421 sensu;

2581 1437 2756 1492 Sensit
2791 1447 2849 1492 ut
2874 1438 3122 1494 ell‘ectum
3152 1441 3276 1496 fidei
3319 1443 3578 1498 meruisse
3612 1457 3848 1513 precatu,

2475 1527 2545 1582 35
2583 1528 3046 1586 Sanctificaturum
3081 1532 3204 1587 ferri
3237 1533 3337 1589 sibi
3369 1539 3538 1602 poscit
3567 1538 3794 1603 olivum,

2585 1622 2926 1693 lnlunditqne
2952 1624 3031 1679 ori
3065 1626 3406 1682 benedictum
3437 1629 3588 1701 fruge
3617 1633 3878 1700 liquorem
3905 1654 3916 1699 ;

2582 1718 2751 1782 Atque
2779 1723 2970 1769 tenens
2997 1716 3164 1788 digito
3196 1717 3426 1785 linguam
3469 1723 3775 1780 miserando
3809 1728 4006 1795 puellae,

2586 1805 2702 1874 Ipse
2734 1809 2902 1875 patris
2939 1825 3131 1861 nomen
3161 1811 3372 1877 geniale
3402 1815 3625 1883 requirit
3653 1818 3915 1884 alunmm;

2583 1895 2700 1950 Mox
2724 1899 2862 1951 rcsol
2873 1906 2960 1953 uta
2983 1911 3162 1954 movet
3185 1900 3350 1955 lancis
3371 1903 3481 1975 lyra
3507 1904 3710 1961 tinnula
3743 1911 4010 1977 plectrum.

2475 1988 2544 2043 ιο
2584 1987 2758 2059 Atque
2791 1991 2996 2046 insueta
3034 1993 3176 2046 canit
3210 1997 3465 2049 camerati
3497 2001 3702 2054 ennclia
3736 2001 3916 2068 palati,

2583 2085 2752 2139 Dente
2801 2085 2956 2140 relisa
2987 2102 3119 2142 cavo
3151 2089 3449 2156 producens
3479 2094 3640 2146 verba
3673 2093 3881 2159 fritillo,

2582 2175 2984 2246 Responditqne
3015 2181 3178 2247 patris
3209 2196 3402 2236 nomen
3434 2183 3517 2252 pia
3550 2185 3655 2238 lilia
3685 2186 3864 2242 dulce.

2585 2267 2777 2324 Vcntre
2803 2269 2950 2340 prius
2976 2271 3175 2341 genita,
3205 2271 3291 2328 hic
3315 2273 3427 2328 visa
3469 2285 3553 2330 est
3579 2279 3735 2348 quasi
3768 2294 3898 2336 voce
3927 2297 4017 2338 re-

3851 2375 4016 2448 [nata;

2581 2455 2772 2510 Reddit
2797 2455 2998 2520 adulta,
3046 2465 3196 2513 vetus
3227 2459 3489 2516 lactantes
3518 2477 3615 2520 ore
3643 2479 3919 2536 susurros,

2581 2551 2842 2620 Incipiens
2874 2561 3058 2607 tenero
3086 2554 3435 2622 proscindere
3471 2559 3634 2611 verba
3663 2569 3876 2626 rotatu;

2579 2643 2723 2698 Motu
2757 2645 2900 2713 pigra
2931 2646 3048 2699 rudi
3085 2646 3374 2702 decurrens
3403 2648 3582 2719 lingua
3611 2651 3897 2721 gradatim,

2579 2738 2842 2807 lmplicitn
2874 2739 3049 2794 sonitu
3069 2780 3086 2806 ,
3120 2757 3276 2796 rauca
3309 2744 3566 2810 novitate,
3596 2746 3794 2813 cicuta,

2583 2830 2760 2886 Donec
2789 2833 2944 2901 plena
2974 2847 3074 2888 suo
3102 2835 3298 2890 cecinit
3323 2837 3641 2908 symphonia
3673 2841 3828 2896 flatu.

2579 2923 2715 2978 Tum
2739 2925 2945 2993 genitor
2967 2941 3138 2996 genua
3176 2928 3504 2997 amplectens
3529 2935 3837 2990 veneranda
3865 2937 4020 3004 beati,

2474 3015 2541 3070 50
2582 3015 2916 3085 Vociferans,
2948 3028 3002 3072 et
3053 3033 3183 3074 voce
3228 3019 3373 3085 data,
3407 3037 3502 3076 sua
3551 3023 3743 3094 gaudia
3792 3029 4022 3097 plorans,

2576 3107 2801 3164 Laetitiae
2827 3118 2951 3165 voto
2983 3110 3171 3164 reboat
3207 3114 3472 3182 praeconia
3505 3115 3742 3170 Cbristo.

2577 3199 2778 3256 Judicis
2803 3201 2923 3255 inde
2953 3201 3048 3256 feri
3081 3203 3273 3272 conjnx
3299 3220 3440 3275 aegra
3473 3207 3730 3273 Avitiani,

2578 3294 2768 3366 Dirigit
2811 3296 2875 3350 ad
2923 3306 3191 3363 sanctum,
3221 3297 3391 3352 morbi
3419 3300 3691 3368 sperando
3715 3303 4023 3372 medellam,

2580 3387 2685 3443 Vas
2713 3387 2816 3443 olei
2848 3388 3100 3455 vitreum,
3133 3389 3284 3444 lance
3314 3405 3465 3461 aequa
3497 3393 3864 3462 dimidiatum,

2473 3480 2542 3538 55
2581 3481 2738 3540 Unde
2767 3481 3040 3538 salutifero
3064 3483 3354 3552 depelleret
3389 3486 3622 3554 unguine
3644 3487 3918 3544 morbum.

2582 3575 2704 3630 Mox
2733 3589 2892 3644 super
2919 3574 3206 3642 ampullam
3259 3574 3383 3630 fecit
3413 3577 3592 3631 crucis
3621 3579 3736 3648 ipse
3765 3580 4024 3650 sigillum,

2583 3667 2765 3739 Surgit
2791 3667 2857 3722 ad
2902 3682 2996 3724 ora
3024 3668 3218 3738 liquor,
3242 3682 3607 3739 spumansque
3634 3683 3905 3728 exestuat
3934 3691 4025 3731 un-

3820 3766 4024 3839 leuem.

2579 3851 2838 3908 Ubertate
2862 3865 2997 3906 nova
3027 3860 3200 3907 vitreo
3227 3852 3328 3908 sub
3349 3854 3548 3909 cortice
3578 3856 3858 3924 obortum,

2579 3946 2644 4000 Et
2674 3959 2799 3999 vase
2835 3946 2886 3998 in
2919 3944 3064 4000 sicco
3092 3959 3384 4013 generosus
3412 3949 3653 4002 nascitur
3679 3950 3919 4015 humor;

2470 4041 2540 4097 60
2579 4040 2760 4096 Currit
2788 4039 2839 4092 in
2869 4052 3174 4103 ascensum,
3199 4040 3287 4109 qui
3314 4055 3537 4109 vergere
3559 4042 3711 4098 novit
3737 4045 3805 4098 ad
3831 4046 4025 4111 imum,

2581 4130 2838 4186 Fluxibus
2861 4140 2914 4185 et
2947 4130 3164 4200 liquidis
3189 4130 3296 4185 olei
3321 4134 3452 4200 petit
3478 4133 3664 4188 alveus
3691 4135 3866 4191 altum
3892 4156 3907 4202 ;

2576 4222 2682 4279 Sed
2713 4237 2868 4292 quem
2901 4237 3004 4276 non
3033 4224 3214 4293 genuit
3240 4223 3393 4278 radix
3429 4224 3676 4296 oleagina
3703 4242 3961 4293 succum,

2576 4316 2683 4371 Nec
2741 4315 3078 4386 Syrabraclta
3129 4315 3274 4372 dedit
3331 4317 3522 4372 merito
3571 4319 3790 4375 virtutis
3816 4322 4027 4388 adulto,

2575 4408 2780 4462 Crescit
2798 4419 2852 4462 et
2870 4409 2936 4462 ad
2965 4423 3255 4477 summum,
3283 4409 3465 4478 patulo
3485 4425 3588 4480 qua
3615 4412 3894 4468 clauditur
3912 4429 4026 4478 ore,

2436 4527 2603 4582 Porro
2634 4524 2863 4579 frixillns
2895 4524 3094 4599 (subdit
3117 4525 3288 4599 idem)
3313 4541 3532 4596 pyrgus,
3561 4536 3657 4582 aut
3685 4532 3848 4599 pyxis
3881 4540 4026 4598 erat,

2433 4600 2486 4652 in
2513 4613 2668 4666 quam
2716 4604 2932 4649 tessera:
2962 4596 3313 4650 mittebantur
3338 4608 3391 4650 et
3415 4596 3760 4666 jaciebantu'r
3790 4603 3850 4656 in
3895 4596 4031 4658 aba-

2431 4685 2552 4724 cum
2591 4685 2606 4723 ;
2637 4669 2703 4721 de
2733 4667 2924 4735 quibus
2953 4666 3012 4720 C.
3051 4668 3251 4721 Sollius
3277 4668 3331 4721 in
3363 4667 3609 4724 Narbone
3642 4689 3653 4722 :

2552 4779 2641 4843 llic
2667 4790 2894 4843 pl‘Dlﬂf‘llS
2917 4783 3107 4843 teretes
3132 4777 3616 4843 pilas,gtrocbosque,

2550 4841 2641 4890 llic
2666 4841 2787 4889 talos
2803 4842 3154 4900 crepitantibus
3178 4841 3371 4890 fritillis.

2352 4949 2402 5009 υ
2433 4925 2563 5009 υἱ.ᾳο
2588 4923 2744 5009 .lnan‘.
2773 4924 2838 4976 de
2860 4922 3144 5009 Jarnia,_.ut
3171 4927 3362 4992 legitur
3380 4929 3518 4994 apud
3553 4929 3824 5009 Dufresne
3859 4951 3875 4989 :
3910 4933 4039 5009 Pri:

2437 4997 2630 5074 tellmn,
2662 4998 2754 5074 ait,
2787 4996 3424 5074 poniturrtiant‘prauase
3453 5002 3741 5070 perforato,
3776 5021 3875 5069 per
3899 5008 4041 5074 quod

2433 5068 2594 5138 solent
2622 5067 2800 5135 projici
2846 5065 3032 5138 taxilli,
3059 5082 3120 5119 ne
3148 5066 3240 5134 ﬁat
3268 5069 3337 5122 ibi
3369 5065 3609 5138 frauafl';
3652 5065 3884 5132 rumine
3912 5065 4040 5132 'ita-

2431 5153 2535 5206 que
2567 5137 2656 5188 illo
2682 5152 2838 5202 quem
2866 5136 3032 5189 edunt
3063 5148 3281 5191 tessera:
3325 5136 3376 5193 in
3419 5142 3560 5195 hunc
3591 5144 3874 5201 alveolum
3909 5165 4041 5204 con-

2428 5207 2586 5286 jecta;
2633 5207 2786 5286 ducta
2817 5207 3106 5286 similitudo
3148 5218 3231 5286 est
3277 5209 3342 5262 ad
3360 5225 3536 5286 voces
3575 5213 3879 5286 humanas,
3910 5235 4035 5286 qua:

2433 5294 2527 5332 ore.
2558 5277 2851 5331 funduntur
2889 5288 2943 5331 et
2972 5279 3166 5347 lingua.
3193 5279 3314 5346 Quo
3360 5280 3412 5336 in
3444 5297 3606 5338 sensu
3638 5285 3768 5342 Milo
3821 5277 3887 5343 in
3920 5277 4042 5345 Vita

2431 5351 2488 5404 ὃ.
2521 5349 2746 5402 Amandi
2778 5350 3011 5416 episc0pi
3045 5367 3058 5402 :

2669 5440 2829 5511 docnt
2853 5453 3076 5514 puerum,
3098 5444 3213 5514 quis
3234 5455 3430 5514 sensus,
3455 5459 3647 5514 augeo,
3672 5453 3866 5514 suasit,

2556 5501 2801 5552 llebraieo
2817 5504 3000 5561 sonitu,
3018 5501 3211 5566 ignOtos
3235 5501 3454 5566 proferre
3474 5501 3671 5560 fritillus
3683 5516 3706 5560 ζ’

2629 5588 2703 5642 De
2750 5589 2982 5644 Avitiani
3030 5589 3238 5646 feritate
3286 5602 3342 5646 et
3388 5593 3715 5652 crudelitate
3764 5601 4046 5674 deinceps

2431 5668 2534 5714 erit
2564 5675 2761 5717 sermo.
3986 5668 4000 5674 ’

2436 5799 2476 5804 __
2503 5729 2591 5784 63.
2621 5729 2970 5800 Syrubracha.
2996 5731 3117 5796 Ms.,
3154 5733 3613 5804 Syrabara;Cod.
3641 5739 3760 5795 Vat.
3793 5753 3857 5798 et
3887 5746 4041 5800 Edit.

2436 5799 2594 5877 Ven.,
2625 5799 2714 5877 nec
2757 5805 3058 5877 syralmcca
3090 5799 3229 5877 dedit
3283 5807 3467 5877 merito
3495 5808 3702 5865 virtutis
3747 5799 4011 5869 edulium
4030 5859 4045 5877 ,

2434 5873 2574 5958 quod
2609 5871 2804 5958 placet.
2871 5873 3066 5958 Veteres
3270 5876 3368 5958 (ait
3397 5878 3714 5958 Browerus)
3752 5871 4046 5955 διε-σινιτὰ

2437 5957 2536 6010 pro
2562 5949 2804 6012 unguenti
2830 5949 3016 5998 exotici
3039 5949 3247 6015 pretiosi
3273 5949 3487 6016 liquoris
3509 5949 3706 6021 specie,
3730 5949 4051 6028 accipitrum
