4192 6546
259 372 369 432 ιοθ
1288 371 1379 428 DE
1422 370 1583 429 VITA
1621 367 1867 428 SANCTI
1906 368 2213 429 MARTINI.
2257 372 2387 429 LIB.
2419 371 2505 429 IV.
3436 380 3544 437 MO

291 491 364 549 65
399 488 510 547 Nec
536 495 818 545 contentus
861 487 973 560 agit
1015 487 1188 560 liquor
1228 498 1287 544 ut
1315 504 1412 544 vas
1444 490 1657 562 expleat
1686 488 1839 553 illud,
1872 489 1930 549 Α
2094 488 2447 561 Comperitut
2474 498 2689 548 sanctus
2717 490 2899 548 feralia
2918 491 3067 564 jnssa
3098 495 3298 567 satagi,

398 583 532 640 Nam
575 583 845 639 cumulata
873 582 981 637 olei
1012 597 1136 638 mox
1166 582 1356 639 deﬂuit
1385 584 1526 639 unda
1554 599 1808 655 superne,
2096 585 2365 655 Tempore
2388 585 2491 640 sub
2514 586 2687 640 noetis
2709 600 2848 640 saeva
2880 587 2946 642 ad
2974 590 3222 659 praetoria
3248 591 3437 661 tendit,

398 676 509 735 Nec
534 691 656 733 sese
686 691 817 733 urna
847 677 1018 747 capit;
1069 685 1213 731 tanta
1244 681 1330 732 est
1370 677 1672 732 benedictio
1713 678 1847 734 dex-
2095 678 2163 733 Et
2188 678 2401 748 pietatis
2424 679 2525 735 iter
2555 681 2703 735 solus
2726 690 2879 749 parat
2906 682 2984 737 ire
3009 683 3203 739 viator.

1703 770 1845 844 [trte,
2095 769 2341 826 Pervenit
2370 780 2428 826 ut
2458 774 2640 828 senior
2664 789 2853 844 gressu
2885 776 3205 833 miseranter
3234 778 3463 848 anhelo;

400 864 802 933 Exuudansqne
843 877 1034 918 omnes
1064 863 1222 932 pueri
1256 861 1542 919 madefecit
1569 856 1825 919 amictus.
1958 864 2055 922 ll5
2095 864 2366 921 Sternitur
2394 876 2519 923 ante
2550 868 2715 934 fores,
2749 884 2842 936 per
2885 869 3069 926 limina
3112 872 3225 926 dira
3256 874 3539 946 benignus,

401 960 468 1013 Et
493 959 641 1030 digiti
672 958 741 1015 de
766 958 912 1015 fonte
941 960 1123 1031 rigans
1149 959 1387 1015 manavit
1413 959 1613 1014 olivum
1650 976 1662 1011 τ
2093 961 2206 1026 Qua
2236 958 2657 1029 recubatjudex,
2691 970 2941 1030 torpente
2981 977 3175 1031 sopore
3204 967 3464 1033 sepultus.

284 1054 359 1109 70
398 1054 473 1108 Ae
503 1061 781 1123 postquam
814 1052 1015 1122 irrigue
1045 1052 1244 1108 ﬂuviali
1275 1065 1428 1107 more
1458 1053 1717 1120 cucurrit,
2098 1051 2332 1121 Angelus
2364 1052 2568 1107 interea
2594 1063 2847 1123 penetrat
2870 1070 2994 1109 mox
3024 1055 3194 1127 aliger
3232 1058 3428 1123 aulam,

397 1146 503 1202 Vas
531 1148 743 1212 plenum
778 1145 903 1201 fidei
935 1146 1127 1201 merito
1159 1154 1399 1201 matrona
1432 1146 1658 1213 recepit.
2094 1146 2302 1201 Intonat
2335 1156 2390 1202 et
2418 1146 2604 1201 comiti
2634 1148 2950 1205 dormitanti
2981 1166 3074 1207 ore
3124 1153 3320 1209 minaci
3347 1172 3360 1206 :

467 1239 576 1293 Nec
618 1239 793 1293 minus
823 1237 947 1293 inde
986 1239 1129 1292 subit
1154 1252 1333 1292 rerum
1366 1236 1650 1291 admiratio
1694 1234 1835 1302 facti,
2092 1239 2168 1294 Te
2196 1255 2361 1309 sapor
2385 1241 2470 1297 liic
2501 1243 2713 1308 retinet,
2741 1242 2999 1299 Martinus
3020 1255 3127 1300 stat
3156 1246 3307 1315 foris,
3343 1248 3536 1321 inquit,

396 1332 538 1386 Idem
578 1348 669 1386 vas
700 1333 934 1387 vitreum
985 1331 1323 1388 benedictum
1355 1330 1535 1386 nobile
1585 1329 1841 1393 reddens,
1951 1330 2055 1387 I20
2095 1331 2173 1386 'I‘u
2205 1333 2387 1401 requie
2420 1333 2634 1398 frueris,
2664 1346 2717 1388 et
2737 1338 2967 1390 sustinet
2996 1336 3085 1391 ille
3120 1336 3331 1395 labores
3358 1359 3370 1394 :

396 1427 528 1481 Cum
561 1442 692 1495 puer
722 1426 965 1481 incautus
1010 1423 1281 1492 posuisset
1311 1422 1363 1477 in
1408 1437 1502 1477 ore
1530 1418 1803 1485 fenestrae,
2093 1425 2322 1480 Molliter
2348 1425 2463 1494 ipse
2495 1436 2632 1485 toro.
2654 1426 2799 1495 jacet
2828 1428 2913 1484 ille
2942 1429 2996 1483 in
3020 1444 3289 1486 marmore
3311 1432 3447 1486 diro.

287 1518 358 1577 75
398 1518 467 1575 Ut
488 1528 611 1587 pote
640 1519 897 1573 carbaseo
925 1533 1189 1573 venerans
1217 1515 1485 1573 velamine
1505 1524 1731 1579 tectum,
2096 1518 2380 1573 Excutitur
2414 1519 2654 1586 trepidus
2680 1535 2799 1574 mox
2824 1536 2891 1576 ex
2921 1537 3115 1578 somno
3160 1524 3463 1591 Avitianus,

394 1614 580 1669 Lintea
600 1614 732 1668 dum
760 1612 987 1670 retrahit
1014 1612 1272 1667 ﬂuitantia
1304 1612 1518 1666 nescius
1550 1608 1708 1677 alter,
2098 1610 2381 1665 Martinam
2441 1610 2749 1667 exclamans
2780 1652 2794 1675 ,
2856 1612 3060 1670 foribus
3130 1616 3389 1672 recubare
3454 1632 3537 1672 sa-

395 1710 567 1779 Lapsa
600 1710 908 1779 pavimento
949 1708 1183 1778 ampulla
1215 1714 1320 1762 stat
1350 1720 1622 1761 marmore
1666 1716 1840 1769 tenso,
3273 1706 3535 1779 [eratum:

396 1805 502 1861 Sed
534 1820 633 1860 nec
671 1818 799 1859 saxa
831 1802 1028 1858 vitrum
1076 1801 1307 1872 perdunt
1378 1810 1479 1855 nec
1506 1812 1627 1853 vasa
1672 1797 1842 1865 liquo-
1873 1856 1919 1872 ἢ
2096 1796 2325 1868 Imperat
2356 1806 2408 1853 et
2452 1798 2663 1853 famulis
2714 1808 2957 1854 reserent
3002 1808 3061 1856 ut
3095 1801 3328 1856 claustra
3359 1802 3536 1870 beato,

1657 1890 1793 1964 [rem
1826 1908 1841 1945 :
1873 1856 1922 1917 Β
1988 1889 2060 1946 25
2098 1890 2174 1946 Ne
2202 1906 2418 1946 servum
2449 1890 2645 1945 Cbristi
2674 1891 3041 1946 venerandum
3066 1892 3253 1963 injuria
3288 1905 3463 1950 vexet.

398 1994 608 2064 Integra
645 2000 912 2060 servatur,
963 1991 1194 2046 volitans
1224 1988 1375 2059 quasi
1410 1986 1614 2057 pensile
1642 1985 1841 2054 pluma.
2095 1983 2231 2039 Hinc
2280 1982 2464 2039 famuli
2519 1982 2750 2039 illudunt
2795 1984 3051 2052 domino,
3104 1988 3400 2056 crepitante
3444 2003 3539 2043 ca-

285 2088 357 2144 80
398 2091 501 2144 Aut
524 2089 778 2142 subvecta
812 2086 944 2141 levis
967 2085 1197 2157 geminis
1222 2082 1577 2139 descenderet
1602 2081 1735 2145 alis;
3290 2079 3533 2152 [eltinno,

394 2181 659 2248 Nullaque
690 2180 824 2235 rima
848 2188 1015 2247 patet,
1042 2192 1141 2232 nec
1169 2178 1306 2231 facta
1339 2176 1393 2230 in
1419 2190 1545 2229 vase
1593 2173 1842 2241 cicatrix,
2094 2166 2341 2222 Dicentes
2365 2166 2559 2235 stupidi
2601 2182 2659 2221 se
2690 2169 2895 2222 somnia
2935 2183 3069 2223 vana
3101 2169 3280 2226 videre
3309 2190 3320 2225 :

394 2272 482 2326 Sic
512 2271 691 2341 liquor
732 2268 962 2324 interius
1009 2265 1138 2323 facit
1166 2268 1432 2322 exteriora
1463 2264 1620 2327 tueri,
2092 2262 2196 2318 Pro
2226 2262 2428 2317 foribus
2456 2262 2656 2316 nullum
2683 2261 2919 2317 residere
2944 2262 3026 2317 vel
3058 2277 3177 2317 esse
3201 2264 3461 2321 virorum.

397 2365 458 2417 Et
488 2378 645 2433 quem
681 2362 837 2416 tutari
872 2360 1074 2424 decuit,
1104 2375 1199 2414 sua
1240 2358 1472 2428 tegmina
1507 2357 1658 2419 texit,
2092 2355 2300 2410 Rursus
2323 2354 2581 2423 prmcipiti
2612 2356 2869 2421 premitur
2920 2369 3111 2409 somno
3136 2355 3414 2412 Avitianus
3446 2375 3460 2424 ;

395 2455 472 2512 Ne
502 2456 635 2509 vitra
663 2454 977 2524 depereant,
1011 2453 1116 2508 olei
1147 2452 1388 2507 custodia
1418 2460 1619 2515 servat,
1952 2449 2053 2507 150
2094 2447 2325 2518 Angelus
2354 2446 2478 2501 inde
2506 2447 2673 2501 virum
2699 2447 2982 2501 violentior
3013 2448 3208 2503 excitat
3242 2464 3462 2520 urgens,

287 2550 359 2606 85
400 2547 750 2613 Inclususque
775 2546 967 2600 humor
994 2543 1267 2615 proprium
1293 2542 1536 2599 defendit
1566 2543 1843 2608 amictum,
2086 2540 2338 2597 Concutit
2387 2548 2439 2594 et
2469 2539 2702 2610 graviter
2732 2554 2799 2594 ne
2828 2539 3045 2594 cederet
3075 2540 3190 2608 ipse
3219 2542 3429 2610 sopori;

396 2643 471 2695 Ac
494 2640 733 2707 fragmen
767 2635 956 2709 fragile
985 2638 1169 2691 statuit
1209 2635 1513 2691 benedictio
1536 2635 1691 2690 forte.
2091 2633 2333 2689 Tf‘rilns
2359 2630 2484 2686 hinc
2509 2630 2694 2700 judex,
2725 2631 2859 2685 ultra
2886 2645 3057 2699 neque
3079 2632 3326 2687 credulus
3348 2634 3463 2697 ulli,

398 2731 564 2804 Cujus
595 2730 840 2800 discipuli
875 2731 1076 2800 pariter
1104 2728 1232 2784 dum
1265 2728 1569 2783 comminus
1592 2728 1753 2795 irent,
2094 2723 2417 2793 Postpositis
2448 2722 2681 2786 famulis,
2714 2722 2857 2777 celer
2889 2723 2954 2776 ad
2983 2738 3078 2778 sua
3111 2723 3289 2777 limina
3321 2726 3491 2797 pergit
3522 2742 3534 2780 :

398 2825 460 2880 Et
484 2825 634 2878 canis
666 2823 953 2877 horrificus
977 2822 1172 2876 latratu
1218 2820 1493 2876 insisteret
1522 2820 1733 2889 amplo;
2091 2817 2267 2888 Atque
2290 2815 2359 2871 ibi
2386 2814 2673 2870 Martinum
2709 2814 2929 2883 reperit,
2957 2830 3053 2869 ceu
3093 2825 3338 2872 senserat
3384 2820 3534 2885 olim,

395 2916 547 2973 Unus
577 2931 762 2971 amore
791 2914 901 2986 pio,
936 2914 1147 2970 Martini
1173 2914 1224 2969 in
1274 2914 1512 2980 nomine,
1546 2914 1698 2980 dicit,
1950 2909 2056 2969 155
2095 2911 2246 2968 Tunc
2298 2909 2447 2966 ferus
2495 2909 2786 2979 alloquitur
2836 2918 3103 2977 sanctum,
3157 2910 3241 2966 bis
3295 2914 3534 2976 vocibus,

282 3012 354 3068 90
399 3010 681 3078 Prmeipio,
716 3019 894 3063 taceas
917 3050 933 3075 ,
969 3023 1069 3064 nec
1097 3023 1194 3063 nos
1228 3007 1466 3063 clamore
1489 3004 1702 3076 fatiges,
3320 3006 3482 3079 [ultro
3515 3026 3528 3060 :

393 3105 512 3160 Mox
544 3102 766 3172 praecisa
791 3101 939 3155 canis
968 3100 1137 3155 rabidi
1165 3115 1263 3155 vox
1296 3115 1390 3155 ore
1414 3099 1691 3169 pependit,
2089 3096 2227 3167 Quid
2259 3096 2505 3161 Martiae,
2560 3095 2693 3152 mihi
2738 3094 2869 3151 facis
2913 3096 3036 3164 hoc,
3096 3099 3397 3154 venerande
3445 3114 3535 3153 sa-

394 3194 816 3262 Clamoremque
857 3207 1046 3260 vagum
1090 3190 1263 3245 media
1291 3190 1358 3246 de
1386 3190 1539 3246 fauce
1568 3188 1840 3253 resorbet;
1873 3224 1919 3287 Ο
3274 3189 3485 3263 [cerdos
3513 3193 3535 3246 ‘I

402 3287 467 3339 Et
490 3283 669 3354 fragor
701 3284 791 3339 ille
839 3281 989 3338 ferox
1016 3282 1179 3337 avido
1208 3282 1309 3337 sub
1345 3291 1564 3353 gutture
1593 3282 1844 3348 obhaesit,
1873 3265 1919 3287 ’⁸
2095 3285 2209 3342 Νοη
2242 3298 2450 3339 mecum
2500 3281 2718 3351 aequali,
2754 3282 2941 3346 fateor,
2972 3282 3265 3339 certamine
3312 3300 3535 3353 pugnas,

398 3381 565 3437 Stans
595 3381 733 3435 rictu
756 3378 972 3448 stupido
1001 3377 1203 3433 frenata
1231 3391 1366 3433 voce
1384 3376 1673 3443 molossus,
2091 3378 2440 3437 Absolvendo
2467 3391 2591 3433 reos
2623 3375 2794 3441 venis,
2821 3386 2875 3431 et
2905 3391 2991 3431 me
3021 3377 3247 3433 verbere
3299 3387 3532 3448 torques.

289 3473 367 3530 95
403 3471 539 3528 Cum
565 3473 713 3526 furor
736 3480 970 3542 urgeret,
1002 3470 1125 3539 quia
1154 3483 1214 3525 se
1244 3484 1345 3526 nec
1386 3468 1536 3525 hiare
1565 3470 1771 3538 liceret,
2090 3474 2173 3530 An
2205 3490 2289 3529 me
2318 3488 2413 3542 pro
2442 3474 2649 3527 cunctis
2672 3484 2857 3540 pinnas
2887 3470 3172 3525 absolvere
3201 3472 3391 3538 mavis,

400 3567 491 3623 Sic
516 3564 652 3620 redit
682 3564 890 3619 incluso
920 3562 1145 3619 tremula
1184 3563 1301 3618 sine
1331 3577 1465 3619 voce
1496 3578 1741 3633 susurro,
1956 3567 2055 3625 110
2096 3566 2262 3637 Eligis
2283 3575 2373 3620 aut
2402 3564 2627 3631 facinus,
2653 3579 2767 3617 mea
2800 3578 2896 3633 per
2925 3572 3189 3619 tormenta
3212 3566 3413 3635 pacisci
3444 3567 3464 3621 ε

399 3661 613 3718 Profuit
640 3668 695 3714 et
722 3672 919 3714 nomen
947 3657 1144 3723 sancti,
1176 3672 1284 3728 quo
1305 3657 1481 3714 defuit
1510 3673 1625 3714 ore.
2095 3656 2206 3715 Sub
2234 3664 2439 3712 tortore
2471 3670 2613 3710 nove
2645 3664 2923 3709 mutantur
2956 3666 3192 3725 tempora
3224 3658 3384 3713 caedis
3416 3678 3427 3712 :

471 3754 614 3823 Ergo
650 3752 751 3808 iter
783 3752 1073 3821 inemptum
1111 3750 1257 3806 lento
1287 3749 1422 3821 pede
1470 3765 1693 3822 pergere
1733 3760 1848 3807 ten-
2094 3749 2260 3805 Pmna
2290 3748 2477 3802 diurna
2510 3761 2631 3801 reos
2660 3748 2886 3815 cruciat,
2912 3763 3000 3804 me
3038 3757 3195 3804 nocte
3222 3750 3429 3820 fatigas.

1671 3841 1845 3913 [dam,
2092 3840 2261 3897 Serve
2288 3839 2407 3906 Dei,
2436 3840 2629 3907 patuit,
2664 3855 2821 3909 quam
2851 3840 2923 3894 sit
2958 3841 3051 3895 tibi
3082 3843 3228 3897 celsa
3277 3853 3538 3913 potestas,

400 3945 539 4001 Dum
562 3943 691 3999 licet
718 3942 799 3997 ire
821 3941 982 4009 viam,
1040 3939 1168 3995 dum
1218 3952 1305 3995 me
1335 3945 1493 3993 vocat
1530 3952 1657 3993 aura
1706 3936 1849 3992 salu-
2090 3931 2316 4000 Quando
2346 3931 2645 4001 ﬂagellatur
2683 3933 2938 4001 graviter,
2971 3942 3021 3988 te
3045 3933 3249 4003 judice,
3280 3934 3464 4004 judex.

1680 4032 1815 4106 [bris
1953 4026 2057 4085 IIS
2096 4027 2231 4084 Hinc
2286 4034 2463 4081 tamen
2508 4027 2621 4095 ipse
2668 4026 2885 4095 probas,
2938 4043 3147 4083 mecum
3198 4030 3269 4085 sit
3309 4032 3539 4101 qualiter

254 4138 366 4193 I00
408 4134 474 4189 Et
506 4132 670 4189 trahit
697 4132 828 4187 hora
861 4129 978 4186 dies
1004 4128 1227 4198 vestigia
1252 4126 1403 4182 tarda
1434 4134 1764 4183 moventem.
3295 4123 3489 4195 ιεοιυηι
3523 4141 3536 4177 ε

402 4227 642 4284 Moribus
672 4235 729 4279 ut
753 4223 993 4279 tumidus
1020 4235 1203 4277 comes
1254 4220 1535 4276 Avitianus
1564 4218 1775 4289 agebat,
2094 4210 2226 4267 Cum
2258 4224 2354 4281 per
2376 4225 2465 4266 me
2494 4209 2672 4276 venio,
2705 4225 2805 4267 nec
2832 4212 3090 4280 amicum,
3143 4229 3242 4270 nec
3267 4231 3395 4285 rogo
3425 4231 3537 4270 ser-

402 4318 666 4374 Terribile
694 4315 870 4371 officio
901 4313 1145 4370 Turonos
1189 4311 1439 4368 suﬂultus
1470 4311 1657 4366 adivit.
3360 4310 3535 4384 [νυυη

406 4412 634 4481 Agmina
666 4408 1015 4473 conveniunt,
1050 4416 1103 4460 et
1131 4404 1288 4475 longa
1317 4415 1507 4460 eatena
1538 4419 1776 4472 reorum,
2094 4396 2209 4451 Non
2235 4394 2431 4467 patitur
2459 4395 2672 4450 differre
2697 4412 2894 4463 moras,
2919 4414 3078 4468 quem
3108 4416 3264 4467 poena
3287 4417 3497 4459 coercet
3522 4422 3536 4461 :

408 4507 772 4561 Accrescente
802 4516 980 4567 coma,
1031 4514 1261 4572 quorum
1307 4513 1435 4555 caro
1467 4509 1576 4555 tota
1606 4498 1802 4555 ﬂuebat
1835 4516 1846 4551 :
2094 4488 2177 4546 Nil
2202 4504 2336 4559 opus
2358 4500 2441 4544 est
2463 4490 2639 4544 verbis
2668 4490 2829 4546 tacito
2858 4501 2931 4559 te,
2983 4508 3149 4548 nosco
3178 4495 3323 4565 quod
3348 4510 3533 4566 optas;

256 4597 370 4655 I05
411 4596 474 4653 Et
506 4602 823 4662 consumpta
874 4601 1081 4648 arctum
1113 4591 1324 4648 laxabat
1354 4591 1569 4647 brachia
1620 4591 1844 4658 ferrum,
1877 4611 1933 4674 ι)
2094 4581 2259 4649 Cede»
2295 4596 2505 4652 Pref-0":
2536 4581 2755 4638 discede
2787 4584 2925 4650 ⁸000,
2974 4588 3210 4645 concede
3238 4590 3379 4659 QUOd
3419 4605 3537 4660 01·οο

408 4689 668 4745 Confecta
701 4686 872 4741 macie
901 4687 991 4741 vix
1019 4685 1330 4740 declaranle
1357 4684 1601 4755 ﬁguram.
1954 4693 2058 4751 150
2095 4692 2202 4749 Nec
2232 4700 2318 4747 tua
2349 4706 2436 4747 me
2464 4692 2696 4763 graviter
2724 4695 2828 4747 cito
2854 4696 3035 4763 puniat
3060 4697 3189 4751 ultio
3215 4699 3426 4757 vindex.

413 4791 695 4845 Poenarum
717 4801 887 4855 genus
912 4784 1025 4854 ipse
1054 4784 1208 4854 jubet
1236 4783 1354 4855 plus
1392 4797 1542 4837 more
1570 4783 1776 4852 parari;
2098 4786 2222 4841 llzee
2249 4786 2345 4851 ait,
2377 4793 2429 4839 et
2461 4799 2691 4854 propero
2722 4785 2875 4854 pede,
2907 4787 3217 4845 discedente
3246 4801 3490 4860 patrono,

411 4882 702 4937 Deﬂentem
739 4878 922 4933 videas
969 4876 1218 4946 populum
1247 4874 1481 4943 spatiare
1503 4888 1600 4943 per
1624 4874 1810 4930 urbem
1833 4914 1847 4941 ,
2099 4876 2398 4941 Avitianus,
2426 4875 2580 4943 inops
2610 4876 2798 4941 animi,
2830 4887 2985 4933 vocat
3007 4880 3288 4948 officiales,

415 4978 715 5043 Indixitque
741 4974 890 5029 nefas
915 4986 1165 5042 processu
1196 4970 1263 5025 ad
1290 4969 1708 5038 tristetribunal,
2100 4970 2165 5025 Et
2192 4984 2435 5024 reserare
2459 4967 2611 5038 jubet
2644 4978 2930 5035 tormenta,
2964 4974 3251 5039 ergastula,
3279 4977 3541 5045 claustra,

259 5070 372 5129 110
414 5066 568 5123 Unde
603 5074 781 5120 truces
809 5060 953 5118 oeuli
980 5068 1291 5130 spectarent
1331 5059 1570 5115 membra
1600 5059 1851 5127 cremari,
2096 5063 2338 5133 Cumque
2374 5062 2694 5130 relaxasset,
2719 5066 2902 5133 procul
2932 5065 3045 5135 ipse
3062 5068 3281 5123 recessit
3305 5070 3373 5123 ab
3391 5071 3520 5126 urbe

341 5200 466 5256 100.
513 5198 654 5253 Dies.
687 5194 1045 5269 Farte_diem._
1077 5263 1089 5269 _
1258 5264 1270 5269 _
1293 5263 1305 5269 _
1434 5265 1452 5269 _
1620 5265 1640 5269 ,
1672 5266 1684 5269 _
1844 5265 1856 5269 _

2034 5201 2155 5257 I09.
2197 5200 2321 5257 Haec
2351 5199 2677 5269 reSpondent
2723 5200 2785 5253 iis
2834 5217 2952 5267 qttte
2984 5202 3290 5259 referuntur
3336 5221 3363 5259 a
3414 5207 3537 5263 Sev.

342 5269 805 5346 I0_I.__Aritt'antts..
828 5266 926 5346 Hic
952 5263 1227 5346 Avitianus
1256 5263 1564 5346 idemforte
1594 5265 1714 5320 fuit
1769 5265 1857 5335 qui
1962 5273 2135 5343 Sulp.,
2166 5288 2212 5327 c.
2236 5271 2290 5337 5,
2322 5263 2455 5326 Dial:
2486 5270 2540 5346 5,
2569 5263 3189 5346 disponenslAvitianus)
3218 5286 3416 5344 ροειενα
3435 5279 3540 5346 die,

262 5345 371 5399 sub
399 5341 614 5414 Iuliano
645 5337 883 5414 vicarius
902 5337 1091 5414 Africa!
1117 5334 1278 5390 fuisse
1312 5335 1527 5414 dieitur.
1556 5345 1611 5414 ul
1650 5334 1859 5414 εςηιξὶτξι
1961 5334 2175 5398 atto-uita
2199 5334 2416 5403 civ-tate,
2465 5345 2531 5395 nd
2562 5334 2686 5414 opus
2742 5355 2842 5395 tam
2872 5334 3024 5398 triste
3055 5334 3349 5414 pro/cdere,
3397 5360 3499 5402 etc.

265 5432 335 5489 ex
370 5413 505 5489 βαιά.
536 5409 744 5489 Theod.
773 5408 830 5489 l._.
987 5408 1049 5459 de
1079 5408 1412 5489 «τιοιιτηριιῡζέι
1444 5407 1476 5458 Ι.
1512 5422 1547 5469 l,
1578 5408 1642 5461 de
1678 5407 1855 5489 Indul.

1964 5416 2177 5471 mallem
2228 5416 2314 5468 liie
2358 5414 2536 5485 legere
2565 5406 2947 5481 (Indixitque,
2995 5406 3178 5486 nefas!
3222 5406 3539 5489 processum,

268 5486 518 5545 debitor.,
544 5493 598 5537 et
621 5482 659 5536 Ι.
686 5479 744 5539 2,
776 5482 837 5533 de
860 5480 976 5531 itin.
1004 5478 1298 5531 muniendo.
1355 5477 1479 5545 Ejus
1531 5480 1859 5533 mentionem
1963 5497 2068 5543 etc.

267 5556 397 5612 facit
419 5565 472 5609 et
500 5553 767 5627 Arruntium
805 5548 1268 5627 Mareellinuslib.
1300 5564 1444 5602 xxvtt
1467 5550 1586 5627 __sub
1622 5548 1863 5627 Yaleutj.
2037 5558 2157 5613 In,
2203 5556 2341 5627 Fuit,
2368 5554 2693 5627 yen,,juua
2720 5558 2943 5625 tyranni,

269 5628 435 5684 niano
460 5637 515 5681 et
550 5623 795 5682 Valente,
821 5635 1086 5693 qucrnea:
1116 5619 1301 5672 vicario
1326 5618 1580 5693 appellat,
1609 5618 1653 5673 si
1702 5621 1861 5693 modo
2038 5627 2162 5684 121.
2204 5626 2337 5683 Cod.
2369 5618 2522 5693 Vat”.
2544 5618 2762 5681 resereni
2791 5638 2837 5679 et
2867 5631 3110 5682 claustra.

268 5698 415 5754 idem
443 5706 524 5753 est
553 5694 647 5765 qui
675 5709 704 5747 a
744 5693 869 5748 Sev.
919 5690 1123 5759 Sulpic.
1158 5704 1342 5745 comes
1370 5690 1646 5745 Avitianus
1677 5692 1857 5763 appcl-
2038 5698 2161 5754 159.
2201 5699 2337 5753 Cod.
2364 5690 2511 5763 Van,
2546 5714 2719 5764 paena;
2741 5699 3015 5753 exsolvere.

268 5773 428 5828 ιειυιι,
806 5834 823 5836 _
1003 5833 1014 5836 _
1178 5832 1188 5836 _
1214 5832 1226 5836 _
1490 5834 1499 5836 4
2042 5770 2140 5825 III
2206 5769 2342 5826 Cod.
2369 5768 2514 5836 Ἶρι,
2540 5770 2820 5831 multantur
2852 5783 3080 5836 tempora
3104 5773 3277 5829 cedis.

344 5838 465 5897 106.
514 5836 780 5909 Confecta.
804 5833 1109 5900 chendum
1141 5832 1351 5909 videtur
1378 5834 1678 5905 confectam.
2039 5842 2165 5899 184,
2206 5840 2336 5899 Cod,
2366 5832 2510 5907 γεμί
2540 5837 2661 5909 Ipse
2686 5842 2871 5897 recedi:
2895 5832 3127 5898 abiurbe,

345 5913 471 5970 107.
512 5904 646 5967 Cod.
680 5907 821 5975 Vat.,
852 5922 1007 5977 genus
1037 5921 1185 5961 omne
1201 5904 1368 5976 jubet.
