4192 6552
222 377 335 436 M5

230 500 334 558 ιω
373 499 601 567 Altaque
628 498 893 568 turrigero
915 494 1229 552 ceciderunt
1252 495 1450 551 mmnia
1481 495 1643 551 fastu.

369 593 413 648 0
441 609 597 648 sacer
628 594 871 658 antistes,
902 591 1060 647 dulce
1082 600 1136 646 et
1168 591 1517 645 memorabile
1543 605 1762 654 nomen,

372 684 501 753 Quis
530 700 590 741 se
620 700 725 740 non
758 684 949 739 subdat
977 684 1093 751 tibi,
1137 698 1235 754 pro
1255 699 1360 755 quo
1399 692 1455 741 et
1494 684 1674 740 nubila
1715 698 1822 753 pu-

1602 776 1823 850 [guantl

442 870 569 927 Haec
583 886 797 942 qunque
816 872 949 926 mira
973 871 1180 941 loquar,
1201 871 1350 939 parili
1370 869 1562 925 virtute
1580 880 1817 941 peracta.

370 964 556 1023 Stabat
583 968 747 1032 celsa,
778 966 982 1035 rigens,
1016 966 1281 1029 informis,
1312 964 1482 1019 forma
1526 965 1815 1020 columnae.

214 1052 330 1117 255
369 1060 624 1114 Immanis
652 1059 858 1127 habitu,
888 1068 1059 1114 tractu
1092 1057 1474 1129 insuperabilis
1495 1060 1674 1129 amplo
1704 1077 1717 1125 ;

370 1152 501 1222 Quae
531 1155 1010 1223 superimpositum
1059 1155 1404 1209 simulacrum
1439 1153 1633 1209 hostile
1661 1169 1815 1224 gere-

1684 1247 1815 1319 [bat.

366 1335 536 1405 Quam
555 1336 673 1407 pius
697 1345 753 1390 ut
769 1338 957 1402 voluit,
984 1339 1333 1409 valuitneque
1354 1339 1565 1395 s‘olvere
1587 1340 1808 1405 molem,

366 1426 574 1484 Rursus
604 1429 670 1483 ad
700 1432 885 1484 orandi
920 1430 1159 1485 victricia
1190 1433 1342 1504 signa
1370 1435 1641 1497 cucurrit;

366 1518 595 1590 Belliger
625 1521 850 1577 eiiciens
881 1522 944 1575 ad
982 1536 1041 1575 se
1075 1537 1223 1576 arma
1257 1525 1494 1591 polentia
1522 1524 1697 1578 cmlis.

213 1611 329 1670 240
366 1611 577 1669 Stratus
624 1614 789 1669 humo
844 1616 1131 1685 recubans,
1174 1617 1425 1686 precibus
1467 1632 1629 1687 supra
1671 1627 1813 1673 astra

1573 1709 1813 1781 [relatus,

365 1802 482 1870 Quo
512 1810 777 1858 exorante
807 1802 922 1869 diu,
960 1802 1235 1873 multoque
1267 1804 1319 1858 in
1357 1804 1575 1873 pulvere
1608 1786 1750 1871 fuso,

367 1894 593 1950 leitus
624 1905 707 1950 est
734 1896 905 1950 oculis
932 1896 1261 1951 descendere
1290 1897 1404 1950 visa
1437 1897 1707 1963 columna,

359 1988 592 2043 Molliter
619 1990 767 2044 aerio
797 1990 1073 2044 disulcans
1103 1990 1288 2043 nubila
1323 1990 1493 2060 lapsu,

360 2083 491 2150 Qua:
520 2084 716 2136 molem
747 2085 1048 2152 oppositam
1082 2093 1139 2136 ut
1170 2083 1378 2137 vibrato
1418 2083 1647 2152 perculit
1683 2082 1812 2148 ictu,

207 2174 324 2231 2l5
367 2176 656 2247 Fragmine
690 2176 924 2230 dissituit
957 2190 1220 2245 compago
1245 2176 1418 2230 soluta
1444 2175 1740 2239 columnae;

358 2265 609 2336 Laxaque
630 2267 875 2335 disperso
904 2265 1065 2337 fregit
1090 2266 1380 2322 simulacra
1419 2266 1677 2332 metallo;

360 2360 426 2413 Et
452 2361 671 2414 mentita
704 2374 842 2414 novo
876 2360 1138 2414 feriuntur
1176 2362 1395 2416 numina
1436 2363 1567 2427 telo,

361 2451 514 2507 Falsa
548 2455 762 2522 quidem
791 2468 972 2508 veram
1003 2455 1267 2509 sumentia
1313 2453 1547 2509 numinis
1591 2455 1722 2510 iram
1758 2473 1769 2508 :

359 2546 490 2610 Quae
518 2546 772 2601 subversa
807 2548 918 2601 suis
950 2558 1251 2618 genuerunt
1280 2547 1427 2603 lucra
1454 2549 1646 2614 ruinis,

204 2639 321 2695 250
362 2643 438 2697 Ac
469 2642 710 2695 resoluta
744 2641 879 2695 feris
909 2652 1196 2696 creverunt
1227 2642 1424 2710 templa
1451 2643 1661 2697 favillis.

428 2734 670 2789 Pandere
700 2734 823 2801 quin
851 2735 1013 2789 etiam
1046 2735 1200 2789 decet
1226 2736 1351 2789 illud
1388 2736 1590 2790 honore
1618 2735 1776 2791 beati.

363 2826 566 2881 Pallida
600 2843 721 2880 cum
752 2827 945 2881 mulier
973 2829 1213 2883 stillante
1252 2829 1448 2883 rubore
1478 2830 1706 2894 cruoris,

356 2921 524 2989 Cujus
549 2936 606 2975 se
641 2921 841 2992 irriguo
881 2922 1150 2977 siccarunt
1193 2924 1403 2979 viscera
1433 2923 1603 2989 ﬂuxu,

361 3012 623 3083 Naufraga
659 3014 900 3070 membra
939 3013 1155 3070 trahens
1185 3031 1371 3070 secum
1411 3032 1541 3087 vaga
1595 3019 1807 3089 sangui-

1511 3109 1617 3182 [nis
1644 3110 1805 3173 unda,

202 3197 319 3255 255
358 3201 702 3269 Tempestate
732 3216 843 3256 suae
872 3201 1065 3272 pluvia:
1093 3201 1301 3257 defessa
1334 3204 1605 3269 laborans,

356 3294 474 3363 Ipsa
504 3294 603 3348 sibi
637 3310 902 3365 generatis
927 3296 1125 3350 secreti
1152 3296 1381 3352 turbinis
1416 3296 1636 3360 imbres,

359 3386 639 3439 Fluctibus
666 3395 720 3440 et
751 3386 986 3455 propriis
1011 3387 1122 3456 jam
1155 3387 1502 3442 submersura
1522 3388 1729 3454 ruebat,

353 3478 466 3534 Nec
496 3493 660 3549 super
692 3479 834 3533 ullus
861 3488 977 3533 erat
1000 3485 1187 3549 portus
1214 3478 1338 3545 sibi,
1369 3496 1553 3533 norma
1576 3482 1804 3548 salutis;

356 3570 453 3625 Cui
484 3573 653 3627 semel
686 3580 743 3625 ut
781 3582 917 3626 tacta
940 3582 1024 3626 est
1049 3570 1313 3626 benedicti
1346 3571 1552 3627 ﬂmbria
1582 3572 1675 3637 fili,

196 3664 315 3721 26‘.)
354 3664 560 3721 Nobilis
589 3682 649 3721 ac
677 3668 873 3721 summi
906 3667 1186 3737 palpantur
1225 3665 1457 3721 stamina
1487 3668 1669 3737 panni,

352 3761 548 3816 Exsilit
596 3760 720 3815 inde
750 3761 915 3827 salus,
942 3759 1139 3833 digitos
1188 3761 1335 3830 prius
1380 3763 1614 3830 unguine
1656 3775 1805 3817 com-

1606 3852 1802 3927 (Piens.

353 3949 567 4005 Transit
600 3949 649 4003 in
680 3962 932 4003 arcanum
967 3946 1157 4002 ﬁducia
1184 3956 1326 4002 tanta
1362 3947 1621 4012 medelac;

353 4042 602 4097 Protinus
634 4041 814 4109 irrigui
846 4042 1079 4097 siccatur
1110 4044 1259 4111 origo
1290 4039 1501 4105 ﬂuenti,

353 4135 526 4190 I’rona
556 4138 719 4191 etiam
750 4136 958 4204 patulos
987 4134 1311 4189 damnantur
1341 4134 1516 4189 ﬁstula
1548 4148 1763 4200 cursus,

190 4228 312 4284 265$
355 4228 419 4283 Et
448 4228 692 4283 restricm
726 4226 896 4282 ﬂuens
929 4227 1071 4282 redit
1098 4226 1296 4281 insonti
1327 4225 1466 4281 unda
1495 4227 1727 4283 cruoris.

353 4323 565 4378 Assidtti
596 4320 770 4376 ﬂuxus
800 4318 1009 4394 fugiens
1037 4335 1166 4376 cava
1198 4335 1331 4374 vana
1363 4331 1593 4386 meatus,

358 4414 512 4469 Veste
542 4429 694 4469 saera
725 4412 917 4467 mediri
942 4413 1240 4467 solidantur
1258 4412 1466 4480 glutine
1495 4414 1617 4475 rivi,

352 4509 419 4563 Et
449 4509 645 4563 virtute
679 4507 777 4562 viri
808 4517 1091 4561 senserunt
1125 4504 1271 4560 frena
1300 4506 1558 4575 liquores,

350 4601 744 4671 Incalumisque
775 4602 911 4655 redit
940 4602 1007 4655 de
1034 4599 1176 4655 furto
1201 4598 1401 4653 femina
1434 4600 1582 4666 felix,

185 4696 312 4754 270
350 4701 523 4766 Atque
564 4694 752 4750 salutis
783 4709 961 4763 opem,
997 4694 1208 4748 medico
1238 4693 1540 4762 ignorante,
1590 4708 1798 4749 resum-

1648 4783 1799 4858 [psit,

348 4877 394 4933 Ο
422 4877 650 4933 Martine
675 4892 849 4942 sacer,
884 4878 1082 4943 nescis,
1117 4884 1171 4932 et
1202 4892 1422 4933 munera
1456 4877 1644 4931 donas.

273 5036 405 5093 236.
449 5035 651 5090 Idolum
684 5034 891 5088 scilicet
921 5048 1146 5088 summa:
1180 5034 1445 5088 columna:
1491 5034 1798 5104 impositum

184 5114 396 5171 stabat.

271 5180 403 5235 διδ.
436 5179 575 5233 Edit.
609 5177 766 5242 V9n.,
801 5177 1046 5244 lapsaque
1077 5176 1327 5241 disperso.

276 5252 413 5306 Ibid.
444 5250 576 5303 Cod.
608 5248 752 5312 Vat.,
780 5258 990 5316 pereunt
1021 5248 1295 5301 simulacra
1320 5248 1546 5302 metallo.

274 5322 405 5377 “£53.
435 5322 569 5373 (20d.
612 5320 753 5379 Ἠλὶ..
785 5322 1034 5371 siccarant
1063 5322 1280 5384 viscera;
1316 5321 1454 5388 qui-il
1491 5320 1798 5377 tenendum.

274 5396 403 5449 9.55.
442 5394 580 5447 ludit.
613 5391 769 5452 \'cn.,
798 5400 949 5460 atque
971 5393 1288 5458 suae-pluria,
1310 5394 1400 5444 sub
1425 5395 1648 5461 pondere
1666 5394 1801 5461 [eam

191 5471 441 5525 laborans
452 5504 464 5517 .

271 5538 570 5594 26?.iilh.
609 5534 766 5598 Veu.,

190 5614 459 5670 damnavit
491 5605 693 5678 ﬁstula.

271 5685 395 5739 ‘26:).
434 5684 568 5735 t.‘od.
606 5680 749 5741 Vat.,
782 5678 993 5731 rrditin
1027 5680 1215 5745 fontem
1238 5680 1398 5733 uada.

272 5758 397 5812 θη.
430 5752 531 5807 Ed.
570 5752 705 5807 Ven.
740 5762 790 5804 et
839 5748 972 5804 Cod.
1025 5749 1171 5817 Vat.,
1206 5754 1339 5805 vada
1380 5752 1609 5822 remige;
1658 5752 1798 5823 quod

193 5830 397 5959 1,1205%
428 5896 569 5955 Cod.
610 5894 751 5964 Vat.,
780 5910 909 5966 uaga
931 5894 1152 5959 cirrata;
1179 5902 1449 5965 corrupte.

837 5534 1114 5587 damnatur
1161 5533 1356 5602 ﬁstula.
1408 5535 1537 5588 Cod.
1604 5536 1798 5603 \'atic.,

1190 378 1278 437 DE
1319 376 1479 436 VITA
1517 372 1761 438 SANCTI
1802 376 2104 437 MARTINI.
2145 408 2217 423 —-
2249 378 2381 437 LIB.
2425 377 2514 438 IV.

1849 502 1905 562 Δ

1834 3240 1883 3306 C

1830 4623 1883 4686 Β

3422 387 3526 446 ιιι

2144 495 2270 550 Inde
2299 495 2483 564 procul
2515 506 2756 565 gressum
2779 493 3022 552 celerans
3049 498 3273 554 antistes
3300 499 3521 569 abibat;

2072 586 2269 641 Obvius
2299 602 2425 642 ecce
2457 588 2601 642 venit
2624 602 2849 658 serpens
2874 591 3125 645 adnando
3152 608 3247 661 per
3276 608 3515 664 amnem,

2073 681 2310 737 Pectoris
2339 682 2570 752 impulsu
2600 683 2814 737 suleans
2844 700 2976 755 vaga
3017 687 3219 756 remige
3243 689 3412 743 cauda
3431 730 3448 756 ,

1926 777 2032 834 275
2068 776 2387 848 Squammea
2415 786 2560 845 terga
2588 791 2830 843 movens,
2857 778 3017 847 spiris
3042 780 3177 833 vada
3202 780 3398 835 caerula
3417 780 3522 836 ﬁnd

3330 874 3518 949 [dens;

2066 962 2235 1031 Quem
2291 975 2443 1017 sacer
2520 962 2845 1032 inspiciens,
2903 964 2979 1019 ait
3028 962 3145 1020 haec
3192 966 3242 1020 in
3297 967 3524 1027 nomine

3259 1058 3476 1133 [Christi
3498 1075 3517 1117 :

2067 1146 2276 1213 Impero
2307 1146 2419 1201 dira
2453 1147 2571 1207 tibi.
2603 1154 2725 1216 pete
2753 1162 2994 1214 cursum,
3028 1150 3220 1218 bestia,
3252 1160 3422 1206 retro.

2065 1239 2195 1306 Quae
2222 1240 2405 1311 procul
2433 1240 2483 1294 in
2515 1240 2737 1295 ﬂuvium
2766 1241 3069 1297 sinuamina
3104 1243 3243 1297 lenta
3276 1243 3507 1313 reﬂexit,

2070 1335 2239 1403 Atque
2270 1334 2483 1390 retorsit
2504 1335 2607 1389 iter
2641 1350 2762 1390 mox
2790 1338 3001 1391 sarcina
3034 1344 3181 1391 tanta
3212 1338 3426 1410 veneni,

1920 1423 2025 1480 ‘280
2064 1424 2193 1479 lude
2222 1428 2354 1496 petit
2387 1426 2596 1481 bibulas
2620 1428 2752 1497 ripae
2784 1428 3055 1484 ulterioris
3086 1444 3300 1495 arenas,

2063 1518 2282 1589 Gurgite
2308 1520 2452 1588 lapsa
2493 1533 2707 1587 natans,
2734 1530 2982 1591 totasque
3014 1524 3287 1593 renavigat
3320 1522 3513 1594 undas,

2064 1610 2347 1679 ()bsequiis
2376 1611 2662 1675 famulans,
2710 1622 2767 1665 et
2801 1613 2985 1681 vipera
3019 1614 3251 1683 perdidit
3282 1616 3415 1685 iras,

2067 1701 2309 1769 Imperiis
2335 1703 2463 1772 justi
2498 1717 2597 1757 nec
2633 1704 2814 1774 iniqua
2845 1720 3047 1760 venena
3084 1718 3405 1775 repugnant.

2140 1796 2299 1850 Forte
2322 1795 2435 1849 dies
2465 1797 2691 1851 aderant
2725 1797 2997 1865 paschalia
3031 1799 3167 1854 festa
3200 1809 3473 1870 gerentes,

1844 1863 1894 1926 Β
1919 1887 2027 1945 285
2070 1888 2124 1943 In
2152 1889 2346 1957 quibus
2376 1891 2604 1944 antistes
2639 1863 2843 1959 partem
2873 1906 3083 1960 quoque
3112 1863 3270 1962 piscis
3296 1863 3513 1962 edebat,

2062 1985 2416 2054 Addebatque
2450 1987 2625 2041 bonus
2659 1997 2768 2041 tum
2806 1987 3028 2054 fercula,
3062 1990 3250 2058 reptile
3279 2000 3458 2060 gustu,

2062 2080 2326 2136 Sollicitat
2360 2082 2658 2138 monachos
2690 2084 2733 2137 si
2767 2085 2918 2152 copia
2949 2084 3109 2153 piscis
3135 2084 3387 2152 adesset;

2064 2173 2386 2244 Respexidit,
2421 2178 2505 2230 cui
2536 2192 2664 2231 cura
2696 2176 2838 2232 foret
2866 2178 3173 2241 commissa,
3206 2181 3475 2246 minister,

2058 2264 2129 2320 Se
2161 2274 2271 2320 toto
2306 2266 2547 2335 piscante
2573 2267 2664 2323 d.’e
2691 2276 2908 2337 captura
2938 2284 3163 2339 negasse
3191 2288 3203 2323 :

1918 2356 2025 2413 290
2064 2357 2147 2413 Nil
2182 2359 2415 2414 valuisse
2448 2360 2688 2426 hamum,
2723 2362 2852 2415 setis
2883 2364 2949 2416 ab
2977 2361 3237 2419 arundine
3260 2363 3463 2432 jactum
3492 2381 3510 2432 ;

2058 2451 2167 2508 Nec
2200 2452 2437 2520 potuisse
2475 2454 2708 2523 aliquam
2736 2456 2819 2510 vel
2857 2456 2990 2510 retia
3022 2455 3220 2512 ducere
3252 2458 3508 2527 prrcdam.

2064 2543 2159 2599 Cui
2182 2556 2495 2600 constanter
2523 2548 2624 2611 ais,
2656 2547 2865 2616 placido
2895 2548 3265 2603 moderamine
3297 2560 3507 2619 pastor,

2060 2636 2225 2707 Perge
2250 2638 2408 2693 tuodo
2428 2638 2493 2693 ad
2518 2638 2760 2708 ﬂuvium,
2785 2641 2876 2695 tibi
2903 2657 2999 2696 nec
3023 2654 3236 2711 captura
3260 2653 3504 2711 negatur.

2059 2731 2334 2787 Artiﬁcem
2368 2746 2489 2803 spes
2520 2741 2665 2789 certa
2700 2743 2921 2796 movet,
2958 2737 3088 2805 petit
3134 2736 3357 2806 impiger
3390 2752 3507 2790 am-

3339 2827 3507 2901 Ῐηρηῃ

1912 2913 2023 2972 295
2065 2914 2359 2985 Implentur
2390 2916 2593 2985 pariter
2624 2918 3013 2973 monachorum
3045 2918 3289 2974 examine
3317 2920 3470 2989 ripae,

2057 3006 2125 3063 Ut
2156 3021 2304 3063 sacra
2335 3006 2551 3062 Martini
2582 3018 2895 3079 spectarent
2924 3012 3064 3066 dicta
3095 3012 3399 3081 prophetae,

2052 3100 2221 3168 Quem
2254 3103 2458 3156 scirent
2488 3116 2591 3157 non
2626 3116 2778 3157 cassa
2809 3103 2988 3174 loqui,
3022 3119 3196 3174 neque
3222 3108 3387 3161 verba
3417 3120 3508 3161 re-

3330 3196 3457 3271 [felli
3489 3215 3505 3267 ;

2060 3285 2281 3356 Projicit
2313 3295 2368 3342 ut
2395 3287 2554 3343 ﬂuvio
2581 3302 2785 3344 cassem
2812 3290 2879 3346 de
2910 3304 3085 3360 puppe
3117 3290 3395 3361 magister,

2054 3377 2282 3434 Molliter
2312 3395 2373 3435 ac
2402 3382 2574 3437 vitreo
2608 3380 2786 3451 Ligeri
2820 3384 2984 3438 trahit
3022 3384 3239 3439 humida
3272 3385 3398 3457 lina,

1909 3490 2016 3547 500
2055 3492 2176 3547 Mox
2208 3492 2481 3565 ingentem
2509 3509 2723 3550 esocem
2754 3496 2966 3552 modico
2989 3497 3089 3553 sub
3118 3506 3232 3554 rete
3253 3510 3504 3568 coercet;

2050 3584 2119 3641 Et
2151 3587 2381 3643 trahitur
2408 3598 2666 3658 cognatus
2696 3592 2853 3661 aquis
2882 3591 2949 3646 ad
2983 3592 3161 3648 littora
3195 3594 3357 3664 piscis
3380 3637 3395 3662 ,

2052 3678 2167 3733 Non
2203 3688 2316 3737 rete
2343 3681 2586 3749 artificis,
2616 3682 2710 3738 sed
2738 3682 2947 3739 Martini
2981 3699 3076 3741 ore
3103 3686 3332 3758 ligatus;

2053 3773 2251 3831 Usibus
2280 3785 2335 3831 et
2362 3776 2533 3831 sancti
2562 3791 2621 3831 se
2651 3778 2830 3846 praeda
2862 3779 3101 3835 natatilis
3131 3781 3307 3848 offert,

2051 3865 2168 3923 Tali
2195 3878 2371 3923 morte
2404 3870 2572 3938 magis
2597 3869 2720 3925 vitae
2754 3885 2852 3940 pro
2877 3887 3100 3928 munere
3125 3887 3370 3928 currens.

2120 3958 2313 4016 Nobile
2333 3960 2459 4027 quin
2482 3959 2642 4016 etiam
2660 3977 2723 4018 ex
2743 3964 2996 4033 praefecto
3014 3966 3275 4021 Arborius
3297 3964 3452 4022 eﬂ'ert
3482 3986 3493 4021 :

2044 4050 2291 4122 Signum,
2322 4052 2463 4122 quod
2496 4053 2645 4120 vidit,
2679 4070 2737 4109 se
2770 4063 2928 4120 teste,
2971 4056 3144 4111 ﬁdelis
3176 4058 3227 4113 in
3261 4058 3439 4115 urbe:

2054 4143 2400 4199 Immaculata
2434 4144 2546 4200 Deo
2577 4160 2700 4201 cum
2728 4148 2871 4203 dona
2902 4150 3204 4215 imponeret
3232 4167 3376 4219 arar,

2053 4236 2116 4290 Et
2148 4246 2297 4303 pater
2325 4238 2581 4292 attonitus
2609 4243 2916 4294 ceremonia
2943 4243 3061 4294 diva
3091 4250 3351 4310 sacraret,

2049 4329 2267 4384 Munera
2300 4330 2386 4385 vel
2416 4330 2616 4385 Christi
2647 4332 2992 4388 benediceret
3022 4350 3117 4389 ore
3151 4336 3425 4402 sacerdos,

1906 4420 2011 4475 510
2050 4421 2302 4491 Imposita
2332 4423 2488 4479 altari
2522 4434 2635 4478 rata
2668 4426 2911 4495 corporis
2938 4437 3097 4494 atque
3134 4429 3362 4493 cruoris,

2053 4514 2283 4567 Emicuit
2312 4515 2490 4569 subito
2522 4531 2710 4570 manus
2742 4517 2877 4571 alma
2911 4518 3108 4574 decore
3135 4522 3388 4591 superbo,

2051 4606 2320 4661 Nobilium
2354 4608 2505 4662 vario
2536 4607 2767 4677 lapidum
2809 4610 3099 4678 splendore
3127 4626 3438 4668 coruscans.

2052 4699 2296 4769 Undique
2331 4700 2442 4754 visa
2474 4709 2606 4755 rota:
2636 4714 2899 4771 spargens
2930 4702 3175 4759 radiatile
3204 4703 3409 4772 lumen,

2051 4792 2270 4850 Brachia
2300 4796 2583 4865 purpureis
2612 4795 2876 4850 vibrantia
2903 4798 3110 4868 fulgura
3139 4800 3389 4868 gemmis,

1906 4889 2010 4944 5l5
2051 4887 2251 4943 Lumen
2284 4897 2337 4942 et
2364 4888 2429 4942 ad
2461 4889 2593 4943 solis
2625 4889 2835 4944 radians
2856 4931 2871 4957 ,
2907 4890 2998 4945 lux
3038 4890 3177 4945 fulva
3208 4891 3458 4959 metallis,

1907 3958 2014 4016 305

1974 5043 2100 5117 286.
2145 5043 2285 5099 Edit.
2324 5045 2481 5111 Ven.,
2512 5045 2789 5117 edebatque
2817 5064 3021 5114 nonus;
3053 5050 3192 5115 quod
3228 5049 3423 5117 placet.

1974 5116 2099 5171 288.
2146 5117 2435 5171 Monachus
2459 5118 2681 5183 scilicet,
2704 5116 2867 5186 quem
2890 5122 3157 5189 Sulpicius
3180 5116 3254 5175 ait
3274 5122 3488 5177 doctum

1908 5189 2068 5243 fuisse
2116 5189 2331 5256 piscari.

1976 5260 2101 5313 9.92.
2146 5260 2286 5313 htlll.
2324 5259 2482 5326 Ven.,
2514 5261 2597 5314 cui
2626 5272 2915 5315 constanter
2949 5263 3038 5317 ait.

1974 5332 2097 5404 298.
2145 5332 2281 5404 ﬁdit.
2320 5331 2473 5404 Ven.,
2506 5331 2724 5404 Projicit
2757 5335 2807 5387 in
2834 5335 3009 5404 ﬂuvio.

1975 5402 2099 5457 ⁸504.
2145 5403 2283 5456 E-lit.
2319 5402 2450 5467 Ven,
2483 5402 2775 5470 vittc’qttam
2806 5402 3029 5457 munere.

1978 5473 2102 5527 5t15.
2150 5476 2293 5527 llnnv
2326 5474 2609 5529 Arbor-ium
2636 5480 2803 5528 virum
2830 5478 3217 5543 priel'ectorium
3250 5480 3491 5534 nominat

1906 5561 2063 5610 supra
2097 5545 2417 5599 Fortunatus
2447 5548 2535 5600 Illi.
2567 5564 2601 5601 ιι
2627 5548 2693 5599 tle
2722 5547 2833 5600 Vita
2868 5550 2925 5602 S.
2956 5548 3180 5602 Martini.
3210 5554 3288 5603 An
3315 5551 3399 5603 hic
3423 5566 3491 5605 ex

1905 5619 2088 5670 eadem
2136 5617 2328 5670 familia
2365 5617 2461 5672 ftiit
2495 5635 2595 5685 qua
2638 5616 2885 5672 Emilius
2918 5621 3137 5690 Magnus
3182 5622 3444 5675 Arborius
3473 5662 3491 5687 ,

1908 5690 2129 5741 Ausonii
2161 5690 2450 5743 avunculus
2478 5735 2490 5754 ,
2526 5692 2661 5743 lilius
2693 5691 2889 5744 Czi-cilii
2930 5693 3126 5759 Argicii
3158 5692 3393 5755 Arborii,
3425 5690 3497 5746 de

1905 5761 2098 5832 quibus
2128 5771 2341 5832 exsmnt
2382 5766 2615 5816 carmina
2652 5759 2850 5832 scripta
2881 5762 2949 5817 ab
2992 5763 3228 5819 Ausonio
3256 5778 3321 5819 tu
3353 5772 3408 5819 et
3442 5777 3494 5818 tv

1907 5830 2306 5887 Parentalium?
