4192 6540
679 426 789 486 M5

834 542 1058 601 Credula
1092 555 1196 604 quo
1224 539 1398 608 potius
1427 538 1611 591 fierent
1646 535 1897 590 miracula
1931 547 2131 585 rerum.
2301 529 2352 588 Α

841 638 932 692 Vir
961 637 1114 690 simul
1147 636 1261 703 ipse
1290 641 1478 700 potens
1507 646 1565 684 se
1593 639 1716 682 tunc
1748 625 2007 680 Arborius
2039 623 2228 691 inquit,

843 730 1186 784 Gemmarum
1229 726 1465 794 gravium
1509 719 1858 789 crepitantem
1901 716 2117 770 audisse
2157 713 2273 767 fra-

2032 807 2234 879 [gorcm
2256 821 2270 870 ;

850 913 936 970 Sic
965 910 1270 981 gctninante
1302 907 1402 960 fide
1431 903 1555 974 justi
1589 903 1674 958 via
1704 901 1923 956 dextera
1957 899 2126 968 fulsit,

703 1007 807 1065 39.0
848 1007 1009 1073 Inque
1041 1006 1154 1058 loco
1186 1003 1404 1057 manica:
1437 1002 1620 1056 micuit
1649 1001 1902 1056 translata
1938 997 2273 1065 smaragdus.

848 1102 891 1155 0
921 1098 1144 1154 Mart‘ne
1169 1099 1380 1160 decens,
1418 1097 1646 1164 lapidum
1679 1093 1942 1148 velamine
1973 1101 2208 1160 compte,

857 1195 1024 1264 Quam
1057 1206 1188 1245 nova
1221 1192 1352 1260 palla
1389 1190 1504 1256 libi,
1537 1192 1686 1257 cujus
1717 1197 1924 1242 textura
1955 1199 2278 1250 coruscans,

855 1288 1046 1340 'l‘rama
1076 1295 1294 1352 lepazus
1321 1293 1436 1339 erat
1468 1283 1690 1336 rutilans
1716 1323 1730 1346 ,
1767 1290 1819 1334 ct
1845 1288 2050 1333 stamen
2075 1276 2240 1346 jaspis
2265 1317 2281 1342 ,

854 1383 918 1436 lit
945 1386 1136 1435 tunicae
1165 1381 1397 1448 insignes
1426 1388 1644 1431 currunt
1677 1393 1772 1446 pro
1801 1375 2002 1430 vellere
2034 1389 2282 1444 genuine.

707 1474 815 1532 335
852 1476 980 1542 Qum
1011 1490 1196 1528 manus
1234 1473 1452 1526 at-tilicis
1481 1473 1799 1526 cataclistica
1834 1472 1918 1522 fila
1949 1470 2189 1523 rotavit?

853 1567 979 1634 Quis
1011 1564 1108 1617 fuit
1129 1563 1212 1615 hic
1241 1566 1435 1630 Opifex,
1462 1563 1551 1616 uhi
1579 1563 1691 1616 lana
1721 1561 2058 1632 hyacinthina
2085 1560 2289 1615 Currit?

863 1659 994 1724 Quis
1027 1657 1196 1724 potuit
1226 1656 1422 1722 rigidas
1453 1667 1700 1725 torquere
1729 1654 1792 1708 :id
1827 1655 1943 1708 licia
1974 1653 2254 1722 gemmas?

862 1750 985 1805 ιιωε
1041 1749 1346 1804 venerando
1411 1748 1579 1817 magis
1627 1756 1875 1817 poterunt
1933 1761 2089 1815 quam
2137 1746 2294 1799 laudo

2063 1837 2292 1910 [t'efcrri.

865 1933 1000 1999 Quid
1032 1941 1235 1986 secreta
1265 1932 1422 1999 petis,
1451 1946 1547 1985 nec
1577 1930 1627 1985 in
1653 1929 1826 1983 abdita
1853 1929 2060 1983 luminis
2087 1927 2294 1982 intras?
2325 1901 2372 1960 Β

721 2021 830 2082 350
868 2025 981 2084 Est,
1011 2023 1190 2090 homo,
1221 2023 1359 2089 quid
1387 2033 1620 2088 stupeas,
1652 2022 1737 2074 tibi
1763 2021 1926 2074 nectit
1949 2021 2112 2091 gratia
2141 2022 2292 2075 telas.

943 2117 1188 2179 Historia:
1219 2115 1372 2168 nobis
1402 2114 1568 2168 oritur
1597 2113 1681 2166 hic
1710 2113 1916 2181 longior
1943 2111 2075 2165 ordo
2101 2127 2115 2175 ;

867 2206 973 2260 Sed
1005 2207 1249 2260 breviore
1281 2205 1362 2257 via
1390 2207 1509 2257 data
1541 2219 1634 2272 per
1663 2203 1975 2272 compendia
2008 2218 2240 2258 currant.

869 2299 1127 2354 Maximus
1177 2296 1386 2365 imperii
1437 2296 1722 2352 moderans
1779 2296 1932 2365 quasi
1985 2308 2160 2352 rector
2208 2296 2303 2352 ha-

2075 2390 2262 2461 [benas
2286 2429 2302 2455 ,

878 2485 1120 2556 l’rmcipit
1150 2484 1404 2539 ltacbium
1435 2493 1545 2538 tum
1577 2498 1846 2538 armorum
1871 2483 1994 2554 jure
2022 2484 2155 2538 tueri
2181 2500 2196 2547 ;

731 2581 837 2639 555
872 2583 946 2638 Ne
977 2583 1093 2647 quis
1125 2597 1246 2635 eum
1277 2589 1483 2649 peteret
1519 2579 1878 2634 damnandum
1911 2578 2026 2649 lege
2059 2577 2259 2633 forensi
2287 2619 2304 2645 ,

874 2677 1252 2730 Accusatoretu
1283 2672 1501 2726 veterati
1539 2671 1866 2736 Prisciliani;

878 2765 1028 2822 Mittit
1061 2766 1124 2819 ad
1159 2765 1417 2833 Hispanos
1448 2775 1647 2818 armata
1681 2773 1824 2819 sorte
1857 2763 2128 2832 tribunos,

878 2861 1150 2926 lteliquias
1181 2859 1385 2915 heresis
1417 2859 1504 2928 qui
1537 2869 1798 2923 quatram,
1833 2866 1889 2912 et
1927 2857 2062 2912 bona
2095 2856 2311 2924 tollant,

885 2953 1236 3022 lnvcntosque
1269 2968 1423 3021 pares
1449 2953 1662 3022 capitali
1690 2953 1912 3006 crimine
1943 2952 2236 3018 damnent;

738 3043 844 3101 540
883 3045 971 3102 Sic
1001 3055 1199 3114 tamen,
1229 3054 1285 3098 ut
1313 3056 1532 3099 cunctos
1560 3044 1770 3098 occasio
1796 3059 1936 3096 szeva
1965 3042 2166 3097 feriret.

883 3137 1127 3192 Pluribus
1149 3151 1275 3206 ergo
1305 3137 1458 3190 malis
1487 3135 1696 3189 bonitas
1721 3135 1948 3204 impulsa
1982 3135 2144 3200 hcati,

886 3232 1148 3287 ιευευείὶο
1172 3230 1366 3302 pariter
1388 3245 1482 3300 pro
1509 3228 1735 3296 prmside
1757 3237 1998 3296 prompta
2023 3231 2310 3296 precatrix,

806 3324 929 3380 519,
973 3327 1111 3379 Είιῖι.
1153 3325 1283 3381 Ven.
1314 3334 1369 3380 et
1406 3323 1538 3378 (20d.
1571 3323 1709 3386 Vah,
1746 3325 1882 3394 justi
1929 3323 2015 3392 pia
2058 3323 2265 3377 dcttera
2296 3339 2312 3387 ;

739 3402 878 3469 quod
913 3398 1218 3469 tenendum.

806 3469 931 3523 5'25.
972 3468 1314 3522 Cataclistica.
1347 3465 1505 3528 Ibit|.,
1549 3465 1820 3534 Catac’ysa
1867 3465 1980 3532 ﬁla.
2029 3464 2163 3519 Vide
2201 3479 2321 3533 quae

738 3541 968 3595 diximus
997 3555 1155 3610 supra
1187 3540 1240 3593 in
1283 3539 1420 3593 notis
1449 3537 1514 3590 ad
1559 3537 1652 3590 lib.
1687 3553 1746 3590 tu
1781 3537 1912 3591 Vita:
1961 3537 2018 3592 S.
2060 3536 2273 3591 Martini
2302 3576 2316 3600 ,

775 3628 858 3680 ag.
890 3613 1014 3667 40.”).

739 3629 1250 3738 aliae/tium.
1280 3681 1529 3744 lthacins,
1564 3678 1848 3744 episcopus
1874 3679 1925 3732 iit
1951 3679 2222 3746 llispania,
2257 3678 2321 3732 ad

742 3754 1050 3819 sanguinein
1084 3769 1251 3817 usque
1277 3765 1329 3808 et
1350 3754 1550 3807 caedent
1583 3751 1973 3804 Priscillianuni
2007 3750 2316 3804 lueret-cum

745 3839 1053 3895 persecutus
1095 3825 1296 3889 fuerat;
1329 3839 1488 3888 quem
1533 3821 1752 3895 proinde
1797 3825 1871 3895 uti
1901 3822 2323 3895 sanguinariinn,

745 3889 1048 3951 devitabant
1075 3896 1197 3959 alii,
1232 3907 1284 3949 et
1311 3897 1426 3961 ejus
1455 3889 1818 3947 communioni
1843 3907 1900 3946 se
1930 3906 2032 3944 nOu
2063 3893 2326 3946 admisce-

750 3967 900 4030 bant,
936 3968 1074 4021 inter
1101 3983 1236 4034 quos
1266 3976 1319 4020 et
1347 3965 1609 4034 Martinus
1642 3978 1656 4017 2
1689 3963 1778 4015 alii
1805 3977 1935 4017 vero
1963 3961 2326 4034 defendebant

747 4053 810 4093 ac
839 4033 1234 4100 sequebantur,
1270 4038 1506 4091 Ecclesia
1557 4033 1610 4088 in
1652 4045 1830 4100 partes
1869 4035 2111 4089 discissa.
2160 4033 2328 4087 Maxi-

748 4125 867 4164 mus
897 4109 1024 4178 itnp.
1076 4110 1343 4177 praecipue
1371 4106 1802 4178 patrocinabatur
1850 4104 2049 4178 Ithacio
2077 4147 2090 4170 ,
2121 4104 2212 4174 qui
2234 4103 2327 4178 vel

754 4175 994 4250 ejusdem
1044 4175 1202 4234 suasu
1229 4175 1284 4233 et
1312 4193 1472 4246 opera
1500 4175 1891 4232 Priscillianum
1921 4177 2092 4246 capite
2137 4175 2329 4230 multa-

742 4261 910 4306 verat.

820 4323 950 4377 Ihid.
993 4321 1144 4376 Tum.
1183 4321 1325 4375 Edit.
1352 4321 1510 4386 Ven.,
1543 4335 1678 4374 cum.

822 4395 948 4448 540.
990 4394 1258 4462 Sulpicius
1291 4394 1405 4446 hzec
1453 4402 1636 4446 narrat
1664 4405 1782 4458 cap.
1830 4390 1896 4444 15
1929 4407 1943 4444 :
1978 4387 2088 4442 Nec
2121 4388 2331 4442 dubium

750 4467 870 4534 quin
901 4477 1190 4518 sanctarum
1220 4467 1372 4518 etiam
1401 4472 1680 4534 maximam
1705 4463 1906 4534 turbam
1935 4469 2205 4534 tempestas
2231 4462 2331 4513 ista

753 4532 1124 4606 depOpulatura
1156 4547 1320 4598 esset,
1362 4550 1516 4603 paruo
1554 4533 1848 4606 discrimine
1880 4532 2024 4606 inter
2069 4533 2332 4606 hominum

755 4603 960 4676 genera.
993 4605 1194 4659 Etenim
1222 4617 1328 4658 tum
1353 4607 1475 4658 solis
1503 4607 1663 4658 oculis
1685 4603 2039 4676 judicabatur,
2071 4619 2186 4655 cum
2206 4603 2325 4676 quis

752 4673 949 4748 pallore
977 4681 1143 4745 potius
1179 4689 1266 4728 aut
1295 4687 1623 4748 veste_._qttam
1647 4673 1771 4744 ﬁde,
1795 4673 2076 4748 pltwrettc‘us
2105 4674 2326 4726 testimo-

755 4745 912 4808 rctur;
934 4762 986 4803 et
1021 4751 1153 4800 llist.
1182 4749 1271 4799 lib.
1302 4763 1336 4799 ti
1370 4765 1381 4798 :
1411 4746 1512 4798 llic
1536 4746 1808 4810 (lthacins)
1835 4745 2064 4798 stultitia:
2089 4762 2146 4797 eo
2173 4759 2328 4809 usque

756 4829 1086 4887 processerat,
1120 4829 1171 4871 ut
1198 4835 1368 4870 omnes
1403 4820 1555 4868 etiam
1584 4827 1784 4868 sanctos
1815 4818 1970 4880 viros,
2016 4817 2198 4881 quibus
2240 4823 2328 4867 aut

753 4893 976 4944 studium
1019 4893 1181 4942 inerat
1214 4890 1474 4948 lectionis,
1522 4900 1610 4940 aut
1639 4890 1955 4958 prapositum
1991 4897 2097 4938 erat
2137 4897 2328 4938 certare

749 4963 980 5031 jejunus,
1017 4971 1257 5028 tauquam
1301 4959 1616 5012 Priscilliani
1647 4960 1809 5012 socios
1847 4969 1935 5010 aut
1966 4959 2246 5025 discipulos
2275 4958 2328 5010 in

757 5048 944 5084 crimen
976 5042 1264 5084 acarseret.

829 5102 952 5158 5H.
995 5103 1045 5155 Id
1078 5105 1236 5154 etiam
1280 5102 1470 5170 agebat
1501 5102 1755 5155 Martinus
1783 5143 1796 5164 ,
1843 5116 1911 5154 ne
1953 5099 2185 5153 haeretici
2233 5114 2325 5154 sn-

761 5188 947 5242 pt'ento
979 5173 1238 5241 Stlpplit'io
1267 5177 1614 5242 multarentur
1646 5189 1660 5225 :
1699 5173 1904 5227 Scilicet
1935 5173 2015 5240 (ut
2062 5183 2136 5223 a.t
2171 5173 2328 5222 Baro-

760 5244 878 5297 nius
909 5245 972 5296 ad
1003 5260 1091 5296 an.
1122 5242 1225 5295 586
1247 5285 1260 5307 ,
1291 5261 1344 5296 n.
1378 5242 1470 5310 55)
1502 5245 1552 5296 in
1584 5241 1812 5296 Ecclesia
1842 5243 2091 5294 catholica
2123 5259 2216 5292 usu
2248 5259 2329 5295 re-

762 5330 958 5378 Ct’plttnt
989 5327 1094 5379 est,
1127 5331 1244 5365 curn
1277 5315 1386 5382 quis
1417 5317 1601 5382 expetit
1632 5331 1662 5366 a
1693 5315 2022 5367 swcularibus
2062 5317 2330 5382 magistra-

763 5387 892 5437 tibus
925 5402 1066 5451 opem
1098 5386 1340 5438 adversus
1389 5385 1687 5449 ha'reticos,
1731 5403 1794 5438 ne
1838 5384 1921 5436 Itlt
1960 5386 2120 5436 cinna:
2168 5386 2329 5451 partis

765 5471 990 5517 consors,
1022 5465 1064 5507 et
1093 5466 1309 5508 sectator
1340 5473 1443 5508 esse
1471 5458 1718 5519 rideatur,
1748 5460 2155 5509 contestatione»:
2186 5457 2329 5507 illum

763 5527 987 5579 consulte
1028 5530 1368 5592 pra'mittere;
1399 5527 1632 5578 nimirum
1662 5529 1733 5580 sic
1761 5545 1811 5578 se
1839 5527 2201 5593 correptionein
2243 5542 2330 5578 ua:-

766 5606 932 5664 petere
979 5597 1394 5662 incorrigibiliuut
1435 5600 1848 5665 delinquentium,
1900 5610 1952 5650 ut
1992 5608 2156 5649 tamen
2205 5598 2330 5649 citra

764 5684 962 5736 pinnam
993 5685 1250 5733 sant/umis
1279 5683 1573 5734 puniantur.

837 5737 958 5789 54:2.
1002 5737 1184 5790 Refert
1241 5741 1506 5806 Sulpicius
1554 5739 1691 5808 quod
1755 5740 2004 5793 Martinus
2054 5738 2330 5793 laborabat

768 5811 1031 5876 praecipue
1071 5826 1160 5874 pro
1209 5809 1422 5862 Narsele
1462 5822 1638 5862 comite
1678 5819 1723 5862 et
1770 5813 2027 5864 Leucadio
2072 5812 2324 5880 prwside,

767 5895 984 5948 quorum
1011 5881 1157 5932 ambo
1183 5881 1416 5934 Gratiani
1443 5887 1662 5950 partium
1685 5887 1886 5951 fuerant
1909 5883 2328 5952 pertinacioribus

767 5952 1060 6009 studiis...“
1097 5953 1224 6006 iram
1257 5955 1454 6006 victoris
1481 5955 1691 6007 emeriti.

1403 415 1725 474 VENWTII
1762 411 1921 470 "ON.
1964 409 2178 466 CLEM.
2226 401 2620 463 FORTUNATI
2652 397 2942 456 OPERUM
2985 395 3162 454 PARS
3197 396 3240 454 1.

3874 385 3970 448 “6

2521 519 2762 576 Occurrit
2795 517 3072 580 Treviros,
3103 514 3226 569 aliis
3253 526 3468 584 quoque
3496 518 3642 567 mota
3670 509 3932 581 querelis.

2524 613 2813 668 Pontifices
2838 610 3046 664 adeunt
3063 606 3316 678 praedicti
3358 604 3618 674 principis
3641 617 3824 668 aures,

2376 729 2483 782 545
2521 727 2598 784 Ne
2629 725 2891 782 Martinus
2919 732 3028 791 eat,
3057 722 3247 794 synodi
3280 719 3381 774 nisi
3413 734 3544 789 pace
3573 728 3813 787 recepta.

2521 821 2625 878 Sed
2657 835 2814 876 sacer
2840 818 3073 873 asseruit
3097 817 3298 871 Christi
3327 829 3388 869 se
3427 813 3480 868 in
3511 828 3642 884 pace
3674 826 3914 879 manere,

2520 915 2634 984 Qua
2667 911 2818 982 prius
2843 908 3102 964 abstinuit
3127 915 3344 962 sanctus
3375 905 3453 961 sic
3481 903 3710 960 cratibus
3739 903 3864 958 illis.

2524 1009 2814 1064 Pontilices
2846 1005 3037 1059 iterum
3084 1009 3375 1058 occurrunt
3405 999 3470 1054 ad
3513 998 3748 1054 Caesaris
3778 999 3974 1065 aulam,

2525 1100 2694 1173 Cogat
2724 1109 2781 1154 ut
2809 1099 3101 1154 innocuum
3129 1110 3190 1150 se
3221 1093 3545 1164 participare
3576 1089 3808 1146 nocivis.

2384 1221 2489 1278 550
2528 1220 2791 1275 Provocat
2824 1214 3058 1284 alloquio
3087 1227 3246 1284 quem
3281 1210 3516 1266 molliter
3549 1209 3919 1280 induperator,

2529 1311 2596 1368 Ut
2626 1310 2920 1364 sociaretur
2949 1305 3165 1376 reliquis
3193 1303 3500 1361 communio
3521 1303 3650 1372 justi
3680 1321 3693 1368 ;

2533 1409 2626 1462 His
2652 1405 3002 1461 Tlieonistum
3029 1403 3229 1457 etenim
3256 1401 3428 1456 solum
3456 1398 3697 1454 descisse
3722 1397 3980 1479 querelis,

2534 1503 2630 1558 Cui
2664 1517 2768 1554 non
2796 1499 3115 1569 complacuit
3141 1497 3446 1553 communio
3473 1497 3630 1550 noxia
3662 1495 3907 1549 fratrum.

2535 1596 2666 1650 llinc
2696 1594 2820 1663 quia
2848 1608 2953 1647 non
2983 1592 3148 1645 valuit
3182 1589 3326 1645 ﬂecti
3353 1587 3693 1644 vehementia
3725 1585 3918 1650 sancti,

2397 1707 2499 1763 352$
2542 1708 2749 1774 Ahripit
2775 1721 2839 1760 es
2875 1703 3048 1760 oculis
3078 1718 3137 1758 se
3173 1701 3430 1772 principis
3458 1703 3563 1756 alta
3598 1710 3862 1771 potestas,

2543 1802 2659 1855 Mos
2689 1814 3058 1866 percussores,
3088 1797 3266 1866 gladio
3306 1796 3608 1861 minitante,
3643 1796 3882 1859 relaxat,

2549 1895 2646 1961 Qui
2679 1893 2847 1948 semel
2879 1891 3134 1956 offensos,
3161 1891 3341 1958 jacqu
3368 1890 3582 1958 ligente.
3613 1890 3902 1944 truculent.

2545 1984 2818 2052 Comperit
2839 1992 2897 2037 ut
2918 1993 3137 2037 sanctus
3161 1981 3464 2036 reseranda:
3486 1982 3689 2036 fraudis
3710 1984 3986 2047 amictum,

2547 2078 2816 2133 Pollicitus
2845 2077 2987 2145 regis
3015 2091 3074 2131 se
3108 2076 3426 2146 participare
3453 2076 3734 2141 ministris,

2406 2191 2510 2245 560
2551 2191 2622 2245 Et
2647 2192 2845 2259 pietate
2871 2189 3073 2253 calens,
3106 2187 3326 2254 deponit
3355 2202 3540 2243 amore
3569 2187 3826 2258 rigorem,

2550 2286 2698 2341 Mens
2729 2299 2816 2338 rea
2857 2283 3010 2352 cujus
3039 2283 3211 2345 abest,
3246 2297 3343 2353 par
3378 2281 3437 2335 fit
3465 2282 3776 2336 communio
3805 2281 3997 2349 culpat.

2549 2377 2683 2432 Hinc
2714 2391 2772 2432 se
2803 2375 3106 2444 proripiens
3135 2389 3364 2444 proiiere
3401 2375 3659 2429 Martinus
3687 2373 3890 2445 abi-git,

2552 2473 2765 2528 Estuat
2790 2471 2994 2526 interea
3013 2469 3291 2539 gradiens,
3317 2469 3515 2540 gravis,
3540 2469 3752 2534 anxius,
3777 2482 3998 2540 augens,

2552 2567 2660 2622 Cur
2687 2567 2767 2621 vel
2795 2566 2862 2620 ad
2890 2567 3075 2620 horale
3103 2565 3340 2635 spatium
3371 2564 3648 2620 consensit
3678 2565 3900 2632 iniquis.

2411 2678 2518 2735 565
2557 2678 2682 2734 Inde
2715 2679 2817 2734 iter
2844 2693 3124 2733 emensum
3153 2693 3250 2746 per
3285 2687 3436 2732 vasta
3467 2677 3677 2732 silentia
3707 2677 3933 2742 ducens,

2561 2773 2866 2842 Progressis
2893 2771 3058 2827 sociis
3085 2770 3154 2825 ibi
3181 2785 3245 2827 se
3270 2769 3626 2824 Andethanna
3661 2770 4002 2842 proiiinquat.

2559 2865 2698 2919 Ecce
2725 2866 2840 2917 viro
2878 2864 3075 2933 insigni
3111 2879 3264 2918 sacer
3292 2864 3484 2918 obvius
3518 2862 3743 2934 angelus
3771 2871 3936 2928 astat,

2564 2955 2819 3010 l‘raesenti
2853 2955 3087 3023 alloquio
3115 2954 3394 3009 confessus
3419 2955 3632 3024 publice
3667 2953 3870 3018 vultus,

2561 3053 2734 3116 Atque
2765 3047 2996 3101 revelata
3024 3045 3160 3101 facie
3185 3047 3263 3099 sic
3287 3044 3590 3100 comminus
3618 3043 3739 3096 itifit
3767 3063 3777 3096 :

2417 3141 2523 3199 570
2562 3141 2729 3210 Quam
2762 3140 2975 3205 merito,
3015 3139 3243 3194 Martiae
3268 3180 3284 3204 ,
3316 3138 3435 3191 loco
3464 3137 3853 3207 compungeris
3884 3136 4005 3204 isto,

2561 3236 2669 3290 Nec
2701 3248 2958 3304 properas
2983 3231 3131 3286 exire
3158 3233 3336 3296 aliter,
3374 3230 3474 3284 nisi
3496 3229 3645 3300 jnssa
3679 3229 3907 3284 facessis
3933 3247 3946 3282 :

2497 3326 2625 3382 3N.
2667 3325 2915 3395 Episcopi
2945 3321 3130 3378 Ithacii
3160 3323 3401 3391 partibus
3451 3321 3692 3395 faventes
3743 3337 4009 3378 convene-

2421 3410 2543 3456 rant
2581 3393 2837 3451 Treviris.
2864 3393 3115 3466 Bognito
3151 3395 3362 3449 Martini
3401 3393 3466 3446 ad
3511 3393 3698 3466 urbem
3743 3409 4005 3461 accessu,

2422 3471 2677 3525 adversus
2720 3469 2866 3521 illum
2905 3465 3029 3521 cum
3071 3465 3300 3520 Maximo
3341 3466 3622 3519 consilium
3665 3465 3880 3529 ineunt,
3930 3477 4006 3532 ut,

2425 3545 2602 3598 missis
2633 3538 2990 3603 ol‘iicialibus,
3021 3546 3294 3591 vetaretur
3326 3535 3588 3590 accedere
3617 3538 3840 3605 prapius
3860 3582 3876 3603 ,
3913 3538 4010 3592 nisi

2423 3629 2484 3668 se
2514 3613 2660 3680 prius
2689 3625 2872 3677 pacem
2915 3623 3037 3664 cum
3065 3608 3334 3680 episcopis
3381 3607 3689 3661 habiturum
3723 3610 4008 3674 pollicere-

2429 3675 2533 3750 tur,
2563 3685 2652 3752 qui
2676 3675 2912 3736 Treviris
2938 3695 3036 3747 pro
3062 3675 3244 3752 Ithacii
3256 3675 3426 3732 causa
3450 3689 3838 3733 convenerant.
3869 3682 4010 3746 Quos

2428 3749 2525 3810 ille
2553 3749 2840 3820 deludens,
2890 3751 3030 3807 sein
3073 3749 3264 3804 Christi
3292 3764 3418 3818 pace
3460 3764 3767 3804 mansurum
3797 3766 4012 3807 asseve-

2426 3837 2582 3883 rthl.

2497 3898 2622 3952 547.
2665 3894 2808 3951 Edit.
2841 3894 3000 3958 ναι..
3027 3909 3130 3958 quo
3159 3892 3323 3960 prius.

2500 3968 2622 4021 552.
2664 3967 2955 4033 Imperator
3001 3964 3249 4019 videlicet
3295 3963 3506 4018 dixerat
3547 3963 3617 4017 ad
3675 3963 4011 4020 Martinum:

2433 4039 2794 4108 Theognistum
2838 4037 2959 4090 odio
2984 4037 3152 4106 potius
3176 4077 3193 4100 ,
3225 4051 3380 4101 quain
3405 4051 3564 4089 causa
3585 4074 3616 4108 ,ν
3649 4038 3833 4105 fecisse
3860 4037 4016 4090 dissi-

2431 4107 2608 4175 diurn’,
2640 4112 2971 4177 eamdemque
2997 4116 3168 4160 tamen
3195 4107 3364 4160 solum
3394 4123 3505 4162 csse
3529 4107 3619 4176 qui
3648 4123 3702 4160 se
3728 4124 3765 4160 α
3791 4124 4017 4162 commu-

2431 4183 2582 4236 nione
2609 4181 2809 4234 interim
2833 4181 3118 4247 separarit;
3146 4194 3179 4231 α
3206 4178 3416 4246 reliquis
3447 4177 3580 4232 nihil
3604 4189 3872 4231 natatum.
3899 4177 4018 4233 Sul-

2435 4255 2541 4322 pic.
2575 4267 2694 4321 cap.
2721 4252 2813 4305 16.
2848 4251 2942 4306 llic
2969 4249 3328 4322 Theognistus
3359 4251 3507 4318 prius
3531 4249 3844 4322 absolverat
3875 4251 4014 4305 Itba-

2433 4319 2599 4388 cium,
2634 4319 2813 4391 postea
2843 4322 3249 4376 condemnarat.
3291 4319 3497 4389 Sulpic.
3530 4321 3662 4376 ibid.

2503 4396 2627 4450 556.
2670 4396 2884 4450 Scilicet
2924 4395 3216 4462 imperator
3262 4406 3385 4445 cum
3435 4406 3544 4446 non
3593 4393 3942 4461 impetrasset
3985 4408 4018 4448 a

2434 4465 2662 4521 Martiuo
2686 4477 2742 4519 ut
2762 4468 3190 4519 communicaret
3209 4462 3518 4529 ltbacianis,
3546 4463 3785 4532 iusserat
3812 4474 3876 4518 ut
3901 4481 4020 4530 per-

2417 4553 2682 4592 cursores
2729 4538 3067 4590 mitterentur
3112 4534 3167 4588 in
3221 4547 3316 4587 eos
3365 4548 3462 4603 pro
3507 4536 3704 4605 quibus
3754 4533 4020 4591 Martinus

2435 4610 2645 4664 veniam
2676 4617 2730 4661 et
2761 4609 3126 4662 liberationem
3162 4613 3464 4674 rogaverat.

2354 4646 2404 4708 ο
2444 4646 2645 4734 "Siti?
2669 4646 3553 4744 Elii'iiiié'ii'f'éi'iioif’iiiifiun
3579 4678 3661 4746 ﬁt.

2500 4752 2623 4804 565.
2665 4749 2794 4803 Cod.
2829 4749 2974 4813 Vat.,
3003 4749 3211 4819 anxius,
3241 4763 3477 4819 angens;
3515 4749 3659 4815 quod
3690 4751 4016 4806 tenendum.

2429 4820 2643 4875 Postero
2671 4824 2750 4872 die
2781 4822 2975 4890 (inquit
3003 4817 3604 4890 Sulpiciusilortinus
3633 4836 3688 4873 se
3715 4821 3840 4874 inde
3867 4820 4022 4889 (Tre-

2428 4894 2578 4962 viris)
2628 4889 2932 4962 proripiens,
2974 4906 3091 4942 cuos
3133 4899 3380 4963 reuertens
3408 4889 3464 4943 in
3492 4892 3576 4944 oio
3620 4904 3834 4947 Incestus
3878 4896 4022 4963 inge-

2429 4961 2652 5016 ntisceret
2675 5005 2688 5027 ,
2721 4980 2772 5016 se
2819 4963 2893 5015 vel
2936 4965 3003 5034 ad
3032 4964 3215 5014 horam
3247 4961 3428 5034 noxia
3460 4964 3814 5034 communioni
3865 4961 4023 5034 fuisse

2429 5036 2772 5103 permixtum,
2811 5033 2948 5086 haud
2977 5034 3129 5103 longe
3149 5047 3183 5084 α
3208 5032 3348 5095 vico,
3391 5032 3477 5085 cui
3514 5047 3700 5086 nomen
3728 5046 3806 5086 est
3840 5032 4024 5090 Ande-

2432 5101 2628 5159 thanna
2654 5145 2667 5170 ,
2714 5123 2814 5174 qua
2858 5115 3028 5177 uastas
3051 5101 3354 5177 solitudines
3378 5103 3640 5177 sylooruns
3680 5118 3882 5159 secreta
3926 5125 4022 5177 pa-

2431 5179 2744 5230 tiuntur.....
2785 5175 3011 5228 subsedit
3033 5214 3048 5235 .
3079 5184 3184 5228 etc.
3223 5175 3506 5228 ltrowerus
3555 5174 3770 5228 laborat
3803 5178 3858 5230 in
3891 5174 4025 5232 assi-

2430 5249 2639 5316 gnando
2661 5248 2883 5315 hujusce
2905 5246 3129 5316 vicisitu
3150 5262 3166 5310 ;
3188 5245 3473 5299 deducitur
3491 5259 3618 5298 vero
3639 5259 3705 5300 eo
3729 5258 3789 5300 ut
3808 5249 4023 5311 credat,

2431 5315 2820 5371 Audet/tamtam
2871 5320 2922 5370 iit
2973 5315 3647 5390 Epternoco_poncndarn,
3688 5320 3830 5384 quod
3883 5322 4024 5390 apud

2431 5389 2644 5453 Sumat,
2675 5393 2782 5450 ait,
2811 5390 3056 5458 inclytum
3087 5398 3156 5440 est
3184 5389 3239 5440 in
3267 5387 3492 5440 Treviris
3533 5403 3649 5440 cum
3673 5390 3786 5442 vico
3817 5387 4026 5445 monas-

2431 5463 2646 5523 teriam,
2698 5459 2936 5514 tredccnn
2975 5459 3201 5512 millibus
3247 5473 3495 5528 passuum
3539 5460 3749 5512 circiter
3795 5465 3863 5514 ab
3901 5464 4024 5517 urbe

2430 5533 2665 5584 dissitum
2696 5547 2713 5585 :
2745 5533 2884 5600 {acili
2913 5532 3189 5584 mutatione
3220 5528 3485 5600 (subdit),
3517 5539 3573 5584 ut
3617 5545 3687 5583 ei:
3721 5535 4023 5588 Antonnaco

2429 5603 2621 5671 factum
2654 5599 3075 5664 Andernachnm,
3116 5606 3190 5654 ita
3219 5599 3572 5656 Andethauna
3613 5601 3670 5654 in
3703 5602 3976 5659 Echterna
4000 5645 4020 5671 ,

2433 5686 2485 5726 ut
2515 5675 2564 5726 in
2596 5677 2802 5742 praprio
2833 5675 3078 5726 idiomate
3105 5683 3271 5738 sonat,
3323 5687 3584 5726 conversa.

2430 5815 2464 5870 ὁ
2501 5743 2626 5798 571.
2667 5744 2796 5799 Cod.
2853 5744 2996 5809 Vat.,
3038 5760 3132 5799 nec
3170 5752 3372 5814 poteras
3412 5745 3551 5798 exire
3581 5761 3596 5774 ο
3640 5746 3789 5816 quod
3838 5757 4022 5806 tenen-

2471 5832 2576 5870 um.

2471 5832 2576 5872 um.

2433 5887 2635 6013 dull-uid.
2678 5887 2816 5944 Edit.
2847 5887 3010 5956 Ven.,
3038 5887 3138 5944 nisi
3173 5889 3325 5960 jussu
3353 5890 3573 5959 facessas
3595 5905 3617 5957 ;
3644 5890 3793 5961 quod
3838 5898 3999 5951 teneri
