4192 6544
155 404 267 479 at?

302 632 456 688 Nunc
478 648 577 704 age
602 640 916 688 constanter
944 646 1135 700 repara
1166 631 1379 686 virtutis
1411 632 1690 701 honorem,

305 726 371 780 Et
397 726 495 782 tibi
528 734 580 782 te
606 741 800 782 revoca
831 726 1097 794 trepidum
1129 767 1144 790 ,
1176 740 1243 780 ne
1274 726 1431 779 noxia
1466 724 1712 794 frangant
1739 741 1754 791 ;

151 814 267 876 575
305 818 490 875 Gloria
518 834 584 874 ne
613 828 818 889 pereat,
853 834 954 874 neu
989 832 1241 888 pr05pera
1275 818 1481 874 lubrica
1510 818 1754 887 perdant,

304 905 467 965 Utere
494 925 644 965 more
675 919 771 964 tuo
794 952 807 977 ,
844 922 895 963 te
919 909 1114 964 deinde
1143 910 1387 976 rediisse,
1421 911 1694 981 magister,

303 1002 478 1057 Fortis
504 1002 718 1057 athleta:
746 1003 955 1056 animos
978 1017 1135 1059 casus
1162 1018 1268 1057 non
1302 1004 1480 1057 obruit
1507 1019 1662 1070 unus,

308 1098 498 1150 Acrius
531 1098 828 1165 insequitur
860 1097 1070 1151 hostem
1106 1111 1300 1150 manus
1326 1097 1427 1150 icta
1458 1096 1681 1163 dolore;

307 1186 574 1257 Plagaqne
607 1190 708 1241 lixa
743 1188 881 1242 solet
912 1197 1121 1243 mentes
1150 1203 1364 1243 armare
1388 1188 1609 1254 viriles;

153 1275 269 1335 380
307 1278 482 1348 Atque
515 1279 719 1348 pudore
749 1294 939 1334 recens
982 1282 1175 1334 crescit
1204 1280 1322 1334 diro
1354 1280 1530 1335 ulcere
1563 1278 1755 1351 virtus,

308 1372 386 1425 Ac
410 1368 566 1424 datur
592 1369 862 1439 armigero
885 1371 1108 1425 victoria
1142 1371 1368 1426 vulnere
1394 1371 1610 1428 crebro.

306 1458 573 1516 Fraterno
603 1462 839 1531 alloquio
866 1463 943 1516 sic
971 1464 1197 1531 angelus
1226 1463 1458 1531 explicat
1483 1478 1600 1531 ore,

311 1554 377 1608 Et
404 1556 519 1610 vice
542 1554 783 1624 germani
815 1555 1033 1610 monitis
1059 1555 1315 1610 animavit
1340 1565 1631 1624 amantem,

305 1643 476 1702 Tanta
504 1656 589 1701 est
615 1661 748 1702 cura
777 1646 869 1702 Dei
895 1687 911 1714 ,
940 1648 1222 1702 Martinum
1251 1648 1483 1703 avellere
1512 1650 1683 1718 lapsu.

152 1739 270 1800 585
308 1738 546 1797 Ulterius
575 1740 784 1811 synodo
814 1756 917 1795 nec
946 1756 1005 1796 se
1035 1743 1350 1809 permiscuit
1375 1742 1582 1807 insons,

310 1833 644 1904 Virtutisque
668 1849 781 1890 sua:
808 1832 1022 1889 damnis
1052 1850 1192 1890 nova
1224 1836 1369 1891 lucra
1400 1837 1628 1907 paravit.

384 1926 490 1982 [les
513 1928 702 1996 probat
726 1928 837 1997 ipsa
862 1938 1061 1994 tamen,
1088 1943 1243 1984 sacro
1268 1928 1590 1984 venerabilis
1611 1937 1754 1983 actu.
1788 1920 1838 1982 Β

311 2017 555 2089 Namque
595 2018 663 2074 ad
710 2020 1089 2088 pseudol'orum
1126 2020 1275 2076 cella:
1314 2022 1444 2076 dum
1482 2019 1764 2077 accederet

894 2136 895 2139 η
1575 2114 1758 2186 [aegen

308 2208 479 2275 Quem
511 2210 647 2265 male
676 2209 902 2265 vexabat
940 2210 1163 2266 nimium
1193 2210 1300 2265 fera
1331 2209 1589 2265 daemonis
1620 2210 1721 2279 ira,

156 2299 267 2360 390
296 2301 620 2371 Ingenioque
648 2303 795 2372 gravi
829 2304 1108 2374 torquebat
1133 2304 1363 2372 iniquior
1392 2303 1612 2369 umbra,

304 2398 445 2451 Ante
472 2396 787 2452 monasterii
817 2412 917 2466 qua
955 2397 1142 2451 limina
1176 2406 1418 2467 tangeret
1447 2398 1595 2463 almi,

307 2489 517 2545 Martini
549 2488 740 2545 faciem
774 2488 967 2562 refugit
996 2490 1143 2547 ferus
1174 2492 1401 2559 hospitis
1427 2491 1620 2559 hostis,

306 2582 377 2638 Et
406 2582 684 2638 benedicta
714 2583 812 2637 viri
843 2593 1017 2639 terror
1044 2585 1143 2639 fuit
1174 2600 1266 2638 ora
1299 2585 1494 2652 videri,

305 2672 423 2728 Non
453 2673 678 2730 sufferre
708 2674 893 2729 valens
921 2691 1009 2731 res
1038 2676 1421 2731 obscurissima
1460 2679 1659 2742 lumen,

153 2765 266 2824 395
286 2765 400 2822 Nec
427 2781 559 2837 vaga
587 2776 947 2836 constantem,
978 2766 1112 2837 fugit
1142 2767 1303 2822 infida
1332 2767 1496 2823 corde
1524 2768 1758 2837 fidelem,

304 2862 459 2919 Sava
489 2862 726 2929 bonum,
755 2862 974 2934 jfuriosa
1024 2864 1211 2934 pium,
1264 2864 1563 2919 truculenta
1616 2861 1763 2918 beni-

1553 2958 1761 3030 [gnum

304 3051 396 3107 Sic
418 3066 633 3123 quoque
662 3050 892 3121 nigranti
926 3052 1188 3107 retinetur
1213 3052 1377 3121 janua
1410 3050 1582 3116 lucis;
1666 3060 1681 3080 ¹

306 3142 435 3200 Haec
465 3145 729 3201 medicina
759 3145 898 3200 sacri
930 3146 1063 3201 satis
1093 3144 1271 3211 unica,
1300 3143 1458 3214 cujus
1490 3144 1725 3213 opimum

308 3238 611 3308 Hospitium
642 3239 861 3308 vidisse,
895 3238 995 3294 fuit
1023 3239 1290 3293 meruisse
1319 3238 1545 3292 salutem
1569 3252 1585 3303 ;

148 3333 267 3390 400
300 3333 533 3389 Sanctus
562 3335 611 3388 in
642 3333 758 3389 aede
789 3333 940 3396 latet,
974 3331 1106 3388 foris
1137 3333 1249 3388 exit
1274 3331 1424 3401 origo
1460 3331 1720 3397 medelte;

306 3426 374 3479 Et
402 3439 530 3480 cura
563 3433 686 3480 ante
716 3425 875 3479 datur
906 3423 1098 3479 medici
1129 3438 1289 3494 quam
1328 3426 1496 3477 forma
1528 3422 1757 3478 videtur.

304 3516 417 3573 Nec
446 3517 577 3573 satis
602 3527 687 3573 est
717 3517 913 3573 mirum
940 3516 1151 3573 dederit
1176 3515 1301 3585 quid
1347 3529 1577 3586 corpore
1624 3528 1760 3584 pra:-

1155 3615 1158 3618 ’
1591 3608 1758 3681 [sens,

304 3702 535 3759 Nomine
566 3702 666 3760 sub
691 3702 846 3773 cujus
875 3712 1199 3773 sparguntur
1228 3700 1367 3755 dona
1403 3716 1498 3770 per
1527 3702 1733 3757 orbem.

302 3798 497 3854 Navita
524 3812 645 3853 cum
664 3797 885 3869 quidam
899 3797 1235 3868 Tyrrhenum
1270 3806 1516 3851 curreret
1541 3810 1750 3867 aequor,

147 3892 265 3951 405
299 3894 426 3950 Fert
455 3894 557 3948 iter
587 3891 654 3947 ad
688 3892 912 3946 Romam
943 3890 1086 3962 quod
1116 3890 1418 3944 veliticante
1446 3889 1646 3956 volatu,

305 3988 561 4044 Turbinis
590 3988 878 4057 impatiens
907 3986 1080 4041 oritur
1110 3985 1363 4040 violentia
1395 3985 1577 4051 venti,

309 4083 578 4138 Exsilium
605 4082 819 4145 ﬂuctus,
852 4080 1051 4135 feriunt
1077 4094 1207 4134 cava
1240 4078 1357 4133 vela
1390 4079 1682 4133 rudentes:

307 4175 471 4231 Natat
503 4175 659 4246 pinus
687 4174 855 4241 iners,
893 4173 1173 4243 rapiuntur
1203 4174 1352 4242 signa
1381 4168 1648 4236 ceruchis,

232 4337 363 4393 576.
407 4335 550 4391 Edit.
588 4335 744 4401 Ven.,
769 4344 815 4390 te
849 4335 1030 4390 deinde
1064 4336 1278 4405 redisce,
1304 4334 1587 4407 magister;
1614 4334 1756 4401 quod

193 4408 358 4464 Iacet.

151 4425 358 4480 placet.

228 4478 362 4533 380.
406 4479 522 4533 diro
551 4478 740 4533 ulcere.
772 4478 893 4544 818.,
922 4479 983 4532 de
1014 4480 1234 4532 vulnere.

231 4551 363 4605 58.3.
408 4552 664 4605 Martinus
695 4559 815 4619 post
848 4552 896 4603 id
929 4551 1183 4618 temporis
1212 4550 1463 4604 sexdecim
1492 4551 1619 4604 vixit
1647 4568 1746 4606 an-

152 4639 276 4687 nos,
303 4638 363 4674 ac
390 4625 586 4675 nullam
614 4633 787 4692 postea
819 4623 1069 4692 synodum
1095 4623 1242 4683 adiit,
1277 4622 1339 4674 ab
1367 4623 1600 4674 omnibus
1632 4639 1753 4679 con—

152 4693 395 4749 ventibus
423 4696 780 4762 episwporuut
809 4712 862 4746 se
891 4694 1119 4747 removit.
1154 4693 1352 4759 Snlpic.
1386 4708 1503 4762 cap.
1548 4693 1629 4747 15.

232 4764 365 4820 588.
409 4764 850 4835 Pseudophorum
877 4802 892 4827 ,
923 4780 1015 4818 seu
1062 4764 1480 4832 pseudothyrum
1517 4768 1755 4820 Ammiao

153 4852 269 4894 nus
302 4838 339 4889 Ι.
376 4851 520 4901 xxiv,
554 4851 604 4891 c.
639 4837 694 4901 4,
741 4838 993 4891 latentem
1031 4849 1236 4904 portant
1267 4838 1519 4902 appellat,
1570 4838 1622 4892 id
1650 4848 1749 4903 est,

146 4910 419 4980 jannam,
466 4909 716 4980 latentem
765 4921 795 4960 a
841 4918 990 4980 parte
1032 4908 1224 4980 aedium
1271 4908 1604 4975 posteriore;
1647 4924 1755 4980 QUO

151 4978 329 5039 Sensu
369 4979 623 5034 Horatius
654 4979 750 5045 ait,
794 4978 1038 5034 scribens
1073 4980 1139 5033 ad
1185 4978 1532 5049 Torquatum,
1573 4994 1660 5048 ep.
1696 4979 1750 5048 5,

148 5052 257 5107 lib.
292 5053 341 5106 1.

290 5144 429 5195 Atria
453 5148 737 5194 servsntem
761 5144 945 5206 postico
970 5141 1081 5193 falle
1108 5142 1361 5194 clientem.

155 5227 302 5283 Vide
331 5227 482 5282 Dufr.
519 5228 571 5282 in
600 5227 777 5282 Gloss.
810 5228 875 5281 ad
910 5229 1045 5282 hanc
1065 5243 1272 5284 vocem.

230 5299 363 5353 39L
397 5298 531 5357 Ven.
567 5300 707 5353 Edit.
728 5340 741 5364 ,
775 5300 903 5354 Ante
933 5301 1245 5366 monasterii,
1275 5316 1461 5368 quam;
1503 5302 1642 5371 quod
1674 5311 1754 5356 te-

152 5372 423 5427 nendum.

402 5442 545 5498 Edit.
578 5442 711 5499 Ven.
738 5452 792 5498 et
815 5442 950 5499 Cod.
977 5442 1117 5511 Vat.,
1146 5442 1374 5514 Denique
1401 5463 1517 5500 cum
1548 5446 1756 5516 quidam

149 5514 507 5587 Tyrrhenum.

230 5584 362 5640 405.
407 5586 579 5654 Quod.
624 5586 750 5652 Ms.,
776 5588 881 5657 qui.

236 5659 357 5713 £08.
401 5660 631 5712 Lerucbi
666 5674 761 5725 pro
799 5659 1045 5714 antenuis
1095 5670 1436 5727 usurpantur,
1483 5662 1556 5714 uti
1608 5670 1756 5717 n0tat

150 5730 479 5788 Sirmondus
514 5730 568 5784 in
598 5731 736 5784 nouis
761 5730 825 5784 ad
853 5746 1018 5785 carm.
1062 5732 1115 5793 7,
1150 5734 1187 5785 Ι.
1214 5747 1228 5784 ι
1255 5738 1321 5784 .u.
1356 5732 1549 5787 Ρειῦυὶς
1577 5734 1754 5786 linun-

149 5801 249 5858 dii.
280 5802 451 5868 lta,ut
484 5801 626 5855 idem
654 5801 1030 5869 ait,Lucauns,
1058 5800 1165 5855 Fiat
1185 5819 1298 5866 cus,
1319 5805 1570 5868 Apuleius
1596 5821 1754 5860 ceru-

147 5876 287 5930 chos
316 5874 585 5951 accipiunt
615 5888 711 5951 pro
739 5877 1008 5937 auteuuis,
1036 5875 1183 5951 quasi
1206 5875 1497 5943 cortiigvris
1535 5894 1546 5929 :
1577 5884 1750 5951 κεροῦ-

151 5968 258 6024 χος
300 5946 497 6021 quippe
537 5945 774 6014 corniger
819 5954 994 6002 sonat.
1051 5943 1199 6001 Unde
1264 5957 1511 6002 {Iolcttltzu
1556 5943 1753 6022 κεραῑαι

1129 418 1217 476 DE
1257 419 1419 477 VITA
1460 416 1707 477 SANCTI
1745 416 2051 479 MARTINI.
2093 451 2163 464 --
2197 420 2330 479 LIB.
2369 420 2460 479 IV.

304 539 451 598 Inter
476 542 763 609 utrumque
792 534 945 594 nefas
985 546 1255 593 mercatus
1285 539 1477 593 acerba
1507 537 1755 595 doloris?
1780 540 1835 601 Α

3342 420 3456 488 H8

2008 538 2164 597 Levis
2192 550 2247 597 et
2276 552 2523 599 antennas
2552 544 2801 599 coeuntia
2828 558 3033 600 cornua
3062 544 3345 614 frendent;

1860 634 1967 691 MO
2006 637 2151 693 Artis
2179 636 2333 705 inops
2359 637 2603 709 stupidus
2633 638 2805 693 resilit
2832 638 2898 695 de
2927 655 3100 708 puppe
3133 643 3409 710 magister,

2004 727 2158 785 Stant
2205 729 2396 796 undas,
2444 740 2716 787 armatura
2762 732 2942 799 cadit,
2994 735 3173 805 fragor
3223 737 3455 806 aequoris

3257 828 3271 901 l
3282 840 3453 898 uI'ttel.

2006 914 2171 971 Prora
2199 906 2358 984 bibit,
2403 916 2530 973 dum
2561 927 2718 975 nauta
2746 919 2945 987 vomit;
3002 921 3138 989 perit
3167 936 3276 988 ars,
3308 922 3455 991 jacet

3273 1015 3456 1086 lusus,

2002 1099 2136 1181 Spes
2159 1100 2312 1173 fugit,
2338 1103 2413 1158 ira
2439 1103 2652 1174 premit,
2681 1105 2883 1177 rapitur
2909 1105 3022 1175 lux,
3072 1122 3325 1179 morsque
3349 1110 3453 1164 nti-

3267 1213 3453 1272 natur;

2002 1284 2226 1345 Casibus
2254 1290 2306 1345 in
2337 1290 2511 1348 dubiis
2539 1293 2671 1348 certi
2704 1304 2961 1364 vergente
2984 1296 3178 1364 salute,

1861 1377 1968 1434 415
1998 1379 2129 1435 Dum
2160 1382 2427 1451 trepidant
2454 1399 2660 1449 omnes,
2694 1384 2978 1456 Egyptius
3011 1388 3126 1443 haec
3152 1389 3227 1444 ait
3254 1406 3412 1457 unus,

2002 1472 2101 1540 Qui
2121 1488 2217 1528 nec
2236 1474 2362 1528 dum
2382 1475 2584 1530 ChriSIi
2613 1478 2938 1533 charismata
2966 1492 3210 1537 senserat
3232 1497 3451 1538 exsors:

2003 1564 2212 1622 Martini
2243 1567 2403 1636 Deus,
2433 1570 2583 1637 eripe
2614 1586 2749 1638 nos;
2782 1588 2905 1627 mox
2939 1574 3054 1629 dira
3090 1579 3325 1645 procella

2004 1656 2241 1725 Corruit,
2267 1671 2316 1715 et
2347 1661 2515 1731 pelagi
2548 1671 2727 1717 tumor
2756 1665 2893 1721 altus
2924 1667 2990 1721 ad
3022 1667 3125 1722 ima
3157 1671 3355 1726 resedit
3382 1691 3392 1725 :

2005 1752 2276 1808 Sternitur
2306 1756 2443 1809 unda
2478 1756 2601 1819 rati,
2637 1757 2822 1825 liquidi
2859 1762 3008 1813 stetit
3042 1777 3166 1817 area
3200 1766 3374 1832 campi
3403 1784 3413 1818 :

1862 1840 1968 1897 ιεο
1998 1845 2173 1911 Atque
2204 1846 2420 1901 immota
2451 1848 2551 1901 loci
2578 1848 2866 1917 jacuernnt
2892 1868 3163 1909 murmura
3197 1857 3381 1925 ponti;

2010 1936 2247 2007 Gurgitis
2274 1939 2439 2007 Optati
2471 1941 2619 1995 trabe
2647 1942 2879 1997 curritur
2905 1958 3090 2012 aequor
3119 1948 3375 2016 amicum,

2010 2027 2228 2085 Litteris
2256 2045 2349 2085 ora
2380 2032 2559 2102 legunt
2587 2033 2771 2090 flabris
2798 2036 2918 2091 data
2948 2049 3073 2094 vota
3103 2042 3389 2110 secundis;

2011 2122 2186 2191 Atque
2214 2132 2400 2192 petens
2429 2137 2663 2193 portum,
2694 2128 2856 2197 vatla,
2911 2134 3145 2203 complet
3174 2145 3338 2191 nauta
3366 2153 3455 2195 ce-

2008 2302 2095 2359 Sic
2121 2303 2257 2361 bene
2285 2320 2382 2377 pro
2408 2310 2614 2367 meritis
2643 2312 2843 2370 famulo
2890 2316 2983 2372 dat
3009 2228 3453 2378 Christuilfiiiiiz:

3344 2430 3455 2485 res,

1864 2486 1972 2546 425
2010 2488 2175 2561 Cujus
2203 2502 2363 2551 eunte
2394 2498 2530 2561 fide,
2564 2509 2763 2568 terras,
2800 2518 2978 2571 mare,
3014 2505 3185 2562 sidera
3218 2414 3454 2581 supini:

2078 2584 2317 2657 Pangere
2346 2599 2493 2659 gesta
2526 2590 2653 2647 libet
2681 2594 2891 2664 reliquo
2920 2600 3225 2655 veneranda
3258 2603 3454 2660 relatu.

2009 2676 2055 2730 lt
2077 2676 2206 2733 iolis
2237 2696 2265 2733 a
2300 2684 2541 2749 patribus
2568 2700 2845 2754 generosa:
2873 2688 3167 2759 Lycontius
3197 2697 3347 2763 olim,

2005 2769 2195 2825 Clarus
2223 2773 2446 2841 honore,
2482 2778 2585 2833 lide
2607 2780 2866 2850 locuples,
2897 2784 2963 2838 ab
2980 2788 3183 2857 origine
3206 2806 3456 2861 currens,

2012 2866 2252 2938 Cumque
2274 2870 2493 2927 domum
2520 2877 2789 2945 prepriam
2814 2878 2931 2935 lues
2960 2884 3196 2941 exitialis
3226 2888 3450 2962 adisset,

1864 2956 1969 3015 450
1988 2957 2296 3033 Cunctaque
2322 2965 2569 3021 tabilluus
2591 2981 2923 3038 penetrasset
2943 2979 3188 3035 acumine
3208 2956 3454 3056 morbus,

2005 3054 2125 3121 Quo
2155 3058 2540 3116 miserabilium
2575 3063 2918 3133 famulorum,
2949 3073 3063 3127 sive
3096 3076 3348 3133 clientum

2009 3144 2121 3200 Una
2154 3159 2359 3219 strages
2389 3160 2527 3219 erat,
2564 3155 2734 3211 divisa
2767 3174 2863 3228 per
2892 3160 3068 3218 ulcera
3105 3164 3383 3238 languens,

2012 3236 2203 3295 Dicere
2226 3258 2332 3312 quo
2359 3258 2546 3313 posses
2577 3258 2840 3316 prostrata
2873 3255 3129 3311 cadavera
3168 3236 3286 3316 telis
3312 3280 3322 3315 :

2010 3330 2117 3386 Res
2143 3343 2383 3391 extrema
2411 3339 2608 3394 etenim
2642 3341 2715 3395 nil
2745 3344 3046 3402 nobilitatis
3079 3348 3310 3408 honorat
3336 3372 3349 3409 :

1865 3422 1971 3478 453
2010 3424 2251 3482 Praesidti
2287 3444 2412 3499 spes
2441 3432 2554 3487 sola
2586 3448 2787 3504 manet,
2819 3438 3079 3497 Martinus
3110 3445 3162 3499 in
3194 3447 3345 3503 urbe.

2006 3517 2229 3573 Mittitur
2258 3522 2325 3575 ad
2356 3536 2606 3579 sanctum
2639 3541 2965 3587 veneranter
2998 3537 3218 3603 epistola
3250 3555 3432 3605 cursu,

2006 3612 2275 3667 Auxilium
2309 3618 2571 3686 rogitans,
2604 3621 2705 3676 hoc
2737 3626 2922 3693 corde,
2959 3627 3059 3683 hoc
3090 3631 3287 3702 ﬂagitat
3318 3652 3435 3705 ore,

2005 3701 2069 3757 Ni
2101 3703 2208 3759 cito
2239 3706 2547 3776 subveniat,
2580 3714 2721 3781 rapit
2746 3716 2924 3771 omnia
2962 3723 3123 3789 pestis
3152 3701 3366 3796 acerba,

2004 3794 2106 3849 Per
2138 3798 2366 3865 spatium
2396 3799 2567 3858 ferale
2600 3808 2818 3863 trahens
2859 3810 2911 3865 iu
2948 3821 3145 3870 tartara
3174 3794 3417 3893 cunctos,

1863 3883 1969 3940 440
1999 3886 2067 3982 Et
2093 3904 2330 3960 grassata
2359 3894 2470 3961 diu,
2498 3896 2624 3966 quid
2654 3910 2815 3970 agant
2840 3907 3085 3977 contagia
3117 3914 3379 3982 perdunt;

2003 3980 2100 4078 Qui
2133 3996 2283 4055 putes
2313 3987 2445 4043 aﬂ'er
2469 4005 2625 4059 Opem
2655 3994 2908 4059 pendenti
2927 3999 2981 4054 in
3007 4014 3179 4061 morte
3204 3980 3455 4078 catervae,

2003 4075 2293 4148 Desperata
2321 4083 2464 4137 salus
2493 4087 2682 4142 solatia
2710 4090 2813 4145 lida
2846 4096 3087 4160 requirit.

2004 4168 2133 4236 Quae
2160 4174 2305 4242 prius
2331 4185 2390 4230 ut
2418 4179 2585 4235 sensit
2611 4181 2797 4240 divino
2827 4184 2975 4243 illata
3003 4190 3235 4261 flagello,

2237 4334 2400 4458 :Quod
2428 4338 2598 4411 magis
2626 4341 2906 4412 explicans
2936 4359 3052 4417 seq.
3080 4362 3234 4405 versu
3258 4349 3453 4408 Fortu-

1987 4496 2135 4547 Levis
2159 4508 2211 4553 et
2228 4507 2456 4553 antennae
2481 4508 2708 4555 coeuntia
2735 4519 2921 4560 cornua
2946 4512 3188 4565 frondent.

1860 4580 2170 4665 Quanquaﬁnt
2206 4584 2439 4665 Isidorus
2470 4588 2521 4640 in
2551 4587 3020 4665 Gloss._cerucltos,
3049 4598 3163 4652 sive
3190 4598 3452 4665 ceruchos,

1781 4675 1836 4738 υ
1862 4655 2074 4738 navium
2105 4653 2257 4738 funes
2288 4655 2687 4738 interpretatur.
2718 4663 2798 4716 Au
2826 4665 2966 4733 quod
2988 4653 3053 4738 hi
3086 4653 3452 4735 antennas—id

1860 4735 1939 4778 est
1972 4729 2181 4851 κερᾳίιαῗ
2208 4727 2405 4799 ἔχωσι,
2426 4744 2519 4784 seu
2540 4732 2657 4785 nexi
2679 4727 2931 4791 teneant?
2951 4737 3020 4791 Μ.
3042 4739 3315 4799 Ennodtus
3337 4727 3456 4799 loco

1860 4810 2019 4851 supra
2056 4814 2101 4851 (II
2130 4818 2155 4850 a
2186 4815 2216 4851 υ
2244 4816 2254 4850 :

1891 4812 1920 4850 u
1929 4813 2019 4866 pra
2056 4812 2216 4852 citato
2244 4816 2254 4850 :

1955 4912 2126 4964 Lintea
2153 4926 2262 4963 nam
2282 4916 2487 4968 summis
2503 4919 2617 4967 dum
2640 4921 2854 4983 crispant
2874 4936 3002 4975 nexa
3022 4926 3268 4985 ceruchis,
3293 4934 3385 4980 ctc.

1931 5019 2056 5075 409.
2101 5019 2268 5075 Levis.
2300 5022 2423 5087 Ms.,
2454 5023 2626 5079 Leuis.
3008 5060 3011 5061 ν

1928 5090 2054 5164 ιηὲ.
2092 5092 2223 5164 Ven.
2257 5096 2385 5149 edit.
2415 5104 2469 5149 et
2497 5095 2627 5149 Cod.
2660 5096 2801 5164 Vat.,
2833 5102 2959 5155 data
2989 5105 3099 5157 uela
3126 5108 3384 5161 secundis.

1863 5233 1875 5245 θ
1930 5162 2056 5244 426..
2093 5163 2391 5245 Lycomius.
2429 5166 2523 5249 llic
2560 5162 2847 5249 Lycoutius
2883 5190 2945 5227 ea;
2968 5177 3189 5237 oicariis,
3225 5193 3320 5233 seu
3360 5180 3451 5249 qui

1855 5238 1962 5311 jam
1994 5238 2181 5311 vicarii
2208 5253 2452 5311 uulnere
2499 5238 2669 5294 fuerat
2701 5242 3035 5311 petfnnctus,
3069 5238 3390 5305 nominatan
3422 5266 3451 5307 a

1859 5306 2092 5374 Sulpicio
2124 5323 2170 5359 c.
2200 5307 2285 5360 I8.

1932 5378 2057 5459 Ml).
2082 5378 2230 5463 ‘Q‘ititl
2265 5390 2441 5449 agant.
2469 5380 2699 5463 “Videtur
2740 5385 3053 5463 legendum,
3071 5391 3194 5457 quid
3220 5409 3364 5463 agas,
3400 5394 3449 5448 id

1861 5461 1962 5515 eSI,
1987 5450 2029 5503 si
2062 5450 2241 5505 differs
2266 5467 2419 5520 opem
2464 5453 2627 5522 ferte,
2661 5450 2903 5527 contagia
2930 5450 3156 5528 perdunt
3180 5450 3278 5518 huc
3307 5450 3450 5535 quod

1861 5536 2059 5577 δεῖνειε.

1932 5593 2065 5668 Ibid.
2107 5590 2362 5668 Perdunt.
2396 5595 2520 5661 Ms.,
2553 5600 2795 5668 produnt.

1934 5663 2363 5743 M5.__Mattinns
2386 5663 2589 5723 st-ilictlt
2622 5674 2877 5743 divinitus
2905 5674 3209 5729 admonitus
3251 5676 3449 5743 funerat,

1862 5737 2103 5809 Lycoutii
2151 5740 2367 5792 domum
2418 5743 2597 5793 divino
2638 5742 2841 5810 judicio
2880 5762 2942 5800 ac
2988 5764 3147 5800 Illullu
3176 5748 3328 5802 clade
3358 5737 3448 5803 illa

1864 5812 2322 5889 f’uissie_vex:t_tatn.
2352 5814 2462 5889 sive
2505 5823 2561 5865 ut
2605 5816 2779 5889 verbis
2811 5826 2928 5869 utar
2974 5818 3219 5884 Sulpicii,
3267 5821 3452 5889 spiritu

1863 5883 2124 5951 sentiebat,
2157 5886 2363 5937 domum
2394 5884 2541 5937 illaut
2570 5887 2744 5940 divino
2767 5890 2980 5943 numine
3012 5883 3293 5955 verberari.
