4192 6570
682 392 687 396 ’
743 422 857 481 tta

891 532 994 591 Sed
1025 547 1123 587 nec
1154 546 1312 601 posse
1341 532 1490 585 timet
1528 531 1666 586 facili
1696 546 1921 587 exorare
1950 540 2203 600 precatu;

747 626 857 683 ΗΒ
899 630 1143 681 Attamen
1173 625 1444 693 excipiens
1473 635 1649 677 votum
1683 623 1990 677 miserantis
2018 620 2196 685 amici,

826 764 832 770 .
887 718 1106 787 Septem
1139 731 1329 785 nempe
1357 717 1494 779 dies,
1531 715 1747 769 totidem
1790 717 1890 769 sub
1917 714 2094 769 sidere
2122 723 2330 779 noctes,

860 812 1115 887 ‘Pcrvigil
1147 810 1403 870 incubuit,
1435 809 1634 878 jejunia
1665 808 1809 861 nulla
1841 807 2116 871 relaxans,

880 908 1196 963 Continuata
1234 908 1452 961 trahens
1478 921 1571 974 per
1600 914 1836 974 tempora
1865 904 2028 961 tnulta
2062 911 2328 973 precatus,

885 1001 995 1057 Nec
1025 1001 1170 1071 prius
1204 999 1435 1059 absistit.
1471 997 1575 1052 nisi
1606 998 1865 1065 supplicis
1893 996 1979 1050 illa
2015 996 2235 1065 Lyconli

742 1091 851 1149 450
893 1090 1024 1145 Vota
1054 1101 1265 1158 recepta
1295 1090 1471 1155 daret,
1499 1088 1786 1158 domuique
1819 1086 2026 1141 medela
2059 1087 2281 1151 rediret,

826 1222 849 1241 η
891 1184 950 1238 Et
978 1183 1209 1238 rediviva
1236 1181 1378 1237 salus
1406 1180 1678 1251 fugitivum
1710 1180 2006 1249 expellert-t
2037 1181 2204 1234 ulcus.

888 1277 985 1343 Qui
1018 1286 1190 1331 tatnen
1225 1285 1282 1329 ut
1305 1274 1492 1329 didicit
1532 1273 1700 1328 sancti
1732 1274 2035 1328 obtinuisse
2066 1273 2326 1342 laborem,

881 1369 1131 1433 Advolat,
1163 1379 1215 1424 et
1244 1379 1419 1436 grates
1448 1367 1641 1422 devoto
1674 1368 1840 1422 corde
1864 1366 2127 1436 rependit,

884 1460 1229 1530 Exceptaqne
1251 1462 1409 1515 domo
1431 1475 1525 1515 sua
1548 1461 1740 1530 gaudia
1772 1477 1995 1515 munere
2028 1470 2234 1528 pensat,

740 1552 847 1609 455
887 1553 992 1607 l’ro
1020 1568 1106 1607 tne
1121 1552 1224 1606 ritu
1258 1552 1378 1606 tidei
1412 1551 1639 1618 donum,
1668 1552 1786 1606 vice
1819 1553 2181 1619 cernuriunis,

889 1646 1068 1701 lsraeli
1102 1646 1357 1701 Dominus
1386 1662 1545 1716 qumn
1577 1646 1807 1715 praetulit
1832 1662 1928 1702 ore
1962 1645 2183 1716 potenti,

838 1806 841 1807 ν
886 1738 954 1794 Ει
993 1740 1142 1809 prius
1180 1739 1356 1799 hausit
1395 1754 1552 1809 opem
1589 1739 1787 1809 genitae
1824 1755 1981 1810 quam
2021 1741 2247 1795 intraret
2277 1738 2328 1792 in

2113 1830 2325 1902 μωρίη,

891 1924 1135 1993 Denique
1163 1932 1350 1977 sancto
1377 1922 1534 1976 ollert
1565 1922 1773 1993 argenti
1802 1922 2037 1991 pondera
2071 1937 2282 1993 magna,

887 2014 993 2069 Ter
1029 2015 1231 2070 tricena
1258 2014 1441 2069 decem
1472 2030 1634 2083 super
1669 2015 1845 2070 addita
1874 2030 2052 2069 merce
2084 2012 2327 2082 patroni;

738 2107 846 2164 460
886 2108 1119 2163 Additet
1150 2109 1241 2161 has
1273 2122 1452 2173 voces,
1483 2115 1731 2163 recreato
1766 2117 1977 2176 pectore
2000 2107 2255 2175 supplex:

881 2202 1020 2270 Quid
1053 2202 1165 2266 tibi,
1196 2202 1339 2256 celse
1372 2212 1542 2269 pater,
1565 2201 1685 2254 vita:
1715 2217 1812 2270 pro
1842 2216 2062 2255 munere
2092 2199 2330 2254 solvam?

885 2294 1015 2350 Cum
1042 2294 1210 2362 pretio
1235 2309 1338 2349 non
1365 2296 1530 2363 possit
1552 2295 1656 2348 emi
1683 2293 1797 2347 hate
1821 2294 1931 2359 lux,
1961 2309 2133 2361 neque
2148 2292 2326 2349 vendi.

814 2450 819 2457 ,
888 2389 1059 2445 Unius
1086 2400 1176 2443 aut
1208 2390 1399 2443 animae
1427 2389 1655 2443 mercari
1684 2389 1787 2441 vita
1820 2386 2059 2442 valebit?

883 2483 1016 2537 Cum
1047 2496 1171 2537 vero
1202 2482 1289 2535 illa
1323 2497 1456 2537 tuere
1484 2481 1664 2536 duttttti
1698 2482 1812 2535 lues
1842 2496 1944 2535 una
1984 2488 2228 2547 noceret,

744 2574 849 2632 ιθδ
903 2574 1014 2631 Nec
1064 2584 1369 2643 superesset
1410 2575 1529 2643 opis
1567 2572 1831 2642 reliquum
1878 2570 2024 2642 quod
2076 2569 2329 2626 redderet

2120 2662 2323 2734 [ulluut,

896 2761 1148 2816 Praasidio
1173 2775 1296 2817 ecce
1316 2770 1404 2816 tuo
1424 2759 1552 2816 mihi
1578 2775 1769 2829 nempe
1789 2768 1865 2813 tot
1886 2760 2094 2825 agmina
2119 2756 2324 2825 vivunt,

896 2855 1063 2910 Sexus
1094 2864 1147 2910 ct
1167 2854 1338 2909 a'tatis
1367 2869 1649 2908 numerosa
1681 2867 1893 2907 caterva
1925 2866 2208 2916 meorum;

886 2946 1018 2999 Cum
1057 2954 1300 3015 stupeam
1332 2945 1517 3001 solida:
1542 2955 1786 3000 revocata
1817 2944 2079 3000 cadavera
2111 2944 2254 3008 vitm,

892 3039 957 3094 Et
996 3041 1187 3110 quibus
1227 3040 1548 3109 obsequerer
1589 3037 1972 3103 morientibus,
2005 3050 2133 3091 ecce
2173 3034 2329 3089 mini-

2115 3126 2325 3198 [strant.

743 3224 849 3281 £70
887 3224 1017 3281 Nam
1051 3224 1228 3283 statim
1270 3234 1325 3279 ut
1351 3236 1438 3279 tua
1469 3240 1570 3279 vos
1604 3225 1891 3295 penetralis
1918 3222 1985 3278 ad
2004 3230 2156 3279 astra
2185 3222 2331 3276 vola-

2208 3271 2328 3382 ﬁt},
2355 3271 2406 3340 (³

889 3410 956 3466 Ει
987 3412 1097 3465 visa
1126 3417 1209 3465 est
1237 3408 1452 3464 meritis
1480 3423 1705 3462 curvare
1734 3404 2018 3460 cacumina
2049 3403 2196 3469 cteli,

796 3574 801 3577 _
885 3503 1004 3571 Quo
1033 3502 1203 3556 vicina
1236 3501 1330 3557 tibi
1364 3503 1550 3555 tierent
1577 3498 1787 3551 oracula
1820 3497 2044 3561 Christi,

888 3598 1262 3665 Expositteque
1293 3609 1479 3662 preces
1508 3603 1631 3646 ante
1662 3607 1753 3644 ora
1789 3589 1939 3645 fuere
1968 3589 2257 3658 Tonantis,

886 3695 962 3746 Ac
990 3694 1209 3747 recitata
1239 3689 1339 3742 l'uit
1372 3689 1453 3757 pia
1481 3702 1582 3739 vox
1613 3685 1940 3740 dmninantis
1971 3685 2024 3741 itt
2055 3699 2256 3749 aurem,

779 3782 849 3837 75
888 3784 1008 3838 Mox
1054 3783 1261 3836 bonitas
1302 3778 1556 3840 indulsit,
1589 3792 1692 3846 ope
1725 3787 2004 3843 praesente.
2039 3775 2328 3842 medelam,

891 3878 1129 3944 Corpora
1156 3872 1399 3930 desctuit
1428 3870 1765 3926 membratim
1798 3869 1973 3924 tabida
2002 3870 2204 3937 clades,

882 3967 980 4036 Qui
1014 3975 1235 4036 potuere
1267 3963 1424 4030 mori,
1454 3962 1647 4016 subita:
1677 3960 1886 4015 rediere
1912 3961 2090 4028 saluti,

889 4060 954 4112 Et
979 4060 1258 4127 viguerunt
1284 4072 1402 4124 spe,
1436 4055 1589 4123 pede,
1624 4055 1847 4116 viscere,
1883 4054 2106 4120 lumine,
2138 4069 2291 4122 voce,

888 4154 962 4208 Ac
992 4153 1214 4220 languor
1245 4152 1489 4214 moritur,
1512 4148 1724 4202 -viventi
1758 4148 1810 4201 in
1840 4162 2002 4203 carne
2033 4148 2294 4216 sepultus,

744 4246 851 4303 480
893 4245 1043 4301 Unde
1076 4254 1225 4314 pater
1252 4242 1520 4297 modicum
1555 4257 1651 4311 pro
1676 4240 1810 4296 vivis
1835 4256 1987 4296 sutne
2019 4242 2296 4308 tributum,

898 4339 1103 4395 Fenore
1129 4339 1211 4393 vel
1244 4338 1466 4392 minimo
1492 4338 1749 4404 tolerans,
1781 4337 1905 4391 dum
1935 4337 2108 4390 debita
2137 4336 2288 4391 solvo
2315 4353 2327 4389 :

888 4432 993 4488 Sed
1039 4448 1211 4501 neque
1248 4432 1513 4495 suscepit,
1547 4444 1719 4501 neque
1757 4429 1989 4498 reppulit
2074 4429 2165 4483 ille
2192 4429 2333 4495 quod

2128 4521 2330 4594 lolium;

888 4619 1025 4675 Ante
1055 4617 1365 4673 monasterii
1392 4615 1484 4671 sed
1513 4615 1834 4686 quambene
1866 4616 2028 4672 limen
2056 4617 2257 4681 adiret,

892 4712 1129 4781 Captivis
1162 4713 1317 4765 tribui
1352 4709 1677 4763 redimendis
1710 4708 1944 4780 pondera
1972 4709 2149 4779 jussit.

748 4808 852 4864 483
889 4808 978 4862 Sic
1005 4823 1109 4859 uno
1139 4820 1207 4859 ex
1240 4820 1365 4858 casu
1398 4804 1500 4857 l'ert
1530 4804 1664 4857 dona
1694 4806 1921 4873 getnclla
1956 4806 2162 4869 beatus,

896 4901 987 4954 llis
1018 4901 1345 4963 libertatem,
1376 4897 1524 4952 dedit
1554 4899 1652 4951 illis
1681 4898 1821 4951 unde
1848 4898 2093 4963 salutem,

895 4995 961 5050 Ut
989 4994 1149 5047 modo
1178 4994 1403 5062 captivis
1431 4993 1579 5047 duris
1613 4993 1843 5047 laxautia
1872 4991 2079 5062 poenis,

810 5106 811 5113 η
863 5090 965 5140 .Ac
990 5085 1240 5140 concordi
1271 5086 1450 5157 animo
1479 5085 1787 5139 cecinerunt
1814 5084 2001 5155 gaudia
2035 5084 2239 5153 plausu.

898 5179 1009 5232 lloc
1042 5178 1180 5231 idem
1210 5187 1292 5231 est
1323 5179 1514 5231 mirum
1548 5179 1748 5231 niteant
1778 5180 1819 5229 si
1845 5179 2002 5230 verba
2039 5179 2225 5231 relatu.

763 5272 801 5326 ιε
823 5271 855 5324 0
894 5268 1138 5323 Occurrit
1166 5268 1314 5322 cella:
1343 5283 1462 5321 cum
1494 5268 1704 5337 quidam
1737 5286 1765 5319 o
1794 5266 2042 5322 frattiiius
2076 5269 2278 5337 algeas,

895 5363 1136 5416 Carbone
1167 5361 1359 5429 injecto
1390 5361 1611 5414 ardebat
1638 5359 1905 5414 fornacula
1936 5363 2129 5415 Sancti.

794 5464 799 5469 ‘
898 5453 1141 5507 Cnttsidct
1169 5468 1295 5520 ergo
1321 5453 1482 5518 celer,
1512 5453 1722 5522 rapiens
1747 5454 1895 5523 quasi
1925 5456 2073 5509 lucra
2097 5454 2332 5525 vaporis,

823 5565 944 5618 428.
974 5566 1113 5619 Etlit.
1153 5569 1303 5633 τμη,
1339 5584 1425 5636 per
1455 5577 1681 5631 tempora
1711 5571 1849 5625 mille
1875 5581 2127 5638 promtus.

827 5639 948 5713 9.558;
982 5639 1259 5713 Sulpicius
1295 5641 1452 5693 t‘el'ert
1500 5642 1638 5710 qttod
1671 5641 1954 5713 Lyconlius
1992 5656 2194 5698 centum
2240 5660 2333 5696 ar-

757 5709 892 5782 genti
922 5709 1071 5782 libras
1100 5710 1302 5761 obtulit.

826 5778 953 5853 {9b
994 5780 1123 5853 Cod.
1157 5781 1295 5853 Vah,
1327 5783 1541 5835 carbone
1568 5796 1782 5853 mgcsto.

830 5848 952 5904 504.
995 5850 1125 5905 Cod.
1158 5852 1301 5917 Vah,
1331 5869 1386 5908 se
1415 5848 1644 5922 margine
1663 5859 1838 5911 tendit.

830 5923 947 5979 ius.
996 5922 1035 5975 Ε
1059 5927 1134 5978 iit.
1175 5924 1327 5996 ‘v'cn.,
1353 5936 1439 5980 aut
1468 5926 1750 5997 speculare.

2356 4641 2414 4705 Β

1450 417 1776 477 VENANTII
1815 416 1972 474 UON.
2016 416 2227 474 CLEM.
2270 414 2666 475 FORTUNA'II
2706 417 2989 477 OPERUM
3025 415 3206 476 PARS
3245 420 3287 475 Ι.
3910 422 4003 483 410

2356 534 2406 591 Δ

2580 531 2797 600 lnguiue
2827 531 3045 600 nudato,
3078 533 3211 600 pede
3238 532 3401 601 iacto,
3428 531 3629 603 poplite
3657 546 3847 603 panso.

2584 622 2673 677 Vir
2701 638 2854 678 sacer
2884 624 3125 679 inclusus
3152 623 3221 679 de
3250 624 3381 678 cella
3414 625 3659 693 protinus
3689 624 3894 695 inquit'

2433 714 2539 771 495
2577 716 2709 784 Quis
2740 717 2869 770 foris
2902 717 3130 772 incestat
3157 720 3331 772 nudus
3357 717 3661 793 habitacula
3694 727 3910 785 nostra,

2573 808 2812 880 Corpore
2833 810 3065 878 detecto,
3102 826 3235 880 puro
3259 827 3421 881 genu,
3444 820 3498 867 et
3527 812 3746 882 inguine
3775 812 3945 868 nudo?

2575 902 2709 969 Quid
2738 900 2836 956 luit
2858 901 2982 969 hoc,
3010 902 3154 958 docti
3176 916 3273 957 vos
3299 903 3482 969 dicite,
3509 919 3713 972 quaeso,
3736 905 4004 974 sapitista:

2577 994 2791 1050 Martini
2823 1005 2947 1050 ante
2976 995 3163 1051 oculos
3191 997 3369 1066 paries
3394 996 3545 1066 quasi
3576 997 3739 1053 lintea
3770 997 3893 1067 luci,

2581 1092 2685 1143 Ant
2713 1090 2862 1158 quasi
2895 1090 2984 1145 tilo
3010 1090 3175 1161 agiles
3203 1092 3441 1147 contexit
3469 1106 3666 1146 aranea
3698 1091 3858 1160 telas,

2432 1179 2535 1234 500
2576 1179 2723 1235 Retia
2753 1181 2833 1236 vel
2866 1181 3020 1236 nexis
3049 1197 3144 1250 per
3172 1195 3291 1237 rara
3320 1180 3584 1237 loramina
3610 1181 3751 1238 iiiis?

2580 1273 2730 1329 Unde
2763 1274 2849 1331 hic
2881 1285 2986 1329 tam
3020 1275 3194 1331 tenuis
3222 1284 3491 1331 structura
3523 1275 3751 1346 patescit
3779 1273 3976 1331 hiulca?

2573 1368 2652 1421 An
2677 1384 2735 1423 se
2760 1382 2886 1421 saxa
2913 1368 3116 1434 levant,
3139 1379 3231 1423 aut
3254 1368 3483 1426 reddunt
3504 1370 3672 1424 scissa
3696 1367 4005 1426 fenestram't

2579 1457 2686 1514 Seu
2713 1460 2832 1514 duri
2860 1460 3062 1530 lapides
3094 1459 3240 1516 lento
3267 1474 3328 1516 se
3356 1459 3557 1533 glutine
3580 1461 3817 1530 solvunt,

2573 1554 2654 1605 Att
2683 1564 2805 1605 casa
2834 1553 3071 1608 materize
3100 1552 3270 1609 vitreo
3296 1569 3355 1609 se
3381 1555 3620 1625 margine
3653 1554 3877 1624 pandit?

2431 1640 2539 1697 505
2578 1646 2661 1699 An
2690 1644 2973 1712 Speculare
2998 1643 3165 1710 dedit,
3191 1660 3299 1715 quo
3325 1656 3546 1702 sanctus
3571 1645 3773 1702 lumine
3803 1647 4014 1704 transit?

2574 1736 2655 1788 An
2682 1734 2849 1789 levior
2873 1735 3051 1804 paries
3079 1736 3324 1791 reVolnto
3352 1736 3516 1793 cessit
3551 1737 3604 1793 in
3636 1739 3802 1794 arcu?

2575 1828 2642 1882 Et
2671 1830 2822 1883 stetit
2850 1830 3134 1886 incolumis
3160 1830 3346 1898 rapido
3369 1844 3665 1902 suspensus
3692 1833 3746 1888 in
3777 1834 3914 1890 ictu?

2580 1918 2783 1975 Nobilis
2810 1930 2900 1975 aut
2928 1921 3074 1977 acies
3110 1922 3387 1978 oculorum
3426 1934 3480 1979 et
3508 1938 3780 1980 marmora
3812 1926 4012 1996 transit,

2574 2013 2785 2070 Clutior
2820 2031 2883 2072 ac
2911 2018 3056 2074 visus
3084 2032 3180 2088 per
3209 2028 3405 2075 cuncta
3433 2020 3711 2076 obstacula
3745 2022 3950 2093 pergit?

2433 2106 2538 2165 510
2576 2109 2838 2180 Penniger
2866 2126 2933 2164 an
2960 2111 3128 2165 clausi
3157 2111 3404 2167 volitavit
3427 2112 3494 2167 ad
3521 2128 3615 2167 ora
3648 2113 3913 2180 minister,

2574 2207 2649 2258 Ae
2666 2220 2760 2273 per
2782 2213 3026 2274 opertum
3057 2206 3250 2274 aperit,
3269 2210 3390 2262 etin
3415 2206 3557 2263 invia
3590 2209 3809 2264 nuntius
3827 2210 4017 2265 intrat?

2571 2299 2653 2351 An
2679 2298 2802 2366 quia
2834 2299 3013 2353 lumen
3038 2306 3175 2364 erat,
3205 2307 3374 2353 totum
3403 2298 3558 2367 foris,
3584 2300 3733 2356 intus
3758 2301 4017 2359 habebat?

2572 2392 2746 2448 Carne
2784 2393 3028 2461 sedente,
3057 2394 3179 2451 loco
3206 2394 3359 2450 velox
3387 2410 3454 2449 an
3479 2394 3702 2465 spiritus
3731 2395 3884 2452 ibat?

2572 2483 2814 2553 Pandite,
2863 2485 3185 2557 doctiloqui,
3227 2486 3676 2558 comprehendite
3714 2489 3897 2543 clausa
3940 2489 4022 2545 di-

3848 2578 4019 2653 [serti,

2430 2665 2536 2721 515
2571 2667 2675 2735 Qui
2706 2668 2969 2734 numeris,
2998 2669 3214 2735 atomis,
3244 2669 3449 2725 ratione
3479 2671 3726 2740 potestis,
3752 2681 3808 2727 et
3836 2687 3953 2727 ore.

2576 2764 2674 2821 Hic
2701 2764 2830 2835 fugit
2852 2780 2935 2818 ars
2960 2764 3165 2830 oculos,
3194 2764 3293 2818 nisi
3316 2762 3614 2830 Christum,
3639 2764 3788 2820 nulla
3809 2764 4022 2823 videtis.

2569 2860 2777 2927 Quanta
2809 2858 2900 2914 Dei
2924 2858 3112 2922 virtus,
3137 2857 3350 2914 Martini
3380 2869 3462 2914 est
3489 2859 3663 2929 gratia
3692 2872 3915 2931 quanta,

2570 2947 2685 3004 Hac
2725 2962 2831 3018 ope
2876 2948 3134 3005 tnititicus
3177 2946 3340 3004 homo
3384 2948 3640 3020 complet,
3671 2949 3817 3019 quod
3864 2953 4022 3005 homo

2576 3137 2814 3207 Explicat
2843 3135 2965 3201 hac,
2989 3132 3118 3189 ﬁdei
3148 3133 3364 3201 merito,
3387 3133 3529 3204 quod
3553 3141 3610 3189 et
3636 3041 3827 3189 obstet.I
3839 3051 4024 3205 ,ἑῖὲἑῖ

2436 3229 2539 3289 520
2647 3230 2800 3298 Quod
2839 3237 3088 3299 superest
3116 3226 3302 3294 etiam,
3332 3235 3666 3284 memoretur
3696 3225 3908 3282 honore
3936 3240 4027 3295 pa-

3833 3318 4026 3393 ιιι·υηὶ,

2540 3403 3002 3471 ὐυιιδιιηιηιδηᾱδ
3031 3429 3129 3471 suo
3156 3420 3408 3485 properat
3435 3412 3557 3482 quia
3586 3412 3778 3483 pagina
3808 3420 3963 3467 textu

2575 3508 2735 3564 Forte
2762 3523 2913 3563 sacer
2945 3508 3192 3563 residens
3223 3523 3315 3576 per
3342 3506 3477 3561 dura
3507 3504 3701 3561 sedilia
3732 3504 3883 3575 ligno
3902 3547 3920 3570 ,

2573 3599 2835 3667 Ρτοδρὶεἰι
2865 3600 2989 3654 hinc
3009 3600 3180 3653 claras
3206 3596 3458 3666 pendenti
3490 3612 3625 3666 rupe
3652 3597 3943 3666 gemellas,

2574 3693 2832 3763 Tegmine
2864 3692 3117 3761 pullatas,
3148 3692 3288 3746 tristi
3327 3700 3538 3746 terrore
3566 3704 3811 3755 severas,

2432 3784 2537 3841 52-3
2577 3785 2784 3840 Fraude
2817 3786 3145 3853 laborantes,
3171 3783 3470 3853 jaculantes
3499 3781 3709 3853 spicula
3754 3780 3922 3848 fellis,

2576 3879 2836 3948 Nequitia:
2862 3878 3117 3941 artitices,
3149 3876 3316 3932 rebus
3348 3876 3538 3946 gravia
3553 3889 3705 3930 arma
3733 3875 3995 3941 sinistris,

2578 3970 2721 4026 Voce
2748 3978 3008 4025 venenata
3036 3968 3202 4025 verba
3230 3967 3348 4022 haec
3370 3970 3602 4038 anguina
3641 3968 3899 4022 rotabant
3929 3985 3945 4021 :

2574 4061 2710 4128 Quid
2737 4061 2878 4115 valet
2905 4061 2984 4114 ira
3010 4058 3339 4125 tumens,eia
3362 4067 3437 4123 te,
3469 4057 3686 4124 Brictio,
3713 4064 3992 4112 monstres
4024 4100 4030 4111 .

2576 4155 2691 4211 lloc
2721 4155 2913 4209 iterum
2940 4162 3211 4224 repetunt,
3236 4153 3408 4208 donec
3436 4151 3579 4206 male
3603 4150 3806 4206 Brictio
3829 4160 4009 4207 motus

2437 4248 2539 4305 550
2568 4247 2787 4315 lrruptis
2817 4245 3038 4312 foribus,
3072 4254 3258 4301 sancto
3290 4253 3347 4300 et
3372 4243 3615 4300 convicia
3644 4246 3852 4313 vergit;

2577 4342 2757 4413 Jurgia
2787 4341 2951 4395 tnulta
2975 4353 3214 4405 movens,
3243 4338 3454 4394 turbata
3485 4347 3689 4405 mente,
3719 4339 3966 4403 satelies,

2581 4436 2652 4491 Se
2682 4435 2854 4489 meriti
2886 4432 3125 4487 melioris
3147 4446 3315 4487 ovans
3339 4446 3501 4499 quam
3531 4442 3752 4486 sanctus
3779 4430 4036 4488 haberet.

2581 4527 2669 4582 Sic
2698 4536 2849 4597 gestu
2877 4524 3110 4589 rabidus,
3148 4537 3323 4592 neque
3351 4536 3412 4578 se
3435 4522 3763 4591 agnoscebat
3784 4535 4011 4576 amarus

2583 4621 2715 4676 Vita:
2752 4631 2900 4691 gesta
2924 4634 3035 4674 sua:
3059 4616 3380 4674 temerarius
3398 4617 3607 4671 arbiter
3635 4615 3864 4682 iuuans,

2437 4712 2540 4771 535
2571 4714 2987 4770 lntolerahilium
3009 4727 3104 4780 per
3124 4711 3301 4766 inania
3333 4709 3579 4765 bombica
3608 4709 3852 4778 iactans,

2585 4806 2751 4860 Vento
2777 4815 2953 4860 motus
2977 4806 3119 4860 iners
3142 4801 3402 4859 simulans
3423 4801 3659 4856 foliatilis
3680 4800 3916 4867 umbrae,

2581 4900 2814 4955 Excussa
2841 4899 3051 4953 cervice
3080 4897 3279 4968 rigens,
3315 4895 3539 4952 levitate
3565 4892 3809 4967 rebellis,

2583 4992 2868 5060 Exagitans
2898 4990 3158 5054 animum,
3190 4989 3325 5059 pede
3348 4988 3521 5058 jacto,
3555 4997 3777 5056 pectore
3811 4995 4005 5052 tenso,

2582 5082 2926 5147 Irrattonalis,
2965 5080 3171 5136 tumido
3198 5081 3462 5150 gliscente
3490 5081 3780 5143 cothurno,

2435 5177 2539 5233 540
2578 5177 2684 5230 Nec
2711 5192 2769 5231 se
2797 5184 2972 5231 mente
3001 5189 3197 5244 capax,
3219 5189 3381 5229 sensu
3409 5173 3688 5243 spatiante
3731 5171 4046 5233 vacillans;

2580 5270 2742 5338 Inque
2763 5268 3095 5324 sacerdotem
3119 5268 3450 5322 trttculenter
3468 5265 3669 5320 acerba
3695 5262 4041 5319 redundans

2577 5364 2679 5419 Sed
2694 5364 2815 5434 quid
2832 5366 2882 5417 in
2898 5362 3163 5435 abiectum
3175 5360 3459 5417 Martinnm
3474 5360 3588 5413 hmc
3602 5356 3821 5413 turbida
3836 5354 4045 5412 volvit!

2580 5456 2713 5522 Quid
2740 5456 2945 5520 humili,
2972 5453 3180 5524 placido
3203 5461 3309 5506 tam
3335 5451 3469 5517 dira,
3501 5448 3733 5519 superba
3758 5448 4041 5519 minatur,

2508 5574 2630 5627 519.
2676 5571 2847 5635 Quod.
2882 5571 3003 5633 Ms.,
3035 5569 3185 5641 quid.

2508 5647 2639 5700 llnd.
2685 5648 2831 5707 Quod
2858 5653 2903 5694 et
2932 5637 3109 5695 obstet.
3146 5641 3241 5694 Ed.
3273 5637 3433 5703 Ven.,
3456 5650 3595 5708 quoa
3621 5639 3812 5691 obstat.

2508 5716 2632 5770 5‘22.
2672 5715 2805 5769 Cod.
2843 5713 2982 5778 Vat.,
3017 5712 3198 5766 sedilia
3226 5710 3371 5780 ligni.

2439 5861 2471 5917 α
2509 5787 2634 5843 525.
2674 5786 2807 5843 Cod.
2837 5784 2954 5842 Vat.
2980 5782 3239 5857 Prospicit
3270 5782 3385 5836 hinc
3417 5780 3619 5845 lamas;
3663 5781 3813 5850 quod
3844 5792 4046 5840 leaenae

2477 5874 2584 5916 um.

2477 5874 2584 5916 um.
