4192 6544
198 387 299 441 ηε

198 499 298 555 660
336 498 413 554 Ac
443 496 716 553 Fortunali
748 496 1080 553 benedictam
1112 499 1362 569 martyris
1395 513 1585 553 urnam
1618 515 1630 551 :

340 588 756 659 Pontilicemque
781 588 924 657 pium
960 588 1179 643 Paulum
1211 591 1490 658 cupienter
1520 590 1682 643 adora

337 682 438 750 Qui
468 698 555 737 me
587 683 856 750 primaevis
886 684 1125 737 converti
1156 683 1373 752 optabat
1395 683 1462 737 ab
1489 684 1648 737 annis

338 772 395 830 Si
424 773 559 842 petis
584 773 713 827 illud
742 774 865 839 iter,
892 788 996 843 qua
1020 790 1079 829 se
1107 773 1405 828 Concordia
1435 776 1617 845 cingit,

336 864 669 935 Augustinus
696 865 854 918 adest
879 866 1144 934 pretiosus
1177 866 1529 935 Basiliusqne.

197 955 299 1012 665
338 946 451 1022 Qua
482 971 598 1009 mea
628 955 883 1010 Tarvisus
910 956 1127 1023 residet,
1158 958 1200 1009 si
1228 956 1465 1010 molliter
1492 957 1685 1023 intras,

340 1050 607 1103 Illustrem
639 1048 845 1103 socium
876 1049 1129 1113 Felicem,
1156 1063 1357 1119 quaeso,
1384 1051 1617 1117 require,

334 1138 430 1194 Cui
460 1155 667 1194 mecum
692 1141 867 1195 lumen
902 1140 1157 1194 Martinus
1182 1140 1415 1195 reddidit
1452 1141 1579 1195 olnn

336 1231 435 1287 Per
457 1233 709 1287 Cenetatn
736 1232 1008 1301 gradiens,
1024 1242 1078 1286 et
1104 1234 1307 1287 amicos
1323 1231 1779 1302 Duplavenenses,

336 1326 451 1392 Qua
479 1327 658 1381 natale
679 1328 857 1381 solum
886 1336 965 1381 est
997 1326 1148 1394 mihi,
1178 1327 1435 1396 sanguine
1458 1366 1473 1391 ,
1521 1328 1649 1382 sede
1692 1344 1783 1397 pa-

1524 1418 1779 1490 [rentum,

198 1510 302 1567 670
340 1509 915 1580 Prolisorigopatrum,
942 1510 1124 1575 frater,
1163 1511 1484 1575 soror,ordo
1505 1522 1780 1580 nepotum,

332 1605 477 1671 Quos
525 1604 645 1658 colo
696 1604 893 1671 corde,
926 1604 1032 1659 fide
1055 1646 1070 1670 ,
1120 1604 1359 1658 breviter
1380 1646 1395 1670 ,
1432 1615 1554 1672 peto
1576 1643 1591 1669 ,
1618 1604 1784 1659 redde

1510 1696 1782 1767 [salutent],

332 1786 392 1842 Si
421 1786 676 1841 Patavina
709 1784 801 1845 tibi
831 1795 1007 1854 pateat
1034 1786 1142 1853 via,
1175 1788 1353 1856 pergis
1382 1786 1448 1841 ad
1481 1788 1665 1842 urbem
1692 1804 1704 1851 ;

330 1877 433 1931 Hie
462 1892 612 1931 saera
642 1878 887 1940 Justinte,
922 1891 1074 1945 rogo,
1104 1878 1280 1931 lambe
1306 1879 1549 1945 sepulcra
1581 1878 1774 1941 beata},
1812 1860 1855 1919 Β

327 1970 492 2038 Cujus
517 1968 678 2023 habet
707 1967 881 2036 paries
912 1968 1119 2023 Martini
1146 1978 1292 2039 gesta
1327 1969 1510 2038 figuris
1542 1987 1552 2020 ε

188 2062 291 2117 6ἷό
329 2061 514 2127 Quove
543 2060 730 2113 salutis
756 2074 892 2127 opus
920 2059 1065 2114 celso
1095 2060 1338 2129 depende
1379 2060 1597 2124 .loanni,

329 2156 504 2220 Atque
528 2153 640 2205 suis
670 2152 865 2220 genitis
895 2152 1055 2207 sociis
1077 2167 1171 2221 per
1200 2152 1440 2206 carmina
1482 2154 1701 2209 nostris.

330 2246 430 2300 llic
478 2245 571 2300 tibi
620 2244 800 2298 Brinta
844 2243 1057 2312 ﬂuens,
1110 2244 1212 2299 iter
1256 2253 1340 2299 est
1385 2244 1659 2299 Retcnone
1686 2259 1775 2299 se-

1543 2336 1737 2407 [cundo
1760 2355 1774 2403 ;

328 2430 639 2499 Ingrediens
668 2429 908 2484 Athesim
936 2427 1111 2484 Padus
1153 2428 1350 2498 excipit
1378 2428 1500 2485 inde
1533 2432 1774 2498 phaselo,

330 2520 542 2577 Mobilis
572 2522 712 2576 unde
744 2522 837 2575 tibi
866 2522 1073 2591 rapitur
1107 2521 1233 2575 ratis
1263 2536 1420 2576 amne
1446 2522 1627 2575 citato.

194 2610 300 2667 680
337 2612 467 2667 Inde
494 2612 864 2666 Ravennatum
900 2610 1149 2680 placitam
1179 2620 1298 2681 pete
1330 2596 1536 2666 dulcius
1566 2611 1771 2678 urbem,

331 2703 540 2773 Pulpita
567 2712 872 2756 sanctorum
906 2717 999 2769 per
1030 2701 1274 2770 religiosa
1315 2716 1628 2765 recurrens,

334 2792 586 2863 Martyris
609 2792 807 2863 egregii
838 2792 1096 2846 tumulum
1128 2791 1315 2846 V’italis
1342 2792 1529 2859 adora,

332 2883 479 2938 Mitis
503 2894 558 2938 et
585 2883 850 2950 Urcisini;
884 2883 1030 2937 Pauli
1064 2885 1161 2938 sub
1183 2893 1351 2948 sorte,
1381 2883 1548 2949 beati;

338 2977 542 3030 Rursus
568 2975 891 3046 Apollinaris
918 2976 1139 3044 pretiosi
1171 2976 1353 3029 limina
1384 2975 1582 3039 lambe.

196 3069 301 3126 685
342 3068 520 3123 Fusus
538 3066 682 3121 humi
707 3068 950 3136 supplex,
976 3077 1031 3120 et
1058 3069 1252 3136 templa
1275 3082 1371 3136 per
1392 3067 1570 3121 omnia
1594 3081 1771 3122 curre.

336 3161 404 3217 Et
434 3168 557 3230 pete
584 3157 791 3213 Martini
824 3154 1081 3223 loculum,
1112 3172 1217 3226 quo
1237 3156 1361 3227 jure
1385 3156 1588 3225 sacelli,

262 3336 396 3393 661.
441 3334 687 3389 Paulum.
719 3333 853 3388 Vide
881 3346 998 3403 quae
1026 3333 1093 3388 de
1118 3333 1284 3387 Paulo
1314 3332 1565 3402 pontifice
1594 3334 1771 3403 Aquil.

186 3410 428 3463 diximus
451 3410 501 3459 in
528 3406 644 3458 Vita
674 3404 917 3469 Furtum,
946 3422 998 3456 η.
1027 3406 1116 3460 15.

254 3480 388 3531 666.
429 3476 675 3531 Febrem.
720 3477 859 3545 Lege
904 3490 1023 3545 quae
1070 3477 1137 3530 de
1184 3473 1361 3529 Felice
1390 3474 1643 3543 diximus,
1699 3474 1771 3530 ib.

182 3566 233 3604 n.
259 3549 353 3604 ει.

252 3621 387 3673 668.
430 3616 689 3672 Cenetam.
716 3613 834 3679 Ms.,
867 3613 1156 3679 Ceuedam;
1185 3615 1313 3671 edit.
1358 3612 1514 3679 νειμ,
1557 3631 1647 3685 per
1694 3633 1776 3670 se-

179 3692 362 3762 mitam
389 3692 970 3762 gradiens;_corrupte.
1025 3685 1233 3741 Videsis
1276 3700 1393 3753 qttae
1439 3686 1671 3741 diximus
1720 3688 1771 3742 in

178 3760 296 3814 Vita
325 3760 550 3815 Fertun.
582 3776 635 3812 η.
661 3760 713 3811 6.

250 3833 387 3887 675.
427 3831 641 3884 Joanni.
671 3831 745 3883 De
768 3829 869 3883 hoc
890 3828 1121 3892 Joanne,
1143 3828 1189 3882 si
1210 3826 1373 3880 modo
1401 3826 1445 3880 is
1491 3827 1773 3896 episcopus

184 3903 506 3965 Patavinus,
541 3903 615 3953 uti
651 3902 883 3963 videtur,
914 3901 1033 3963 fuit,
1062 3899 1192 3951 nihil
1222 3897 1359 3963 apud
1392 3897 1665 3966 Ughellum
1719 3916 1769 3952 III

180 3973 332 4027 Italia
364 3972 552 4026 Sacra.
593 3972 639 4024 Is
671 3971 873 4023 videtur
903 3971 1108 4023 sedisse
1138 3969 1276 4022 inter
1306 3968 1515 4021 l’etrum
1575 3968 1773 4021 Limia-

180 4060 309 4098 num
344 4053 405 4096 ct
435 4040 831 4108 Virgilium,qui
864 4055 952 4092 an.
980 4041 1083 4093 579
1114 4039 1351 4093 interfuit
1379 4041 1571 4092 concil.
1603 4039 1764 4103 Aqui-

175 4114 397 4179 leiensi,
430 4116 499 4167 ab
523 4113 669 4165 llelia
703 4112 1000 4179 patriarcha
1029 4111 1333 4169 celebrato;
1386 4112 1453 4164 de
1494 4126 1600 4178 quo
1650 4112 1771 4163 vide

177 4188 433 4240 eutndetn
467 4182 659 4253 Ughel.

249 4256 377 4311 677.
439 4248 715 4309 liekuone.
764 4251 904 4312 Ms.,
958 4252 1223 4305 Retinone.
1285 4248 1576 4305 Retenonis
1627 4248 1769 4302 ﬂuvii

175 4327 340 4380 situm
368 4328 589 4394 inquirit
616 4324 910 4394 Cluverius,
929 4322 1004 4375 l.t
1039 4322 1199 4376 Italian
1224 4324 1493 4389 Antiquae,
1517 4335 1567 4374 c.
1604 4322 1687 4384 iis,
1708 4334 1770 4394 ac

175 4391 521 4465 opinator'ex
547 4399 849 4448 narratione
870 4393 1065 4446 Aitiani
1100 4395 1235 4446 Hist.
1261 4396 1403 4446 anim
1431 4396 1465 4447 l.
1494 4407 1683 4465 κεν-.-μ
1711 4391 1763 4455 8,

176 4461 462 4537 antiquum
496 4466 644 4537 illum
677 4468 961 4518 bretenutn
1008 4479 1126 4537 esse
1161 4478 1370 4537 amnem
1426 4464 1518 4537 qui
1581 4461 1765 4537 Yicen-

176 4533 483 4590 tiam’inter
513 4549 575 4588 ac
617 4535 960 4600 ltoveretum,
990 4535 1201 4602 paribus
1250 4533 1372 4586 hinc
1416 4533 1548 4602 inde
1594 4534 1760 4584 inter-

1165 388 1249 443 DE
1293 388 1449 444 VITA
1490 386 1735 444 SANCTI
1778 386 2080 443 MAR'I'INI.
2125 417 2193 427 -—
2236 388 2366 445 LIB.
2411 387 2499 441 IV.

1806 502 1860 559 Λ

3362 384 3469 440 426

2032 499 2148 553 .lam
2179 499 2521 568 desperatum
2552 499 2729 553 lumen
2765 499 2891 554 mihi
2925 499 3150 553 reddidit
3175 506 3383 562 auctor,

2030 589 2245 644 Munera
2266 591 2353 661 qui
2376 590 2588 654 tribuit;
2617 592 2829 657 saltem,
2850 605 3003 660 rogo,
3028 590 3189 645 verba
3216 588 3467 659 repende.

2030 686 2122 740 Est
2148 686 2235 740 ubi
2267 686 2498 740 basilica:
2525 684 2738 738 culmen
2773 685 2919 739 Pauli
2951 694 3110 754 atque
3139 680 3360 739 Joannis
3380 722 3393 740 .

1885 770 1990 831 690
2029 768 2126 829 Hic
2157 776 2330 844 paries
2353 775 2547 830 retinet
2576 775 2746 828 sancti
2772 775 2870 827 sub
2902 775 3137 845 imagine
3167 772 3415 828 formant.

2028 865 2408 934 Amplectenda
2442 867 2557 932 ipso
2588 866 2727 920 dulci
2763 867 2967 932 pictura
2999 868 3199 921 colore.

2028 958 2137 1013 Sub
2167 957 2392 1028 pedibus
2424 956 2554 1026 justi
2590 959 2768 1025 paries
2809 957 2971 1011 habet
3000 966 3114 1011 arte
3145 957 3470 1024 fenestram,

2024 1050 2273 1120 Lychnus
2303 1050 2474 1113 adest,
2505 1050 2658 1118 cujus
2687 1052 2851 1104 vitrea
2886 1059 3035 1103 natat
3067 1050 3205 1120 ignis
3232 1051 3283 1103 in
3313 1065 3470 1103 urna.

2029 1143 2141 1198 IIuc
2169 1156 2270 1211 ego
2300 1143 2427 1197 dum
2459 1159 2707 1211 prepero,
2741 1143 2921 1198 valido
2948 1153 3231 1213 torquente
3259 1140 3471 1210 dolore,

1885 1233 1987 1291 693
2028 1234 2363 1305 Diifugieute,
2395 1250 2638 1305 gemens,
2673 1234 2948 1290 oculorum
2981 1236 3099 1291 luce
3130 1236 3411 1299 fenestris;

2029 1327 2143 1394 Quo
2176 1326 2357 1395 procul
2385 1327 2617 1396 uttetigi
2644 1326 2929 1380 benedicto
2953 1326 3129 1381 lumen
3158 1326 3322 1391 olivo,

2030 1417 2218 1488 lgneus
2246 1419 2335 1473 ille
2361 1433 2528 1485 vapor
2557 1418 2812 1470 marcenti
2846 1418 3022 1470 fronte
3055 1416 3296 1480 recessit,

2030 1508 2098 1563 Et
2125 1523 2364 1578 praesens
2395 1508 2631 1562 medicos
2656 1507 2855 1561 blando
2888 1506 3033 1575 fugat
3062 1508 3294 1577 unguine
3326 1521 3471 1559 mor-

3328 1597 3473 1669 [bos,

2028 1690 2143 1744 Non
2171 1691 2335 1745 oblita
2368 1689 2497 1742 mihi
2532 1705 2647 1743 mea
2676 1688 2896 1752 Iuntina,
2931 1703 3151 1742 munera
3181 1691 3376 1752 sancti,

1887 1781 1991 1837 700
2030 1781 2161 1835 Nam
2191 1781 2331 1835 redit
2356 1791 2480 1834 ante
2508 1780 2694 1834 oculos
2723 1779 3000 1834 oculorum
3032 1794 3158 1832 cura
3191 1778 3385 1842 fidelis,

2027 1876 2092 1930 Et
2121 1890 2326 1929 memor
2348 1876 2473 1928 illud
2497 1890 2613 1940 ero,
2643 1874 2768 1928 dum
2793 1876 2908 1928 luce
2930 1883 2984 1928 et
3004 1888 3235 1941 corpore
3254 1882 3467 1927 consto.

2029 1967 2335 2034 Promptius
2368 1965 2581 2033 all‘ectu,
2606 1981 2798 2034 precor
2828 1965 2951 2021 inde
2975 1965 3192 2035 require
3214 1965 3469 2029 sodales;

2029 2058 2085 2115 Si
2112 2057 2272 2113 sociis
2303 2058 2557 2126 loqueris,
2594 2057 2801 2111 veniam
2835 2056 3032 2125 pietate
3064 2056 3307 2119 mercri=,

2026 2150 2249 2219 Porrigo
2281 2150 2557 2204 materiam
2590 2150 2784 2219 quibus
2817 2150 2953 2204 hanc
2986 2166 3085 2219 ego
3106 2190 3120 2214 ,
3150 2160 3208 2203 ut
3239 2164 3335 2204 ore
3381 2163 3471 2201 ro-

3262 2238 3471 2312 [tundo,

1882 2338 1985 2393 703
2026 2337 2238 2392 Martini
2264 2336 2436 2406 gestis
2468 2335 2714 2390 ﬂorentia
2742 2334 2978 2388 carmina
3007 2342 3269 2401 pangant;

2024 2429 2094 2484 Et
2123 2429 2268 2483 claro
2302 2428 2520 2498 ingenio
2553 2435 2735 2481 texant
2764 2421 3063 2494 spargenda
3089 2438 3181 2493 per
3208 2432 3411 2478 ortum.

2024 2527 2116 2582 Vir
2150 2528 2365 2582 radians
2393 2524 2597 2578 meritis
2621 2522 2746 2577 licet
2769 2522 2861 2576 ille
2888 2536 2987 2575 nec
3015 2520 3216 2589 indiget
3247 2519 3394 2584 istis,

2023 2618 2204 2672 Gratia
2235 2614 2391 2684 cujus
2420 2628 2587 2667 ovans
2611 2628 2671 2665 ac
2705 2612 2843 2666 fama
2874 2611 2976 2665 iter
2998 2618 3223 2678 occupat
3255 2608 3400 2664 orbis
3420 2653 3432 2677 ,

2020 2711 2161 2763 Ain
2192 2722 2397 2777 capax,
2432 2706 2652 2776 pelagus
2700 2705 2937 2769 intrans,
2978 2718 3140 2771 super
3178 2712 3322 2755 astra
3376 2716 3472 2755 eo-

3206 2794 3474 2865 lruscans,

1879 2895 1985 2950 7l0
2026 2892 2360 2947 Distribuens
2382 2890 2545 2944 miras
2574 2888 2784 2959 populis
2813 2902 2906 2953 pro
2934 2888 3072 2955 stipe
3102 2885 3358 2947 medelas.

2021 2984 2123 3051 Qui
2156 2984 2389 3037 Domino
2421 2981 2733 3035 famulando
2764 2995 2863 3035 suo
2895 2980 3038 3048 capit
3063 2981 3242 3033 omnia
3272 2980 3434 3043 dono,

2018 3079 2087 3133 Et
2105 3092 2210 3147 quo
2222 3076 2469 3131 Christus
2493 3075 2648 3129 habet
2665 3089 2878 3140 nomen,
2906 3074 3165 3129 Martinus
3188 3074 3469 3128 honorem.

1882 3328 2012 3394 Quis
2038 3324 2181 3381 enim
2213 3326 2479 3390 crederet,
2513 3326 2703 3395 inquit,
2732 3322 2935 3381 Padum
2961 3326 3166 3395 ingredi
3192 3328 3472 3382 Athesim?

1878 3400 2109 3452 —ldem
2139 3397 2414 3452 Cluverius
2443 3408 2645 3463 narrat,
2675 3413 2767 3451 eos
2798 3401 2887 3467 qui
2916 3400 3183 3467 scripsere
3216 3400 3471 3453 lletenone

1877 3471 2099 3525 secundo
2121 3469 2458 3522 existimasse
2484 3471 2626 3523 hunc
2654 3484 2867 3521 amnem
2900 3471 2966 3523 de
2996 3483 3103 3537 quo
3127 3470 3212 3523 hic
3243 3470 3468 3527 Fet-tun.

1878 3555 1999 3595 esse
2026 3540 2241 3593 fluvium
2274 3539 2553 3603 Renanem,
2586 3540 2750 3607 quiin
2783 3542 2895 3606 ipsa
2948 3545 3080 3593 urbe
3126 3539 3388 3606 Viceutia,
3419 3543 3471 3596 in

1878 3611 2192 3682 Meduacum
2216 3610 2500 3682 minorem,
2530 3611 2619 3677 qui
2662 3611 2821 3682 volgo
2852 3624 2993 3682 nunc
3046 3610 3086 3662 il
3138 3608 3476 3682 Bac/tiglioue

1880 3681 2097 3745 dicitur,
2123 3682 2330 3734 transit.
2368 3678 2562 3733 Verum
2596 3695 2699 3733 non
2732 3678 2863 3733 mihi
2897 3682 3010 3733 haec
3035 3681 3219 3749 opinio
3264 3678 3468 3749 impro-

1878 3752 2051 3805 banda
2081 3753 2319 3811 videtur,
2340 3764 2459 3803 cum
2489 3751 2777 3805 Meduacus
2801 3750 2997 3814 minor,
3022 3752 3076 3804 in
3124 3766 3283 3820 quem
3312 3753 3463 3808 lieno

1878 3823 2071 3887 inlinit,
2093 3837 2159 3877 ex
2192 3822 2500 3876 testimonio
2528 3822 2766 3876 Cluverii
2794 3830 2849 3875 et
2878 3831 2933 3875 ut
2976 3824 3075 3891 ipsi
3099 3824 3364 3887 novimus,
3399 3828 3466 3878 ad

1877 3894 2153 3948 Patavium
2197 3892 2571 3965 sesebrinta:
2619 3891 2935 3965 admisceat,
2967 3904 3193 3965 etcum
3252 3894 3363 3963 ipsa
3418 3896 3470 3949 in

1874 3965 2205 4018 Adriaticdm
2230 3962 2403 4016 sinum
2428 3977 2488 4017 se
2515 3963 2743 4030 evolvat,
2772 3972 2825 4013 ut
2856 3964 3081 4031 proinde
3133 3962 3283 4017 recte
3324 3965 3473 4021 dixe-

1876 4036 1944 4089 rit
1977 4034 2199 4088 F‘ortun.
2238 4050 2251 4085 :
2285 4033 2384 4085 Hic
2416 4035 2504 4085 tibi
2538 4032 2716 4085 Brinta
2760 4036 2947 4102 ﬂuens.
2977 4044 3083 4089 elc.
3139 4036 3291 4099 Quod
3338 4052 3470 4090 vero

1872 4106 2121 4159 subditur
2157 4105 2483 4171 :ingrediena
2513 4106 2761 4167 Athesim,
2786 4114 2916 4167 etc..
2942 4106 3123 4158 malim
3158 4108 3227 4159 ita
3263 4105 3465 4160 dictum

1873 4178 2119 4242 accipere
2146 4189 2209 4227 ac
2247 4175 2292 4228 si
2316 4175 2584 4228 diceretur
2621 4193 2631 4227 :
2668 4176 2947 4244 ingrederis
2988 4177 3250 4241 Athesim;
3281 4188 3336 4230 ut
3366 4193 3472 4233 non

1873 4248 1940 4300 de
1967 4248 2124 4299 fluvio
2156 4245 2297 4299 Pado
2339 4261 2517 4298 sermo
2564 4245 2651 4308 sit,
2679 4246 2769 4312 qui
2818 4246 3063 4300 Athesim
3109 4248 3465 4316 ingrediatur,

1874 4319 1966 4370 sed
1992 4318 2057 4369 ad
2084 4317 2315 4369 libellum
2343 4316 2520 4369 omnis
2542 4316 2798 4381 dirigatur
2827 4318 3023 4370 oratio.
3058 4316 3121 4370 Et
3166 4333 3295 4371 vero
3330 4317 3463 4373 For-

1873 4397 2091 4441 tunatus
2137 4391 2188 4439 in
2246 4388 2487 4441 oratione
2544 4387 2797 4441 struenda
2857 4388 3104 4441 licentior
3164 4389 3459 4456 aliquando

1875 4461 2038 4512 luisse
2062 4458 2477 4526 deprehenditur
2507 4473 2662 4525 qnam
2696 4474 2799 4510 non
2830 4460 3002 4511 solum
3027 4459 3326 4523 metri,sed
3363 4476 3464 4515 nec

1873 4532 2232 4600 grammatica:
2262 4528 2577 4600 legesierre
2621 4528 2919 4600 videantur.
2952 4528 3027 4581 Ita
3069 4530 3209 4583 idem
3260 4529 3457 4584 Fortu-

174 4610 354 4671 vallis,
386 4609 658 4669 exoriens,
685 4606 882 4673 vulgari
914 4591 1299 4673 appellatione,
1332 4604 1368 4655 il
1401 4601 1597 4673 Lagno,
1647 4605 1758 4654 sive
1794 4591 1840 4647 Ι)
1869 4591 2023 4654 natus
2044 4602 2120 4652 sic
2152 4591 2383 4665 loquitur
2425 4598 2460 4650 Ι.
2491 4613 2560 4661 ιν,
2594 4613 2641 4652 c.
2678 4598 2764 4651 ii.

174 4679 227 4729 la
254 4678 475 4747 Lagua,
503 4672 831 4737 nominatur;
882 4672 1044 4742 quiia
1088 4686 1307 4743 quatuor
1361 4676 1498 4726 haud
1536 4672 1758 4747 amplius

178 4743 408 4801 millibus
433 4763 678 4815 passuum
709 4748 829 4813 (ait)
883 4748 1159 4798 i‘t'centiam
1206 4747 1577 4814 pia’terﬂuens,
1615 4743 1762 4795 Mou-

172 4821 431 4879 taniana,
462 4819 652 4887 oppido
709 4818 901 4877 abluta,
947 4818 1173 4883 duosque
1217 4821 1358 4868 lacus
1398 4828 1765 4883 transgressus,

172 4891 315 4955 apud
348 4886 728 4958 Anguillnriam
756 4889 958 4940 tandem
1001 4889 1267 4955 Oppidum,
1298 4890 1348 4939 in
1392 4886 1615 4939 Athesim
1646 4900 1765 4937 con-

173 4961 306 5028 ﬂuit.

243 5029 375 5083 678.
405 5030 554 5085 Idem
579 5030 859 5085 Cluverius
886 5031 997 5083 vult
1021 5030 1093 5082 ita
1118 5043 1241 5083 esse
1285 5025 1569 5096 legendum
1626 5024 1768 5079 hunc

173 5100 459 5155 Fortunati
499 5102 675 5155 locum
720 5118 733 5154 :

296 5200 351 5244 Si
378 5194 612 5243 Patavina
639 5196 725 5243 tibi
751 5200 913 5253 pateat
935 5196 1028 5252 via,
1050 5196 1216 5255 pergis
1249 5192 1308 5255 ad
1330 5193 1522 5242 urbem.

298 5260 431 5309 Hinc
471 5259 556 5307 tibi
582 5258 746 5305 Brinta
777 5256 950 5317 ﬂuens,
988 5254 1082 5305 iter
1117 5261 1211 5313 est,
1252 5254 1570 5316 Retenusque
1593 5265 1767 5375 sisenn-

1660 5330 1733 5375 ns,

296 5380 597 5443 Ingrediens
623 5380 869 5439 Athesim;
891 5379 1050 5427 Padus
1073 5379 1255 5440 excipit
1279 5378 1391 5426 inde
1418 5378 1648 5427 Phaselo:

297 5443 497 5493 llobilis
522 5443 653 5491 unde
682 5443 767 5491 tibi
793 5446 976 5504 rapitur
1003 5443 1122 5489 ratis
1156 5455 1295 5489 amne
1319 5443 1484 5489 citato.

621 5905 891 5963 Pauor"
929 5899 1333 5961 LXXXVIII.

1966 4691 2084 4741 Nam
2102 4694 2329 4752 quotiens
2353 4690 2613 4738 monachus
2638 4693 2823 4751 peccati
2850 4697 2925 4738 est
2950 4690 3156 4741 vulnere
3174 4690 3320 4752 fixus,

1999 4756 2175 4803 Missus
2193 4754 2252 4801 ad
2278 4754 2532 4813 artificem,
2560 4766 2693 4801 certa
2712 4754 2901 4801 medela
2922 4755 3031 4803 l'utt.

1873 4852 1927 4896 et
1958 4841 2008 4893 in
2040 4853 2206 4892 carm.
2232 4836 2298 4890 de
2323 4836 2549 4903 Virgin.,
2583 4851 2701 4905 pag.
2730 4836 2859 4896 268.
2901 4837 2966 4888 ad
3012 4836 3161 4890 illum
3189 4852 3404 4892 versum
3434 4854 3447 4891 :

1877 4912 2030 4966 Hanc
2068 4908 2206 4963 Deus
2245 4910 2556 4978 ingrediens,
2601 4917 2731 4970 etc.,
2768 4907 2878 4973 pari
2918 4909 3077 4961 modo
3113 4908 3446 4963 construitur

1873 4996 2063 5038 Ol'allo.

1945 5050 2069 5107 685.
2104 5048 2260 5103 Pauli
2290 5049 2400 5101 sub.
2424 5045 2557 5101 Cod.
2595 5047 2789 5116 Vatic.,
2817 5050 2970 5115 parili
2997 5048 3111 5102 sub.

1949 5120 2075 5176 686.
2112 5121 2174 5191 Et
2204 5130 2331 5191 pete.
2366 5120 2487 5191 Msj,
2516 5130 2711 5184 expete.

1950 5192 2077 5246 695.
2113 5189 2395 5256 Fenestris.
2420 5189 2544 5252 Ms.,
2576 5194 2836 5256 lenestra'.

1949 5262 2075 5319 698.
2109 5260 2352 5314 Medicas.
2385 5255 2545 5313 Forte
2568 5255 2780 5312 medico.

1949 5334 2080 5387 Ibid.
2112 5331 2245 5385 Cod.
2273 5330 2414 5397 νειμ,
2450 5328 2510 5381 Ει
2533 5344 2750 5398 praesens
2776 5330 3000 5384 medicis.

1949 5403 2072 5459 G99.
2101 5403 2237 5457 Edit.
2267 5402 2425 5469 V’en.,
2456 5416 2664 5455 munere
2692 5402 2878 5459 sancti.

2942 5890 3015 5949 ίὲι
