4192 6540
720 418 822 473 427
1370 415 1687 471 ΥΕΝᾹΝΤΙΙ
1732 414 1886 468 “ON.
1929 411 2135 467 CLEM.
2182 407 2375 464 FOll'l'l

2339 407 2571 463 l'UN.\T|
2614 407 2894 463 OPERUll
2941 408 3119 462 PARS
3164 408 3206 462 Ι.
3890 400 3994 459 £28

728 571 4005 602 W

1942 706 2256 769 LIBELLI
2294 705 2788 768 SINGULARES

1208 944 1449 1067 DE
1540 933 2304 1068 EXCIDIO
2358 929 2386 965 ³
2466 932 3520 1064 THUBINGI/E

1928 1179 2007 1230 EX
2040 1179 2330 1232 PERSONA
2364 1179 2798 1234 RADEGUNDIS.

1989 1504 2284 1580 LIBER
2344 1503 2751 1580 PRIMUS.

2280 1685 2429 1701 —

745 1804 769 1880 [
796 1801 1113 1880 Fortunatus
1141 1791 1403 1880 excidium
1434 1786 1751 1880 Ῐιῖοξῇιςίτὶ
1766 1782 3144 1880 describitAenigmata}:nomine.Eadegundis.
3179 1784 4003 1880 jEAllanPlefE-edum

807 1853 1103 1942 patruelem
1132 1867 1405 1919 absentem
1428 1858 1998 1942 desiderinmnacvota
2026 1853 3095 1942 capt-imit,fratremﬂinjuste.occisutu
3116 1898 3132 1921 ,
3178 1856 3384 1942 eadem
3409 1856 3773 1942 Radegundes
3816 1861 4004 1942 lugens

805 1925 1093 2001 inducitur,
1118 1950 1180 1989 ac
1202 1945 1445 1999 suprema
1473 1929 1677 1982 funeris
1696 1926 1923 2001 ofﬁciaa
1950 1941 2008 1979 se
2033 1926 2205 2001 eidem
2242 1926 2461 2001 minime
2489 1925 2753 2001 impensa,
2782 1925 3164 2001 miserabiliter
3178 1941 3545 2001 conquerens.
3573 1928 3861 2001 Postremo
3876 1925 4004 1986 Ῑιωε

807 1994 1095 2080 alloquitur
1124 1994 1340 2068 libruin,
1364 2015 1429 2055 ac
1457 2009 1577 2053 orat
1609 2008 1665 2052 ut
1693 1997 1973 2053 exsulibus
2002 1994 2314 2066 propinquis
2344 1995 2572 2049 salutem
2596 1994 2759 2061 dicat,
2784 2008 2837 2050 et
2864 1996 2932 2050 ab
2958 1996 3146 2050 iisdem
3175 1996 3383 2051 litteras
3403 1999 3470 2052 ad
3490 2014 3553 2053 se
3580 1998 3829 2070 referaL]

871 2186 1122 2247 Conditio
1149 2180 1274 2238 belli
1306 2178 1494 2239 tristis,
1523 2188 1641 2230 sors
1662 2171 1840 2228 invida
1870 2185 2049 2227 rerum
2072 2210 2089 2235 ,
2336 2171 2387 2230 Α
2464 2168 2533 2223 35
2570 2167 2851 2237 consuluit
2879 2170 3093 2227 fortuna
3122 2173 3252 2227 viris
3269 2190 3405 2245 quas
3434 2178 3661 2246 perculit
3689 2179 3883 2244 hostis,

948 2279 1119 2346 Quam
1153 2271 1328 2326 subito
1355 2269 1502 2338 lapsu
1525 2279 1687 2337 regna
1713 2262 1942 2330 superba
1970 2259 2194 2315 cadunt!
2631 2259 2700 2316 Ut
2726 2261 2908 2315 ﬂerem
2938 2264 3147 2318 cunctis
3178 2279 3281 2318 una
3308 2276 3585 2333 superstes
3613 2282 3738 2337 ago.

879 2369 1013 2426 Aula
1044 2364 1278 2437 palatino
1306 2376 1426 2429 qua:
1455 2357 1637 2412 ﬂoruit
1666 2363 1820 2409 antea
1850 2355 2017 2416 cultu,
2553 2350 2663 2405 Nec
2690 2352 2866 2405 solum
2895 2354 3192 2408 exstinctos
3214 2370 3379 2425 cogor
3404 2357 3589 2426 lugere
3632 2360 3961 2428 propinquos
3986 2401 4003 2428 ο

945 2460 1093 2512 llauc
1119 2456 1275 2510 modo
1299 2467 1397 2521 pro
1420 2449 1650 2505 cameris
1678 2454 1869 2502 mmsta
1900 2444 2078 2498 favilla
2101 2443 2248 2513 tegit.
2628 2441 2734 2496 Hos
2757 2457 2989 2512 quoque,
3018 2459 3157 2513 quos
3185 2445 3381 2501 retinet
3407 2447 3517 2501 vita
3548 2448 3735 2515 beata,
3767 2449 3896 2516 ﬂeo,

805 2552 839 2605 5
874 2551 1003 2619 Qua:
1034 2554 1291 2602 steterant
1322 2543 1479 2611 longo
1506 2538 1674 2595 felicia
1699 2538 1935 2593 culmina
1962 2545 2169 2601 tractu,
2550 2536 2706 2605 Saepe
2734 2536 2835 2590 sub
2861 2539 3114 2594 humecto
3138 2540 3403 2595 collidens
3426 2542 3626 2595 lumina
3663 2543 3814 2599 vultu
3834 2583 3855 2609 ,

953 2641 1102 2694 Victa
1134 2637 1234 2691 sub
1265 2633 1464 2703 ingenti
1493 2630 1665 2695 clade,
1694 2640 1927 2685 cremata
1950 2626 2151 2696 jacent.
2450 2628 2520 2682 £0
2627 2629 2896 2683 Murmura
2924 2629 3104 2686 clausa
3134 2631 3328 2699 latent,
3357 2648 3459 2688 nec
3485 2650 3603 2690 mea
3624 2650 3757 2690 cura
3784 2646 3948 2692 tacet.

879 2735 1056 2792 Ardua
1084 2746 1202 2801 qua:
1234 2728 1394 2782 rutilo
1418 2725 1628 2779 nituere
1654 2731 1843 2778 ornata
1865 2720 2106 2786 metallo,
2554 2718 2750 2786 Specto
2778 2720 2950 2777 libens
2969 2723 3203 2791 aliquam
3227 2724 3274 2779 si
3302 2727 3517 2782 nuntiet
3540 2743 3673 2783 aura
3706 2730 3969 2799 saluum,

950 2823 1184 2879 Pallidus
1209 2816 1473 2887 oppressit
1500 2813 1697 2883 fulgida
1721 2819 1862 2867 tecta
1888 2811 2025 2865 cinis
2050 2827 2063 2862 :
2631 2810 2892 2879 Nullaque
2914 2812 2981 2867 de
3002 2818 3213 2869 cunctis
3237 2817 3425 2872 umbra
3455 2819 3691 2887 parentis
3718 2821 3912 2885 adest;

880 2917 1042 2973 Missa
1064 2912 1163 2968 snb
1185 2910 1361 2965 hostili
1390 2907 1616 2961 Domino
1643 2903 1853 2973 captiva
1887 2910 2145 2971 potestas,
2554 2900 2718 2969 Cujus
2752 2901 2803 2955 in
2830 2912 3052 2969 aspectu
3083 2913 3273 2960 tenero
3301 2907 3516 2961 solabar
3535 2924 3755 2978 amore,

756 2997 824 3052 1υ
957 3005 1161 3061 Decidit
1183 3004 1235 3056 in
1263 3000 1445 3055 humili
1471 2998 1637 3067 gloria
1668 2996 1811 3051 celsa
1839 2995 1958 3048 loco
2630 2991 2801 3046 Solvit
2821 2994 2888 3047 ah
2915 2995 3166 3063 amplexu
3186 3012 3308 3051 sors
3335 2998 3551 3053 inimica
3573 3015 3717 3055 meo.

875 3099 1039 3156 Staus
1069 3102 1227 3148 mtate
1258 3093 1392 3161 pari,
1422 3087 1741 3142 famulorum
1766 3086 1917 3139 turba
1952 3083 2212 3139 nitentum
2450 3081 2522 3135 45
2560 3082 2639 3136 An
2668 3083 2810 3151 quod
2838 3084 2889 3138 in
2919 3085 3130 3141 absenti
3173 3096 3225 3142 te
3253 3103 3355 3143 nec
3378 3104 3501 3144 mea
3519 3104 3650 3145 cura
3674 3094 3989 3158 remordet,

959 3188 1203 3242 Funereo
1231 3182 1415 3237 sordet
1444 3181 1679 3249 pulvere,
1712 3180 1890 3230 Iuncta
1920 3174 2027 3227 die.

2625 3176 2889 3232 Affectum
2920 3178 3133 3234 dulcem
3158 3180 3333 3235 cladis
3352 3196 3537 3236 amara
3565 3184 3722 3237 tulit?

875 3281 1029 3337 Clara
1058 3278 1420 3332 ministrorum
1450 3273 1642 3338 stipata
1671 3256 1869 3322 corona
1901 3273 2200 3334 potentum,
2558 3266 2653 3322 Vel
2680 3285 2891 3327 memor
2918 3284 3035 3328 esto
3060 3314 3077 3337 ,
3103 3273 3209 3329 tuis
3231 3275 3501 3344 primais
3522 3277 3700 3347 qualis
3718 3280 3791 3332 ab
3810 3282 4002 3345 annis,

956 3368 1111 3423 Nulla
1138 3364 1382 3433 sepulcra
1414 3370 1622 3425 tenens,
1650 3356 1834 3411 mortis
1868 3357 2067 3408 honore
2095 3361 2276 3415 caret,
2617 3360 3010 3427 ηηιιιιιεῐι-οάε,
3038 3362 3136 3417 tibi
3162 3375 3290 3419 ωηο
3310 3364 3663 3436 W945
3687 3382 3867 3424 eum.

770 3462 849 3518 i5
887 3460 1330 3516 Flammivomum
1352 3452 1590 3513 vincens,
1634 3448 1857 3502 rutilans
1881 3446 1936 3499 in
1960 3444 2202 3499 curribus
2224 3459 2316 3495 au-
2353 3522 2379 3525 _
2562 3454 2833 3521 omnium
2856 3468 2943 3507 me
2968 3454 3240 3522 quondm.
3265 3455 3444 3510 duum
3468 3456 3729 3511 dilexeris
3756 3459 3936 3514 iam:
3955 3500 3974 3525 ⁹

959 3554 1135 3607 Strata
1165 3550 1280 3602 solo
1302 3546 1518 3601 recubat
1547 3541 1815 3596 lacticolor
1842 3540 2024 3592 amati.
2152 3534 2314 3609 [rutn,
2350 3522 2394 3582 Β
2458 3544 2527 3599 50
2635 3545 2702 3599 Et
2731 3544 2799 3599 de
2827 3544 2998 3598 fratre
3029 3547 3216 3613 patris,
3238 3557 3363 3600 nate
3383 3546 3635 3615 benigne,
3661 3562 3882 3617 parens.

879 3644 996 3700 lleu
1017 3641 1157 3701 male
1181 3645 1433 3694 texerunt
1464 3636 1738 3688 inhumata
1762 3631 2021 3687 cadavera
2045 3643 2314 3699 campnm,
2560 3633 2711 3701 Quod
2728 3643 2875 3701 pater
2892 3635 3189 3688 exstinctus
3203 3644 3429 3703 poterat,
3451 3636 3595 3704 quod
3615 3639 4010 3704 materhaberi,

950 3736 1192 3802 Totaque
1220 3734 1299 3786 sic
1329 3744 1435 3784 uno
1457 3742 1588 3798 gens
1610 3728 1753 3795 jacet
1780 3725 1834 3779 in
1863 3723 2097 3778 tumulo!
2632 3722 2785 3788 Quod
2810 3737 2983 3785 soror,
3006 3732 3099 3775 ant
3123 3723 3313 3789 frater,
3336 3734 3395 3778 tu
3422 3725 3557 3779 mihi
3584 3726 3736 3782 solus
3754 3742 3900 3793 eras,

878 3828 993 3883 Non
1022 3826 1129 3895 jam
1160 3823 1273 3879 sola
1300 3835 1427 3877 suas
1459 3822 1713 3873 lamentet
1742 3814 1901 3885 Troja
1926 3814 2128 3881 ruinas,
2564 3814 2761 3871 Prensa
2799 3816 2903 3885 piis
2941 3816 3218 3880 manibus,
3264 3815 3400 3871 heu!
3430 3816 3627 3872 blanda
3674 3833 3777 3888 per
3814 3821 3999 3874 oscula

773 3922 847 3977 ﬁt)
956 3916 1178 3974 Pertulit
1202 3921 1259 3969 et
1284 3912 1460 3967 cmdes
1486 3920 1627 3964 terra
1649 3908 1879 3975 Toringa
1912 3919 2089 3974 pares.
3722 3908 3911 3981 [ροηδε

888 4010 1023 4064 Hinc
1050 4006 1253 4075 rapitur
1283 4003 1473 4057 laceris
1503 4008 1745 4053 matrona
1766 3998 2007 4051 revincta
2037 3994 2245 4063 capillis
2264 4028 2282 4060 ,
2632 3997 2901 4053 ﬂulcebar
2929 3996 3136 4065 placido
3162 3996 3401 4064 ﬂamine,
3434 4012 3622 4066 parva,
3645 4009 3763 4054 tuo.

952 4099 1060 4155 Nec
1084 4098 1281 4152 laribus
1306 4092 1477 4162 potuit
1506 4092 1686 4144 dicere
1714 4091 1867 4143 triste
1894 4088 2035 4141 vale.
2456 4088 2528 4145 55
2569 4088 2790 4143 Vixerat
2810 4088 2862 4142 in
2891 4090 3147 4156 spatium,
3167 4104 3279 4158 quo
3305 4100 3360 4144 te
3387 4092 3567 4145 minus
3585 4093 3721 4146 hora
3741 4095 3975 4150 referret
3992 4138 4012 4161 ,

885 4193 1076 4248 Oscula
1104 4203 1209 4243 non
1242 4186 1390 4240 licuit
1415 4183 1630 4250 captivo
1657 4179 1876 4248 inﬁgere
1905 4178 2065 4248 posti,
2633 4180 2835 4235 Satcula
2867 4194 3008 4232 nunc
3038 4180 3264 4248 fugiunt,
3301 4194 3401 4233 nec
3422 4190 3510 4233 tua
3542 4181 3704 4236 verba
3736 4182 3875 4238 fero.

969 4284 1076 4337 Nec
1102 4280 1202 4334 sibi
1228 4278 1422 4331 visuris
1450 4291 1541 4329 ora
1568 4274 1769 4327 referre
1800 4272 1950 4327 locis.
2568 4273 2854 4327 Volvebam
2885 4272 3100 4326 rabidas
3129 4272 3275 4326 illiso
3302 4274 3358 4326 in
3380 4284 3605 4342 pectore
3631 4289 3815 4343 curas,

778 4381 851 4435 25
888 4376 1039 4433 Nuda
1070 4370 1368 4427 maritalem
1395 4367 1619 4420 calcavit
1647 4365 1821 4432 planta
1850 4378 2119 4427 cruorem,
2634 4364 2744 4420 Ceu
2767 4378 3051 4419 revocarer
3071 4365 3173 4429 eis,
3203 4364 3441 4433 quando,
3465 4365 3551 4420 vel
3579 4368 3745 4435 unde,
3770 4370 4013 4432 parens?

965 4464 1267 4532 Blandaque
1294 4458 1578 4521 transibat,
1611 4455 1773 4509 fratre
1797 4454 2030 4524 jacente,
2054 4468 2228 4508 soror.
2564 4455 2618 4511 Si
2653 4466 2800 4524 pater
2826 4464 2917 4508 aut
2944 4455 3201 4524 genitrix,
3226 4463 3321 4507 aut
3343 4457 3488 4524 regia
3521 4471 3650 4510 cura
3685 4464 3910 4515 tenebat

885 4563 1088 4630 Raptus
1116 4558 1183 4610 ab
1212 4558 1461 4621 amplexu
1490 4548 1676 4605 matris
1703 4562 1834 4615 puer
1856 4562 1949 4601 ore
1975 4546 2255 4615 pependit,
2460 4546 2529 4599 60
2637 4544 2769 4599 Cum
2801 4543 3114 4610 festinabas,
3142 4542 3255 4611 jam
3285 4545 3420 4598 mihi
3451 4547 3639 4600 tardus
3668 4563 3812 4604 eras.

962 4652 1235 4707 Funereas
1259 4646 1468 4714 planctu
1493 4655 1590 4694 nec
1619 4638 1769 4692 dedit
1798 4637 1941 4691 ullus
1967 4652 2151 4705 aquas.
2566 4638 2696 4693 Sors
2717 4646 2833 4691 erat
2851 4636 3129 4701 indicium,
3153 4638 3278 4704 quia
3306 4648 3359 4690 te
3381 4637 3515 4706 cito,
3536 4638 3723 4703 cbare,
3742 4656 4016 4705 carerem,

888 4746 1046 4801 Sorte
1074 4737 1222 4809 gravi
1253 4739 1426 4789 minus
1453 4739 1557 4795 est,
1593 4728 1700 4781 nati
1736 4728 1814 4781 sic
1846 4730 2069 4795 perdere
2121 4727 2320 4793 vitam,
2639 4730 2973 4796 lmportnnns
3004 4742 3156 4779 amor
3179 4727 3353 4780 nescit
3374 4726 3578 4783 habere
3604 4728 3772 4783 diem.

783 4837 855 4893 50
967 4828 1203 4888 Perdidit
1228 4836 1283 4881 et
1310 4828 1570 4892 lacrymas
1597 4827 1767 4874 mater
1791 4817 1983 4871 anhela
2014 4818 2149 4886 pias.
2352 4867 2392 4893 ρ
2567 4820 2744 4874 Anxia
2770 4819 3023 4883 vexabar,
3054 4819 3100 4871 si
3130 4834 3237 4872 non
3257 4820 3452 4873 domus
3478 4835 3582 4873 una
3614 4823 3853 4889 tegebat.

890 4867 1402 4987 Nonom‘q'ularevqueo
1424 4867 1513 4967 Jvel
1545 4910 1768 4965 barbara
1795 4907 1989 4963 femina
2016 4867 2168 4974 fletu,
2351 4867 2395 4928 C
2643 4911 2958 4980 Egrediente
2985 4867 3127 4963 foras
3152 4920 3222 4974 te,
3252 4911 3527 4978 pavitasse
3555 4867 3736 4965 voss.

962 5017 1267 5077 Cunctaque
1288 5016 1555 5076 guttarum
1586 5010 1776 5056 mcesta
1807 5009 1993 5053 natare
2024 5001 2162 5053 lacu.
2471 5003 2542 5058 65
2581 5004 2686 5057 Vos
2726 5017 2937 5072 quoque
2966 5016 3109 5056 nunc
3148 5002 3369 5067 Oriens,
3412 5013 3470 5057 et
3506 5018 3609 5057 nos
3635 5006 3879 5060 Occasus
3919 5011 4021 5061 ob-

899 5109 1140 5173 Quisque
1167 5114 1293 5153 suos
1326 5096 1504 5149 habuit
1530 5092 1708 5157 ﬂetus,
1736 5106 1834 5155 ego
1858 5092 1973 5144 sola
1995 5130 2011 5156 ,
2036 5092 2131 5145 sed
2154 5092 2327 5145 omnis
3762 5097 4028 5170 [umbrat,

971 5196 1065 5249 Est
1090 5190 1219 5243 mihi
1252 5187 1467 5255 privata:
1498 5184 1738 5251 publicus
1768 5182 1856 5234 ille
1880 5182 2051 5235 dolor.
2648 5183 2727 5237 Me
2755 5183 2917 5237 maris
2945 5182 3163 5246 Oceani,
3195 5192 3248 5238 te
3276 5192 3422 5238 tenet
3449 5184 3593 5238 unda
3618 5185 3812 5241 Rubri.

888 5437 963 5490 De
992 5433 1189 5488 excidio
1219 5408 1534 5494 Thuringiw.
1563 5424 1615 5476 lu
1643 5422 1847 5475 Trexir.
1879 5422 2092 5494 utsLhtc
2120 5433 2232 5477 erat
2260 5433 2329 5476 tt-
2438 5431 2571 5485 Higt,
2595 5429 2811 5492 Franc.,
2834 5443 2885 5484 ο,
2918 5426 2970 5480 7.

755 5513 895 5565 lnlus
923 5528 934 5561 :
963 5506 1099 5559 Item
1126 5502 1269 5554 aliud
1301 5490 1476 5564 incipit
1515 5511 1651 5565 opus
1681 5496 1905 5565 ejusdem
1953 5490 2245 5565 Fortunati
2269 5496 2332 5547 de
2510 5502 2597 5555 15.
2629 5490 2891 5565 Curribus.
2919 5498 3046 5560 Ms.,
3072 5499 3316 5551 crinibus.

755 5563 955 5635 ealcidio
984 5574 1313 5640 Thuringiw;
1339 5563 1609 5641 exibruw.
1643 5564 1744 5641 Hic
1767 5565 1922 5631 liber,
1966 5563 2182 5641 sicutet
2213 5564 2326 5641 duo
2514 5574 2601 5626 16.
2634 5563 2826 5623 Amoti.
2852 5570 2974 5635 Ms.,
3003 5571 3231 5641 Amelys.

754 5633 1165 5717 consequentes,
1188 5633 1389 5717 desunt
1419 5638 1470 5717 i_n
1504 5634 1638 5715 Ven.
1662 5634 1815 5717 edi_t.,
1856 5645 1910 5688 et
1952 5650 2087 5717 mss.
2113 5633 2324 5717 'Codiuil-
2431 5714 2441 5717 _
2501 5641 2591 5695 55.
2628 5641 2833 5717 Vincerat
2858 5642 2911 5692 in
2934 5633 3171 5717 spatium
3200 5638 3341 5693 idem
3372 5638 3583 5717 videtur
3615 5641 4024 5717 signiﬁcareac

755 5704 1057 5778 bhs’vauc.
1091 5704 1257 5787 Porro
1279 5706 1583 5787 Thn_r_iugi§e
1610 5704 1970 5787 excidiummet
2001 5708 2325 5787 rcansatnob
2430 5714 2757 5787 horamque
2776 5704 3223 5787 llamalefredum
3246 5724 3355 5763 non
3388 5704 3693 5787 retulisset:
3713 5716 3883 5769 visain
3908 5714 4023 5767 tta-

756 5776 915 5859 qnam
958 5801 1110 5855 reges
1150 5785 1339 5859 Franc.
1370 5777 1738 5859 Theudoricus
1776 5785 1827 5829 et
1857 5776 2327 5859 gtlotariuf_:l‘h0-
2431 5776 2669 5855 degundi
2691 5784 2740 5838 in
2775 5784 2996 5851 longum
3022 5784 3250 5849 spatium
3279 5780 3524 5848 produci.

758 5846 923 5932 ringis
955 5846 1149 5917 bellum
1183 5854 1441 5914 intulere,
1474 5858 1651 5903 narrat
1678 5846 1838 5914 Greg.
1873 5846 2098 5912 Turon.,
2144 5848 2235 5903 lib.
2271 5863 2322 5902 nt
