4192 6550
183 411 294 466 129

333 524 474 579 lnter
501 535 768 580 amatores
799 534 1045 594 totusque
1072 524 1354 592 intcrjucet
1381 525 1548 589 orbis,

401 619 512 672 Hos
540 619 740 673 dirimit
775 620 1006 673 mundus
1037 633 1169 686 quos
1201 619 1315 672 loca
1347 619 1489 671 nulla
1525 619 1688 686 prius.

330 712 599 780 Quantum
631 719 770 766 terra
805 719 974 775 tenet,
1010 720 1213 763 tantum
1243 710 1421 762 divisit
1445 721 1737 775 amantem,

223 801 300 859 70
415 805 470 860 Si
502 805 623 873 plus
651 819 775 856 arva
801 803 995 868 forent,
1027 802 1231 870 longius
1261 801 1388 854 isset
1417 802 1533 854 iter.

332 895 461 949 Esto
489 904 687 958 tamen,
719 907 824 962 quo
853 901 972 945 vota
998 900 1181 945 tenent
1211 890 1429 943 meliora
1456 901 1738 958 parentum

405 984 740 1053 Prosperius,
769 998 929 1051 quam
960 993 1011 1036 te
1039 993 1184 1035 terra
1213 980 1446 1052 Toringa
1478 981 1646 1035 dedit.

335 1077 468 1133 Hinc
491 1079 668 1148 potius
694 1078 906 1131 crucior
936 1076 1124 1128 validis
1156 1084 1375 1128 onerata
1411 1077 1667 1144 querelis,

415 1171 522 1223 Cur
552 1169 678 1222 mihi
707 1168 848 1222 nulla
883 1168 953 1219 tui
989 1166 1200 1220 mittere
1232 1167 1381 1234 signa
1406 1167 1558 1219 velis.

223 1259 296 1315 75
334 1259 505 1327 Quem
528 1260 670 1324 volo,
699 1275 798 1313 nec
818 1259 996 1320 video,
1024 1257 1522 1325 pinxissetepistola
1552 1256 1777 1322 vultum,

403 1353 504 1406 Aut
528 1352 643 1405 loca
667 1365 822 1420 quem
856 1350 1156 1410 retrahunt,
1184 1347 1355 1402 ferret
1376 1349 1549 1416 imago
1575 1353 1778 1401 virum:

344 1440 458 1508 Qua
489 1443 683 1496 virtute
714 1455 897 1495 atatos
929 1454 1176 1507 repares,
1210 1455 1310 1507 qua
1363 1439 1518 1492 laude
1570 1440 1783 1505 propin-

1603 1545 1780 1600 μιυοε,

409 1628 521 1682 Ceu
556 1635 708 1695 patre
729 1627 796 1681 de
828 1626 1051 1692 pulchro
1076 1624 1204 1677 ludit
1236 1625 1286 1677 in
1323 1637 1416 1676 ore
1444 1623 1628 1675 rubor.

332 1718 528 1781 Crede,
556 1731 769 1786 parens,
790 1716 834 1768 si
861 1718 1018 1768 verba
1038 1714 1214 1778 dares,
1245 1729 1346 1764 non
1375 1721 1515 1763 totus
1539 1711 1779 1769 abesses,

219 1810 293 1867 80
405 1810 600 1878 Pagina
633 1808 795 1863 missa
826 1809 1069 1876 loquens,
1099 1821 1220 1872 pars
1249 1805 1379 1858 mihi
1413 1803 1594 1856 fratris
1621 1811 1738 1856 erat
1766 1819 1776 1854 :

331 1904 521 1960 Cuncti
556 1918 752 1956 munus
785 1902 1004 1966 habent,
1035 1915 1133 1969 ego
1165 1914 1263 1952 nec
1295 1898 1488 1951 solatia
1523 1896 1707 1957 fletus,

401 1994 446 2048 Ο
475 1992 713 2048 facinus!
745 2009 862 2063 qua:
893 1990 1020 2045 dum
1047 1991 1162 2055 plus
1190 2002 1333 2052 amo,
1368 2003 1522 2041 sumo
1545 1988 1740 2040 minus.

328 2083 386 2140 Si
408 2083 641 2138 famulos
671 2083 786 2150 alii,
819 2082 1033 2150 pietatis
1065 2081 1203 2149 lege,
1236 2078 1544 2146 requirunt;

408 2177 515 2231 Cur
543 2191 671 2244 ergo
701 2184 1014 2244 prmterear,
1046 2172 1308 2241 sanguine
1331 2171 1537 2239 juncta,
1562 2169 1783 2238 parens?

213 2268 291 2326 85
331 2268 398 2326 Ut
435 2268 665 2324 redimat
712 2266 974 2321 Dominus
1022 2279 1283 2330 vernam,
1334 2277 1478 2331 smpe
1524 2263 1637 2332 ipse
1688 2275 1783 2328 per

1598 2354 1782 2425 {Alpes

401 2457 625 2528 Frigora
651 2464 933 2511 concretas
955 2469 1074 2508 cum
1105 2455 1225 2506 nive
1252 2451 1449 2518 rumpit
1475 2464 1639 2520 aquas
1669 2467 1680 2501 :

329 2551 497 2607 Intrat
525 2553 575 2604 in
607 2549 807 2604 excisis
838 2547 1138 2601 umbratica
1173 2544 1396 2611 rupibus
1420 2552 1594 2606 antra,

408 2643 729 2699 Ferventem
760 2638 1009 2695 affectum
1035 2638 1177 2692 nulla
1204 2639 1382 2706 priora
1413 2643 1613 2690 velant.

330 2736 396 2790 Et
421 2735 558 2788 duce
584 2747 706 2788 cum
736 2731 901 2793 nullo,
935 2729 1070 2799 pede
1103 2728 1266 2795 nudo,
1293 2727 1460 2780 currit
1491 2734 1722 2790 amator,

211 2829 289 2884 90
405 2831 578 2895 Atque
606 2839 730 2879 suas
758 2821 987 2891 praedas,
1021 2821 1177 2874 hoste
1208 2829 1444 2884 vetante,
1473 2819 1631 2885 rapit.

327 2917 597 2972 Adversas
625 2914 768 2967 acies
793 2923 847 2967 et
878 2926 972 2980 per
1000 2924 1096 2962 sua
1127 2909 1347 2962 vulnera
1379 2913 1591 2971 transit,

396 3007 548 3074 Quod
580 3003 749 3074 cupit,
784 3013 837 3056 ut
884 3002 1101 3070 capiat,
1153 3015 1250 3054 nec
1278 3000 1376 3055 sibi
1412 3000 1580 3066 parcit
1605 3013 1776 3052 amor.

328 3102 430 3153 Ast
454 3113 555 3168 ego
585 3112 680 3164 pro
711 3096 860 3150 vobis
888 3101 1160 3148 momenta
1190 3107 1284 3160 per
1309 3092 1487 3145 omnia
1519 3090 1777 3159 pendens,

400 3189 503 3243 Vix
533 3204 677 3243 cura:
703 3186 898 3256 Spatio,
927 3195 1128 3250 mente,
1153 3187 1334 3253 quiete
1363 3183 1528 3237 fruor.

209 3286 288 3342 95
327 3287 460 3354 Quae
491 3286 605 3339 loca
641 3295 692 3339 te
719 3292 956 3348 teneant,
990 3282 1034 3334 si
1066 3281 1245 3333 sibilat
1286 3294 1435 3343 aura,
1467 3279 1704 3347 requiro,

400 3376 611 3439 Nubila,
646 3376 689 3428 si
735 3376 948 3436 volites,
985 3371 1212 3441 pendula
1264 3385 1424 3434 posco
1458 3371 1652 3424 locum.

326 3469 527 3524 Bellica
561 3466 820 3528 Persidis,
853 3479 946 3517 seu
981 3474 1032 3517 te
1073 3461 1361 3531 Byzantion
1393 3472 1560 3530 optat,

404 3563 600 3614 Ductor
639 3556 958 3612 Alexandra!
987 3569 1081 3608 seu
1115 3554 1255 3616 regis
1287 3553 1434 3606 urbis
1464 3552 1634 3618 Opes?

326 3657 410 3710 An
437 3653 825 3721 Hierosolyma:
853 3649 1059 3704 resides
1085 3649 1294 3701 vicinus
1317 3648 1382 3698 ab
1406 3661 1549 3711 arce,

169 3748 288 3804 100
399 3746 513 3814 Qua
545 3756 621 3799 est
638 3743 852 3812 genitus
877 3741 1144 3806 Christus,
1164 3739 1370 3809 virgine
1389 3751 1579 3799 matre,
1609 3730 1770 3791 Deus.

323 3839 553 3906 Quoque
584 3838 698 3889 haec
732 3835 1036 3887 nullatenus
1069 3832 1317 3899 patefecit
1346 3832 1516 3884 littera
1551 3830 1772 3892 chartis,

401 3927 470 3983 Ut
498 3928 674 3995 magis
708 3925 832 3977 hinc
861 3925 1074 3992 gravior
1117 3932 1358 3976 sumeret
1402 3937 1550 3973 arma
1598 3921 1771 3974 dolor.

322 4021 480 4088 Quod
510 4019 555 4074 si
587 4021 738 4089 signa
778 4018 907 4071 milii
935 4032 1034 4070 nec
1061 4029 1224 4078 terra,
1255 4030 1356 4069 nec
1384 4030 1599 4083 aequora
1649 4015 1773 4068 mit-

1583 4106 1768 4174 [ιιιιιῑν

395 4203 661 4271 Prospera
689 4201 770 4256 vel
803 4201 1022 4255 veniens
1065 4201 1244 4254 nuntia
1281 4197 1449 4254 ferret
1473 4198 1619 4251 avis!

167 4295 285 4353 105
324 4295 490 4352 Sacra
524 4293 836 4347 monasterii
869 4293 914 4346 si
964 4307 1049 4346 me
1082 4307 1186 4344 non
1231 4292 1461 4345 claustra
1494 4299 1769 4353 tenerent,

407 4387 698 4455 Improvisa
730 4386 972 4450 aderam,
995 4399 1097 4452 qua
1132 4384 1350 4451 regione
1376 4383 1552 4436 sedes.

324 4479 583 4547 Pretnpta
617 4493 711 4547 per
761 4476 1069 4544 undifragas
1105 4475 1415 4528 transissem
1449 4488 1624 4543 puppe
1651 4486 1775 4539 pro-

1547 4566 1729 4638 [ceilas
1759 4584 1767 4618 :

396 4663 636 4718 Flatibus
669 4662 930 4725 hibernis,
962 4661 1082 4715 laeta
1125 4675 1369 4714 moverer
1398 4661 1571 4726 aquis.

323 4758 540 4814 Fortior
567 4761 808 4812 eluctans
833 4757 1145 4824 pressissetn
1179 4754 1402 4822 pendula
1437 4753 1632 4807 fluctus
1655 4793 1669 4816 ,

398 4855 463 4908 Et
503 4853 644 4922 quod
695 4863 816 4905 n0ta
869 4850 1038 4915 timet,
1074 4863 1180 4901 non
1220 4850 1511 4916 pavitaSset
1558 4864 1767 4901 amans.

328 4948 594 5003 Imbribus
623 4946 830 4999 infestis
861 4945 902 4998 si
933 4945 1168 4998 solveret
1200 4944 1337 4996 unda
1379 4945 1652 5008 carinam,

392 5041 469 5095 Te
498 5052 759 5109 peterem,
788 5038 962 5092 tabula
993 5039 1195 5106 remige
1227 5047 1374 5090 vecta
1412 5039 1564 5090 mari.

321 5135 484 5189 Sorte
511 5131 610 5186 sub
637 5131 865 5184 infausta
898 5131 941 5184 si
975 5129 1240 5196 prendere
1282 5129 1421 5196 ligna
1469 5139 1697 5193 ve‘ater,

391 5227 472 5282 Ad
516 5237 566 5280 te
591 5227 884 5284 venissem.
917 5224 1080 5287 lassa,
1113 5230 1333 5278 natante
1361 5237 1540 5275 manu.

164 5325 282 5381 115
319 5320 455 5376 Cum
479 5328 530 5372 te
554 5317 902 5382 respicerem,
947 5313 1222 5383 peregrina
1249 5313 1444 5380 pericla
1471 5325 1770 5380 negassem,

393 5407 664 5464 Naufraaii
693 5405 866 5461 dulcis
895 5421 1017 5460 mox
1052 5405 1348 5460 relevasses
1376 5419 1510 5458 onus
1539 5422 1548 5455 :

163 4857 283 4913 110

243 5618 336 5671 71.
376 5613 682 5666 Parentum.
732 5611 1050 5663 Fortunatus
1098 5611 1323 5679 parentis
1377 5625 1572 5664 nomen
1625 5610 1771 5680 punit

164 5705 270 5757 pro
302 5687 686 5754 consanguineo
717 5691 771 5736 cl
798 5685 1082 5752 propinquo
1107 5723 1121 5748 ,
1150 5683 1286 5736 sicut
1313 5691 1365 5736 et
1406 5698 1564 5752 supra
1592 5724 1606 5747 ,
1640 5694 1690 5737 et
1722 5683 1773 5736 in

166 5776 372 5884 $62.21.
411 5827 485 5880 De
520 5825 682 5879 fratre
727 5823 1106 5891 Ratlngundis,
1159 5824 1341 5879 occiso
1410 5839 1438 5879 a
1499 5825 1770 5889 Clotario,

167 5901 372 5972 aliquid
404 5899 638 5952 diximus
669 5898 718 5950 in
751 5897 860 5950 Vita
890 5895 1131 5958 Fortun.,
1163 5914 1215 5950 n.
1248 5898 1338 5949 iii).

1199 412 1287 466 DE
1331 409 1604 466 EXCIDIO
1644 403 2071 465 TllURlNGl/E.
2125 438 2185 449 —
2228 409 2358 463 ΗΠ.
2402 409 2440 462 1.

1798 525 1847 580 Α

1817 1882 1862 1940 Β
1895 1900 1996 1954 ιδο

1804 4628 1854 4689 1)

3363 412 3479 470 430

2024 521 2126 575 Aut
2156 523 2283 576 milii
2326 521 2368 575 si
2392 521 2665 591 querulam
2693 536 2902 592 raperet
2933 541 3050 580 sors
3077 527 3257 583 ultima
3291 533 3473 600 ι·ἰι.ιιιι,

2110 615 2202 668 Vel
2239 614 2498 668 tumulum
2527 617 2771 672 manibus
2799 618 2959 674 ferret
2991 635 3149 676 arena
3183 625 3305 678 tuis.

2031 709 2169 765 Ante
2197 710 2314 778 pios
2345 711 2529 764 oculos
2561 714 2723 766 issem
2770 714 2884 769 sine
2923 715 3038 770 luce
3079 718 3330 787 cadaver,

2101 801 2169 857 Ut
2191 802 2271 854 vel
2298 803 2362 855 ad
2391 804 2671 873 exsequias
2693 820 3097 863 eomtuoverere
3127 827 3294 866 meas.

2031 895 2127 961 Qui
2158 896 2369 963 spernis
2396 896 2514 949 vita!
2546 894 2723 964 fletus,
2759 899 3082 969 lacrymatus
3113 906 3399 972 ltumares;

2105 989 2278 1056 Atque
2306 988 2466 1043 dares
2500 990 2763 1057 planctus,
2787 993 2873 1061 qui
2902 994 3060 1051 modo
3089 996 3248 1049 verba
3279 1014 3461 1066 negas.

2027 1080 2163 1146 Quid
2223 1081 2366 1150 fugio
2426 1097 2764 1148 memorare,
2818 1101 3049 1154 parens,
3111 1089 3235 1156 qttid
3283 1088 3474 1145 differo

3242 1180 3479 1252 [luctus?

2100 1262 2173 1318 De
2215 1281 2345 1320 nece
2378 1267 2452 1334 (α)
2481 1268 2718 1335 germani
2743 1284 2837 1322 cur
2866 1268 3020 1323 dolor
3048 1272 3152 1325 alta
3185 1274 3364 1329 taces?

1888 1355 1989 1409 1:25
2032 1356 2270 1423 Qualiter
2304 1359 2508 1413 insidiis
2542 1361 2727 1413 insons
2758 1363 3044 1417 cecidisset
3079 1366 3294 1434 iniquis,

2105 1449 2464 1515 Oppositaquc
2497 1453 2599 1502 fide
2626 1462 2807 1516 raptus
2839 1455 2904 1506 ab
2933 1456 3063 1508 urbe
3094 1456 3190 1510 fuit

2031 1538 2095 1591 Et
2118 1540 2243 1591 mihi
2273 1556 2435 1605 quare
2482 1557 2619 1593 novit
2649 1543 2802 1594 fletus
2847 1545 3131 1600 referendo
3178 1552 3420 1615 sepultos
3452 1599 3465 1616 ,

2104 1632 2276 1700 Atque
2324 1632 2517 1686 iterum
2568 1636 2737 1701 patiar
2820 1635 2945 1689 dum
2999 1637 3343 1707 lacrymando
3391 1647 3472 1697 lo-

3288 1735 3486 1806 lquor?

2035 1811 2133 1866 llle
2170 1822 2291 1868 tuos
2323 1816 2546 1884 cupiens
2576 1829 2825 1887 properat
2849 1820 2973 1876 dum
3005 1837 3230 1881 cernere
3263 1832 3473 1898 vultus,

2107 1903 2216 1958 Nec
2239 1920 2366 1959 suus
2390 1909 2655 1976 impletur,
2688 1912 2812 1964 dum
2841 1929 2990 1968 meus
3019 1920 3197 1973 obstat
3231 1937 3382 1978 amur

2033 1995 2166 2048 Dum
2193 1997 2323 2052 dare
2351 1999 2482 2052 dura
2518 2002 2647 2056 milii
2680 2004 2891 2072 refugit,
2925 2009 3024 2062 sibi
3061 2013 3280 2069 vulnera
3315 2016 3432 2070 ﬁxit
3461 2037 3471 2070 :

2107 2087 2332 2144 Lmdere
2361 2093 2448 2159 qui
2480 2093 2675 2157 timuit,
2701 2110 2860 2150 cau~a
2892 2099 3093 2155 doloris
3123 2105 3295 2161 adest.

2035 2177 2341 2235 Percntitur
2368 2183 2580 2249 juvenis
2615 2196 2796 2240 tenera
2829 2189 3078 2258 lanugine
3109 2193 3286 2251 barba:
3313 2238 3328 2262 ,

2107 2271 2314 2326 Absens
2348 2289 2446 2328 nec
2474 2274 2577 2327 vidi
2612 2275 2795 2330 funera
2821 2278 2934 2332 dira
2959 2296 3114 2336 soror

1925 2361 1992 2416 35
2038 2362 2151 2417 Νοη
2183 2365 2355 2419 solum
2381 2367 2563 2430 amisi,
2598 2370 2689 2422 sed
2725 2385 2822 2425 nec
2867 2373 2948 2439 pia
2981 2373 3180 2429 lumina
3211 2378 3402 2444 clausi,

2103 2453 2212 2509 Nec
2241 2457 2723 2522 superincumbens
2752 2461 2932 2515 ultima
2965 2465 3125 2519 verba
3153 2467 3274 2522 dedi

2037 2544 2250 2614 Frigida
2284 2562 2386 2601 non
2420 2549 2596 2604 calido
2629 2553 2848 2619 tepefeci
2877 2554 3079 2610 viscera
3114 2557 3275 2628 flettt,

2106 2635 2300 2689 Oscula
2336 2652 2433 2691 nec
2462 2654 2592 2692 caro
2633 2641 2700 2694 de
2745 2643 3010 2700 moriente
3049 2648 3164 2704 tuli.

2033 2728 2293 2794 Amplexu
2329 2731 2378 2782 in
2413 2732 2612 2785 misero
2666 2748 2840 2802 neque
2887 2738 3029 2794 collo
3074 2740 3266 2797 flebilis
3317 2746 3476 2815 hazsi,

2102 2820 2208 2872 Ant
2238 2818 2338 2873 fovi
2374 2819 2605 2876 infausto
2644 2838 2838 2892 corpus
2869 2828 3063 2882 anhela
3093 2831 3233 2885 sinu.

2035 2908 2146 2961 Vita
2175 2912 2484 2980 negabatur,
2513 2914 2633 2979 quia
2661 2914 2772 2982 jam
2797 2917 2862 2970 de
2892 2918 3056 2973 fratre
3086 2925 3258 2977 sorori

2100 2999 2598 3072 Debuitegrediens
2630 3007 2827 3062 halitus
2852 3025 2946 3064 ore
2978 3013 3112 3080 rapi.

2028 3091 2166 3158 Quid
2197 3091 2320 3158 feci,
2356 3104 2412 3147 ut
2439 3110 2541 3149 non
2570 3110 2752 3152 eomes
2775 3099 2906 3154 irem
2937 3101 3072 3156 lecta
3107 3104 3373 3174 pheretro,

2103 3184 2216 3238 Non
2251 3186 2375 3240 licet
2403 3188 2728 3243 exstinctum
2762 3192 2844 3245 vel
2884 3207 3034 3247 meus
3087 3206 3242 3252 ornet
3282 3203 3477 3256 amor?

1887 801 1988 855 19.0

1887 2816 1990 2870 140

1809 3256 1856 3319 C
1891 3275 1992 3330 115
2033 3277 2217 3345 Impia,
2245 3280 2428 3346 crede,
2462 3290 2564 3334 tua:
2595 3297 2680 3336 rea
2723 3298 2862 3349 sum,
2898 3300 3174 3357 germane,
3207 3293 3363 3347 saluti

2099 3373 2240 3426 Mors
2269 3373 2354 3427 cui
2397 3375 2508 3428 sola
2543 3375 2641 3441 fui,
2675 3377 2816 3429 nulla
2860 3381 3103 3447 sepulcra
3135 3383 3280 3440 dedi.

2027 3461 2158 3528 Qua:
2179 3465 2344 3518 semel
2375 3467 2582 3518 excessi
2618 3465 2867 3533 patriam,
2898 3469 2979 3523 bis
3011 3480 3164 3540 capta
3212 3478 3471 3542 remansi,

2101 3557 2274 3621 Atque
2308 3555 2500 3608 iterum
2537 3555 2738 3620 hostes,
2772 3559 2934 3614 fratre
2960 3561 3192 3630 jacente,
3227 3569 3338 3620 tuli.

2024 3642 2175 3698 Tunc
2220 3655 2390 3713 pater,
2438 3662 2499 3700 ac
2549 3649 2800 3716 genitrix,
2847 3661 2900 3705 et
2955 3657 3276 3722 avunculus,
3312 3670 3471 3730 atque

3149 3743 3436 3815 ['parcntes
3455 3791 3472 3815 ,

2092 3827 2237 3893 Quos
2293 3828 2475 3882 flerem
2510 3831 2560 3883 in
2613 3832 2841 3898 tumulo,
2875 3833 3110 3890 reddidit
3150 3838 3251 3893 iste
3281 3842 3461 3896 dolor.

2023 3917 2134 3972 Non
2159 3929 2308 3974 vacat
2337 3921 2440 3976 ulla
2463 3923 2578 3977 dies
2599 3925 2872 3995 lacrymis,
2901 3937 3021 3996 post
3053 3928 3237 3986 funera
3271 3935 3472 4005 tr.itr;s,

2096 4013 2195 4076 Qui
2226 4029 2407 4068 secum
2439 4016 2504 4069 ad
2548 4033 2734 4072 manes
2766 4020 2956 4088 gaudia
2988 4035 3168 4076 nostra
3215 4027 3357 4082 tulit.

2019 4103 2109 4161 Sic
2139 4108 2350 4161 misera:
2394 4108 2582 4163 dulces
2611 4126 3058 4170 consummavere
3092 4127 3355 4184 parentes,

2098 4196 2318 4266 Regius,
2353 4197 2452 4251 hac
2483 4201 2646 4266 serie,
2679 4206 2918 4274 sanguis,
2950 4208 3100 4274 origo
3126 4207 3245 4264 fttit.

1881 4287 1984 4344 155
2027 4289 2157 4353 Quae
2184 4291 2319 4343 mala
2356 4294 2691 4360 pertulerim,
2745 4311 2921 4366 neque
2973 4313 3205 4365 prmsens
3254 4317 3350 4356 ore
3386 4318 3466 4358 re-

3212 4389 3430 4461 [ferrem
3455 4441 3468 4460 ,

2097 4471 2201 4524 Nec
2231 4473 2308 4525 sic
2353 4473 2475 4526 lmsa
2514 4483 2601 4527 tuo
2631 4476 2878 4530 consuler
2909 4479 3160 4545 alioquin.

2024 4565 2256 4630 Quwso,
2319 4581 2510 4620 serene
2557 4584 2791 4635 patens,
2843 4572 2923 4625 vel
2974 4586 3115 4627 nunc
3145 4586 3229 4629 tua
3278 4581 3470 4648 pagina

2103 4748 2305 4819 Mitigel
2355 4760 2412 4803 nt
2444 4750 2675 4805 validam
2705 4752 2882 4823 lingua
2914 4753 3144 4826 benigna
3179 4667 3469 4813 lubitum,

2032 4838 2212 4908 Deque
2248 4842 2320 4894 tui
2355 4841 2544 4895 similis
2595 4844 2723 4897 mihi
2756 4859 2882 4899 cura
2908 4848 3184 4903 sororibus
3219 4849 3332 4904 haec
3363 4861 3464 4912 est,

2089 4933 2231 4998 Quas
2279 4937 2677 5002 consanguineo
2707 4939 2887 4993 cordis
2930 4952 3114 4994 amore
3156 4943 3296 5001 colo.

2021 5023 2128 5078 Nec
2153 5026 2272 5080 licet
2297 5027 2544 5093 amplecti
2577 5043 2698 5094 quae
2726 5027 3143 5098 diligomembra
3164 5041 3467 5098 parentum,

2093 5118 2320 5173 Osculor
2350 5128 2439 5172 aut
2482 5119 2638 5174 avide
2692 5123 2872 5176 lumen
2922 5131 3228 5192 utrumque,
3280 5139 3458 5181 soror.

2025 5211 2078 5267 Si
2109 5211 2257 5266 velut
2305 5222 2452 5280 Opto,
2488 5223 2733 5279 manent,
2770 5214 2980 5284 superis
3024 5229 3157 5286 rogo
3189 5215 3353 5270 redde
3381 5230 3469 5270 sa-

3270 5306 3467 5379 [ιυιθε.

2095 5400 2301 5464 Proque
2332 5409 2467 5449 nicts
2495 5396 2634 5448 votis
2666 5396 2847 5450 oscula
2894 5396 3056 5452 chara
3089 5396 3250 5452 feras.

1881 3823 1984 3879 150

1880 4933 1981 4987 160

1954 5611 2074 5666 154.
2123 5610 2431 5665 Parcutitur.
2471 5612 2591 5669 bls..
2616 5611 2920 5680 percutitur.

1954 5685 2079 5738 145.
2133 5682 2474 5750 Badegundis
2529 5685 2732 5737 caulem
2788 5683 2970 5737 fratris
3022 5685 3241 5740 ascribit
3294 5687 3466 5752 ettlpze

1882 5755 2184 5828 sum,quod
2227 5754 2472 5807 eumdem
2522 5769 2551 5806 e
2598 5755 3086 5828 Galliaexcedcre
3137 5756 3463 5828 cupientem,

1883 5827 2140 5881 charitate
2166 5840 2259 5876 sua
2305 5835 2358 5876 et
2388 5839 2572 5877 amore
2604 5827 2936 5880 retinuisset.

1962 5897 2081 5950 lliS.
2119 5895 2329 5965 Superis
2354 5909 2449 5964 pro
2481 5898 2834 5962 superstitibus
2865 5907 3062 5967 posuit.
