4192 6554
734 416 843 477 J55
1375 415 1694 471 VENANTII
1736 414 1895 470 lION.
1938 414 2141 471 CLI-2M.
2187 415 2583 473 FOIlTUNATI
2627 415 2909 472 OPERUM
2953 416 3132 473 PARS
3173 418 3213 471 l.
3902 413 4009 473 436

844 531 938 587 Sic
963 528 1301 599 Radcgnndis
1322 530 1487 597 enim,
1529 545 1624 597 per
1654 540 1891 598 tempora
1916 531 2093 597 longa,
2135 530 2311 597 requi-
2344 538 2393 595 Α
2600 532 2835 586 Fletibus
2863 540 3025 601 atque
3053 531 3187 587 meis
3210 531 3411 588 addere
3439 533 3617 588 flenda
3646 533 3752 589 tuis
3771 534 3799 589 ἒ

911 619 1129 674 Pertulit
1155 619 1269 673 haec
1298 620 1451 675 triste
1481 621 1666 690 pagina
1698 630 1876 675 nostra
1903 622 2069 691 loqui.
2165 620 2304 694 [ror,
2525 628 2826 682 Debueram
2858 629 3033 695 potius
3057 627 3316 681 solamina
3347 626 3487 682 ferre
3522 629 3756 695 parenti,

739 712 807 766 15
845 712 975 766 Tale
1004 711 1189 766 νθηίτο
1219 711 1308 765 diu
1336 718 1639 779 θιειιεειενί
1673 728 1866 768 munus
1892 716 2143 777 amantis.
2415 721 2484 774 50
2596 720 2700 773 Sed
2731 719 2887 771 dolor
2913 718 3162 771 exstincti
3193 721 3336 786 cogit
3365 734 3547 771 amara
3582 720 3749 787 loqui.

912 807 1215 876 Militiazque
1246 816 1348 860 tua:
1379 806 1515 862 hanc
1547 807 1678 861 mihi
1710 810 1876 861 mittis
1908 823 2087 875 opem.
2524 811 2638 865 Non
2668 810 2764 863 fuit
2792 825 2854 863 ex
2890 810 3046 877 longa
3075 813 3543 877 consanguinitate
3577 811 3937 880 propinquus,

836 898 1031 967 Dirigis
1060 901 1157 952 ista
1194 914 1314 953 meo
1344 915 1483 952 nunc
1505 900 1677 953 serica
1711 902 1907 954 vellera
1943 916 2128 968 penso,
2594 906 2698 957 Sed
2733 905 2800 956 de
2830 904 2991 955 fratre
3026 908 3191 969 patris
3224 906 3497 971 proximus
3530 906 3620 957 ille
3649 920 3863 972 parens.

913 990 979 1044 Ut
1008 989 1132 1042 dum
1158 989 1244 1041 fila
1278 990 1453 1054 traho,
1486 990 1628 1042 soler
1650 1004 1834 1042 amore
1862 991 2060 1043 soror?
2521 994 2650 1047 Nam
2687 996 2812 1045 mihi
2846 994 3152 1046 Bortharius
3183 1004 3354 1059 pater,
3386 994 3464 1046 illi
3495 994 3944 1054 Ermenefredus,

842 1078 1051 1135 Siccine
1081 1078 1350 1132 consuluit
1378 1078 1555 1131 valido
1588 1088 1672 1132 tua
1698 1094 1823 1132 cura
1854 1079 2051 1143 dolori,
2589 1086 2872 1140 Germanis
2902 1085 3089 1153 geniti,
3116 1100 3213 1137 nec
3241 1100 3429 1138 sumus
3465 1088 3598 1139 orbe
3624 1088 3761 1150 pari.

726 1171 797 1226 20
906 1172 1137 1239 Primus,
1166 1180 1221 1225 et
1248 1179 1522 1231 extremus
1552 1174 1768 1225 nuntius
1796 1174 1897 1226 ista
1924 1174 2121 1227 daret?
2412 1176 2481 1228 25
2524 1176 2617 1230 Vel
2653 1188 2734 1239 tu,
2788 1178 2954 1230 chare
2996 1190 3185 1243 nepos,
3220 1176 3486 1244 placidum
3516 1176 3649 1229 mibi
3682 1176 3850 1231 redde
3883 1190 4001 1245 pro«

836 1263 942 1317 Nos
965 1264 1119 1316 aliter
1142 1262 1395 1330 lacrymis
1428 1277 1521 1329 per
1546 1272 1667 1315 vota
1692 1264 2025 1319 cucurrimus
2050 1268 2264 1335 amplis,
3697 1269 4005 1340 [piuquum,

928 1356 1159 1409 Vencrat
1188 1359 1389 1423 optanti
1420 1354 1621 1419 dulcia,
1646 1370 1825 1409 amara
1858 1356 1995 1409 dari.
2594 1360 2657 1412 Et
2686 1359 2759 1412 sis
2790 1373 2975 1415 amore
3005 1374 3156 1413 meus
3179 1359 3317 1429 quod
3345 1359 3443 1413 fuit
3472 1358 3560 1413 ille
3590 1362 3741 1427 prius

842 1452 1010 1505 Anxia
1038 1449 1268 1503 sollicito
1295 1454 1582 1517 torquebar
1611 1462 1824 1518 pectora
1858 1467 2042 1515 sensu,
2522 1450 2709 1519 Meque
2737 1454 3065 1505 monasterio
3093 1451 3295 1514 missis,
3326 1467 3477 1519 rogo,
3511 1468 3656 1515 smpe
3685 1454 3948 1521 requiras,

906 1539 1074 1592 Tanta
1101 1538 1263 1592 animi
1299 1538 1464 1593 febris
1494 1539 1576 1593 his
1604 1552 1875 1594 recreatur
1900 1542 2072 1608 aquis.
2594 1549 2669 1596 Ac
2696 1554 2873 1594 vestro
2892 1542 3093 1595 auxilio
3118 1553 3223 1595 stet
3243 1542 3396 1596 locus
3429 1544 3529 1597 iste
3560 1542 3694 1601 Deo.

745 1632 771 1682 ε
783 1631 815 1685 5
856 1628 1088 1684 Cernere
1118 1645 1223 1683 non
1252 1632 1423 1684 merui
1458 1630 1659 1693 vivum,
1696 1646 1796 1685 nec
1825 1632 2015 1687 adesse
2038 1634 2306 1702 sepulcro,
2532 1632 2597 1687 Ut
2626 1648 2748 1684 cum
2780 1643 2951 1687 matre
2981 1634 3063 1700 pia
3093 1634 3243 1686 vobis
3271 1634 3386 1688 hanc
3414 1650 3541 1688 cura
3574 1635 3831 1700 perennis

904 1722 1152 1777 l’erferor
1177 1722 1420 1791 exequiis
1447 1723 1613 1777 altera
1643 1726 1834 1779 damna
1865 1726 1991 1778 tuis.
2412 1724 2483 1779 40
2596 1724 2771 1779 Possit
2797 1724 2849 1778 in
2882 1726 3143 1793 astrigero
3170 1725 3393 1779 reddere
3423 1726 3580 1794 digna
3615 1726 3814 1779 throno
3844 1765 3853 1780 .

834 1815 939 1869 Cur
970 1825 1149 1871 tamen
1179 1814 1293 1871 haec
1320 1829 1615 1870 memorem
1667 1814 1784 1881 tibi,
1838 1814 2000 1870 chare
2031 1815 2306 1871 Artarchis
2521 1815 2674 1870 Nunc
2704 1816 2831 1870 dum
2862 1817 3144 1871 distribuat
3176 1818 3328 1871 vobis
3351 1818 3595 1872 felicibus
3627 1830 3683 1870 ut
3711 1819 3781 1871 sit

2052 1904 2310 1978 [alumne,
2342 1891 2390 1954 Β
2600 1906 2847 1962 Praesens
2876 1909 3020 1976 larga
3045 1909 3211 1972 salus,
3252 1909 3339 1962 illa
3370 1907 3549 1964 futura
3579 1910 3767 1962 decus.

799 2109 885 2163 16.
916 2106 975 2182 In
999 2108 1137 2182 hbro
1160 2107 1229 2164 de
1256 2110 1465 2166 excidio
1495 2110 1806 2182 Thuringim
1833 2112 2029 2167 dicitur
2060 2109 2309 2165 Hamale-
2418 2111 2559 2168 Sane
2584 2111 2896 2182 Radegundi
2928 2110 3027 2178 ipsi
3066 2124 3165 2165 nec
3189 2110 3352 2165 frater
3380 2110 3543 2172 ullus,
3574 2122 3673 2163 nec
3701 2122 3858 2161 soror
3884 2118 4004 2161 erat

725 2182 937 2235 fredum
968 2180 1019 2232 in
1050 2181 1271 2234 Oriente
1301 2182 1511 2249 degisse
1539 2201 1549 2234 :
1604 2180 1744 2236 nunc
1787 2195 2002 2237 secutus
2032 2183 2145 2249 ipse
2174 2182 2311 2234 mili-
2418 2193 2710 2247 superstes.
2741 2180 2823 2236 'ut
2868 2198 2936 2235 ex
2995 2182 3079 2235 his
3132 2191 3377 2249 nepotem
3414 2182 3611 2234 habere
3644 2190 3845 2249 posset.
3903 2186 4012 2232 Aut

724 2252 856 2322 tiam
910 2248 1458 2322 natratur._7Videtur
1516 2255 1697 2322 itaque
1743 2256 1842 2307 sub
1896 2248 2310 2319 imperatoribus
2416 2254 2573 2321 igitur
2600 2255 2644 2307 is
2671 2253 3029 2308 llamalefredi
3064 2248 3367 2322 liliuserat,
3398 2262 3491 2322 aut
3513 2251 3718 2304 sororis
3745 2248 4013 2322 rjusaAc

723 2321 962 2380 Orientis
993 2320 1258 2391 stipendia
1287 2326 1569 2390 meruisse,
1612 2319 1672 2387 et
1697 2325 1925 2379 fortasse
1955 2327 2006 2377 in
2052 2322 2192 2377 bello
2217 2337 2309 2376 oc-
2414 2319 2459 2378 si
2490 2324 2841 2389 ltadegundes
2891 2324 2984 2377 lib.
3025 2340 3039 2376 ι
3072 2319 3459 2389 Hatnalefredi,
3513 2330 3569 2375 et
3591 2336 3839 2373 sororqu
3867 2319 4011 2387 ejus,

719 2394 993 2462 cubuisse.
1032 2461 1039 2462 ί
1072 2461 1076 2462 ί
2415 2410 2511 2462 pro
2542 2395 2819 2447 cbaritatis
2844 2393 3259 2459 necessitudine,
3316 2407 3422 2445 non
3456 2392 3669 2446 dubitat
3718 2392 3907 2445 dicere
3955 2404 4017 2444 se

796 2461 887 2516 55.
918 2464 997 2515 An
1030 2461 1115 2515 hic
1145 2462 1415 2525 Artaehis.
1459 2478 1554 2519 seu
1581 2466 1855 2520 Artarchis
1886 2466 2020 2519 lilius
2050 2462 2306 2516 dicendus
2410 2461 2683 2529 Sororem,
2715 2467 2799 2518 bis
2830 2463 3007 2517 verbis
3037 2481 3049 2516 :

720 2544 807 2615 est
829 2533 1028 2615 sororis
1050 2532 1445 2588 llatualel'redi?
1469 2552 1626 2603 quam
1647 2537 1782 2592 forte
1804 2538 2006 2591 iudicat
2023 2534 2306 2604 lladegnnv
2503 2554 2679 2615 neque
2702 2556 2770 2604 ιυξ
2795 2555 2965 2603 simili,
2985 2554 3103 2603 mihi
3126 2567 3241 2602 ειη-ι
3258 2554 3511 2604 sam-ibus
3534 2553 3641 2615 hac
3665 2558 3764 2612 est,

724 2605 822 2660 des
846 2604 937 2658 illo
962 2618 1118 2659 versu
1145 2619 1160 2659 :
2562 2604 2694 2675 (fuas
2714 2617 3086 2678 consanguineo
3103 2619 3263 2664 cordis
3288 2629 3456 2664 amore
3482 2614 3611 2666 colo.

852 2694 915 2743 Ut
938 2707 1048 2743 cum
1068 2699 1225 2743 matre
1250 2695 1328 2755 pia
1351 2697 1486 2746 vobis
1502 2698 1609 2748 haec
1631 2713 1746 2748 cura
1766 2700 2017 2760 perennis,
2032 2706 2126 2745 etc.
2503 2679 2507 2728 l

2503 2678 2605 2760 Nec
2632 2679 2749 2760 licet
2774 2679 3001 2760 amplecti
3023 2691 3133 2760 qua:
3152 2678 3305 2760 diligo
3329 2678 3549 2727 membra
3573 2684 3860 2737 parentum,

860 2740 883 2743 Ἰ
902 2740 914 2743 -
944 2740 1047 2743 ,τη
1153 2740 1184 2743 --
1204 2740 1220 2743 -
1250 2740 1328 2755 ν-
1361 2740 1485 2746 ηπ--
1503 2740 1608 2748 --η
1633 2740 1746 2748 -_-_
1766 2740 2017 2760 r-.-_--_-,
2037 2740 2126 2745 _--_

717 2777 814 2833 llla
842 2778 1009 2843 enim,
1042 2776 1269 2832 fortasse
1297 2778 1516 2835 fratrem
1549 2792 1733 2837 secuta
1767 2784 1817 2835 iu
1848 2784 2151 2844 Orientem,
2202 2779 2308 2834 ali-

2202 2779 2308 2834 am
2564 2744 2769 2789 Osculor
2786 2749 2871 2790 aut
2893 2740 3036 2789 avide
3057 2741 3222 2789 lumen
3245 2750 3532 2800 utrumque,
3558 2751 3719 2787 soror,

1842 2827 2309 2906 axgcam'h
2612 2827 2834 2919 eadem.
2862 2827 3052 2881 borum
3082 2827 3311 2895 alicujus
3358 2827 3528 2881 illium
3572 2833 3832 2893 nepotem
3852 2837 4011 2879 suum

717 2898 833 2977 ius.
852 2898 1144 2973 ’Ᾱῖιξιὶὶιιὶὶ
1166 2898 1206 2971 εἰ
1220 2898 1429 2976 (ς’τὲὲῶ
1450 2898 1980 2994 ἰίῦέῖἷεῖἷόὶίυῖὶῦὶι
2000 2898 2308 2989 ᾜίέἑτῖιῖεἶ.

1178 2898 1429 2976 ἰότἑῶ
1450 2898 1980 2994 ἰίῦέῖἷεῖἷόὶίυῖὶῦὶι
2000 2898 2308 2989 ᾜίέἑτῖιῖεἶ.
2413 2900 2579 2970 Potuit
2607 2898 2787 2953 dicere
2810 2898 2833 2953 ἲ

1894 3138 3989 3167 ..η-’Μ

1784 3155 1879 3166 ‹.-

1674 3358 2225 3465 LECTORI
2304 3357 3040 3463 BENEVOLO.

793 3767 928 3822 Cum
974 3767 1251 3836 superiore
1284 3766 1557 3821 volumine
1585 3782 1649 3824 ea
1691 3766 2257 3835 comprehenderimus
2293 3780 2411 3835 qua:
2448 3765 2735 3819 Browerus
2776 3766 3003 3820 antehac
3042 3763 3319 3829 ediderat,
3360 3776 3460 3816 nec
3500 3776 3609 3817 non
3652 3761 4023 3821 additamenta

724 3862 852 3927 alia,
895 3861 1344 3930 quemadmodum
1388 3860 1441 3915 in
1482 3860 1796 3929 praefatione
1836 3862 1956 3915 huic
1995 3868 2194 3914 nostra:
2234 3858 2471 3913 Editioni
2512 3858 2726 3927 prmﬁsa
2768 3857 3151 3922 indicavimus,
3196 3857 3299 3910 hoc
3338 3856 3514 3911 altero
3550 3855 3834 3911 volumine
3874 3857 4022 3912 Vitas

725 3960 1037 4008 sanctorum
1068 3951 1333 4019 complexi
1373 3964 1578 4014 sumus,
1619 3965 1750 4018 quas
1788 3966 1818 4005 a
1852 3949 2116 4013 Venantio
2155 3950 2449 4005 Fortunato
2478 3950 2813 4017 conscriptas
2846 3949 3011 4003 fuisse
3039 3957 3283 4013 constat,
3321 3963 3422 4004 nec
3457 3963 3565 4003 non
3604 3950 3873 4017 opuscula
3914 3952 4017 4007 alia

727 4060 849 4112 qua:
878 4043 994 4108 eius
1032 4043 1133 4096 sub
1173 4042 1387 4097 nomine
1414 4043 1883 4107 circumferuntur,
1917 4052 2009 4096 aut
2037 4043 2105 4097 ab
2132 4040 2404 4110 aliquibus
2440 4040 2616 4097 eidem
2656 4040 2910 4094 attributa
2951 4039 3113 4094 fuisse
3142 4039 3470 4107 accepimus.
3514 4040 3589 4093 Ita
3620 4056 3743 4110 qua
3770 4041 4023 4108 dispersa

727 4138 922 4193 alienis
951 4138 1003 4190 in
1030 4138 1303 4204 operibus.
1335 4147 1389 4190 et
1414 4137 1629 4205 scriptis
1657 4135 2093 4201 continebantur,
2133 4136 2387 4204 opuscula
2418 4133 2693 4188 Fortunati
2714 4176 2728 4199 ,
2773 4132 3019 4193 universa
3060 4132 3257 4197 habes,
3298 4135 3471 4187 amice
3502 4132 3694 4197 lector,
3738 4134 3844 4188 hoc
3874 4136 4025 4189 volu-

735 4228 881 4282 mine
913 4227 1321 4293 comprehensa.
1355 4228 1433 4281 Ac
1460 4241 1525 4279 nc
1555 4226 1660 4282 ulla
1692 4226 1743 4279 iu
1774 4240 1833 4280 re
1865 4236 1916 4279 te
1946 4225 2245 4281 fraudatqu
2280 4226 2470 4279 merito
2497 4224 2752 4293 conqueri
2783 4236 2993 4292 posses,
3018 4222 3315 4291 adjecimus
3343 4224 3428 4276 vel
3455 4224 3808 4279 doctissimas
3842 4235 4022 4289 notas,

732 4321 926 4389 quibus
953 4318 1025 4372 cl.
1060 4316 1307 4374 Editores
1335 4318 1524 4373 eadem
1557 4318 1912 4383 illustrarunt,
1947 4317 2145 4384 aliquid
2176 4318 2335 4371 etiam
2367 4318 2452 4371 vel
2479 4317 2546 4371 de
2575 4327 2761 4371 nostro
2791 4316 3027 4384 ingenio,
3060 4314 3150 4369 ubi
3178 4325 3540 4383 opportunum
3572 4315 3888 4381 videbatur,
3922 4318 4022 4371 ad-

726 4415 955 4477 dentes;
988 4426 1091 4482 qua
1124 4414 1174 4466 in
1206 4427 1265 4465 re
1295 4413 1525 4481 aliquam
1554 4428 1585 4466 a
1617 4422 1668 4466 te
1695 4415 1921 4481 gratiam
1952 4413 2182 4466 inituros
2215 4426 2318 4468 non
2347 4411 2673 4467 dubitamus.
2708 4412 2986 4467 Postremo
3014 4419 3196 4464 autem
3228 4410 3347 4464 loco
3374 4424 3595 4465 carmen
3616 4452 3633 4472 .
3666 4413 3737 4468 de
3772 4411 4023 4464 Phcuice

730 4505 1069 4574 inscriptum,
1112 4518 1208 4573 pro
1235 4504 1449 4558 cumulo
1489 4505 1612 4559 huic
1650 4504 1904 4557 volumini
1946 4503 2237 4572 adjecimus
2267 4504 2345 4572 (α)
2378 4521 2390 4556 :
2422 4504 2562 4573 quod
2594 4519 2712 4559 cum
2755 4505 2927 4573 primo
2970 4505 3383 4572 praetermittere
3412 4502 3874 4568 decrevissemus,
3921 4519 4027 4557 nou

724 4600 902 4655 solum
935 4598 1075 4668 quod
1108 4598 1263 4666 vulgo
1292 4596 1567 4651 Lactantio
1599 4596 1883 4662 tribuatur,
1925 4596 2020 4650 sed
2063 4599 2221 4650 etiam
2256 4596 2395 4665 quod
2439 4597 2598 4652 nullis
2638 4597 2691 4650 in
2733 4610 2863 4653 mss.
2906 4595 3075 4650 Codd.
3121 4606 3307 4651 nostro
3350 4594 3648 4652 Fortunato
3688 4598 4025 4669 assignatum

729 4691 1052 4759 reperiatur,
1083 4691 1210 4759 quin
1243 4699 1296 4743 et
1324 4689 1445 4760 styli
1473 4690 1847 4743 dissimilitudo
1874 4704 1903 4743 a
1940 4690 2077 4759 stylo
2112 4688 2414 4751 Fortunati,
2445 4698 2501 4741 ut
2532 4699 2711 4745 nostra
2742 4689 2845 4743 fert
2873 4689 3173 4752 sententia,
3200 4688 3251 4742 id
3280 4686 3593 4743 dissuadeat
3613 4731 3627 4751 ,
3661 4690 3743 4743 uti
3778 4706 3881 4744 suo
3913 4691 4029 4745 loco

728 4783 1128 4847 adnotabimus,
1156 4793 1337 4851 postea
1366 4783 1535 4838 visum
1566 4792 1650 4834 est
1684 4783 1763 4836 vel
1796 4781 1932 4834 istud
1967 4781 2089 4835 huic
2118 4779 2377 4836 volumini
2409 4795 2651 4844 assuere,
2685 4779 2825 4850 quod
2856 4779 3132 4843 nonnulli,
3164 4779 3289 4832 licet
3315 4779 3503 4849 pauci,
3530 4780 3687 4846 illud,
3724 4792 3785 4835 ut
3822 4795 4030 4852 auctori

734 4893 859 4943 suo,
892 4875 1162 4929 ascribant
1202 4874 1301 4943 ipsi
1334 4872 1651 4939 Fortunato,
1682 4887 1790 4942 quo
1832 4873 1963 4928 nihil
1994 4886 2181 4926 eorum
2210 4885 2330 4940 qua:
2370 4872 2470 4926 Sub
2510 4872 2626 4939 ejus
2665 4871 2883 4926 nomine
2911 4871 3276 4935 venditantur,
3306 4881 3359 4924 et
3388 4874 3453 4924 ad
3495 4874 3751 4928 notitiam
3786 4888 4027 4931 nostrain

735 4982 1125 5039 pervenerunt,
1158 4966 1375 5021 deesset
1404 4966 1530 5021 hu;c
1572 4965 1838 5028 Editioni.
1868 4981 2028 5034 quam
2059 4976 2307 5034 optamus
2336 4966 2739 5021 cumulatiorem
2772 4964 3263 5035 accuratioremque
3291 4980 3402 5034 pra:
3432 4970 3648 5023 ceteris
3667 5015 3681 5038 ,
3716 4989 3843 5043 qua:
3873 4987 4027 5030 ante-

737 5065 837 5119 hac
865 5061 1137 5114 adornata:
1170 5056 1401 5121 fuerunt,
1434 5056 1696 5125 publicant
1730 5058 1780 5110 in
1813 5056 1981 5111 lucem
2015 5056 2247 5125 prodire.
2280 5059 2488 5113 Interea
2522 5057 2655 5123 vale,
2690 5058 2921 5129 benigne
2951 5057 3140 5113 lector.

811 5246 888 5315 (α)
932 5246 1044 5301 lloc
1073 5257 1288 5299 carmen
1317 5240 1561 5299 dedimus
1594 5241 1731 5296 inter
1764 5239 2022 5296 Lactantii
2054 5253 2238 5309 Opera.
2275 5240 2589 5309 l’atrologia:
2621 5252 2751 5294 tom.
2786 5239 2897 5296 Vll.
2931 5239 3030 5298 Hic
3056 5255 3187 5312 ergo
3214 5240 3555 5303 omittemus.
