4192 6550
161 427 250 481 437
944 429 1004 482 IN
1051 428 1259 483 VITAM
1294 431 1350 486 S.
1387 428 1639 483 lllLAllll
1673 427 2136 483 l'lCTAV’lENSlS
2178 430 2634 486 l’lleMUNITIO.
3345 435 3450 490 ιδε

160 577 1122 604 m

1019 579 3446 614 mm

161 707 1106 821 VENANTII
1180 709 1622 822 non.
1703 706 2239 826 annm.
2340 685 3446 828 ron-runtur:

1414 919 1854 972 I’ICTAVIENSIS
1892 921 2180 972 EPISCOPI

645 1090 1686 1305 OPERUM
1843 1088 2893 1300 OMNIUM

1282 1422 1615 1525 PARS
1700 1420 2288 1524 SECUNDA

1112 1634 1342 1693 \‘l'l‘AS
1387 1631 1867 1692 SANCTORUM
1915 1632 2512 1694 COMPLEC'I‘ENS.

560 1847 638 1905 IN
690 1845 943 1906 νιΤΑΜ
995 1846 1058 1905 S.‘
1108 1846 1412 1906 HILARII
1461 1845 1811 1907 EPISCUPI
1865 1845 2414 1906 PlC'l‘AVlENSIS
2461 1846 3014 1906 Plh-EMONI'I‘IO.

209 2013 383 2068 Sancti
427 2011 622 2066 Hilarii
673 2013 811 2076 Vita,
853 2031 1007 2079 quam
1047 2014 1130 2066 hic
1176 2017 1492 2086 subjicimus,
1539 2015 1669 2067 duos
1711 2018 1760 2068 in
1806 2016 1960 2069 libros
2003 2015 2163 2067 divisa
2205 2022 2295 2070 est.
2342 2029 2560 2077 quorum
2604 2024 2815 2078 uterque
2857 2012 3150 2078 l’ascertlio,
3194 2030 3436 2085 episcoprr

147 2103 464 2172 Pictaviensi,
499 2120 821 2179 nuncupatus
851 2110 1280 2175 deprehenditur;
1311 2123 1356 2165 et
1389 2125 1596 2178 uterque
1629 2111 1934 2179 Fortunati,
1972 2114 2196 2165 auctoris
2227 2115 2334 2175 sui,
2369 2130 2547 2166 nomen
2583 2130 2685 2178 pra:
2714 2131 2763 2165 sc
2797 2115 2912 2177 fert.
2960 2112 3222 2165 lacertam
3261 2121 3431 2164 tamen

157 2202 353 2253 rtaxime
382 2219 450 2255 an
482 2219 614 2254 unus
644 2213 692 2254 et
719 2205 852 2254 idem
885 2200 1203 2255 Fortunatus
1236 2206 1389 2272 fuerit
1419 2207 1505 2270 qui
1536 2207 1801 2272 scripserit
1854 2217 2147 2275 utrumque,
2181 2224 2246 2258 an
2278 2223 2405 2259 unus
2435 2219 2477 2259 et
2509 2209 2644 2260 idem
2679 2206 2981 2260 Pascertlitts
3013 2209 3076 2260 sit
3106 2209 3188 2260 cui
3229 2218 3434 2273 uterque

138 2296 447 2348 inscribitur.
496 2294 633 2347 Nam
664 2307 718 2347 ut
759 2307 962 2348 monent
993 2297 1059 2349 cl.
1097 2295 1332 2350 Editores
1364 2296 1586 2365 Operam
1627 2299 1789 2350 sancti
1837 2296 2030 2350 Hilarii
2078 2297 2222 2349 Edit.
2269 2297 2441 2350 Paris.
2476 2314 2560 2350 an.
2603 2299 2760 2362 1693,
2806 2297 2980 2367 plures
3018 2309 3130 2368 post
3175 2297 3435 2351 Hilarium

138 2386 371 2456 leguntur
404 2391 565 2458 fuisse
599 2387 905 2452 Fortunati,
940 2398 985 2441 et
1017 2388 1122 2441 duo
1159 2390 1277 2441 item
1313 2387 1570 2442 Pascentii
1604 2390 1848 2443 Ecclesia:
1883 2391 2189 2444 I’ictaviensi
2221 2391 2429 2444 diversis
2463 2393 2774 2458 temporibus
2810 2395 3076 2462 pra'fuisse
3117 2412 3180 2448 ea:
3219 2395 3436 2448 Annali-

135 2481 218 2532 bus
249 2479 570 2549 Aquitanicis
599 2481 999 2548 comperiantur.
1050 2477 1193 2533 Unus
1236 2479 1429 2532 scilicet
1464 2480 1751 2547 discipulus
1792 2480 1950 2548 ipsius
1983 2479 2210 2544 Hilarii,
2243 2491 2289 2534 et
2326 2483 2438 2550 ejus
2471 2482 2522 2533 in
2562 2483 2678 2534 sede
2727 2481 3032 2537 Pictaviensi
3063 2501 3345 2546 successor,
3380 2495 3431 2538 et

134 2573 276 2634 alter,
309 2572 401 2639 qui
434 2570 791 2640 Radegundt’s,
821 2580 972 2637 atque
1004 2573 1131 2622 adeo
1164 2568 1442 2623 Fortunati
1482 2572 1644 2624 nostri
1669 2580 1817 2624 celate
1848 2570 2092 2624 Ecclesia:
2121 2572 2198 2624 illi
2231 2573 2460 2641 prtefuit.
2501 2571 2735 2626 Primum
2767 2587 2995 2643 spectare
3026 2577 3224 2630 videtur
3253 2588 3434 2630 auctor

135 2662 246 2713 libri
279 2663 435 2729 primi
475 2663 604 2716 Vita:
632 2665 796 2717 sancti
831 2663 1046 2726 Hilarii,
1079 2679 1196 2716 cum
1223 2665 1294 2716 ait
1324 2664 1392 2715 ad
1418 2663 1568 2716 illam
1594 2664 2009 2718 conscribendam
2039 2675 2223 2736 rogatu
2253 2664 2512 2719 Pascentii
2542 2669 2831 2730 accessisse,
2856 2687 3004 2739 quem
3033 2672 3430 2727 sacratissituus

148 2752 379 2810 Hilarius
409 2756 477 2810 ab
506 2758 634 2826 ipsis
663 2757 965 2821 cunabulis,
995 2766 1119 2810 ante
1147 2771 1241 2810 sua
1273 2755 1516 2825 vestigia,
1549 2757 1698 2825 quasi
1733 2756 2055 2823 peculiarem
2091 2757 2387 2822 venitnam,
2421 2756 2759 2810 fatuiliariter
2786 2761 3058 2814 enutrivit.
3095 2763 3426 2830 Quanquam,

133 2856 185 2898 ut
214 2847 501 2903 doctissimi
533 2850 766 2902 monachi
794 2865 820 2901 e
849 2865 1026 2919 congr.
1058 2849 1222 2901 sancti
1254 2847 1458 2913 Mauri,
1503 2857 1611 2915 post
1641 2846 1980 2910 Bollandunt,
2012 2847 2302 2914 advertunt,
2336 2848 2427 2899 illa
2456 2847 2604 2900 verba
2639 2849 2930 2916 significare
2959 2865 3171 2920 possunt
3203 2852 3428 2908 Pascen-

132 2944 252 2996 tium
279 2964 312 2998 a
343 2962 506 3008 puero
544 2947 594 2999 in
622 2947 757 2999 clero
791 2944 1115 3010 Pictaviensi,
1157 2945 1306 3014 quasi
1345 2944 1434 2998 sub
1474 2947 1704 3000 custodia
1742 2961 1803 2997 ac
1843 2944 2003 2997 tutela
2043 2946 2207 2998 sancti
2246 2944 2441 2997 Hilarii
2479 2945 2754 2997 educatum
2797 2946 2969 3013 fuisse.
3015 2947 3086 2997 Ac
3124 2962 3249 3000 sane
3288 2947 3428 2997 haud

131 3037 366 3091 dissimili
399 3041 552 3092 modo
591 3039 699 3108 ipse
735 3037 1020 3093 Venantius
1053 3034 1375 3090 Fortunatus
1407 3039 1631 3106 appellat
1661 3034 1966 3106 Gregorium
2002 3035 2342 3090 Turonensem
2375 3034 2577 3089 Iuliani
2615 3038 2853 3106 martyris
2884 3034 3150 3088 alumnum
3172 3076 3187 3102 ,
3217 3035 3355 3102 quod
3388 3038 3429 3088 is

127 3146 272 3183 suum
296 3132 453 3185 illum
481 3143 753 3200 patronum
786 3132 1101 3201 adaptassel,
1132 3138 1188 3181 ut
1215 3128 1407 3180 indicat
1437 3129 1517 3180 hic
1547 3143 1721 3181 versus
1747 3143 1858 3182 car.
1889 3128 1922 3180 5
1953 3127 2042 3180 lib.
2077 3143 2107 3180 v
2137 3144 2150 3179 :

1181 3240 1390 3290 Martino
1413 3242 1660 3303 proprium
1686 3243 1834 3292 mittit
1856 3240 2081 3289 Julianus
2099 3240 2364 3291 alumnum.

193 3352 430 3404 Alterum
459 3358 555 3415 est,
585 3350 723 3412 quod
751 3350 978 3402 indicare
1001 3350 1196 3402 videtur
1229 3347 1586 3412 Pasceatium,
1623 3351 1685 3403 de
1711 3365 1811 3419 quo
1837 3351 1889 3402 in
1929 3349 2024 3402 hoc
2054 3349 2219 3416 primo
2257 3348 2389 3404 libro
2417 3366 2584 3404 sermo
2627 3360 2732 3415 est,
2774 3351 3021 3404 seniorem
3064 3349 3213 3403 illam
3243 3350 3425 3419 fuisse,

124 3443 256 3510 quod
297 3452 482 3495 auctor
525 3441 740 3513 hujusce
780 3441 928 3504 libri,
974 3457 1027 3494 se
1068 3440 1313 3507 profiteris
1355 3445 1517 3495 sancti
1563 3441 1756 3495 Hilarii
1804 3443 2106 3512 eloquentiae
2144 3453 2193 3496 et
2232 3443 2496 3498 virtutibus
2535 3445 2881 3510 exprimendis
2921 3445 3203 3514 imparem,
3247 3446 3418 3500 dicat:

125 3534 470 3602 Aiquabilius
503 3533 689 3588 luisset
716 3534 830 3587 haec
869 3536 1025 3588 beato
1055 3537 1340 3589 Ambrosio
1370 3536 1436 3587 tle
1468 3534 1633 3589 fratre
1661 3537 1948 3590 scribenda
1977 3537 2261 3598 mandare;
2305 3552 2419 3606 qute
2457 3538 2605 3591 verba
2644 3538 2875 3591 indicare
2911 3541 3145 3591 videntur
3189 3536 3422 3592 Pascen—

123 3626 250 3678 tium
276 3627 433 3679 illum
463 3640 688 3679 coaet'um
718 3627 834 3679 divo
875 3627 1144 3681 Ambrosio
1189 3628 1361 3694 fuisse.
1414 3627 1602 3680 Verum
1644 3629 1815 3696 ecquis
1857 3646 1956 3681 non
1997 3631 2165 3682 videat
2204 3629 2260 3682 id
2299 3632 2444 3683 illum
2482 3641 2702 3701 aptasse,
2748 3641 2801 3683 ut
2856 3629 2969 3684 Vita
3009 3634 3172 3685 sancti
3221 3632 3414 3686 Hilarii

125 3717 395 3770 Ambrosio
425 3717 619 3786 potius,
647 3717 737 3785 qui
765 3718 894 3786 ejus,
925 3719 1206 3786 episcopali
1232 3720 1442 3783 honore,
1476 3719 1638 3788 frater
1667 3722 1857 3785 fuerat,
1887 3730 1931 3772 et
1957 3721 2010 3772 in
2040 3721 2279 3772 doctrina
2315 3719 2556 3774 Ecclesia:
2585 3723 2828 3776 adversus
2854 3723 3072 3777 Arianos
3101 3725 3422 3793 defendenda

120 3814 307 3877 socius,
338 3812 717 3866 conscribenda
745 3813 1052 3866 demandata
1084 3813 1282 3883 fuisset,
1310 3830 1463 3880 quam
1494 3830 1524 3866 a
1551 3829 1605 3866 se
1637 3816 1958 3879 scriberetur,
1987 3817 2073 3885 qui
2101 3825 2146 3868 et
2178 3817 2288 3868 loco
2319 3826 2365 3868 et
2391 3816 2680 3882 eloquentia
2708 3817 2771 3870 ab
2814 3817 2905 3871 illo
2942 3819 3275 3874 vincebatur?
3305 3821 3425 3884 jam

118 3918 256 3970 ure,
287 3904 437 3973 quod
465 3903 630 3974 magis
658 3904 928 3968 conﬁrmat
955 3919 1084 3968 rem,
1118 3904 1344 3970 loquitur
1372 3906 1434 3956 de
1462 3906 1726 3959 Ambrosio
1764 3917 2006 3973 tanquam
2045 3908 2108 3959 de
2143 3907 2234 3960 illo
2273 3909 2362 3976 qui
2401 3911 2572 3962 adhuc
2610 3921 2861 3979 superstes
2903 3927 3006 3964 non
3044 3921 3191 3966 esset.
3236 3911 3426 3968 Subdit

116 3998 304 4066 quippe
335 4005 456 4066 post
486 3997 651 4049 allata
675 3996 845 4061 verba,
881 3995 968 4051 cui
997 3997 1157 4049 verba
1197 3999 1479 4050 ﬂorebant.
1526 3997 1792 4050 Hilarium
1832 4015 1949 4052 vero
1990 3998 2416 4065 antiquissimum
2459 4011 2728 4068 pastorem
2767 4003 3025 4071 appellat;
3073 4004 3209 4072 quod
3252 4005 3426 4074 utique

117 4107 216 4142 non
242 4091 488 4155 dixisset,
521 4092 566 4143 si
593 4099 740 4143 (etate
765 4089 1022 4143 Ambrosii
1047 4091 1275 4143 vixisset.
1311 4089 1601 4154 Postremo,
1635 4100 1690 4142 ut
1710 4092 2131 4144 animadvertunt
2164 4094 2367 4160 praefati
2403 4090 2542 4145 Edd.
2581 4094 2806 4163 Operam
2845 4095 3012 4149 sancti
3042 4094 3273 4160 Hilarii,
3316 4099 3424 4151 viro

114 4185 369 4239 Ambrosii
401 4185 723 4254 syncltrono,
757 4185 895 4237 haud
923 4185 1151 4238 licuisset
1179 4187 1239 4239 de
1265 4185 1493 4239 concilio
1527 4186 1849 4246 Biterrensi,
1891 4186 2050 4253 deque
2089 4186 2372 4241 Saturnino
2411 4188 2731 4253 Arelatensi,
2763 4201 2854 4243 aut
2891 4193 2956 4245 de
2993 4208 3266 4261 congressu
3305 4212 3422 4249 cum

115 4276 390 4341 Auxentio,
421 4277 478 4328 in
515 4273 634 4328 Vita
663 4275 829 4329 sancti
861 4274 1075 4338 Hilarii,
1107 4276 1310 4328 verbum
1345 4276 1541 4328 nullum
1571 4279 1757 4345 facere.
1803 4275 2073 4330 Postremo
2100 4280 2262 4347 stylus
2292 4280 2403 4346 ipse
2431 4290 2673 4348 quartum
2711 4285 2955 4336 strculum
2995 4301 3098 4339 non
3137 4287 3293 4354 sapit.
3338 4289 3422 4344 Ea:

111 4371 290 4436 quibus
323 4371 602 4434 conﬁcitur
640 4368 972 4423 Pascentium
997 4372 1076 4422 cui
1111 4369 1235 4422 liber
1267 4369 1359 4422 iste
1400 4370 1692 4422 inscribitur
1730 4370 1872 4422 haud
1913 4386 2020 4424 esse
2063 4371 2209 4425 illum
2248 4373 2334 4442 qui
2373 4374 2568 4428 uiuebat
2612 4374 2807 4431 Hilarii
2852 4387 3021 4443 celate,
3064 4389 3216 4449 atque
3252 4381 3424 4450 ipsum

113 4467 305 4532 excepit
333 4467 392 4519 in
427 4465 739 4519 Pictaviensi
767 4466 906 4519 sede.

183 4576 419 4642 Quinam
449 4587 621 4631 autem
654 4575 974 4631 Fortunatus
1006 4578 1317 4630 elucubrarit
1350 4579 1530 4631 librum
1559 4580 1781 4648 priurum
1819 4579 1950 4633 Vita:
1985 4582 2148 4634 sancti
2177 4582 2395 4648 Hilarii,
2427 4601 2529 4638 non
2561 4603 2664 4639 una
2695 4596 2769 4642 est
2797 4589 3025 4641 omnium
3057 4590 3252 4658 opinio.
3286 4593 3422 4648 Sunt

107 4671 239 4722 enim
266 4673 379 4739 qui,
415 4688 538 4724 cum
570 4673 697 4726 liber
736 4673 830 4726 iste
871 4670 1141 4725 Pascentio
1183 4684 1506 4742 nuncupatus
1549 4680 1611 4726 sit
1650 4677 1736 4742 qui
1780 4675 2065 4729 Ecclesium
2112 4677 2476 4733 Pictaviensem
2516 4682 2742 4752 regebat,
2785 4699 2884 4752 quo
2926 4693 3155 4754 tempore
3189 4690 3323 4742 venit
3365 4691 3421 4743 in

110 4758 336 4814 Calliam
381 4762 667 4816 Venanlius
698 4760 1042 4830 Fortunatus,
1074 4765 1191 4816 huic
1217 4763 1365 4817 illum
1393 4767 1694 4830 attribuant,
1726 4769 2010 4837 praesertim
2035 4787 2150 4823 cum
2182 4775 2292 4843 ejus
2333 4776 2657 4828 notissimum
2704 4780 2928 4830 studium
2969 4797 3029 4833 ac
3074 4782 3218 4835 labar
3260 4784 3324 4836 sit
3368 4785 3422 4838 in

119 4851 240 4906 Vitis
269 4867 578 4908 sanctorum
619 4857 1016 4910 conscribendis.
1063 4855 1349 4910 Bal/aridus
1394 4859 1523 4912 hunc
1563 4861 1784 4927 primunt
1826 4861 2011 4914 librum
2049 4861 2180 4916 Vita:
2218 4867 2381 4917 sancti
2421 4865 2617 4920 Hilarii
2662 4869 2792 4937 forte
2835 4887 2866 4922 ιι
2909 4867 3084 4938 Juslo,
3117 4872 3414 4941 presbytero

110 4956 151 4995 et
179 4945 449 5014 discipulo
476 4948 643 4998 sancti
676 4946 889 5011 Hilarii,
919 4948 983 4999 de
1011 4965 1110 5015 quo
1139 4946 1396 5002 Buchetus
1429 4950 1618 5011 passim
1649 4951 1698 5002 in
1729 4950 2012 5004 Annalibus
2042 4955 2390 5021 Aquitanicis,
2435 4967 2482 5010 et
2526 4959 2803 5013 Saussaius
2842 4961 2924 5014 die
2966 4959 3036 5014 25
3078 4961 3412 5028 Novembris,

106 5038 478 5106 conscriptum,
515 5049 622 5091 tum
652 5057 683 5091 a
719 5038 968 5091 Venantio
997 5037 1286 5092 Fortunato
1316 5057 1377 5092 ex
1404 5039 1622 5093 are/rivis
1661 5040 1852 5095 Pictav.
1896 5041 2139 5098 Ecclesia:
2167 5059 2367 5100 erutum
2404 5059 2454 5102 et
2495 5052 2807 5120 perpolitum
2847 5055 3092 5120 apinatur
3133 5057 3308 5126 fuisse.
3353 5058 3418 5110 At

108 5133 378 5199 scriptores
412 5133 556 5186 Hist.
591 5131 713 5183 Litt.
746 5131 964 5198 Franc.,
1001 5142 1037 5184 t.
1070 5130 1120 5195 Ι,
1152 5151 1270 5200 pag.
1303 5136 1426 5198 50!,
1465 5133 1603 5188 Edit.
1641 5134 1838 5200 Paris.,
1883 5135 2082 5190 malunt
2113 5153 2144 5189 α
2177 5136 2463 5192 Fortunato
2498 5139 2835 5207 Vercellensi,
2878 5143 3087 5199 incerlte
3129 5148 3262 5202 sedis
3306 5149 3416 5218 epio

106 5240 256 5292 scopo
285 5227 399 5292 (qui
427 5227 482 5278 in
513 5224 739 5278 Galliam
769 5241 821 5276 se
849 5236 1125 5294 receperat,
1155 5238 1305 5291 atque
1346 5228 1452 5279 illic
1477 5230 1668 5280 vivebat
1689 5271 1700 5288 ,
1746 5239 2012 5297 antequam
2051 5229 2102 5282 in
2144 5228 2370 5283 Galliam
2408 5232 2668 5285 adveniret
2717 5232 2998 5288 Venantius
3039 5234 3414 5308 Fortunatus),

108 5334 215 5372 eum
247 5337 360 5372 esse
391 5319 768 5385 conscriptum,
801 5334 832 5368 α
860 5334 957 5384 quo
987 5329 1033 5371 et
1072 5317 1240 5370 l'itom
1271 5321 1432 5371 sancti
1464 5318 1724 5384 Marcelli,
1757 5321 1981 5388 episcopi
2011 5318 2345 5382 Parisiensis,
2375 5320 2729 5376 elucubratam
2773 5324 2932 5392 fuisse
2971 5329 3288 5381 contendunt
3311 5373 3325 5397 ,
3369 5339 3416 5383 et

107 5411 306 5472 quidem
338 5411 395 5462 id
427 5411 657 5462 sentiunt
687 5409 970 5460 rationibus
997 5409 1209 5462 adducti
1240 5408 1380 5462 haud
1408 5413 1803 5465 contemnendis.
1841 5409 2000 5477 Nam,
2044 5413 2093 5465 l"
2124 5428 2222 5465 non
2251 5430 2382 5466 unus
2415 5425 2568 5485 atque
2597 5417 2728 5470 idem
2760 5418 2922 5488 stylus
2953 5421 3104 5484 primi
3127 5431 3174 5474 et
3199 5422 3414 5476 alterius

108 5501 218 5552 libri
249 5510 497 5572 apparet,
535 5508 588 5552 ut
622 5509 758 5565 patet
787 5502 1089 5568 conferenti.
1135 5500 1193 5554 ‘2”
1224 5503 1275 5553 in
1313 5500 1445 5554 Vitae
1469 5505 1682 5574 prologo
1711 5507 1886 5557 eadem
1913 5505 2076 5558 elucet
2106 5506 2179 5558 vis
2206 5507 2418 5577 ingenii,
2453 5524 2512 5560 ac
2538 5510 2794 5576 studium,
2832 5522 2878 5563 et
2905 5512 3103 5567 indoles
3132 5516 3410 5582 scribendi,

106 5609 215 5660 qtae
243 5595 295 5644 in
324 5593 545 5660 prologo
590 5590 717 5642 Vitae
746 5593 908 5644 sancti
942 5591 1176 5645 Marcelli
1221 5595 1539 5663 (quanquam
1584 5597 1709 5666 quid
1757 5599 1819 5648 de
1865 5607 2071 5653 auctore
2111 5598 2243 5651 Vita:
2279 5601 2443 5654 sancti
2477 5601 2714 5657 Marcelli
2750 5608 3074 5659 sentiendum
3101 5608 3166 5660 sit
3211 5608 3409 5663 dicetur

108 5700 196 5735 suo
219 5684 379 5750 loco).
416 5683 477 5736 5°
513 5681 628 5734 Etsi
661 5683 858 5751 utrique
888 5683 1006 5735 libri
1032 5683 1090 5736 de
1120 5685 1298 5736 eodem
1327 5697 1504 5739 sancto
1529 5685 1737 5741 Hilario
1767 5689 1867 5741 sint
1896 5693 2189 5761 conscripti,
2217 5691 2347 5746 alter
2377 5703 2543 5748 tamen
2573 5696 2636 5748 ab
2664 5699 2827 5752 altero
2853 5701 2998 5752 nullo
3023 5700 3175 5753 modo
3199 5703 3406 5771 pandet,

110 5796 192 5829 uer
223 5781 274 5830 in
305 5779 568 5832 alterutro
613 5779 668 5832 fit
703 5778 913 5830 alterius
956 5779 1174 5839 mentio;
1214 5779 1351 5846 quod
1394 5796 1494 5832 non
1535 5791 1682 5848 esset,
1726 5785 1768 5839 si
1797 5783 1857 5836 ab
1889 5786 2064 5839 eodem
2105 5783 2232 5840 Ven.
2267 5785 2556 5842 Fortunato
2598 5791 2798 5860 utrique
2837 5792 3114 5845 elucubrati
3153 5792 3407 5862 fuissent;

111 5872 224 5937 quia
257 5871 360 5923 into
394 5882 439 5922 ct
474 5869 689 5938 sejttrtcti
721 5870 769 5920 itt
804 5870 1100 5939 quibusdam
1133 5869 1257 5924 .llss.
1295 5873 1631 5939 reperiuntur,
