4192 6574
741 419 846 476 459
1456 429 1778 485 VENANTH
1823 432 1980 487 HON.
2025 434 2230 489 CLEM.
2276 437 2287 491 Ι

2394 437 2670 493 ιΤυΝᾹῚΊ
2715 439 2994 494 OPI'IHL'M
3039 440 3216 496 PARS
3260 442 3319 501 ll.
3925 447 4008 503 HO

813 537 876 587 At
904 552 1075 592 omnes
1116 541 1218 606 fere
1268 542 1571 594 conveniunt
1617 543 1700 594 lib.
1753 558 1787 597 ιι
1836 543 1964 598 Vita:
2009 548 2171 599 sancti
2217 547 2407 601 Hilarii
2467 550 2709 604 Venantio
2773 549 3063 606 Fortunato
3103 571 3208 606 csse
3246 555 3642 622 ascribendum,
3704 573 3827 610 cum
3865 559 4007 621 sapiat

740 624 888 687 plane
925 629 1116 696 stylum
1162 627 1436 683 Fortunati
1479 632 1730 702 ejusdem,
1774 651 1803 684 α
1843 651 1942 701 quo
1988 635 2218 702 proinde,
2263 652 2352 688 ceu
2396 640 2799 693 additamentum
2841 645 3126 710 quoddam,
3171 646 3423 711 superiori
3469 646 3621 710 libro,
3663 663 3694 698 a
3749 644 4008 700 Fortunato

745 716 1058 775 l'crcellensi
1093 724 1407 791 elucubrato,
1448 735 1646 778 censent
1676 729 1976 790 adiunctum
2013 729 2190 797 fuisse.
2233 728 2374 782 Illud
2407 748 2561 783 unum
2603 733 2798 785 videtur
2839 734 3058 798 obstare,
3099 739 3238 805 quod
3277 735 3430 808 (ἔνθα.
3471 737 3786 792 Turonensis
3824 740 4008 809 hujusce

736 815 944 866 secundi
975 815 1124 878 libri,
1156 833 1183 869 e
1212 833 1311 885 quo
1347 816 1601 870 .lliracula
1630 821 1793 873 sancti
1827 819 2018 872 Hilarii
2049 822 2382 890 deprompsit,
2412 826 2712 877 mentionem
2742 826 2899 895 faciat
2927 825 3014 880 iib.
3050 831 3113 881 de
3138 827 3222 880 Gl.
3259 829 3427 898 conf.,
3461 846 3578 899 cap.
3615 830 3702 893 1'2,
3737 832 3801 884 iis
3823 832 4008 885 verbis:

737 904 971 960 Vittu'es
1003 909 1196 962 multas
1228 909 1294 963 ad
1326 911 1494 963 sancti
1529 911 1710 965 Hilarii
1745 913 2049 979 sepulcrum
2081 924 2326 967 ostensus
2357 916 2594 981 narrari,
2627 933 2761 984 quas
2795 918 2928 972 liber
2955 917 3085 972 Vita:
3115 920 3232 985 ejus
3263 924 3504 976 continet
3535 942 3545 975 :
3580 940 3671 976 nec
3698 927 3819 978 citet
3848 942 4007 980 nomen

741 994 984 1052 Venantii
1033 1002 1256 1055 auctoris
1297 1003 1404 1065 sui,
1441 1019 1552 1055 cum
1585 1012 1750 1056 tamen
1793 1006 2014 1055 solemne
2044 1003 2202 1056 eidem
2237 1006 2418 1071 fuerit,
2452 1008 2846 1073 quotiescunque
2889 1009 3239 1063 (lucubratum
3269 1012 3331 1064 ab
3375 1014 3485 1080 ipso
3515 1014 3712 1079 aliquid
3755 1027 4007 1083 promrret,

734 1093 916 1147 "omen
946 1110 1143 1162 quoque
1173 1095 1470 1148 amicissimi
1490 1095 1586 1148 sibi
1614 1095 1708 1147 viri
1738 1095 2006 1147 adnotare.
2035 1094 2211 1161 Supra
2233 1098 2376 1150 citati
2403 1100 2673 1165 scriptores
2697 1099 2834 1153 Hist.
2869 1101 2969 1154 litt.
2998 1099 3189 1156 Franc.
3223 1105 3276 1157 id
3303 1106 3496 1172 [artant
3521 1118 3724 1177 putant,
3748 1114 3883 1180 quod
3905 1129 4007 1164 cum

730 1187 860 1240 alter
888 1191 1305 1259 circumferretur
1335 1189 1460 1243 liber
1487 1192 1549 1243 de
1589 1189 1699 1242 l'ita
1742 1192 1904 1242 sancti
1941 1189 2167 1255 Hilarii,
2214 1209 2275 1244 ne
2308 1192 2466 1263 hujus
2506 1211 2704 1264 quoque
2740 1206 2918 1249 auctor
2964 1195 3248 1253 Venantius
3287 1202 3599 1266 crederetur,
3638 1208 3874 1257 consulto
3911 1210 4008 1276 ejus

728 1297 933 1343 nomen,
971 1282 1047 1334 rel
1075 1297 1188 1333 cum
1219 1297 1383 1333 sermo
1413 1290 1536 1334 esset
1569 1285 1630 1332 de
1659 1280 1822 1332 altero
1854 1282 1981 1332 libro
2019 1279 2146 1334 Vita:
2183 1285 2342 1336 sancti
2384 1283 2612 1346 Hilarii,
2646 1303 2792 1354 quem
2833 1290 2938 1356 ipse
2983 1285 3263 1344 Venantius
3298 1291 3717 1358 elucubraverat,
3751 1300 4002 1353 conticuit.

741 1374 926 1427 Verum
957 1378 1204 1444 quidquid
1233 1381 1339 1447 ejus
1371 1378 1440 1428 rei
1470 1392 1624 1428 causa
1656 1376 1829 1444 fuerit,
1861 1388 1992 1427 certe
2019 1377 2274 1428 silenmun
2305 1377 2459 1449 (ireg.
2496 1378 2684 1432 Turon.
2722 1384 2848 1434 tanti
2881 1400 2979 1436 non
3007 1395 3109 1447 est,
3157 1397 3209 1437 ut
3240 1402 3298 1438 eo
3339 1388 3478 1440 ducti
3519 1389 3707 1440 librum
3739 1395 4004 1446 secundum

736 1465 866 1520 Vita:
910 1469 1072 1521 suncti
1119 1467 1336 1530 Hilarii,
1385 1469 1611 1520 omnium
1660 1469 1762 1532 fere
1806 1465 2066 1533 suffragiis
2127 1465 2377 1521 l'enantio
2422 1472 2742 1536 attributum,
2795 1489 2852 1525 ac
2903 1476 3020 1544 styli
3068 1476 3310 1543 aﬂinitete
3357 1483 3802 1550 commendatum,
3853 1487 4006 1538 eidem

725 1565 1093 1633 abjntliccmns,
1155 1565 1443 1631 prteserlim
1467 1580 1581 1615 cum
1610 1573 1654 1627 et
1685 1574 1863 1616 ca'tera
1893 1564 2062 1614 omnia
2092 1579 2204 1615 crm
2241 1567 2547 1633 temporibus
2581 1565 2856 1622 Fortunati
2888 1575 3210 1625 concordent.
3235 1576 3402 1641 Adde,
3436 1579 3576 1644 quod
3616 1578 3749 1632 idem
3799 1581 4001 1652 (ἓτερον.

724 1651 943 1713 'l‘uron.,
975 1651 1063 1704 lib.
1100 1666 1132 1704 tt
1173 1650 1304 1703 Hist.
1341 1649 1528 1703 Franc.
1566 1669 1706 1703 num.
1742 1651 1833 1716 3],
1869 1663 2106 1703 memoret
2137 1653 2323 1705 librum
2363 1654 2492 1706 Vitta
2532 1658 2693 1709 sancti
2727 1657 2968 1728 Remigii,
3012 1677 3280 1729 suppresso
3321 1667 3548 1721 auctoris
3587 1674 3826 1736 nomine,
3869 1649 4005 1742 quem

725 1756 893 1798 tamen
927 1741 1201 1795 Fortunati
1233 1761 1359 1806 esse,
1394 1760 1504 1794 cum
1540 1741 1870 1794 Bollanclistis
1901 1757 2178 1806 censemus,
2215 1753 2266 1793 ut
2299 1746 2584 1797 ostendetur
2617 1747 2666 1797 in
2699 1748 2826 1798 notis
2856 1750 2922 1798 all
2963 1747 3133 1802 Vitam
3162 1755 3326 1806 saneti
3361 1753 3600 1825 Remigii.

793 1837 818 1889 l
830 1849 998 1889 nterea
1027 1847 1294 1900 utrumque
1325 1835 1507 1887 librum
1539 1833 1666 1887 l’itte
1687 1835 1846 1887 sancti
1875 1832 2066 1885 Hilarii
2094 1832 2177 1885 hic
2204 1834 2524 1904 subjicimus.
2558 1845 2610 1886 ut
2641 1846 2840 1888 exstant
2871 1839 3070 1904 prie/ixi
3098 1841 3347 1908 Operibus
3378 1847 3608 1908 eiusdem
3631 1851 3794 1902 sancti
3823 1850 4004 1906 Hilarii

727 1930 896 1984 puris.
927 1928 990 1980 ιϐ
1017 1926 1083 1992 ,δ’
1109 1943 1222 1978 cum
1256 1928 1386 1978 notis
1414 1927 1476 1978 ct.
1519 1923 1784 1976 Editsrum
1806 1941 1821 1987 ;
1845 1925 2018 1991 quibus
2043 1926 2085 1979 si
2113 1923 2231 1992 quid
2250 1927 2321 1975 rel
2348 1941 2378 1976 a
2408 1925 2549 1976 nobis
2579 1927 2828 1977 interdum
2859 1927 3152 1982 addendum
3187 1932 3455 1997 videbitur,
3487 1935 3631 1988 Edit.
3657 1941 4002 2003 subjiciemus.

731 2095 4003 2128 ww

1376 2228 1808 2356 VITA
1898 2226 2554 2355 SANCTI
2623 2228 3334 2360 'HILARII

1848 2457 2196 2521 EPISCOPI
2240 2458 2789 2524 PICTAVIENSIS
2820 2470 2841 2499 ⁸

1075 2713 1396 2784 LIBER
1471 2711 1910 2782 PRIMUS-

1274 2837 1300 2876 δ
1336 2836 1724 2893 PREFATIO.

789 3028 997 3079 Domno
1033 3033 1245 3086 saneto,
1297 3032 1350 3076 et
1386 3023 1589 3076 meritis
1620 3021 1930 3076 beatissimo
1966 3019 2097 3088 patri
2134 3030 2154 3057 ε
2196 3019 2299 3073 i-‘a-

717 3109 923 3152 scentto
953 3110 1119 3162 papa),
1151 3095 1489 3147 Fortunatus.

789 3191 840 3243 l.
860 3186 1114 3254 Religiosi
1138 3185 1367 3253 peetoris
1382 3185 1556 3239 studio
1575 3184 1896 3237 sollicitante
1911 3180 2294 3246 commonitus,

715 3296 850 3350 papa
902 3279 1233 3343 beatissime,
1265 3278 1460 3330 divinis
1494 3276 1545 3329 in
1591 3276 1796 3328 actibus
1827 3289 1947 3328 cum
1995 3275 2131 3327 sacri
2164 3288 2295 3326 con~

711 3372 1017 3424 versatione
1059 3367 1314 3438 propositi
1357 3367 1554 3436 jugiter
1583 3365 1897 3420 exercitaris
1946 3364 2204 3427 intentus,
2242 3372 2296 3418 et

715 3463 945 3518 intendis
976 3461 1375 3526 exercitandus,
1423 3472 1479 3514 ut
1527 3459 1682 3514 facile
1726 3460 1795 3512 sit
1842 3458 2178 3526 perSpicuum
2231 3458 2292 3510 ad

715 3553 976 3605 culturam
1010 3551 1389 3605 ecclesiastica:
1437 3549 1729 3616 disciplinae
1761 3558 1814 3602 et
1845 3550 2008 3601 fuisse
2060 3556 2110 3602 te
2137 3548 2296 3615 geni-

717 3655 850 3706 tum,
884 3654 935 3695 et
974 3657 1092 3696 c~se
1123 3654 1457 3710 provecmm,
1492 3656 1611 3693 cum
1637 3639 2073 3700 irrel'raeabiliter
2103 3639 2295 3692 veteris

715 3733 1085 3800 dispositionis
1133 3734 1376 3787 catholici
1426 3733 1684 3800 dogmatis
1729 3732 2072 3786 fundamenta
2113 3742 2292 3784 custos

714 3825 990 3888 observas,
1025 3832 1079 3877 ct
1117 3823 1182 3876 ad
1215 3822 1622 3876 a‘diﬁeationem
1671 3823 1845 3891 plebis
1886 3823 2290 3887 amantissimae,

713 3914 877 3967 veluti
917 3915 1087 3968 bonus
1121 3913 1426 3973 inSlrUtlUI',
1478 3912 1778 3982 adjiciendo
1822 3912 2045 3980 aliquid,
2080 3913 2288 3966 culmen

715 4003 932 4057 l'abricm
961 4001 1278 4055 continuare
1307 4000 1544 4065 festinas,
1581 4016 1684 4054 non
1715 4002 1830 4054 sine
1861 4000 2053 4054 timore
2083 4000 2286 4063 divino,

2336 2705 2381 2760 Α
2414 2696 2572 2748 modo
2600 2705 2652 2749 et
2683 2697 2789 2750 vita
2824 2699 3056 2764 pastoris
3085 2701 3445 2770 antiquissimi
3478 2719 3788 2776 resonaret,
3816 2727 3871 2765 et
3919 2715 4002 2768 ille

2409 2791 2657 2858 probaiet
2686 2791 3068 2860 ministerium,
3099 2806 3151 2849 et
3184 2796 3297 2866 ipse
3331 2806 3476 2854 tttum
3524 2817 3630 2857 non
3663 2807 3876 2862 celares
3919 2810 3997 2863 al-

2405 2881 2624 2936 fectum.

2473 2975 2526 3029 ‘2.
2558 2976 2661 3032 Sed
2712 2993 2832 3033 cum
2894 2980 2997 3034 mei
3055 2979 3249 3046 ingenii
3310 2982 3634 3040 brevitatem
3699 3005 3996 3056 mensura,

2403 3068 2536 3121 adeo
2568 3066 2705 3121 beati
2753 3069 2934 3122 Hilarii
2990 3070 3406 3126 immensitatem
3457 3077 3651 3130 fortem
3702 3093 3997 3148 cognosco,

2403 3170 2457 3213 ut
2491 3175 2624 3228 pene
2657 3162 2783 3214 mihi
2832 3163 3077 3217 videatur
3107 3167 3312 3232 :cquale
3357 3177 3462 3221 tam
3515 3170 3656 3224 istud
3711 3187 3873 3240 posse
3912 3176 3996 3228 di-

2401 3266 2543 3314 cere,
2572 3266 2730 3320 quam
2776 3252 2942 3320 digito
2973 3257 3178 3310 cmlum
3214 3269 3432 3325 tangere
3455 3303 3468 3323 ,
3519 3267 3827 3328 prmsertim
3859 3268 3998 3336 quod

2400 3344 2558 3397 etiam
2594 3346 2754 3407 beati,
2788 3354 2847 3398 ut
2886 3347 3064 3412 audio,
3106 3349 3414 3421 Hieronymi
3468 3363 3684 3410 torrens
3713 3358 3850 3413 illud
3883 3363 3997 3416 elo-

2398 3436 2580 3503 quium
2626 3438 2959 3492 recusaverit
3004 3449 3292 3502 attentare,
3338 3445 3424 3508 qui
3471 3445 3598 3501 huic
3645 3449 3896 3505 materia;
3941 3466 4000 3507 se

2400 3527 2654 3595 imparem
2699 3540 2919 3583 eatenus
2960 3529 3301 3598 jmlicaverit.
3343 3545 3398 3589 ut
3445 3545 3647 3592 taceret
3697 3542 3810 3610 ligo
3835 3558 3988 3608 vero,

2397 3621 2478 3672 cui
2507 3621 2700 3674 nullius
2727 3624 2966 3676 scientia:
2997 3625 3190 3692 irrigua
3220 3627 3416 3680 ﬂuenta
3448 3645 3796 3697 succurrunt,
3825 3651 3988 3704 quem

2398 3712 2486 3765 vix
2541 3714 2795 3768 slillicidii
2847 3718 3097 3784 pauperis
3146 3731 3418 3774 attenuata
3460 3734 3609 3792 gutta
3670 3727 3991 3797 perfundit,

2399 3807 2528 3858 nihil
2577 3809 2794 3873 proprio
2842 3809 2908 3863 de
2959 3809 3106 3865 fonte
3160 3813 3464 3880 respirans,
3516 3833 3620 3886 qua
3678 3824 3997 3877 temeritate

2399 3896 2537 3949 inter
2568 3898 2798 3964 ingentia
2832 3900 3074 3967 ﬂumina,
3113 3901 3447 3971 Euphratem
3494 3907 3636 3962 beati
3692 3909 3908 3976 Hilarii,
3950 3924 4001 3968 et

2398 3987 2571 4042 Nilum
2622 3991 2952 4062 Hieronymi,
2988 3995 3164 4048 siccos
3215 3997 3374 4051 velim
3425 4012 3618 4055 cursus
3669 4007 3997 4069 extendere.

708 4094 864 4161 cujus
893 4094 1072 4158 operis
1100 4105 1282 4144 amore
1314 4102 1612 4160 praeventus
1636 4106 1719 4144 me
1748 4091 1993 4159 dignatus
2020 4105 2078 4144 es
2104 4104 2287 4159 perur-

2397 4095 2518 4132 cum
2563 4081 2629 4135 de
2675 4081 2769 4135 illo
2815 4083 2978 4136 etiam
3009 4085 3307 4140 doctissimi
3360 4089 3458 4142 viri
3505 4093 3767 4160 quidquid
3811 4097 4002 4150 dicere

710 4200 838 4255 gere
869 4201 974 4253 quo
1003 4184 1070 4237 de
1102 4184 1307 4237 actibus
1337 4183 1686 4236 sacratissimi
1722 4184 1818 4236 viri
1864 4183 2048 4236 Hilarii
2081 4180 2291 4237 confes-

709 4281 870 4340 soris,
905 4277 1071 4345 quite
1121 4277 1188 4328 ab
1236 4277 1361 4342 ipsis
1408 4275 1693 4329 cunabulis
1741 4288 1862 4328 an'e
1909 4289 2003 4328 sua
2049 4275 2288 4344 vestigia,

709 4368 862 4436 quasi
911 4367 1234 4435 peculiarem
1290 4367 1603 4430 ventulum,
1649 4367 1983 4420 familiariter
2013 4368 2288 4429 contrivit,

712 4471 768 4512 ut
801 4459 1027 4528 itnpensi
1076 4459 1311 4510 muneris
1357 4457 1436 4511 vel
1486 4459 1642 4511 verba
1697 4458 2043 4525 rependerem
2074 4455 2122 4522 ἀ,
2153 4467 2201 4510 et
2245 4459 2289 4511 si

709 4565 816 4605 non
854 4550 1026 4616 plene,
1060 4548 1138 4601 Vel
1171 4547 1400 4616 quadam
1433 4563 1498 4600 ex
1535 4557 1686 4615 parte
1715 4548 1993 4615 complexa
2029 4549 2289 4617 perstrin-

707 4658 911 4712 gerem,
944 4652 1208 4712 quatenus
1257 4641 1381 4695 dum
1433 4641 1612 4710 gregis
1659 4640 1876 4694 auribus
1921 4656 2020 4694 vox
2059 4641 2288 4711 quodam

780 4802 804 4828 ⁸
840 4793 890 4845 In
940 4792 1066 4846 Mss.
1112 4792 1288 4844 Collm
1323 4789 1442 4842 Vita
1485 4791 1644 4844 saneti
1694 4789 1888 4842 Hilarii
1935 4806 1964 4841 a
2008 4807 2148 4843 servo
2195 4808 2288 4844 suo

705 4863 854 4916 l-‘ort.
913 4864 1204 4932 presbytero
1234 4905 1248 4928 ,
1309 4871 1483 4931 postea
1527 4866 1786 4931 episeopo.
1837 4863 1973 4914 Mox.
2024 4877 2280 4917 eoscum.

703 4936 759 4988 ὃ.
795 4935 972 4987 Maca.

779 5004 804 5040 ιο
839 5004 1174 5058 l'rtcl'atiouis
1205 5004 1359 5073 hujus
1391 5005 1507 5056 loco
1539 5003 1588 5056 in
1622 5002 1740 5056 cod.
1777 5002 2190 5069 Compeodiensi
2220 5004 2287 5058 ab

710 5076 864 5128 annis
909 5077 1122 5129 circiter
1151 5075 1254 5129 8ου
1299 5077 1521 5142 scripto,
1565 5074 1776 5128 brevior
1804 5084 1980 5126 exstat
2011 5079 2283 5141 prologtts,

708 5161 893 5210 quem,
932 5145 1248 5197 mendosum
1294 5145 1434 5205 licet,
1467 5149 1549 5196 Inc
1581 5153 1820 5196 atlexere
1863 5147 2102 5195 nonnihil
2135 5148 2287 5209 juve-

704 5221 773 5268 rit
818 5234 828 5266 :
873 5214 1130 5283 Prologus
1180 5231 1240 5267 ex
1287 5217 1439 5282 gestis
1491 5215 1652 5283 sancti
1715 5213 1906 5265 Hilarii
1955 5213 2286 5267 Pictariensis

705 5287 926 5352 episcopi
961 5296 1005 5338 et
1039 5282 1362 5352 confessoris,
1408 5283 1536 5336 ltlus
1583 5282 1840 5336 Januarii.
1868 5283 2154 5335 Bea:issimi
2188 5284 2284 5336 lli-

706 5357 826 5409 larii
849 5358 1152 5421 confessoris
1189 5355 1377 5412 Vitam,
1407 5357 1478 5411 rel
1506 5356 1673 5422 Opera
1697 5371 1794 5406 non
1821 5357 1970 5406 utrius
1995 5358 2078 5405 sed
2099 5357 2284 5406 multo-

705 5444 821 5476 rum
853 5427 1098 5478 re’utiune
1146 5428 1477 5490 comperimus
1525 5427 1574 5477 in
1623 5427 1823 5477 tandem
1877 5425 2076 5476 Donuui
2127 5427 2282 5476 nostri

707 5496 832 5548 Jesu
870 5496 1056 5548 Christi
1088 5498 1331 5548 memoria
1370 5498 1628 5555 tratlitam,
1673 5508 1717 5546 et
1768 5497 2053 5548 bellatorem
2099 5494 2286 5547 Christi

710 5582 885 5618 eorum
934 5568 1189 5630 opusculis
1219 5579 1394 5618 contra
1425 5568 1532 5618 Arii
1579 5567 1843 5631 per/idiom
1890 5567 2284 5618 luculentissima

711 5639 838 5703 ﬂore
870 5639 1196 5702 de/lurutum,
1228 5650 1268 5687 rt
1297 5641 1347 5687 in
1377 5638 1676 5703 multipltcra
1720 5638 1770 5687 in
1799 5639 1870 5688 eis
1904 5637 1967 5687 at!
1999 5652 2124 5687 certe
2164 5637 2284 5701 [tt/ei

709 5710 1081 5772 confessionem
1107 5717 1269 5759 tmere
1295 5720 1447 5773 grata.
1472 5706 1839 5775 Hujuscemodi
1868 5724 1919 5760 re
1951 5705 2171 5776 [l'ursain
2190 5706 2281 5773 rei]

714 5779 887 5828 beatus
921 5776 1264 5842 "incutimus
1309 5779 1559 5830 maximus
1600 5778 1870 5841 stipulator
1914 5780 2085 5830 enitet.
2136 5777 2282 5841 Qua-

710 5847 831 5903 liter
864 5848 934 5901 t'cl
966 5852 1215 5916 quorm/du
1261 5851 1309 5902 in
1356 5850 1549 5918 synodo
1600 5849 1926 5913 Arimincnsi,
1982 5848 2282 5916 temporibus

2400 4181 2686 4238 potuerunt
2729 4175 2904 4230 nrinus
2944 4186 3030 4231 est
3060 4193 3217 4246 quam
3249 4184 3525 4234 meretur?
3562 4185 3628 4238 Et
3658 4202 3783 4241 cum
3817 4192 3998 4244 virum

2395 4263 2794 4318 sanctissimum
2820 4267 3117 4320 consultius
3146 4267 3273 4320 mibi
3305 4269 3373 4322 sit
3400 4271 3585 4325 mirari
3615 4289 3780 4342 quam
3815 4277 3996 4346 loqui.

2395 4353 2712 4423 aequabilius
2763 4355 2937 4409 fuerat
2995 4360 3112 4411 btec
3162 4357 3318 4412 beato
3367 4360 3658 4418 Ambrosio
3709 4365 3782 4419 dc
3827 4367 4004 4423 fratre

2393 4448 2674 4502 scribenda
2708 4447 2990 4510 mandare,
3039 4452 3122 4502 cui
3172 4452 3332 4504 verba
3359 4453 3650 4508 virtutibus
3697 4457 4003 4526 conjuncta

2395 4541 2673 4595 ﬂorebant.
2710 4541 2908 4594 Tamen
2967 4540 3068 4595 etsi
3112 4556 3234 4595 cum
3290 4558 3406 4596 mea
3455 4547 3787 4600 verecundia
3839 4551 4006 4604 vobis

2393 4634 2604 4703 quidem
2651 4633 3032 4698 obedientiam,
3078 4645 3132 4688 et
3178 4635 3253 4688 illi
3306 4636 3598 4704 impendo,
3627 4637 3697 4694 de
3727 4655 3837 4709 quo
3890 4657 4005 4696 non

2394 4788 2674 4842 Constantii
2699 4789 2965 4857 principis,
2993 4791 3084 4844 sub
3113 4789 3282 4843 Tauro
3322 4795 3584 4860 prce/ecta.
3617 4796 3766 4848 miles
3797 4794 4007 4851 Christi

2394 4863 2674 4933 dimicarit,
2707 4863 3041 4927 exsiliumque
3069 4862 3331 4928 pertulerit
3370 4861 3639 4933 Phrygia,
3664 4867 4009 4933 lustrumque

2391 4931 2718 4993 exsulaverit,
2765 4933 2994 4984 omnibus
3040 4942 3208 4994 rectw,
3260 4933 3457 5003 pia-que
3486 4931 3630 5001 ﬁdei
3682 4931 4007 5003 sequacibus

2391 5010 2564 5054 notum
2605 5003 2838 5054 habetur.
2873 5003 3152 5073 l’rologuim
3187 5004 3326 5056 hunc
3368 5002 3486 5056 Vita
3540 5002 3760 5073 excipit,
3798 5007 4008 5062 Furtu-

2392 5073 2497 5195 ἰηιιί
2530 5074 2708 5127 verbis
2745 5087 3019 5140 expressa,
3072 5072 3136 5126 iis
3169 5082 3344 5127 tamen
3389 5072 3685 5129 identidem
3739 5079 4001 5132 mutatis.

2417 5158 2562 5195 men.

2417 5158 2562 5196 IDEM.

2465 5222 2486 5249 ε
2524 5214 2617 5266 llic
2659 5213 2967 5266 Pascentius
2993 5228 3055 5265 ex
3087 5213 3278 5267 abbate
3307 5214 3552 5268 basilica:
3582 5217 3759 5269 sancti
3793 5218 4004 5272 Hilarii

2391 5285 2645 5335 SHCCt.’S~‘lI
2694 5284 2744 5336 in
2796 5284 2926 5337 sede
2975 5284 3290 5338 Pictavicusi
3326 5286 3531 5338 l’ientio
3562 5289 3702 5339 circa
3747 5303 3838 5339 an.
3885 5287 4006 5342 566

2395 5356 2502 5404 vita
2550 5356 2748 5419 functo,
2797 5364 2853 5406 ut
2897 5356 3059 5407 relert
3104 5355 3375 5418 Cointius;
3411 5355 3570 5422 idque
3611 5371 3678 5408 ex
3725 5361 4005 5412 mandato

2395 5424 2532 5492 regis
2563 5422 2886 5486 Cliariberti,
2921 5432 2978 5475 ut
3001 5436 3180 5478 narrat
3203 5425 3362 5492 Greg.
3392 5427 3548 5484 'l‘ur..
3571 5426 3662 5479 lib.
3694 5443 3746 5479 iv
3773 5429 4003 5483 Histor.

2395 5493 2613 5556 Franc.,
2644 5509 2761 5562 cap.
2798 5493 2885 5548 18.
2923 5496 3046 5547 Ηὲίέο
3078 5495 3192 5547 Vita
3234 5497 3456 5563 proinde
3486 5498 3682 5564 scripta
3717 5497 3814 5550 fuit
3859 5512 4006 5554 ante

2390 5579 2479 5619 an.
2507 5566 2632 5626 Ξιϐκ,
2664 5581 2768 5631 quo
2801 5566 2850 5618 in
2880 5567 3007 5618 sede
3027 5566 3349 5621 l’ictaviensi
3379 5567 3602 5622 sedebat
3632 5565 3999 5635 Haurovcus,

2391 5650 2670 5688 succe~sur
2700 5636 2980 5691 l’ascentii.

2463 5703 2485 5739 α
2514 5707 2726 5771 Aliquot
2776 5706 2929 5771 Mss.,
2970 5706 3298 5775 rependeres,
3341 5723 3436 5762 seu
3463 5709 3953 5777 rependeris.Tum
3987 5729 3999 5763 :

2394 5774 2524 5900 ξιεῇ
2571 5793 2670 5828 non
2739 5777 2902 5845 plene,
2959 5781 3034 5831 vel
3076 5793 3136 5832 ex
3182 5774 3327 5848 parte
3371 5774 3784 5851 perstringercm.
3837 5783 4001 5837 Mos.

2431 5886 2443 5900 .
2480 5879 2492 5900 Δ
2534 5861 2676 5900 sunt.

2389 5848 2443 5902 S.
2480 5848 2676 5900 MAUBI.
