4192 6558
172 385 268 440 ιιι

1294 375 1451 431 VITA
1492 372 1548 427 S.
1595 364 1855 426 lllLARll
1898 364 2392 425 PICTAVIENSIS.

3351 363 3458 420 ΜΞ

173 499 333 566 digne
376 496 600 565 loquor,
646 492 873 548 fortasse
925 489 1205 559 injuriam;
1262 488 1355 543 sed
1401 483 1626 541 concedi
1662 494 1754 549 per
1784 479 1837 537 Δ
1860 492 1976 535 ctus
2003 494 2104 539 est.
2137 485 2426 539 Crescebat
2458 484 2508 536 in
2540 496 2606 536 eo
2638 480 2877 548 numidia
2904 480 3107 548 opinio,
3138 478 3453 535 famulatrix

174 593 385 646 veniam
416 589 711 650 credimus,
744 587 883 657 quod
928 585 1213 639 devotione
1260 590 1528 649 peccatur.
1582 578 1646 629 Et
1695 591 1759 629 ne

173 692 445 754 protracta
478 684 665 752 pagina
698 679 974 734 fastidium
1005 677 1181 746 potius
1208 683 1429 744 generet
1451 686 1607 739 quam
1640 685 1763 738 pro-

171 787 329 834 vocet
358 777 681 836 auditorem,
716 787 855 826 nunc
883 770 948 824 de
979 769 1095 838 ejus
1126 767 1242 821 Vita
1277 778 1663 835 preponatnus.

547 921 965 996 INCIPIT
1020 918 1124 990 LI
1140 917 1348 987 BER
1364 974 1379 988 .

250 1061 303 1115 5.
337 1057 499 1126 Igitur
523 1055 709 1108 beatus
739 1052 987 1119 Hilarius,
1017 1050 1353 1104 Pictavorum
1380 1044 1526 1100 urbis
1557 1043 1764 1112 episco-

174 1167 299 1219 pus,
346 1148 585 1219 regionis
618 1144 970 1211 ‘Aquitania:
1026 1141 1282 1197 oriundus
1338 1139 1473 1204 fuit,
1527 1153 1644 1207 qua:
1696 1136 1762 1190 ab

167 1242 391 1296 Oceano
428 1238 735 1293 Britannico
765 1236 875 1291 fere
907 1234 1143 1288 millibus
1174 1229 1201 1268 ι’
1237 1232 1524 1301 nonaginta
1570 1226 1758 1295 sejun-

171 1333 352 1399 giiur;
388 1327 529 1398 apud
558 1326 855 1380 Gallicanos
886 1340 1012 1378 vero
1046 1321 1271 1377 familias
1302 1319 1597 1373 nobilitatis
1632 1318 1763 1370 latn-

173 1424 308 1492 pade
357 1438 461 1476 non
512 1421 793 1483 obscurus,
831 1420 935 1473 imo
975 1417 1142 1486 magis
1194 1430 1301 1484 pra:
1351 1412 1563 1467 czeteris
1593 1409 1762 1481 gratia

172 1514 559 1587 generositatis
591 1522 833 1573 ornatus,
870 1511 1046 1564 nitore
1098 1508 1329 1577 pectoris
1364 1504 1570 1568 addito,
1615 1502 1763 1571 quasi

173 1609 451 1677 refulgens
496 1605 706 1658 Luril‘er
735 1605 871 1656 inter
913 1616 1073 1664 aStra,
1106 1598 1385 1669 processit.
1417 1596 1582 1664 Cujus
1615 1612 1641 1647 a
1666 1609 1763 1647 cu-

176 1700 394 1754 nabulis
430 1708 571 1750 tanta
604 1697 861 1762 sapientia
895 1693 1162 1763 primitiva
1198 1690 1491 1745 laetabatur
1523 1688 1763 1749 infantia,

172 1801 233 1845 ut
259 1791 370 1860 jam
403 1804 530 1843 tunc
560 1789 818 1857 potuisset
846 1785 1069 1855 intelligi
1095 1782 1366 1838 Christum
1400 1782 1451 1836 in
1503 1781 1612 1834 suis
1639 1795 1763 1832 cau-

172 1884 274 1946 sis,
303 1897 403 1950 pro
428 1880 715 1934 obtinenda
748 1878 988 1939 victoria,
1020 1874 1379 1930 necessarium
1412 1873 1509 1927 sibi
1537 1872 1765 1941 jussisse

174 1976 406 2028 militem
455 1970 756 2040 prepagari.
811 1969 1053 2037 Denique
1103 1967 1383 2037 eonjugem
1438 1965 1659 2028 habens,
1715 1973 1766 2017 et

174 2065 368 2128 firiam,
418 2063 490 2116 ita
534 2060 859 2130 plenitudine
911 2058 1121 2112 Domini
1172 2056 1512 2111 venerabiles
1555 2056 1763 2108 animos

176 2154 564 2212 ecclesiasticae
597 2155 790 2221 reguhe
825 2151 1040 2204 tradidit
1073 2148 1455 2210 informandos,
1494 2155 1552 2200 ut
1596 2146 1770 2199 adimo

175 2253 231 2305 in
282 2248 456 2303 laicali
502 2246 776 2315 proposito
817 2242 1158 2306 constitutus,
1187 2241 1370 2296 divino
1398 2248 1552 2304 nutu,
1587 2237 1769 2306 ponti-

179 2345 300 2397 ficis
331 2342 555 2412 gratiam
588 2338 912 2407 possideret;
942 2335 1011 2389 ita
1054 2350 1113 2390 se
1156 2334 1331 2403 ipsum
1361 2331 1573 2401 propria
1606 2329 1766 2383 disci-

176 2438 322 2504 plina
369 2436 654 2488 coercebat
688 2441 709 2469 ε
744 2430 1007 2493 intonsus,
1047 2427 1202 2498 quasi
1251 2426 1481 2480 futuram
1534 2424 1769 2495 speciem

178 2530 447 2591 indicans,
475 2533 532 2577 ut
574 2520 1058 2590 irreprehenslbilis
1085 2522 1136 2574 iii
1172 2519 1371 2588 templo
1400 2516 1601 2571 Christi
1637 2531 1772 2583 prat-

178 2632 466 2686 parareiur
494 2617 764 2672 sacerdos.
794 2616 924 2670 Nam
954 2614 1095 2685 quod
1129 2614 1269 2669 inter
1312 2611 1568 2667 mortales
1598 2612 1772 2663 adhue

178 2715 344 2767 valde
377 2712 581 2767 videtur
612 2711 831 2765 difficile
875 2722 982 2766 tam
1030 2718 1249 2763 cautum
1282 2722 1403 2762 esse
1428 2719 1769 2775 quemquam,

177 2809 274 2876 qui
309 2822 367 2861 se
414 2823 441 2859 a
468 2804 664 2860 Judaais
692 2805 776 2858 vel
826 2803 1092 2857 haereticis
1121 2802 1243 2855 cibo
1274 2797 1590 2868 suspendat,
1636 2796 1769 2848 adeo

178 2901 266 2954 vir
294 2899 668 2955 sanctissimus
718 2899 896 2951 hostes
926 2895 1205 2950 catholica:
1255 2891 1527 2961 religionis
1578 2888 1773 2943 abhor-

179 2998 315 3062 ruit,
348 3005 407 3050 ut
450 3010 555 3048 non
596 2993 768 3047 dicam
818 2991 1143 3055 convivium,
1174 2987 1267 3044 sed
1301 3000 1473 3054 neque
1519 2981 1774 3039 salutatio

179 3089 234 3145 ei
294 3087 452 3141 fuerit
502 3102 622 3139 cum
675 3086 758 3138 his
808 3080 1151 3153 pratereunti
1209 3077 1526 3134 communis.
1562 3074 1778 3128 Vitabat

179 3181 327 3243 hare,
361 3177 612 3231 Davidieo
656 3174 901 3230 suffultus
944 3172 1213 3240 exemplo,
1254 3184 1322 3223 ne
1354 3183 1472 3222 cum
1507 3165 1773 3219 haereticis
1800 3197 1848 3263 ο

183 3285 432 3325 mensam
486 3266 872 3336 participando,
928 3266 1078 3319 fieret
1137 3262 1208 3316 illi
1267 3261 1318 3314 in
1368 3255 1772 3313 scandaluni.0

180 3380 349 3434 quam
395 3361 843 3431 perfecrissinium
896 3358 1114 3420 laicum,
1158 3353 1311 3422 cujus
1344 3351 1642 3405 imitatores
1674 3348 1774 3415 ipsi

179 3464 352 3517 etiam
392 3473 509 3514 esse
538 3456 845 3511 desiderant
873 3450 1209 3514 sacerdotes;
1241 3447 1325 3502 cui
1357 3461 1459 3500 non
1493 3444 1590 3499 fuit
1631 3440 1773 3497 aliud

180 3559 394 3615 vivere,
448 3551 547 3603 nisi
604 3548 873 3601 Christum
928 3558 1047 3597 cum
1098 3542 1389 3595 dilectione
1450 3537 1658 3599 timere,
1721 3544 1775 3589 et

181 3661 313 3702 cum
342 3645 532 3697 timore
560 3640 802 3707 diligere,
833 3635 984 3705 cujus
1014 3647 1272 3703 sequaces
1302 3638 1522 3685 currunt
1562 3628 1625 3680 ad
1662 3626 1776 3697 glo-

185 3742 352 3801 riam,
382 3737 709 3789 divertentes
761 3729 825 3782 ad
880 3744 1126 3797 pennam;
1178 3724 1416 3781 credenti
1475 3723 1775 3776 succedunt

194 3830 438 3898 pra-mia,
471 3822 745 3880 recusanti
774 3820 1074 3875 tormenta!
1108 3817 1208 3883 Qui
1235 3830 1421 3870 omnes
1451 3814 1518 3868 de
1565 3815 1649 3883 pio
1693 3828 1775 3867 re-

188 3920 409 3991 ligionis
434 3932 596 3986 opere
620 3927 986 3974 commonens,
1020 3926 1158 3964 mine
1178 3908 1311 3961 alios
1334 3908 1401 3961 de
1430 3905 1772 3961 confessione

187 4009 579 4069 itia-stitnabilis
652 4013 850 4060 sanctae
904 4001 1178 4057 Trinitatis
1228 4000 1564 4060 informaus,
1632 4011 1772 4050 nunc

185 4105 431 4171 reliquos
479 4098 834 4168 promissione
884 4095 1030 4161 regni
1076 4090 1314 4146 caelestis
1366 4088 1625 4151 invitans,
1668 4102 1771 4140 non

184 4200 439 4254 cessabat
468 4194 520 4248 in
546 4194 755 4263 plebem
778 4190 937 4244 verba
974 4188 1235 4252 veritatis,
1278 4185 1504 4239 fructum
1539 4182 1659 4237 fidei
1687 4196 1773 4238 re-

184 4289 506 4352 dundantia,
531 4286 818 4341 seminare.

261 4387 319 4439 4.
352 4384 469 4449 Quo
494 4379 709 4448 cognito
733 4377 799 4430 de
829 4384 1016 4431 saneto
1046 4371 1267 4437 Hilario,
1292 4368 1539 4439 quoniam
1570 4380 1771 4422 tantum

193 4480 405 4537 lumen,
434 4472 534 4528 etsi
567 4471 842 4535 voluisset,
876 4469 1040 4521 latere
1067 4481 1172 4519 non
1222 4464 1410 4533 potuit,
1441 4465 1636 4532 quippe
1682 4478 1774 4515 ne-

1795 1839 1842 1898 B

1865 576 2152 639 virtutum;
2189 591 2286 629 nec
2328 585 2442 630 erat
2473 574 2612 628 fama
2645 575 2761 642 ejus
2801 581 3052 626 contenta
3082 569 3455 638 circutnjectas

1868 678 2068 722 tantum
2098 667 2296 722 Gallias
2343 668 2634 729 illustrare,
2690 666 2785 720 sed
2833 674 3049 718 exteras
3100 661 3367 727 nationes,
3399 668 3455 715 et

1866 762 2114 829 regiones
2159 759 2428 828 implebat,
2477 760 2791 813 meritorum
2839 758 3010 826 gratia
3064 762 3448 824 percurrente;

1865 852 2048 921 sicque
2075 862 2251 905 actum
2289 859 2369 905 est
2396 861 2451 905 ut
2483 852 2534 904 in
2565 862 2677 905 toto
2705 849 2837 904 orbe
2860 847 3119 903 velociter
3149 846 3292 903 beati
3322 858 3457 915 pon-

1869 944 2025 999 tificis
2055 946 2218 1014 gloria
2250 945 2522 998 militaret.

1938 1039 1991 1092 5.
2030 1037 2191 1106 Igitur
2241 1036 2542 1091 Constantii
2607 1035 2944 1104 imperatoris
3004 1042 3275 1103 tempore,
3330 1045 3452 1085 cum

1867 1131 2063 1186 Ariana
2111 1132 2354 1193 haeresis,
2403 1140 2665 1184 venenata
2720 1128 2788 1183 de
2840 1126 3067 1183 radice!l
3100 1127 3231 1181 ﬂore
3279 1123 3455 1178 toxico

1872 1215 2201 1292 pullularet,
2250 1234 2371 1276 tunc
2418 1222 2498 1275 vir
2552 1222 2964 1285 sanctissimus,
3009 1220 3203 1274 timore
3254 1215 3455 1281 nudus,

1871 1319 1991 1373 lidei
2053 1317 2261 1371 fervore
2318 1316 2562 1377 vestitus,
2625 1315 2775 1382 quasi
2848 1314 3067 1383 signifer
3117 1311 3459 1380 belligerator

1871 1428 1965 1481 per
1997 1413 2194 1466 medias
2224 1412 2365 1465 acies
2421 1410 2558 1463 inter
2607 1408 2829 1463 hostiles
2874 1407 3140 1469 fremitus,
3175 1383 3456 1459 interduc—

1870 1505 2063 1558 reticos
2107 1504 2349 1574 gladios,
2418 1517 2475 1557 se
2548 1501 2824 1569 ingerebat
2876 1497 3194 1564 intrepidus.
3251 1492 3452 1548 Christi

1869 1598 2128 1652 eharitate
2178 1609 2421 1659 securus,
2474 1593 2601 1646 nihil
2657 1592 2723 1645 de
2772 1605 2864 1645 sua
2915 1599 3086 1643 morte
3136 1586 3453 1646 formidans,

1875 1698 1895 1725 ε
1931 1688 2056 1743 illud
2105 1691 2274 1741 solum
2320 1695 2585 1750 metuens,
2623 1682 2761 1754 quod
2795 1683 2957 1749 absit,
2991 1679 3300 1748 przrjudicio
3331 1674 3459 1730 reli-

1869 1781 2042 1852 gionis
2093 1782 2261 1843 illato,
2294 1795 2361 1833 ne
2389 1780 2611 1832 viveret.
2653 1776 2784 1829 Hinc
2814 1790 2841 1826 a
2878 1772 3102 1826 Valente
3146 1780 3201 1824 et
3234 1767 3457 1824 Ursacio

1876 1872 2160 1941 episeo-pis,
2193 1872 2280 1939 qui
2320 1886 2479 1939 prava
2512 1868 2826 1923 credulitate
2874 1866 3166 1919 Eeclesiam
3213 1862 3303 1916 Dei
3346 1869 3459 1914 ture

1875 1969 2001 2021 bare
2030 1965 2374 2036 pertinaciter
2408 1962 2748 2025 insistebant,
2794 1958 3105 2026 imperatori
3139 1968 3455 2024 persuasum

1872 2071 1952 2115 est
1995 2072 2050 2113 ut
2095 2059 2263 2112 virum
2314 2055 2764 2117 eruditissimum,
2813 2052 2881 2105 de
2928 2065 3034 2119 quo
3087 2048 3375 2115 loquimur,
3405 2050 3463 2098 et

1878 2150 2183 2221 Dionysium
2231 2148 2708 2210 Mediolanensem,
2768 2152 2821 2197 et
2880 2140 3171 2196 Eusebium
3230 2134 3462 2191 Vercel-

1877 2245 2100 2308 lenscm,
2145 2242 2332 2297 exsilio
2370 2238 2388 2278 ί
2422 2239 2819 2293 condemnaret.
2875 2234 3015 2289 Nihil
3062 2232 3204 2286 enim
3251 2237 3462 2298 poterat

1873 2346 1998 2389 ante
2040 2332 2449 2400 insuperabilem
2480 2328 2648 2384 sancti
2686 2327 2874 2382 lliiarii
2908 2322 3209 2379 facundiam
3240 2319 3457 2373 haereti-

1875 2443 1970 2483 eus
1998 2427 2258 2480 obtinere.
2304 2422 2571 2493 Sperabat
2604 2420 2748 2474 enim
2783 2418 2954 2472 hostis
3001 2415 3121 2469 fidei
3169 2414 3373 2481 aliquas
3403 2426 3462 2465 se

1877 2517 2095 2572 nebulas
2144 2514 2417 2584 splendori
2469 2512 2739 2566 catholico
2796 2523 2951 2577 posse
3008 2504 3360 2575 praetendere.
3413 2501 3460 2555 si
3506 2518 3507 2521 η

1880 2622 2119 2665 retrosus
2169 2607 2362 2663 exsilio
2415 2606 2493 2660 vir
2542 2605 2660 2659 talis
2718 2620 2748 2657 a
2807 2600 3099 2656 certamine
3155 2596 3459 2659 defuisset,

1879 2702 2126 2769 quoniam
2155 2700 2197 2752 si
2229 2698 2345 2766 quis
2374 2708 2655 2763 perversos
2683 2693 2849 2745 voluit
2872 2706 2993 2745 cum
3025 2690 3116 2743 illo
3145 2685 3458 2754 confligere,

1881 2808 1943 2846 ae
1973 2792 2014 2843 si
2046 2798 2222 2842 mutus
2247 2799 2299 2841 et
2324 2786 2570 2848 claudus,
2616 2798 2713 2837 nec
2740 2784 2900 2836 verba
2934 2789 3143 2848 poterat
3190 2774 3456 2848 proferre,

1881 2895 1978 2935 nec
2035 2875 2470 2946 responsionibus
2519 2889 2772 2935 currere;
2821 2870 2915 2925 sed
2962 2868 3115 2939 quasi
3166 2877 3352 2920 natans
3406 2863 3462 2918 in

1883 2974 2091 3042 pelago,
2125 2978 2248 3023 ante
2299 2968 2516 3022 fluctum
2570 2966 2685 3035 ejus
2731 2962 3049 3031 elaquentia:
3096 2958 3458 3028 mergebatur.

1880 3062 2061 3126 itaque
2094 3061 2146 3113 in
2183 3057 2469 3127 Phrygiam
2504 3055 2643 3110 Asiae
2688 3055 2961 3123 regionem
3009 3052 3203 3106 missus
3247 3047 3460 3111 exsilio.

1882 3154 1946 3206 ad
1974 3158 2320 3220 augmentum
2353 3146 2587 3211 virtutis,
2611 3145 2810 3213 gratias
2842 3141 2949 3213 egit
2978 3142 3106 3206 Deo,
3138 3142 3258 3210 quia
3287 3154 3460 3209 quan-

1885 3256 1993 3298 tum
2029 3258 2121 3312 pro
2154 3241 2367 3294 nomine
2404 3237 2601 3291 Chriin
2634 3235 2843 3304 longius
2868 3232 3177 3289 discedebat
3224 3231 3292 3286 de
3344 3229 3461 3285 solo

1884 3336 2117 3406 proprio,
2156 3342 2357 3387 tantum
2389 3330 2695 3385 merebatur
2726 3328 2837 3381 fieri
2872 3325 3094 3381 vicinior
3122 3325 3283 3379 cmlo.

1952 3449 2003 3503 6.
2047 3449 2146 3516 Qui
2178 3448 2303 3501 dum
2337 3445 2399 3499 ad
2429 3445 2599 3499 locum
2638 3442 2971 3512 pervenisset
3000 3440 3287 3508 aptabilem
3313 3482 3327 3505 ,
3356 3453 3456 3493 no-

1879 3541 1961 3595 bis
1995 3539 2271 3593 tacendum
2306 3553 2408 3590 non
2441 3545 2543 3599 est,
2576 3533 2715 3603 quod
2757 3532 2830 3587 illi
2867 3532 3116 3585 divinitus
3144 3544 3456 3585 concessum

1880 3644 1981 3687 est.
2018 3631 2147 3684 Nam
2178 3645 2242 3683 eo
2275 3638 2514 3696 tempore
2536 3670 2548 3689 ,
2582 3634 2769 3679 saneto
2798 3624 2897 3678 sibi
2938 3622 3136 3691 Spiritu
3171 3620 3458 3687 revelante,

1879 3723 2128 3794 cognovit
2170 3722 2309 3791 quod
2356 3718 2713 3773 beatissimam
2746 3726 2770 3763 κ
2821 3718 3016 3770 Abram
3060 3716 3218 3768 filiam
3263 3728 3461 3781 suam,

1880 3830 2037 3885 quam
2069 3828 2189 3868 cum
2222 3820 2392 3864 matre
2416 3809 2642 3864 Pictavis
2677 3807 2983 3876 reliquerat,
3013 3805 3228 3875 quidam
3251 3804 3463 3873 juvenis

1881 3906 2277 3968 nobilissimus,
2308 3902 2570 3971 praidives
2613 3900 3006 3970 pulcherrimus
3027 3943 3040 3967 ,
3073 3898 3301 3967 conjugii
3341 3898 3460 3950 viu-

1880 4002 2001 4057 culo
2029 4000 2130 4055 sibi
2151 4008 2421 4069 quaereret
2450 3993 2862 4049 anucetendam.
2895 3992 2998 4047 Sed
3023 3991 3137 4060 ipse
3163 3990 3464 4044 interventu

1880 4092 2138 4148 orationis
2168 4088 2399 4144 assidua:
2430 4086 2705 4141 caelestem
2742 4084 2819 4137 illi
2846 4097 3099 4152 sponsum
3131 4082 3246 4135 sine
3272 4088 3465 4135 conta-

1884 4185 2172 4240 minatione
2224 4179 2550 4250 providerat.
2596 4177 2715 4231 Mox
2764 4176 3158 4244 opportunitate
3209 4180 3418 4241 reperta
3449 4210 3462 4235 ,

1880 4296 2037 4336 manu
2062 4278 2273 4349 propria
2302 4274 2655 4341 subscriptam
2688 4270 2738 4339 ιι,
2770 4270 2895 4324 fili-.e
2925 4269 3117 4323 direxit
3146 4267 3462 4337 epistolam,

1880 4371 2173 4428 sufficienti
2198 4368 2308 4425 sale
2331 4358 2627 4430 ednditam,
2654 4374 2707 4418 et
2734 4362 2875 4416 velut
2898 4360 3202 4415 aroinaticis
3224 4372 3466 4427 unguen-

1884 4469 1950 4518 tis
1982 4464 2205 4517 infusam
2232 4500 2246 4524 ,
2275 4473 2393 4529 quas
2425 4467 2637 4511 tenetur
2678 4454 2904 4508 Pictavis
2949 4468 3043 4521 pro
3075 4464 3295 4503 munere
3332 4462 3462 4503 con-

188 4571 463 4626 CCSSarius
495 4565 628 4638 [Αι.,
673 4557 1056 4629 necessarium]
1088 4568 1147 4611 ut
1194 4557 1397 4611 alienas
1429 4555 1677 4609 tenebras
1723 4554 1771 4608 in

1885 4565 2117 4619 servata,
2150 4552 2391 4606 indicans
2419 4549 2467 4603 ei
2498 4547 2639 4616 quod
2672 4548 2831 4599 talem
2865 4556 3118 4609 Sponsum
3146 4539 3336 4593 anxius
3366 4553 3464 4608 pa-

189 4666 368 4716 lueeru
412 4655 747 4716 transferret,
794 4650 1154 4705 concordante
1200 4646 1383 4700 favore
1424 4645 1625 4713 populi,
1681 4653 1774 4699 aut

189 4758 371 4825 potius
422 4750 513 4803 Dei
568 4744 769 4814 Spiritu
821 4744 1203 4811 proclamante,
1235 4738 1312 4791 vir
1340 4736 1465 4790 oliui
1501 4737 1772 4804 mysteriis

188 4854 504 4917 deputatus,
547 4839 832 4911 aliquando
871 4837 1039 4893 sacris
1085 4836 1340 4890 altaribus
1384 4832 1635 4887 sacerdos
1664 4831 1775 4886 ele-

262 5007 286 5032 "
340 5002 397 5054 In
432 4998 595 5050 veteri
641 4994 832 5047 Codice
875 4989 1050 5049 Colb.,
1097 4990 1299 5056 regione
1356 4986 1662 5054 Aquilania’.
1720 4986 1773 5040 In

185 5074 318 5129 soiis
371 5070 536 5127 lidit.,
570 5064 791 5129 regionis
834 5060 1121 5129 Aquitania!
1162 5059 1409 5121 portibus.
1458 5058 1553 5111 llic
1604 5058 1775 5110 Pieta-

188 5145 397 5199 viensis
438 5139 667 5193 civitatis
695 5134 803 5203 jam
836 5145 1103 5203 expressas
1134 5129 1342 5183 videtur
1381 5142 1566 5181 auctor
1609 5132 1774 5182 vitare

186 5219 431 5270 voluisse
465 5200 856 5273 repetitionem.
882 5200 1074 5273 liueat.

259 5288 284 5324 ιι
341 5268 734 5337 Geiiieticensis
782 5272 981 5335 Codex,
1046 5286 1168 5326 cum
1227 5268 1546 5335 Compend.,
1597 5280 1779 5321 actua-

216 5362 353 5411 inta.
406 5354 575 5406 lini-zu.

236 5379 353 5409 ma.
406 5379 575 5406 IIIJI'JI.

180 5379 227 5430 gl
260 5438 283 5465 ε
320 5429 396 5479 lta
446 5421 698 5475 meliores
748 5418 898 5477 Msa,
955 5428 1061 5481 quo
1118 5411 1282 5464 verbo
1338 5408 1387 5481 id
1447 5408 1780 5481 significatur

185 5511 429 5562 tempus,
463 5506 571 5558 quo
602 5488 833 5562 nondum
855 5558 864 5562 _
887 5479 984 5562 per
1014 5495 1289 5562 tonsuram
1316 5480 1464 5562 clero
1495 5479 1780 5550 adjunctus

340 5549 599 5619 Hilarius.
634 5559 686 5613 lu
710 5559 825 5611 aliis
854 5549 998 5609 libris
1028 5571 1038 5605 :
1071 5553 1313 5624 intentus.
1340 5549 1509 5624 Ituran.

259 5638 283 5676 ἐ
322 5636 553 5703 Quidam
590 5632 736 5703 Μέθη
769 5630 919 5703 [ιυινὶεΔ
953 5622 1335 5703 ιοετξςξ..;51;ιςίέ
1376 5623 1628 5703 placeret.
1658 5635 1778 5703 cum

182 5691 512 5775 (Σοειιιῖειιιιη
551 5702 665 5753 (Ιὶντι
718 5691 954 5767 contagia
999 5693 1298 5765 pullularet,
1346 5695 1388 5746 si
1422 5702 1473 5744 et
1517 5693 1651 5746 alter
1682 5691 1784 5744 suf-

182 5786 503 5851 fragaretur.
534 5775 701 5825 llDiJl.

260 5834 291 5889 ῗ
330 5834 387 5905 In
416 5847 667 5913 \‘uigills,
701 5841 828 5893 illud
851 5838 1013 5892 solum
1046 5835 1310 5901 ttietuebat,
1341 5850 1398 5887 nc
1422 5834 1778 5906 prrejttdicinm

1883 4660 1963 4705 ter
1994 4648 2067 4702 illi
2099 4643 2441 4714 providisset,
2477 4639 2629 4707 cujus
2658 4636 2906 4690 nobilitas
2934 4634 3099 4689 caelos
3127 4632 3463 4696 ascenderet,

1882 4736 2216 4811 pulchritudo
2252 4747 2495 4787 rosarum
2527 4739 2581 4784 et
2619 4728 2717 4782 lilii
2755 4727 3208 4793 comparationem
3253 4738 3461 4793 praece-

1879 4835 2052 4897 deret,
2085 4826 2220 4885 oculi
2253 4838 2579 4895 gemmarum
2618 4819 2632 4858 ί
2665 4821 2841 4875 lumen
2871 4818 3264 4882 obnubilareut,
3301 4814 3464 4870 venis

1879 4988 2110 5059 rrligioni
2132 5026 2147 5051 ,
2194 4985 2329 5055 quod
2354 4984 2535 5059 (ιιιδὶμῇ
2562 4981 2762 5034 illatum
2797 4976 3109 5059 praevaleret.
3157 4972 3461 5059 Italegautnior

1879 5043 2163 5121 estieetio,
2198 5043 2355 5121 quam
2397 5043 2710 5109 exhibemus
2741 5043 2804 5104 ert
2854 5048 3149 5121 potioribus
3178 5043 3301 5121 Mss.
3349 5043 3459 5121 llo-

1883 5115 1996 5185 rum
2030 5131 2079 5183 in
2111 5115 2417 5182 uno'exstat
2456 5125 2613 5177 illata:
2648 5139 2745 5172 non
2780 5122 2828 5171 in
2864 5120 2986 5170 tuo.
3020 5116 3131 5168 Mox
3164 5130 3230 5167 ex
3264 5115 3455 5169 iisdciu

1883 5201 2209 5255 restituimus
2235 5238 2249 5263 ,
2283 5212 2442 5266 prava
2469 5192 2797 5257 credulitate;
2831 5188 2918 5243 ubi
2948 5187 3249 5240 obtinuerat
3279 5186 3462 5238 crude-

1884 5273 2045 5324 fitnte.
2081 5271 2252 5323 IIDHI.

1961 5340 1975 5380 τ
2024 5343 2129 5392 iloe
2161 5354 2263 5392 non
2297 5352 2403 5390 uno
2434 5345 2486 5389 et
2514 5335 2700 5389 eodem
2732 5346 2871 5383 anno
2901 5327 3144 5397 contigit.

1957 5422 1979 5458 ε
2022 5410 2076 5464 lu
2125 5411 2361 5479 pluribus
2406 5407 2529 5461 Mss.
2576 5413 2881 5458 constanter
2921 5399 3193 5461 scribitur,
3244 5398 3459 5464 Aprum.

1886 5482 2052 5536 Ιιιιωι.

1958 5552 1982 5591 ιι
2024 5551 2273 5607 Additum
2310 5550 2393 5604 hic
2432 5555 2584 5610 erat,
2617 5546 2756 5611 infra
2787 5555 2897 5612 post
2931 5539 3114 5612 librum
3148 5537 3461 5602 secundum,

1885 5624 2022 5692 quod
2056 5639 2117 5676 ev
2154 5621 2391 5688 margine
2421 5609 2635 5692 iri-epsit
2666 5609 2715 5692 in
2750 5609 2971 5692 teritum.
3035 5609 3206 5692 liueat:

1965 5674 2305 5747 ivtiiliotiau‘a
2341 5674 2757 5749 tiditio,'litritiiie
2799 5674 3128 5737 (intimarent.
3158 5674 3457 5748 Coutpcntl.

1889 5769 2031 5834 5155.,
2070 5765 2261 5820 (uotiua
2286 5760 2651 5815 illumitiarrut.
2692 5756 2852 5811 Itoni.
