4192 6544
699 429 726 481 εἰ
737 428 802 481 ινδ

1412 419 1734 474 VENANTH
1777 417 1930 472 “ON.
1973 415 2176 470 CLEM.
2222 409 2617 466 FORTUNATI
2655 411 2942 467 OPERUM
2985 410 3164 467 PARS
3202 411 3262 465 ll.

3877 408 3971 464 ut

702 541 992 594 candorem
1027 536 1158 590 nivis
1188 535 1536 603 opprimeret,
1578 541 1888 587 ornamenta
1922 527 2276 584 intestimabili
2309 528 2356 583 Λ
2387 523 2717 592 iniquitatem
2768 523 2883 591 ipsa
2937 534 3019 579 est
3066 523 3211 577 illata
3257 522 3544 576 calumnia.
3597 521 3755 590 Quod
3803 539 3971 577 tamen

705 631 910 699 fulgore
941 636 1245 690 vernarent,
1286 625 1486 678 divitia:
1527 625 1660 677 intra
1693 639 1751 677 se
1799 639 1958 691 regna
1990 621 2280 676 conclude-

705 731 821 774 rent
851 760 867 785 ,
895 722 1010 786 ejus
1053 717 1309 784 sapientia
1364 715 1917 782 incomprehensibilis
1961 723 2233 768 emanaret
2263 755 2277 778 ,

704 810 932 864 dulcedo
965 809 1065 860 lavi
1099 804 1928 874 mella-postponeret,-pudicitia
1965 803 2282 856 incontami-

704 910 826 954 nata
858 900 1203 966 persisterct,
1245 898 1376 950 odor
1415 897 1671 950 suavitate
1714 896 2006 964 fragraret,
2044 894 2281 948 thesauri

702 992 820 1046 sine
867 993 1165 1046 defectione
1207 999 1529 1046 constarent.
1580 990 1740 1044 Addit
1783 1006 1910 1058 ergo
1963 989 2178 1042 monitis
2227 997 2283 1041 ut

706 1082 808 1136 lilia
844 1083 970 1134 nulli
1000 1096 1058 1135 se
1089 1082 1233 1150 prius
1264 1095 1293 1133 a
1326 1089 1497 1134 matre
1525 1079 1689 1133 divisa
1720 1080 2088 1147 conjungeret,
2123 1093 2280 1144 quam

707 1181 732 1207 ⁸
764 1182 820 1226 ttt
849 1174 1016 1244 patris
1045 1181 1378 1241 exspectaret
1410 1173 1704 1242 pollicitum
1727 1213 1742 1232 ,
1772 1181 1822 1225 et
1855 1188 2108 1240 sponsum
2141 1172 2284 1236 pari-

704 1271 786 1314 ter
815 1277 934 1314 cutn
971 1262 1322 1328 promissione
1355 1271 1653 1315 venturum.
1687 1261 1838 1328 Quod
1879 1263 2021 1315 Abra
2054 1261 2280 1316 dulciter

701 1353 996 1419 excipiens,
1027 1361 1080 1406 et
1111 1355 1260 1420 quasi
1293 1368 1546 1422 sponsum
1578 1355 1809 1406 futurum
1853 1354 1902 1406 in
1935 1353 2159 1421 epistola
2193 1369 2282 1420 pa-

704 1445 804 1498 tris
839 1445 1166 1512 amplectens
1189 1488 1202 1509 ,
1237 1446 1653 1497 admonitiooem
1698 1456 1877 1497 secuta
1907 1453 1990 1498 est
2014 1485 2029 1509 ,
2065 1446 2192 1497 nulli
2226 1446 2276 1498 ill

709 1537 960 1604 cal-.jugio
982 1551 1040 1589 se
1061 1537 1358 1590 resolvens.
1383 1535 1486 1589 Sed
1512 1537 1739 1604 qualiter
1761 1537 1826 1589 ad
1858 1537 2000 1590 illum
2026 1553 2280 1606 sponsum

710 1631 1037 1696 pervenerit,
1067 1630 1214 1682 locus
1244 1630 1296 1682 in
1327 1629 1565 1698 sequenti
1587 1615 1860 1684 servatur.

778 1720 830 1774 7.
872 1720 1078 1774 Interea
1103 1737 1220 1774 cum
1250 1729 1358 1774 toto
1383 1723 1513 1773 urbe
1539 1719 1750 1774 Ariame
1774 1722 1992 1775 lucresis
2017 1722 2283 1790 perversi-

708 1820 791 1863 tas
823 1812 1148 1878 pullularet,
1178 1812 1303 1863 dato
1331 1810 1654 1877 generaliter
1678 1813 2024 1878 imperatoris
2067 1813 2241 1866 edicto
2268 1853 2282 1876 ,

708 1910 766 1953 ut
797 1916 984 1972 omnes
1014 1901 1312 1956 Orientales
1341 1901 1578 1968 episcopi
1615 1901 1752 1968 apud
1781 1900 2100 1966 Seleuciam,
2136 1899 2280 1954 Isau-

707 1991 803 2044 rite
832 1992 1082 2058 Oppidum
1110 2033 1124 2055 ,
1156 1990 1508 2045 coovenirent
1528 2029 1544 2056 ,
1586 1991 1932 2059 disceptaturi
1963 1991 2088 2060 quid
2117 1991 2288 2044 senti-

705 2091 825 2135 rent
863 2082 930 2134 de
967 2082 1086 2135 lidei
1121 2082 1381 2145 veritate,
1432 2091 1555 2134 tttnc
1601 2081 1740 2136 inter
1787 2082 2052 2150 reliquos,
2097 2092 2290 2152 quarto

705 2171 813 2240 jam
842 2173 1013 2228 exsilii
1043 2190 1183 2226 anno
1209 2175 1278 2226 de
1311 2173 1538 2241 l‘iirygia
1571 2183 1786 2228 sanctus
1819 2174 2047 2228 Hilarius
2068 2175 2120 2227 in
2151 2189 2286 2243 pra:-

705 2265 852 2320 dicto
882 2267 1021 2331 loco,
1053 2265 1080 2304 δ
1112 2267 1231 2321 data
1262 2267 1363 2319 sibi
1398 2266 1646 2334 pergendi
1684 2270 1984 2334 evectione,
2026 2270 2091 2322 ad
2124 2284 2288 2339 syno-

705 2359 834 2412 dum
887 2359 1074 2415 venire
1123 2360 1483 2424 compellitur.
1538 2359 1638 2426 Qui
1689 2360 1954 2429 quoddam
2013 2361 2289 2416 castellum

706 2453 832 2507 dum
863 2453 1094 2517 adisset,
1127 2452 1212 2508 die
1244 2454 1520 2509 Dominico
1551 2457 1822 2524 ingressus
1860 2465 1944 2510 est
1991 2456 2244 2525 templum
2273 2474 2288 2523 ;

709 2562 940 2616 moxque
971 2547 1238 2601 Florentia
1270 2547 1449 2616 puella
1485 2547 1697 2615 gentilis
1720 2588 1737 2612 ,
1780 2548 2082 2616 irrumpens
2116 2548 2293 2603 multi-

711 2638 951 2692 tudinem
983 2638 1184 2706 pepuli,
1219 2653 1348 2693 voce
1380 2653 1570 2708 magna
1602 2653 1818 2693 servum
1851 2637 1945 2692 Dei
1981 2638 2103 2692 illoc
2128 2637 2292 2692 adve-

705 2732 854 2786 nisse
885 2740 1076 2786 testata
1115 2740 1235 2796 est,
1283 2739 1338 2785 et
1375 2731 1442 2784 ad
1485 2730 1646 2799 pedes
1689 2730 1804 2799 ejus
1847 2745 2135 2784 accurrens
2185 2745 2291 2783 non

711 2823 943 2877 cessavit
973 2830 1174 2890 petere,
1211 2821 1310 2874 nisi
1344 2821 1551 2889 signum
1583 2823 1757 2876 crucis
1787 2820 1855 2875 ab
1884 2822 2000 2890 ipso
2029 2821 2130 2877 sibi
2175 2821 2293 2876 fieri

709 2912 941 2967 fideliter
967 2912 1328 2981 impetrasset.
1369 2912 1538 2978 Quam
1572 2911 1874 2966 Florentius
1901 2921 2050 2980 pater
2078 2920 2293 2966 secutus

710 3016 824 3065 est,
857 3013 913 3059 et
941 3018 1130 3060 cuncta
1174 3004 1371 3057 familia
1406 3005 1455 3056 in
1485 3004 1698 3056 nomine
1730 3003 1938 3056 Domini
1984 3012 2296 3057 meruerunt

710 3096 912 3164 pariter
935 3094 1209 3164 baptizari.
1239 3094 1368 3162 Quae
1397 3094 1664 3149 Florentia
1683 3137 1698 3160 ,
1731 3095 1934 3150 relictis
1963 3093 2292 3162 parentibus,

712 3185 958 3256 vestigiis
983 3187 1099 3254 cjns
1125 3189 1414 3250 inbazrens,
1441 3200 1609 3253 usque
1633 3185 1873 3239 Pictavos
1900 3184 2152 3253 perducta
2175 3194 2291 3249 est;

712 3287 922 3344 patrem
953 3292 1079 3331 vero
1106 3291 1166 3330 se
1200 3275 1420 3341 habere,
1454 3292 1558 3329 non
1590 3291 1618 3328 a
1648 3291 1754 3343 quo
1781 3283 2032 3343 generata
2062 3284 2162 3341 est,
2197 3273 2295 3330 sed

715 3384 812 3438 per
839 3385 999 3440 quem
1029 3377 1342 3439 regenerata
1371 3377 1474 3430 est,
1505 3368 1848 3437 praedicabat.

792 3458 844 3512 8.
885 3459 1019 3514 Cum
1045 3474 1169 3514 vero
1194 3457 1492 3514 Seleuciam
1525 3458 1873 3524 pervenisset,
1905 3473 2096 3527 magno
2119 3458 2298 3515 favore

716 3568 748 3607 a
781 3553 988 3608 eunetis
1027 3563 1282 3623 exceptus
1311 3563 1426 3619 est,
1460 3568 1527 3607 eo
1553 3552 1692 3622 quod
1724 3553 1901 3606 divina
1935 3553 2296 3607 misericordia

719 3647 880 3700 talem
904 3647 1074 3699 virum
1106 3645 1601 3714 prudentissimum,
1634 3655 1690 3699 et
1717 3645 1972 3712 singulari
1999 3644 2299 3699 eruditione

718 3749 1056 3805 compertum
1078 3777 1095 3803 ,
1129 3737 1180 3790 in
1212 3738 1576 3805 Spectaculum
1608 3736 1787 3788 mundi
1823 3736 2165 3804 produxerit,
2211 3735 2298 3790 ubi

714 3839 832 3885 erat
873 3829 940 3883 de
973 3830 1073 3884 fide
1115 3829 1463 3884 censendum.
1516 3828 1648 3882 Hinc
1683 3837 1802 3897 post
1848 3827 2297 3880 examinationem

717 3923 914 3989 agnitis
947 3922 1188 3975 hostibus
1214 3929 1268 3974 et
1290 3921 1584 3990 oppressis,
1613 3921 1844 3974 decretis
1868 3920 1922 3974 in
1941 3920 2141 3988 scripto
2167 3935 2301 3973 con-

713 4015 870 4075 ditis,
913 4028 1168 4082 prospera
1198 4027 1390 4080 gerens
1431 4012 1620 4082 synodi
1663 4011 1728 4065 ad
1759 4012 2132 4078 imperatorem
2172 4011 2302 4065 diri—

714 4108 858 4175 gitur
907 4105 1099 4173 legatio
1133 4123 1145 4157 :
1179 4120 1298 4158 cum
1336 4122 1434 4172 qua
1484 4104 1718 4173 perrexit
1752 4113 1968 4159 sanctus
2014 4105 2249 4158 llilarius
2280 4148 2296 4171 ,

715 4198 959 4266 quamvis
987 4198 1034 4250 ei
1063 4212 1168 4250 non
1199 4196 1383 4250 fuisset
1415 4196 1736 4264 injunctum,
1770 4205 2009 4249 metuens
2033 4211 2099 4250 ne
2127 4195 2302 4250 adhuc

713 4298 900 4343 contra
934 4287 1209 4356 religionis
1244 4287 1492 4356 dogmata
1526 4286 1815 4353 respiraret
1843 4286 2092 4340 damnata
2137 4286 2301 4356 perﬁ-

719 4381 831 4434 dia.
865 4379 968 4434 Sed
995 4379 1265 4432 disserere
1289 4377 1504 4445 longum
1534 4387 1614 4431 est
1643 4377 1869 4444 qualiter
1897 4379 1948 4430 in
1982 4378 2302 4434 Ariminensi

722 4470 955 4543 synodo,
988 4483 1008 4508 ε
1034 4470 1330 4539 coinposita
1361 4469 1631 4521 mentione
1658 4468 1800 4520 aliud
1824 4485 1885 4520 ex
1910 4468 2014 4521 alio
2039 4469 2296 4533 referens,

720 4562 865 4617 fraus
900 4559 1147 4614 heretica
1179 4559 1486 4625 serpentino
1521 4557 1666 4624 lapsu
1699 4558 2059 4622 subrepserit,
2089 4567 2144 4612 et
2171 4575 2302 4624 quo-

723 4652 886 4706 modo
929 4661 1113 4720 postea
1148 4649 1336 4717 legatis
1382 4649 1790 4703 Seleucensibus
1830 4663 1922 4718 per
1965 4650 2304 4719 imperatoris

795 4770 821 4797 ι
867 4762 939 4812 lta
963 4760 1140 4812 Codex
1186 4758 1483 4825 Compend.
1513 4760 1611 4811 Alii
1646 4775 1793 4820 vero,
1822 4769 1875 4810 ut
1904 4770 2101 4823 patrem
2127 4777 2306 4829 exspe-

722 4840 880 4884 ctaret
911 4831 1004 4882 sibi
1045 4831 1354 4898 pollicitum.
1401 4831 1572 4882 Antea
1621 4831 1670 4881 in
1703 4843 1925 4896 quatuor
1978 4833 2130 4895 Mss.,
2163 4838 2304 4897 prius

724 4904 858 4955 male
888 4901 1069 4962 divisa,
1101 4915 1205 4952 non
1239 4902 1379 4968 prius
1408 4919 1437 4951 a
1469 4917 1625 4952 ma're
1656 4902 1834 4954 divisa.
1872 4901 2040 4954 IIDEM.

796 4970 824 5010 δ
872 4973 1079 5043 l_\liquot
1108 4972 1256 5031 Mss.,
1288 4972 1406 5022 data
1436 4973 1789 5043 vectiarie,_vel
1825 4976 2093 5024 ercrtionr.
2129 4973 2305 5043 Sulpi-

730 5044 848 5098 cius
871 5040 1022 5105 Sev.,
1048 5043 1165 5093 data
1189 5043 1454 5093 evectionis
1477 5043 1643 5106 capio.
1672 5041 1903 5094 [labetur
1931 5044 2019 5094 lib.
2050 5059 2137 5100 xu.
2169 5040 2299 5098 (Iud.

725 5115 794 5168 de
834 5127 994 5165 cursu
1039 5112 1291 5177 publit'o:
1341 5111 1664 5163 Erectiomun
1695 5113 1928 5174 capiam,
1977 5129 2091 5164 cum
2143 5118 2304 5172 pro/i-

725 5184 946 5237 cisccndi
976 5184 1043 5234 ad
1076 5199 1165 5234 nos
1207 5192 1474 5235 ttecessztas
1505 5183 1676 5251 fuerit,
1718 5185 1960 5236 serenitas
2002 5195 2172 5236 nostra
2202 5187 2305 5238 lar-

724 5256 831 5325 gita
859 5264 952 5305 est.
984 5255 1153 5325 llnrist.

804 5335 824 5362 ο
871 5324 1173 5390 Legendmn
1234 5321 1370 5375 haud
1424 5323 1582 5376 dubie
1632 5324 1944 5376 mmtitione.
2003 5324 2109 5376 Iloe
2163 5327 2302 5378 eoim

729 5395 931 5448 dictum
961 5405 1041 5447 est
1067 5393 1135 5447 de
1163 5394 1437 5446 mendacio
1463 5395 1806 5456 Arianorum,
1833 5412 1936 5461 quo
1968 5410 2150 5448 vocem
2181 5402 2305 5449 sub-

737 5466 948 5518 stantia:
992 5465 1057 5516 ab
1088 5463 1448 5518 Orientalibus
1485 5465 1701 5517 omnino
1744 5468 1921 5530 respui
1973 5466 2307 5532 impudenter

736 5535 945 5590 mentiti
979 5543 1119 5588 sunt.
1170 5534 1224 5587 In
1264 5535 1390 5589 Mss.
1425 5536 1739 5604 Compend.,
1786 5537 2117 5604 compositum
2163 5555 2304 5590 men-

731 5607 956 5659 dacium.
982 5604 1152 5658 ltusn.

808 5674 833 5712 ἀ
873 5676 960 5729 Sic
986 5675 1249 5742 Sulpicius
1279 5675 1507 5729 Severus
1540 5677 1632 5729 lib.
1667 5693 1725 5730 ll.

811 5746 932 5817 °7ln
974 5745 1245 5816 Vulgatis,
1273 5763 1333 5798 ne
1363 5744 1630 5800 Trinitatis
1672 5748 1791 5813 fidei
1831 5748 2114 5814 iniquitatis
2155 5751 2306 5817 per/i-

737 5817 824 5869 din
855 5816 1244 5881 interpolatoris
1275 5831 1456 5882 opera.
1495 5818 1628 5870 Mox.
1666 5821 1719 5870 S.
1749 5818 1922 5870 ΜΑυΙι.

813 5885 829 5923 ί
874 5889 958 5941 Su:
1008 5890 1237 5955 potiores
1281 5889 1404 5944 Mss.
1443 5888 1708 5946 Vclustior
1751 5907 1777 5943 c
1810 5890 1980 5957 Cum,
2019 5902 2120 5944 tam
2157 5894 2302 5945 mali-

2337 4603 2384 4661 D

2391 611 2587 666 athleta
2627 613 2823 668 Christi
2869 615 3058 668 beatus
3101 614 3338 668 Hilarius
3381 627 3701 684 agnoscens,
3744 615 3975 684 graviter

2395 705 2541 758 dolet
2578 705 2720 773 apud
2757 705 3060 759 Ariminum
3115 705 3314 758 diaboli
3359 704 3703 773 praevaluisse
3752 707 3976 759 menda-

2393 797 2569 864 cium,
2622 797 2674 851 in
2717 807 2920 851 tantum
2969 807 3028 851 ut
3069 805 3125 852 et
3157 797 3463 852 Orientales
3512 809 3693 866 partes
3732 799 3979 853 similiter

2392 890 2690 958 composito
2738 888 3013 958 pravitatis
3053 890 3173 943 fuco
3214 889 3475 945 inliceret.
3524 889 3846 959 Imperatori
3888 906 3980 943 au-

2394 990 2500 1035 tem
2522 978 2549 1016 ά
2582 980 2752 1034 tribus
2775 981 2967 1034 libellis
2997 979 3216 1047 oblatis,
3247 995 3433 1049 preces
3457 979 3646 1034 elfudit
3676 989 3753 1045 ut,
3787 981 3840 1034 in
3866 983 3981 1049 ejus

2391 1083 2678 1140 conspectu
2705 1074 2942 1126 collectis
2968 1073 3312 1137 adversariis,
3343 1085 3486 1129 esset
3513 1073 3563 1128 ei
3593 1083 3780 1128 contra
3813 1075 3983 1128 luere-

2395 1167 2527 1218 ticos
2555 1163 2892 1231 disceptandi
2921 1163 2990 1218 de
3030 1164 3288 1233 religione
3319 1165 3528 1218 licentia
3549 1204 3565 1230 ,
3600 1179 3667 1220 ne
3697 1166 3981 1220 veritatem

2394 1256 2591 1308 falsitas
2617 1255 2982 1321 obumbraret,
3027 1261 3052 1291 ⁶
3085 1270 3152 1309 ne
3193 1256 3429 1324 aequitati
3483 1256 3733 1325 iniquitas
3781 1272 3983 1321 prama-

2395 1348 2546 1410 leret,
2583 1363 2648 1400 ne
2680 1347 2971 1412 imperator
3002 1347 3109 1400 Deo
3149 1349 3463 1410 resisteret,
3499 1363 3565 1400 ne
3608 1347 3730 1401 lidei
3760 1349 3984 1416 perﬁdia

2395 1441 2699 1495 rebellaret.
2749 1438 2897 1494 Unde
2951 1436 3150 1492 Valens
3200 1448 3256 1492 et
3307 1439 3584 1506 Ursacius,
3637 1439 3987 1493 conscientia:

2397 1542 2546 1586 reatu
2588 1533 2880 1600 perterriti,
2921 1532 3198 1600 quoniam,
3250 1531 3297 1586 si
3341 1531 3558 1585 daretur
3609 1531 3834 1586 facultas
3872 1547 3989 1585 cer-

2398 1627 2542 1679 tamli
2572 1671 2586 1692 ,
2633 1642 2753 1680 mox
2799 1641 2861 1680 se
2911 1627 3369 1695 recognoscebant
3413 1626 3599 1680 Hilarii
3639 1626 3990 1680 contentione

2393 1716 2683 1786 prosterni,
2710 1716 3004 1769 sollicitant
3027 1717 3366 1782 imperatoris
3389 1717 3650 1783 animum,
3681 1713 3700 1753 τ
3738 1727 3845 1768 tam
3873 1731 3990 1768 ma-

2398 1811 2536 1877 ligna
2569 1818 2716 1876 parte
2741 1810 3034 1876 captivum,
3060 1819 3118 1862 ut
3150 1809 3324 1878 ipsum
3357 1810 3449 1864 Dei
3483 1811 3654 1864 virum
3688 1809 3755 1863 ad
3789 1811 3988 1864 Gallias

2393 1901 2571 1956 redire
2603 1913 2954 1970 perurgeret,
2984 1903 3246 1965 dicentes,
3289 1901 3380 1956 illo
3412 1915 3699 1972 prasente,
3732 1905 3989 1958 heretica

2393 2009 2500 2046 non
2533 2006 2693 2060 posse
2723 1993 3152 2046 machinamenta
3184 1994 3462 2061 prolicere.
3496 1993 3614 2060 Quo
3641 1994 3888 2055 obtentu.
3921 1994 3988 2048 ad

2396 2085 2598 2140 Gallias
2626 2085 2940 2154 compulsus
2967 2087 3273 2151 revertitur,
3305 2096 3498 2154 putans
3526 2087 3760 2155 amplius
3790 2103 3852 2142 se
3879 2090 3990 2155 pati

2395 2179 2644 2249 exsilium
2672 2218 2688 2242 ,
2715 2177 2858 2244 quod
2898 2177 3009 2233 illic
3036 2179 3492 2246 perturbationem
3528 2179 3784 2233 Ecclesiae
3827 2181 3992 2233 relin-

2392 2270 2625 2336 quebat,
2678 2269 2909 2323 termino
2956 2268 3366 2338 disceptationis
3415 2264 3525 2323 non
3577 2282 3896 2324 consecuto.
3948 2270 3995 2325 0

2393 2363 2609 2416 beatum
2659 2361 2988 2430 pontificem,
3023 2361 3110 2430 qui
3159 2363 3211 2415 in
3246 2375 3457 2416 summo
3486 2362 3800 2418 discrimine
3825 2404 3839 2427 ,
3894 2365 3997 2416 ini-

2394 2454 2535 2508 mico
2564 2451 2721 2506 etiam
2751 2451 2850 2506 sibi
2892 2451 3072 2521 judice
3099 2491 3114 2516 ,
3148 2451 3282 2505 adiit
3325 2454 3555 2505 tribunal
3588 2455 3838 2521 imperii,
3877 2453 3996 2510 sine

2395 2546 2586 2598 timore
2641 2543 2942 2598 tormenti!
2999 2541 3139 2598 Vere
3203 2541 3328 2598 totis
3381 2545 3680 2599 visceribus
3732 2545 3996 2613 diligebat

2395 2633 2593 2689 Christi
2642 2649 2893 2703 regnum,
2939 2634 3026 2704 qui
3068 2647 3174 2688 non
3223 2633 3546 2689 formidabat
3591 2636 3643 2688 in
3691 2635 3998 2704 principatu

2396 2725 2790 2780 Constantium.
2832 2723 2964 2778 Nam
3006 2724 3148 2792 quod
3179 2738 3238 2778 se
3276 2739 3370 2792 pro
3416 2725 3643 2777 Domino
3672 2726 3751 2778 sic
3785 2727 3999 2795 ingere-

2395 2819 2487 2874 bat
2515 2827 2698 2887 aperto
2729 2817 2993 2886 periculo,
3025 2818 3252 2886 optabat
3288 2818 3605 2888 martyrium
3634 2859 3648 2881 ,
3684 2821 3726 2872 si
3759 2835 3865 2872 non
3899 2820 3998 2872 de-

2399 2909 2587 2966 fuisset
2617 2925 2933 2978 percussor;
2963 2919 3018 2964 et
3045 2920 3220 2964 tamen
3246 2914 3454 2964 animus
3484 2913 3716 2978 sumpsit
3743 2912 3996 2981 gloriam,

2398 3002 2498 3056 etsi
2549 3012 2757 3070 tempus
2797 3016 2902 3054 non
2951 3001 3129 3059 iutttlit
3180 3017 3413 3066 pmnam.
3462 3002 3568 3058 Sed
3621 3002 3764 3057 hunc
3815 3003 3992 3072 ipsum

2400 3093 2580 3146 divino
2653 3103 2782 3147 nutu
2855 3103 3123 3147 servatum
3173 3096 3430 3148 testificor
3505 3109 3601 3163 pro
3650 3096 3995 3150 correctione

2403 3195 2429 3233 ε
2449 3195 2780 3240 cunctorum.
2826 3186 2958 3240 Nam
2991 3201 3126 3255 pene
3153 3196 3320 3240 totum
3352 3186 3609 3240 mundum
3640 3188 3789 3255 gravi
3814 3203 3999 3242 errore

2401 3277 2679 3333 confusum
2700 3321 2714 3344 ,
2743 3276 2898 3331 factis
2930 3277 3129 3345 sazpius
3156 3278 3208 3330 in
3240 3275 3411 3331 Gallia
3438 3278 3683 3347 synodis,
3720 3292 3814 3346 per
3849 3278 3997 3330 llila-

2401 3374 2538 3425 rium
2582 3370 2747 3425 fuisse
2776 3370 2840 3424 ad
2873 3369 3012 3424 viam
3064 3370 3302 3424 veritatis
3331 3370 3621 3423 adductum
3645 3411 3662 3434 ,
3711 3375 4003 3426 conlitetur

2400 3463 2576 3535 lingua
2608 3465 2912 3518 multorum.
2938 3462 3074 3530 Quid
3103 3472 3280 3518 autem
3311 3464 3534 3516 interest
3565 3465 3616 3528 ιι,
3646 3463 3728 3515 vel
3761 3464 3866 3516 sibi
3897 3479 3993 3530 pro

2402 3565 2598 3608 aeterna
2632 3555 2734 3608 vita
2790 3554 2986 3607 factum
3035 3552 3199 3608 fuisse
3250 3560 3582 3622 martyrem,
3631 3554 3717 3606 vel
3771 3555 4003 3622 amplius

2403 3645 2637 3709 vixisse,
2695 3644 2883 3714 reliqui
2935 3658 3002 3697 ne
3056 3643 3341 3711 perirent?
3391 3641 3552 3710 Igitur
3600 3641 4000 3696 sanctissimam

2403 3741 2633 3792 animam
2664 3738 2761 3791 etsi
2806 3737 3014 3806 gladius
3046 3735 3410 3806 persecutoris
3455 3751 3562 3789 non
3604 3735 3853 3803 abstulit,
3889 3737 4002 3806 pal-

2404 3844 2544 3883 mam
2578 3838 2756 3882 tamen
2789 3827 3028 3899 martyrii
3063 3844 3170 3880 non
3203 3827 3400 3881 amisit.

2473 3921 2528 3977 9.
2570 3922 2749 3990 Itaque
2773 3921 2898 3975 dum
2928 3919 3305 3990 regrederetur
3339 3919 3403 3971 ad
3436 3918 3649 3985 propria
3674 3958 3690 3980 ,
3725 3929 3854 3970 tunc
3878 3919 4004 3971 bea-

2404 4024 2489 4068 tus
2517 4013 2792 4078 Martinus,
2825 4028 2976 4081 a'que
2999 4013 3310 4065 meritorum
3337 4011 3534 4064 lumine
3568 4009 3722 4063 i-non
3751 4013 3985 4064 abscoii.

2404 4117 2514 4168 sus,
2541 4103 2630 4168 qui
2655 4102 2723 4156 ab
2743 4105 2930 4156 eodem
2959 4112 3144 4156 sancto
3169 4101 3368 4154 llilario
3393 4101 3660 4154 exorcista
3692 4110 3777 4154 est
3805 4114 3998 4166 postea

2403 4196 2743 4262 constitutus,
2773 4194 2986 4261 c0gnito
3017 4195 3249 4248 adventu
3280 4192 3395 4262 ejus
3418 4233 3432 4256 ,
3466 4192 3692 4246 Romam
3736 4193 4001 4248 festinau-

2408 4299 2488 4343 ter
2511 4288 2766 4342 occurrit.
2794 4288 2960 4354 Quem
2991 4301 3109 4340 cum
3135 4285 3246 4355 jam
3277 4285 3596 4353 prateriisse
3622 4296 4002 4352 cognosceret,

2407 4393 2576 4447 usque
2609 4377 2673 4431 ad
2704 4377 2902 4431 Gallias
2941 4387 3260 4431 consecutus
3290 4386 3394 4431 est.
3433 4375 3614 4444 Neque
3643 4378 3790 4430 enim
3822 4377 4004 4430 Marti-

2409 4487 2546 4534 nus,
2579 4470 2667 4537 qui
2711 4472 2886 4524 adbuc
2932 4470 3350 4525 catechumenus
3389 4467 3662 4523 Christum
3709 4469 4004 4537 chlamyde

2410 4579 2503 4617 sua
2538 4573 2737 4616 tectum
2767 4561 2952 4616 videre
2988 4561 3224 4626 meruit,
3272 4561 3347 4614 illi
3379 4561 3606 4615 devotus
3647 4571 4002 4623 occurreret,

2413 4655 2512 4709 nisi
2545 4670 2639 4724 per
2661 4654 2836 4708 omnia
2867 4653 3138 4724 mysteriis
3170 4654 3383 4722 plenum
3412 4655 3464 4708 in
3494 4669 3560 4708 eo
3583 4653 3836 4722 spiritum
3865 4669 4009 4723 pra:—

2409 4784 2506 4833 (ma
2536 4782 2590 4818 re
2633 4782 2721 4835 per
2748 4773 2908 4816 artmt
2956 4765 3228 4833 captitum.
3273 4765 3465 4819 Caneri
3513 4780 3642 4819 vero
3688 4765 3858 4832 libri,
3889 4768 4003 4835 iam

2407 4854 2593 4904 ιηιιφηι
2622 4854 2684 4889 ea:
2714 4847 2856 4902 parte
2881 4851 2975 4903 cap
3000 4838 3150 4888 itum.
3186 4837 3352 4890 lmen.

2481 4919 2505 4954 Β
2548 4907 2716 4962 Editi.
2769 4907 3075 4964 multorum,
3123 4907 3475 4959 renitentibus
3523 4906 3797 4974 plerisque
3842 4909 4001 4968 Μῦς..

2407 4979 2599 5044 qubus
2647 4977 2965 5043 Suffragatur
3012 4976 3136 5028 illud
3183 4977 3426 5043 Sulpicii,
3487 4991 3604 5043 pag.
3651 4976 3759 5029 2-52
3797 4997 3808 5029 :
3848 4980 4005 5044 Opti-

2409 5065 2543 5101 mum
2591 5051 2726 5118 factu
2762 5049 3057 5107 arbitratus,
3105 5063 3341 5118 revocare
3387 5060 3592 5099 cunctos
3637 5049 3706 5099 ad
3751 5053 4006 5114 panitet:-

2409 5123 2555 5180 tiam,
2585 5119 2926 5186 frequentibus
2954 5120 3090 5169 intra
3123 5117 3320 5170 Gallias
3348 5119 3596 5175 conciliis.
3626 5130 3734 5170 etc.
3769 5118 3946 5173 Ιιῃειι.

2478 5189 2504 5226 ιι
2549 5193 2600 5242 In
2651 5189 2903 5256 Vulgatis,
2948 5188 3024 5240 vel
3068 5190 3151 5250 si;
3197 5191 3247 5240 in
3295 5189 3534 5256 pluribus
3579 5189 3732 5251 Mss.,
3781 5191 3858 5242 vel
3912 5208 4004 5250 se.

2409 5260 2574 5326 magis
2606 5261 2777 5326 placet
2808 5275 2926 5311 cum
2961 5260 3278 5325 potioribus,
3323 5259 3400 5312 vel
3429 5259 3547 5322 sibi,
3584 5262 3686 5313 hoc
3717 5271 3825 5323 est,
3856 5263 4005 5330 quod

2407 5333 2507 5385 sibi
2541 5333 2627 5383 uni
2661 5330 2962 5397 profuiSsct.
2996 5330 3165 5382 liueat.

2485 5402 2500 5437 ί
2547 5401 2827 5467 Antiquior
2857 5400 2981 5452 Mss.
3015 5400 3198 5459 Colb..
3239 5415 3342 5452 non
3372 5399 3634 5452 obscurus.
3670 5399 3807 5452 Tum
3840 5400 4010 5454 Com-

2407 5472 2570 5542 pend.
2598 5489 2611 5524 :
2638 5477 2723 5538 qui
2750 5472 2814 5524 ab
2841 5469 3044 5523 Hilario
3071 5472 3338 5537 defensore
3360 5483 3535 5523 sancto
3559 5473 3836 5531 exorcista,
3864 5483 4004 5533 etc.,

2408 5547 2606 5595 omissa
2638 5557 2766 5595 voce
2816 5553 3011 5609 postea,
3066 5558 3223 5608 quam
3274 5557 3366 5606 per
3395 5545 3658 5610 glossema
3720 5544 3822 5593 huc
3867 5543 4010 5594 irre-

2412 5615 2586 5677 psisse
2639 5623 2827 5667 censet
2859 5612 3166 5665 Bollandus.
3221 5613 3542 5666 Αιίθειοιιε
3595 5621 3858 5681 pugnaret
3920 5613 4010 5664 hic

2409 5684 2737 5738 Fortunatus
2766 5698 2887 5736 cum
2919 5684 3192 5751 Sulpicio,
3229 5685 3317 5746 qui
3350 5682 3631 5736 Manilium
3672 5685 3739 5734 ab
3775 5683 4006 5745 Ililario,

2410 5765 2693 5879 Entellmam
2718 5754 3006 5821 exsul-aret,
3036 5763 3355 5809 exurenstam
3385 5753 3692 5807 ordinatum
3715 5767 3837 5807 esse
3865 5754 4008 5806 scri-

2450 5836 2503 5877 ll.
2565 5840 2707 5878 IDEM.

2450 5836 2503 5877 ll.
2542 5836 2707 5878 lleat.
