4192 6540
198 356 308 412 445

1338 349 1497 405 VITA
1540 350 1595 407 S.
1636 347 1893 405 MILARII
1934 348 2405 405 PICTAVIENSIS

3398 352 3504 409 H6

203 473 450 528 vidisset.
483 469 591 525 Nec
620 469 813 524 mirum
860 468 904 523 si
937 466 1028 522 ille
1068 466 1157 536 qui
1190 464 1358 520 Deum
1405 466 1551 535 prius
1578 464 1708 519 vidit
1734 462 1786 517 in
1814 465 1864 522 Δ
1890 463 2011 531 jaco
2063 464 2299 529 nomine,
2347 465 2473 519 dum
2522 463 2869 535 prmcepissct
2920 468 3242 533 consistere,
3296 468 3496 524 virtute

200 579 438 634 paupere
467 572 652 633 postea
704 561 853 615 illum
901 560 1143 615 habitare
1189 568 1541 629 cognosceret
1590 558 1643 613 in
1689 557 1790 612 do-

196 672 371 712 more.

274 748 361 802 l0.
406 745 540 801 Illud
590 746 752 800 etiam
804 742 960 797 nobis
1012 758 1114 796 non
1166 743 1419 799 cniivenit
1465 754 1569 797 tam
1618 742 1793 796 nobile

197 840 478 909 prmterire
510 839 846 892 miraculum.
894 837 1022 890 Nam
1054 853 1177 890 cum
1214 844 1238 870 ⁸
1271 838 1410 890 circa
1442 834 1792 889 Gallinariam

196 931 431 984 insulam
481 930 887 998 pr0piiiquaret,
922 928 1181 981 relatione
1213 928 1428 997 agnovit
1453 928 1747 981 vicinorum
1774 967 1790 991 ,

195 1022 401 1076 ibidem
444 1019 679 1091 ingentia
721 1021 1045 1087 serpentium
1092 1020 1365 1074 volumina
1412 1019 1529 1074 sine
1572 1034 1795 1074 numero

197 1115 514 1183 pervagari,
545 1123 600 1167 et
625 1113 693 1166 ob
737 1112 838 1167 hoc
868 1113 1116 1182 quamvis
1157 1113 1263 1166 illis
1297 1113 1408 1166 Ιιιιιε
1439 1112 1611 1167 insula
1644 1112 1795 1167 vide-

199 1220 354 1262 retur
403 1208 596 1271 vicina,
652 1218 872 1275 propter
917 1207 1347 1261 inaccessibiletn
1392 1216 1571 1261 tamen
1617 1206 1793 1260 locum

194 1298 414 1367 longius
444 1298 550 1352 illis
578 1299 860 1353 videbatur
883 1313 1005 1353 esse
1031 1312 1188 1367 quam
1219 1298 1422 1353 Africa.
1449 1298 1563 1365 Quo
1587 1298 1792 1364 audito,

193 1392 282 1445 vir
314 1390 411 1445 Dei
443 1395 682 1445 sentiens
711 1390 809 1445 sibi
840 1391 906 1443 de
948 1388 1156 1444 bcstiali
1192 1405 1364 1460 pugna
1397 1389 1579 1444 venire
1618 1390 1792 1442 victo-

194 1482 357 1551 riam,
390 1485 443 1537 iii
476 1485 692 1537 nomine
748 1483 984 1546 Domini,
1012 1483 1348 1551 praecedente
1371 1483 1547 1537 crucis
1570 1483 1793 1547 auxilio,

192 1576 479 1631 descendit
510 1578 563 1628 in
612 1576 877 1640 insulam;
910 1590 1083 1644 eoque
1113 1574 1230 1629 viso
1256 1615 1271 1639 ,
1308 1586 1586 1642 serpentes
1627 1574 1678 1627 in
1714 1573 1795 1627 fu-

191 1683 317 1738 gam
363 1665 613 1721 conversi
661 1675 823 1728 sunt,
871 1681 974 1718 non
1010 1665 1302 1719 tolerantes
1349 1664 1464 1733 ejus
1496 1674 1793 1733 aspectum.

188 1759 347 1815 Tunc
378 1760 630 1813 baculum
672 1759 840 1828 ﬁgens
867 1758 917 1811 iti
952 1770 1149 1811 terrain
1177 1797 1191 1821 ,
1235 1757 1387 1827 quasi
1416 1766 1610 1809 metam
1638 1797 1654 1821 ,
1688 1770 1795 1825 quo

1896 556 2074 610 divina
2096 556 2378 611 meruitibi
2404 557 2596 612 beatus
2619 556 2877 613 Martinus
2905 572 3174 614 mortuum
3202 561 3489 615 suscitare.

1899 648 2103 703 Deinde
2134 659 2253 718 post
2303 648 2507 719 aliquot
2539 650 2654 704 dies
2702 650 2877 704 infans
2917 651 3139 720 quidam
3177 652 3298 708 sine
3327 652 3498 720 bapti-

1896 742 1997 796 smi
2052 743 2457 812 regeneratione
2503 743 2784 797 defunctus
2840 751 2924 797 est
2973 761 2985 795 :
3042 744 3242 812 duplici
3318 754 3493 798 morte

1897 837 2209 903 damnatus,
2258 846 2573 906 praesentem
2635 838 2896 891 amiserat
2942 837 3116 891 lucem
3147 880 3161 899 ,
3220 846 3274 890 et
3336 851 3494 904 pinna

1898 928 2061 982 futuri
2090 930 2273 982 surculi
2304 945 2409 982 non
2438 928 2676 983 carebat.
2701 928 2851 981 Tunc
2880 937 3050 982 mater
3079 926 3343 991 exstincti,
3375 941 3497 996 qua:

1893 1020 2004 1087 jam
2038 1030 2208 1073 mater
2231 1035 2335 1073 non
2368 1030 2502 1083 erat,
2527 1020 2650 1072 dum
2682 1018 2848 1072 lilium
2879 1034 2989 1072 non
3017 1019 3268 1078 habebat.
3301 1033 3496 1087 provo-

1898 1114 2007 1169 luta
2030 1114 2095 1169 ad
2129 1114 2289 1183 pedes
2316 1115 2491 1167 sancti
2512 1113 2718 1179 Ililarii,
2755 1112 3189 1183 praecedentibus
3208 1112 3488 1181 lacrymis,

1898 1209 2005 1263 nati
2038 1208 2118 1262 sui
2149 1222 2342 1276 corpus
2392 1206 2578 1260 elfudit
2599 1247 2613 1271 ,
2643 1206 2954 1261 exclamans
2983 1222 2993 1255 :
3030 1204 3288 1259 Martinus
3318 1202 3495 1256 adhuc

1898 1300 2160 1369 incipiens
2209 1300 2659 1355 catecliuincnum
2718 1311 2989 1354 mortuum
3044 1294 3353 1365 revocavit;
3404 1308 3493 1363 tti,

1899 1392 2156 1463 pontifex,
2183 1392 2368 1456 redde,
2425 1406 2574 1465 rogo,
2612 1391 2801 1456 lilium,
2847 1401 2939 1445 aut
2970 1390 3123 1457 milii,
3176 1400 3269 1442 aut
3320 1389 3495 1456 bapti-

1898 1500 2046 1550 smo;
2069 1486 2157 1554 qui
2177 1486 2358 1554 populi
2389 1494 2539 1554 pater
2562 1484 2890 1553 agnosceris,
2917 1492 2975 1537 ut
2993 1498 3093 1552 ego
3116 1493 3288 1536 mater
3308 1496 3494 1545 vocer,

1898 1594 2102 1650 quisse,
2137 1579 2406 1634 obtineas.
2431 1579 2522 1632 Sic
2548 1579 2635 1632 illa
2668 1579 2787 1646 plus
2816 1578 3070 1647 lacrymis
3092 1584 3310 1645 petente
3332 1590 3493 1643 quam

1898 1674 2099 1740 verbis,
2134 1683 2433 1728 commotus
2461 1680 2544 1727 est
2594 1672 2792 1741 pietate
2841 1671 2925 1724 vir
2952 1668 3067 1735 Dei,
3101 1677 3174 1732 et,
3216 1674 3496 1736 spectante

1900 1765 2127 1834 populo,
2164 1774 2188 1812 8
2223 1763 2290 1816 ad
2324 1771 2578 1817 consueta
2630 1776 2779 1815 arma
2827 1774 3137 1823 recurrens,
3189 1758 3240 1812 in
3297 1766 3494 1811 terrain

191 1866 371 1922 usque
399 1850 656 1904 deberent
696 1863 986 1904 excurrere
1010 1888 1025 1913 ,
1060 1849 1272 1901 virtutis
1304 1847 1330 1885 δ
1366 1848 1602 1917 potentia
1647 1847 1792 1901 desi-

1904 1827 2277 1925 prosternitur.
2305 1856 2419 1909 Mox
2448 1853 2701 1920 paulatim
2727 1851 2963 1905 defuncti
2995 1848 3023 1887 ιι
3058 1849 3230 1918 pallor
3253 1848 3304 1902 in
3330 1846 3493 1901 rubo-

190 1944 420 2013 gnavit;
458 1958 555 1997 nec
596 1943 826 2010 amplius
874 1942 1090 1995 libertas
1113 1951 1197 1995 est
1225 1940 1328 1994 illis
1369 1954 1633 2008 occupare
1654 1940 1795 2009 quod

189 2036 364 2089 vetuit
391 2045 438 2093 ε,
464 2043 715 2102 tanquam
747 2033 790 2085 si
821 2034 1028 2100 reliqiia
1054 2046 1177 2101 pars
1203 2031 1389 2084 insula:
1414 2047 1518 2084 non
1539 2034 1610 2083 sit
1632 2041 1796 2097 terra,

187 2124 289 2180 sed
326 2125 580 2193 pelagus;
628 2124 750 2191 quia
784 2124 913 2177 dum
944 2139 1159 2192 semper
1186 2123 1331 2177 illam
1372 2134 1574 2191 partem
1608 2139 1798 2177 vereu-

192 2227 283 2270 tur
315 2216 603 2284 attingere,
632 2216 841 2270 facilius
867 2225 983 2269 erat
1009 2215 1114 2268 illis
1139 2230 1288 2270 mare
1322 2216 1552 2269 transire
1582 2213 1609 2250 ά
1636 2230 1795 2284 quam

189 2325 417 2364 vocem.
452 2309 496 2363 Ο
521 2307 906 2363 immutabilem
935 2307 1245 2371 terminum,
1274 2308 1344 2362 de
1369 2322 1618 2363 sermone
1646 2309 1798 2378 plan-

190 2410 372 2455 tatum
402 2403 416 2455 !
449 2403 689 2469 Apparet
717 2408 976 2469 quantum
1008 2410 1091 2452 est
1117 2400 1309 2454 melior
1334 2399 1503 2453 Adam
1529 2400 1799 2455 secundus

196 2492 449 2563 antiquo.
486 2492 579 2545 Ille
608 2492 845 2558 serpenti
875 2490 1087 2559 paruit;
1121 2491 1220 2545 iste.
1261 2505 1448 2547 servos
1477 2492 1672 2556 habet,
1704 2492 1794 2561 qui

190 2593 431 2653 possunt
479 2582 821 2651 serpentibus
864 2582 1150 2651 imperare.
1188 2582 1280 2638 Ille
1320 2598 1415 2653 per
1454 2583 1679 2638 bestiam
1726 2587 1796 2639 de

190 2678 332 2732 sede
355 2676 585 2744 paradisi
618 2676 890 2746 projectus
911 2688 1015 2741 est,
1046 2676 1148 2731 iste
1171 2675 1237 2731 de
1258 2678 1370 2731 suis
1392 2678 1658 2733 cubilibus
1681 2694 1796 2733 ser-

187 2779 391 2843 pentes
440 2769 689 2825 exclusit.
734 2769 997 2837 Deposuit
1039 2771 1226 2839 anguis
1264 2783 1287 2810 ο
1316 2770 1519 2840 antiqui
1569 2772 1793 2827 menda-

187 2865 339 2920 cium
366 2903 383 2930 ,
415 2866 504 2933 qui
535 2863 722 2918 didicit
754 2862 979 2933 implere
1022 2864 1353 2918 mandatum.
1386 2864 1430 2919 Ο
1462 2864 1644 2919 Hilarii
1675 2866 1795 2918 dul-

187 2957 356 3018 cedo,
391 2956 840 3012 medicamentum
868 2996 883 3021 ,
917 2966 971 3011 et
1003 2972 1294 3024 meracum,
1334 2966 1457 3011 ante
1488 2972 1647 3027 quem
1679 2958 1795 3012 sine

186 3064 349 3104 mora
375 3064 579 3105 venena
604 3049 781 3118 fugata
806 3061 929 3104 sunt
954 3051 967 3103 !
994 3048 1213 3103 Addidit
1237 3058 1434 3103 terram
1462 3048 1790 3112 hominibus,

1901 1964 2015 2003 rem
2050 1949 2411 2010 convertitur,
2446 1944 2639 2015 frigida
2669 1942 2909 1998 membra
2933 1983 2946 2007 ,
2980 1948 3235 1996 revocato
3282 1940 3491 2005 spiritu,

1903 2039 2281 2108 intepescunt,
2308 2038 2446 2092 oculi
2478 2038 2678 2105 apertis
2707 2034 3080 2104 palpebrarum
3109 2033 3287 2103 januis
3339 2045 3494 2100 pere—

1900 2132 2112 2201 grinum
2160 2132 2336 2184 lumen
2365 2140 2685 2197 agnoscunt,
2728 2141 2829 2179 vox
2878 2124 3110 2178 adducto
3155 2137 3279 2177 aere
3308 2123 3375 2175 de
3407 2136 3495 2190 pe-

1900 2230 2065 2279 etoris
2094 2222 2364 2277 domicilio
2391 2220 2619 2276 conﬂata
2642 2217 3164 2287 profertur,gressus
3187 2214 3298 2268 suis
3325 2213 3493 2266 vesti-

1899 2320 2000 2391 giis
2031 2317 2300 2373 redivivus
2350 2315 2677 2379 extenditur,
2732 2313 2785 2367 in
2818 2311 3107 2365 auterioris
3157 2306 3495 2362 fundamenti

1900 2425 2096 2468 statum
2152 2420 2259 2465 t0ta
2309 2410 2508 2464 fabrica
2537 2416 2849 2462 renovatur.
2881 2404 3020 2472 Quid
3054 2400 3252 2471 plural
3280 2400 3489 2454 Tatidiu

1896 2504 2067 2577 jacuit
2105 2502 2363 2560 sacerdos
2395 2503 2445 2555 in
2478 2501 2715 2569 pulvere,
2750 2498 2924 2552 donec
2952 2494 3155 2564 pariter
3183 2500 3489 2562 surgerent,

1899 2614 2065 2655 senex
2091 2600 2159 2652 de
2184 2595 2453 2658 oratione,
2483 2592 2662 2646 iulans
2695 2591 2762 2644 de
2787 2598 2982 2643 morte.
3008 2586 3151 2642 Ecce
3178 2584 3284 2639 vita
3307 2582 3491 2639 lauda-

1899 2692 2024 2749 bilis
2048 2732 2063 2757 ,
2095 2704 2216 2759 qua:
2244 2686 2311 2741 de
2340 2685 2564 2740 alterius
2593 2696 2822 2752 corpore
2870 2693 3055 2734 necem
3082 2675 3331 2745 precibus
3354 2672 3491 2728 ellu-

1898 2789 2062 2858 gavit,
2090 2784 2343 2854 spoliavit.
2380 2777 2689 2840 Tartarum,
2719 2789 2875 2851 spem
2928 2772 3134 2825 habens
3158 2769 3210 2823 in
3251 2766 3489 2822 Christo.

1900 2882 2044 2935 Mors
2074 2877 2144 2931 ibi
2188 2874 2307 2945 jura
2338 2886 2446 2926 non
2492 2868 2695 2930 tenuit,
2724 2865 2809 2920 ubi
2836 2864 3068 2918 Hilarius
3096 2864 3202 2915 vim
3231 2860 3491 2915 orationis

1898 2970 2140 3041 ingessit.
2166 2965 2270 3023 Sed
2305 2974 2449 3019 tanta
2481 2976 2567 3016 res
2589 2973 2694 3014 non
2726 2966 2909 3027 potest
2939 2954 3139 3009 nostris
3164 2952 3345 3007 verbis
3370 2950 3488 3021 plus

1896 3062 2109 3128 ornari,
2171 3073 2331 3129 quam
2397 3054 2564 3123 ipsius
2618 3050 2847 3106 meritis.
2912 3048 3065 3103 Nunc
3109 3059 3237 3100 vero
3287 3057 3491 3098 memo-

184 3144 320 3214 quia
355 3145 407 3198 in
442 3144 559 3197 loco
590 3143 785 3197 bellua:
813 3142 988 3197 incola
1019 3143 1437 3212 transmigravit.
1470 3141 1579 3197 Sed
1606 3156 1791 3198 rever-

1900 3158 2124 3213 rauduui
2193 3162 2300 3219 est,
2366 3148 2509 3221 quod
2570 3159 2728 3215 supra
2784 3142 2800 3180 ί
2848 3140 3311 3211 ρνωῑεηηίεἰῐηιιδ,
3361 3152 3493 3208 qua-

1904 3251 1932 3253 e-
2122 3248 2133 3253 -
2276 3246 2285 3253 .
2419 3244 2430 3253 .
2597 3239 2609 3253 .
2682 3252 2687 3253 ,
2790 3231 3254 3253 .._-____,_“__,-
3307 3244 3461 3253 -______

186 3247 375 3289 tamur
402 3236 469 3289 ad
500 3234 767 3290 ordinem.

270 3327 361 3382 ll.
403 3325 560 3393 Cum,
587 3325 655 3380 de
678 3323 868 3382 exsilio
896 3338 1207 3395 regressus,
1265 3323 1509 3379 introivit
1535 3323 1789 3389 Pictavis,

183 3435 415 3481 summo
464 3421 653 3476 favore
702 3419 1026 3489 plaudebant
1073 3432 1262 3473 omnes
1305 3418 1527 3486 pariter,
1555 3432 1620 3473 eo
1648 3418 1792 3487 quod

184 3512 429 3568 ecclesia
453 3510 747 3580 recepisset
770 3509 1098 3579 pontificem,
1122 3524 1251 3580 grex
1270 3518 1569 3578 pastorem;
1590 3516 1647 3563 et
1670 3523 1732 3563 ac
1748 3508 1793 3564 si

184 3620 389 3663 omnes
407 3620 527 3659 cum
562 3604 679 3673 ipso
708 3615 834 3658 tunc
856 3604 1127 3658 redissent
1153 3601 1217 3657 ad
1248 3602 1473 3671 patriam
1497 3640 1514 3669 ,
1564 3601 1634 3656 ita
1677 3603 1794 3657 sine

187 3698 291 3755 illo
314 3712 374 3753 se
405 3696 629 3751 exsules
662 3695 826 3750 fuisse
854 3694 1142 3748 deﬂebant.

266 3788 363 3844 12.
406 3788 591 3859 Itaque
622 3786 838 3842 beatum
889 3784 1174 3841 Martinam
1230 3786 1283 3840 in
1327 3782 1511 3852 vico‘,
1553 3782 1795 3855 Locoge-

266 3929 298 3957 ⁸
342 3920 532 3976 Plures
580 3919 708 3974 Mss.
736 3962 751 3985 ,
802 3921 939 3971 circa
991 3916 1145 3972 Dives
1195 3915 1483 3971 Galliarum
1531 3916 1795 3979 insulam;

182 3994 387 4058 sicque
432 3991 737 4045 Bouclietus
778 3991 935 4053 legit,
973 4004 1036 4043 ac
1075 3998 1222 4056 putat
1270 3993 1406 4041 lianc
1453 3988 1679 4040 insulam
1726 3989 1794 4042 ad

190 4078 369 4130 rupes
402 4062 783 4116 Pritnalienses
813 4063 991 4113 sitam.
1030 4060 1180 4130 "and
1216 4059 1399 4123 procul
1431 4058 1682 4130 Rupella,
1717 4061 1793 4113 titi

188 4128 497 4191 Bo'llandus
525 4132 853 4191 observavit,
889 4132 1063 4184 vicum
1096 4129 1225 4184 Yves
1252 4140 1307 4183 et
1338 4139 1552 4197 pontem
1589 4128 1793 4193 d’Yt-es,

185 4205 464 4259 exhibent
490 4203 684 4257 tabula:
712 4203 763 4256 iii
793 4202 1033 4255 Alitesio.
1064 4200 1312 4254 Valesius
1338 4210 1540 4262 autem,
1568 4200 1619 4253 iti
1652 4202 1794 4254 notis

186 4277 418 4339 Gallic.,
452 4290 573 4343 pag.
602 4274 729 4335 390,
760 4272 819 4335 2,
855 4283 1002 4326 notat
1034 4272 1260 4343 insulam
1288 4270 1469 4343 Divom
1499 4272 1794 4343 proximam

183 4361 321 4402 esse
353 4342 468 4399 tum
499 4346 643 4398 ostio
683 4343 896 4412 Separis
923 4384 937 4407 ,
975 4352 1085 4396 tum
1119 4342 1272 4396 alteri
1318 4342 1508 4395 insula:
1539 4357 1656 4409 qua:
1699 4342 1796 4395 La-

184 4420 309 4472 tine
361 4417 462 4469 Uia
510 4418 593 4468 vel
645 4415 819 4485 Ogia,
872 4416 1032 4483 vulgo
1086 4412 1375 4485 I'lle—Dieu
1439 4423 1792 4481 nuncupatur.

182 4489 455 4556 Quamvis
507 4488 634 4540 Mss.
669 4484 1012 4539 vetustiorum
1056 4484 1373 4538 auctoritate
1422 4486 1749 4537 retineamus
1776 4525 1789 4548 ,

182 4545 550 4615 Gallinariam
582 4558 810 4611 insulam
835 4597 851 4618 ,
883 4572 1001 4609 eam
1042 4566 1217 4609 tanien
1265 4556 1587 4607 arbitramur
1627 4545 1787 4608 aliam
1818 4545 1873 4607 D

185 4632 366 4705 fuisse
387 4630 456 4705 ab
481 4630 650 4705 insula
674 4628 919 4705 ejusdem
946 4629 1196 4705 nominis,
1229 4625 1786 4705 In-lllari.TUSCO-S_I_lil,

184 4696 357 4769 quam
397 4701 653 4753 Martinus
703 4699 941 4752 incoluit.
978 4699 1121 4751 Alias
1151 4697 1409 4750 Martinus
1453 4696 1507 4750 in
1545 4711 1604 4747 ea
1650 4696 1790 4749 Hila-

184 4778 338 4828 rium
364 4779 753 4837 exspectasset,
784 4784 885 4824 nec
915 4773 1095 4821 llomrc
1123 4776 1383 4820 tentasset
1405 4772 1451 4820 ei
1480 4782 1787 4829 occurrere,

184 4846 232 4898 si
289 4846 393 4897 hac
435 4842 577 4895 illius
622 4842 724 4895 iter
763 4840 969 4893 luisset.
1016 4841 1178 4893 Falso
1220 4839 1381 4891 ciam
1425 4838 1791 4893 inhabitabilis

184 4917 493 4977 diceretur,
528 4929 647 4981 qure
678 4929 705 4963 a
739 4912 965 4966 Martino
991 4911 1175 4963 fuisset
1205 4910 1461 4963 habitata.
1493 4911 1661 4963 IIDEM.

261 4984 292 5023 ⁸³
339 4988 398 5041 in
429 4985 657 5048 duobus,
692 4982 840 5047 Mss.,
874 4986 1168 5051 potentiam.

268 5068 293 5096 ε
341 5058 400 5111 In
432 5056 697 5123 Vulgatis,
730 5064 775 5113 el
804 5064 1048 5122 tanquam
1073 5055 1114 5104 si
1140 5056 1247 5105 lim:
1275 5053 1467 5108 insula.
1502 5052 1553 5104 In
1583 5051 1792 5105 dntibus

183 5130 382 5199 proba:
427 5138 569 5199 noue
602 5126 751 5187 Mss.,
784 5135 1020 5199 tanquam
1048 5134 1349 5199 piri-sgterrrc
1392 5141 1490 5177 non
1519 5124 1585 5177 sit
1629 5134 1785 5176 terra.

186 5195 247 5255 in
280 5198 520 5262 ceteris,
554 5208 609 5249 nt
638 5200 690 5249 in
724 5207 889 5251 textu.
924 5195 1062 5248 Man.
1095 5196 1151 5248 S.
1186 5196 1360 5249 Manu.

262 5272 289 5308 ά
338 5268 618 5323 Vetustior
648 5282 679 5321 e
713 5267 836 5321 Mss.
870 5267 1047 5333 Colb.,
1080 5282 1235 5334 quant
1267 5268 1366 5319 huc
1396 5281 1524 5319 esse.
1558 5263 1705 5317 Itnsu

265 5354 290 5380 ε
339 5342 417 5395 lta
450 5350 606 5392 vetus
636 5338 815 5393 Codex
845 5339 1000 5391 Colb.
1039 5339 1140 5390 Alii
1173 5354 1319 5396 vero.
1351 5343 1615 5403 anliquum
1646 5351 1789 5388 nien-

187 5415 429 5467 dacium.
480 5410 598 5465 Mox
652 5412 852 5477 aliquot
913 5409 1037 5463 Mss.
1081 5424 1111 5460 ο
1159 5409 1349 5460 Hilarii
1412 5408 1664 5469 dulcedo;
1729 5420 1792 5460 ac

186 5485 397 5539 deinde
443 5496 568 5536 cum
614 5481 745 5536 edit.
799 5479 901 5532 Gil.
949 5481 1373 5533 medicamentum
1420 5490 1467 5532 et
1531 5480 1786 5531 meritum.

186 5558 371 5612 IIDEII.

269 5626 287 5664 τ
337 5626 615 5695 Sulpicius
646 5623 802 5692 liujus
853 5623 1157 5676 monasterii
1195 5622 1488 5695 situtttnon
1537 5621 1685 5695 longe
1727 5619 1790 5671 ab

188 5701 389 5767 oppido
435 5693 559 5753 esse
607 5696 808 5758 tradit,
841 5695 1166 5767 sed_i_ioinen
1198 5694 1314 5759 ejus
1342 5693 1481 5754 silet,
1518 5706 1614 5767 nec
1648 5693 1699 5744 in
1725 5706 1791 5744 eo

189 5763 485 5825 scribendo
545 5770 892 5833 consentiunt
949 5763 1076 5816 Mss.
1135 5766 1333 5832 Legere
1389 5772 1470 5814 est
1526 5763 1576 5814 iii
1608 5770 1788 5817 vetere

186 5843 367 5907 Colb.,
404 5841 696 5905 Locojaco;
741 5838 790 5891 itt
819 5839 923 5892 alio
970 5853 1072 5893 non
1130 5836 1428 5891 rccctitii-rc
1456 5834 1655 5889 tiasalis
1691 5833 1787 5887 Βυ-

1899 3251 2023 3306 liter
2064 3246 2323 3303 miracula
2356 3244 2566 3312 reliqua
2597 3239 2699 3294 hoc
2722 3236 2970 3306 subjecto
3000 3231 3259 3289 miraculo
3303 3244 3493 3286 cumu-

1895 3342 2057 3489 lavllg.
2102 3429 2340 3498 Denique
2361 3440 2487 3481 cum
2510 3422 2873 3478 beatissimam
2901 3418 3097 3473 Abram
3120 3413 3283 3470 filiam
3306 3426 3484 3479 suam,

1897 3528 1963 3585 ad
1985 3540 2149 3598 quam
2180 3523 2247 3578 de
2274 3518 2464 3576 exsilio
2493 3513 2785 3572 destinavit
2814 3510 3122 3581 epistolam,
3155 3506 3488 3562 incolumem

1898 3625 2211 3686 invenisset,
2234 3616 2522 3686 alloquitur
2552 3629 2692 3679 eam,
2727 3608 3000 3681 quomodo
3022 3614 3234 3677 p0terat
3255 3603 3486 3659 dulcedo

1898 3717 2069 3787 patris
2095 3724 2151 3771 et
2194 3710 2439 3767 facundia
2468 3704 2720 3761 oratoris.
2753 3701 2889 3770 Quid
2914 3698 3130 3755 dicam?
3170 3696 3484 3767 Alloquitur

1905 3811 2049 3864 illam
2080 3805 2335 3871 Hilarius,
2383 3801 2537 3869 cujus
2563 3795 2887 3867 eloquentiae
2921 3802 3041 3861 post
3067 3792 3239 3858 ipsum
3267 3803 3488 3857 compa-

1901 3922 2049 3982 ned..
2080 3919 2403 3983 Locoteiaco,
2434 3916 2486 3969 in
2516 3907 3195 3983 Compend.,_l._oeodia_co;
3228 3902 3488 3983 iu'pluri-

1900 3973 2167 4054 hiis—aliis,
2198 3973 2506 4056 Leuudt’aco.
2531 3984 2623 4038 Sic
2641 3973 2696 4037 et
2722 3973 3209 4056 a_pu'd-B_ollandum
3230 3975 3315 4028 hic
3337 3973 3488 4056 vicus

1900 4045 2387 4129 aliisiLetqudiaucus,
2419 4055 2619 4129 Tgacus
2649 4062 2704 4129 et
2727 4050 3086 4129 Goteloi'cacus
3110 4047 3324 4129 dicitur,
3349 4053 3403 4098 et
3436 4045 3488 4097 in

1904 4114 2179 4189 Dire‘viario
2209 4114 2422 4191 Surum,
2462 4114 2851 4193 lugduniacus.
2910 4114 3325 4193 lpseﬁprailiel'l.
3372 4128 3496 4193 NI“

1903 4187 2045 4260 Edit.
2073 4204 2222 4264 Gill.,
2252 4187 2492 4269 Tegiaro.
2526 4187 2601 4252 Ex
2627 4196 2849 4269 duobus
2876 4187 3144 4269 prioribus
3174 4187 3495 4269 Ms_s.gconli-

1901 4258 2076 4331 cimus
2096 4258 2432 4345 Locogejaco,
2458 4270 2593 4321 adeo
2619 4277 2676 4319 nt
2701 4269 2750 4345 in
2777 4258 2947 4333 primo
2964 4262 3222 4345 exciderit
3246 4258 3414 4345 littera
3437 4273 3491 4336 ς,

1901 4329 2059 4417 quam
2091 4329 2448 4417 antiq‘iii'voc'e
2472 4355 2577 4417 non
2600 4329 2987 4417 exprimentes.
3010 4330 3221 4417 facilius
3250 4329 3489 4417 elidit-bin

1902 4401 2116 4485 scriptis
2137 4401 2476 4468 omittebant.
2508 4410 2595 4485 [13x
2607 4401 2778 4485 altero
2800 4417 2977 4485 autem
3000 4404 3317 4485 supplem‘us
3350 4401 3492 4485 litte-

1907 4469 2036 4543 rainr
2060 4469 2122 4551 εὴ,
2157 4487 2474 4540 concinente
2502 4482 2707 4535 Gallico
2741 4477 2958 4531 nomine
2990 4473 3205 4544 Liguge.
3238 4470 3353 4524 Non
3383 4469 3496 4523 dis-

1904 4558 2482 4629 pliceretlaegugejaco.
2513 4553 2681 4605 IIDEII.
3072 4614 3084 4629 Ι
3127 4614 3139 4629 _
3179 4613 3191 4624 ,

1973 4611 2119 4684 {Ed
2128 4638 2183 4683 it.
2216 4611 2320 4683 Gil.
2340 4611 2411 4677 ad
2432 4634 2726 4678 conversam
2747 4635 2924 4679 arma;
2949 4614 3086 4684 quod
3109 4611 3302 4666 deinde
3325 4625 3499 4684 enun-

1897 4682 2437 4759 tiatur-ﬁdedi-luncto
2461 4696 2526 4746 ad
2558 4706 2718 4745 vuatn
2746 4682 3018 4747 revocato,
3052 4684 3335 4761 quamdam
3368 4682 3487 4761 alli-

1896 4754 2115 4830 nitiiletn
2151 4771 2313 4824 habet
2339 4784 2457 4821 cuin
2485 4767 2547 4820 iis
2570 4780 2686 4831 qua:
2709 4764 2776 4815 de
2800 4757 3118 4814 moribunda
3142 4765 3325 4808 sanata
3348 4754 3494 4831 edis-

2065 4844 2354 4897 Venantius
2379 4841 2429 4891 in
2462 4826 2783 4889 Vita-salicti
2812 4832 3089 4891 Germani,
3116 4837 3171 4880 ut
3200 4835 3315 4896 post
3341 4826 3493 4890 [une-

2051 4916 2300 4984 pallorem
2324 4910 2477 4980 facies
2506 4911 2557 4960 in
2579 4907 2817 4984 ruborem
2856 4900 3122 4984 transiret.
3148 4901 3318 4984 “Illi-2M.

1966 4964 2011 5028 ί-
2240 4964 2546 5037 Iitc'relerre
2569 4993 2754 5030 versus
2784 4974 2914 5026 Ven.
2945 4969 3313 5043 Fort.quibus
3336 4964 3493 5043 Cate-

1894 5038 2216 5117 cliuitie—nutu
2248 5071 2275 5107 a
2306 5062 2492 5106 sant-to
2524 5050 2748 5102 Martino
2793 5044 2916 5097 vita:
2966 5042 3232 5096 redditum
3278 5038 3489 5117 descri-

1902 5107 2286 5196 ἧι.
2320 5123 2491 5177 sancti
2514 5122 2701 5196 Mart._,
2734 5118 2926 5196 quibus
2954 5128 3167 5196 summa
3208 5125 3328 5163 cum
3387 5107 3489 5196 hoc

2035 5178 2304 5261 'aflinitas,
2330 5210 2394 5248 ac
2415 5178 2717 5246 similitudo
2750 5178 3091 5256 intelligitur.
3118 5185 3208 5238 Sic
3233 5193 3362 5249 ergo
3392 5178 3486 5230 lia—

1898 5277 2026 5332 bent
2056 5274 2129 5328 illi
2167 5288 2180 5322 :

2022 5365 2220 5415 Interea
2250 5361 2461 5423 geminis
2482 5359 2642 5423 spatio
2663 5357 2940 5404 remorante
2962 5347 3055 5423 sub
3078 5346 3231 5423 horis,

2026 5414 2149 5478 Ecce
2172 5414 2300 5475 redit
2326 5422 2496 5480 facies,
2515 5414 2702 5468 saliunt
2726 5430 2814 5480 per
2840 5414 3061 5480 membra
3083 5420 3307 5480 vapores.

2022 5474 2296 5539 .Etat'rubor
2320 5486 2433 5533 inde
2459 5474 2620 5544 genis,
2645 5474 2813 5527 oculos
2836 5474 3040 5544 pupilla,
3069 5474 3316 5544 repiugit;

2022 5535 2219 5601 Rursus
2232 5557 2282 5599 et
2307 5535 2521 5597 insertus
2544 5535 2749 5591 renovat
2766 5535 3044 5602 specularia
3063 5537 3219 5602 visus.

2024 5598 2157 5663 v3.15
2184 5598 2339 5661 tumet
2362 5612 2495 5667 rivis,
2522 5610 2731 5653 animato
2757 5598 2891 5667 fonte
2912 5598 3124 5667 cruoris,

2023 5662 2261 5727 Paulatim
2280 5662 2510 5734 assurgit,
2537 5669 2715 5718 fabrica
2741 5665 3001 5734 titubante,
3016 5662 3271 5734 columna,

2023 5720 2529 5801 izii'gi'iiii'iiiie’jaseiis
2555 5740 2737 5793 pariter
2760 5728 2949 5788 domus,
2982 5732 3029 5774 et
3057 5734 3172 5771 suus
3196 5720 3303 5780 hos1
3325 5730 3380 5767 ea

1978 5838 1988 5862 ι
2026 5826 2079 5879 In
2114 5840 2218 5878 uti-i
2243 5823 2361 5882 3|s.,
2389 5816 2752 5881 pi‘rriiu'siiiius.
