4192 6538
715 417 820 473 ιάτ

1467 413 1782 470 VENANTII
1822 409 1977 466 “0N.
2020 403 2222 463 (ΖΙ-ΕΜ.
2267 400 2657 457 FORTUNATI
2696 399 2984 457 OPERUM
3027 400 3202 458 PARS
3241 401 3304 458 ΙΙ.

3896 400 4002 456 NB

728 546 847 582 rare
897 528 1125 594 aliquem
1162 524 1245 580 vix
1289 523 1579 588 audemus,
1628 524 1726 576 nisi
1769 521 1858 592 qui
1907 519 2066 574 fuerit
2121 515 2306 586 spiritu
2338 511 2691 570 Aamittens.
2746 511 2864 578 Ipse
2917 511 3115 566 conditi
3171 513 3249 566 sal
3281 511 3504 583 ingenii,
3566 511 3692 567 forts
3734 513 4007 582 loquendi,

723 621 936 688 divino,
989 630 1045 673 ut
1098 620 1217 687 ille,
1271 617 1506 688 repletus
1545 624 1754 672 :tentat
1795 614 1913 682 ejus
1957 612 2224 669 animum.
2256 608 2301 662 si

727 712 888 764 vellet
909 714 1167 778 attingere
1206 726 1462 782 sponsum
1495 725 1650 779 quem
1679 708 1846 777 patris
1867 706 2038 776 gratia
2070 713 2095 740 ι
2131 703 2305 771 provi-

724 803 897 858 derat.
921 803 1069 857 Tunc
1100 804 1329 857 libenter
1351 801 1829 867 desideranterquc
1856 837 1872 863 ,
1898 805 1953 850 ut
1981 795 2228 849 celeriter
2256 793 2304 846 ei

723 897 1070 963 iungeretur,
1114 895 1350 963 optabat.
1392 894 1562 960 Quam
1608 892 1936 945 voluntatem
1989 888 2106 956 pius
2155 893 2308 954 pater

725 987 1045 1056 agnoScens,
1077 986 1315 1055 intentus
1343 984 1674 1037 orationibus
1697 998 1800 1035 non
1824 978 2048 1034 cessavit
2077 1017 2091 1040 ,
2136 975 2308 1029 donec

723 1077 840 1130 sine
872 1076 1088 1142 dolore,
1142 1076 1262 1130 sine
1309 1074 1596 1143 contagio,
1653 1087 1712 1127 se
1762 1077 2026 1141 praesente
2084 1067 2189 1120 lilia
2240 1065 2309 1119 de

727 1165 913 1220 mundi
950 1165 1179 1220 ludibrio
1203 1165 1459 1234 migraret
1484 1165 1549 1217 ad
1577 1163 1868 1222 Christum,
1889 1175 2046 1229 quam
2079 1156 2310 1228 propriis

729 1256 996 1321 manibus,
1031 1266 1088 1310 ut
1114 1255 1316 1320 decuit,
1345 1255 1663 1309 venerandae
1693 1251 1909 1305 tradidit
1931 1250 2243 1317 sepultum.
2269 1248 2310 1301 0

722 1350 932 1404 funeris
982 1350 1175 1419 gloria,
1199 1366 1316 1417 qua:
1360 1349 1550 1402 melior
1583 1347 1805 1400 habetur
1833 1360 1990 1413 quam
2027 1343 2155 1408 vita,
2187 1341 2309 1410 quia

729 1441 873 1510 quod
899 1451 1055 1496 terrae
1083 1442 1367 1510 subripuit.
1405 1441 1456 1493 in
1480 1442 1672 1495 coelum
1707 1437 2038 1514 transmisit?
2066 1437 2223 1500 Vere,
2256 1443 2314 1488 ut

729 1548 832 1603 ego
859 1534 1165 1605 considero,
1198 1534 1316 1602 plus
1355 1533 1473 1598 luit,
1505 1548 1662 1606 quam
1695 1530 2024 1594 resuscitari,
2054 1527 2136 1582 sic
2159 1527 2313 1580 mori.

727 1619 887 1679 Certa
932 1625 1076 1677 enim
1126 1625 1270 1678 salus
1296 1634 1418 1691 est,
1481 1638 1586 1678 non
1653 1621 2005 1677 contaminari
2063 1620 2314 1689 peccatis.

727 1715 922 1782 Quanti
948 1727 1227 1784 cuperent,
1255 1717 1414 1770 rebus
1435 1730 1554 1769 curn
1579 1715 1683 1767 vita
1708 1715 1936 1778 traditis,
1967 1713 2123 1768 talem
2145 1722 2320 1766 trauso

736 1809 871 1862 itum
893 1823 1227 1876 comparare,
1253 1809 1296 1862 si
1339 1818 1688 1862 mercatorem
1715 1807 1933 1862 forsitan
1970 1805 2315 1862 invenirent?

2413 605 2691 657 thesaurus
2719 603 2978 668 scienti-.e,
3009 603 3101 658 lux
3125 603 3404 671 doctrinas,
3431 603 3694 659 defensor
3717 601 4001 672 Ecclesiae,

2413 695 2643 749 hostium
2673 707 3026 764 Oppugnator.
3081 695 3246 765 Cujus
3285 697 3424 750 dicta
3473 697 3565 766 qui
3614 697 3848 766 legerit,
3900 712 4004 751 non

2411 789 2595 844 credet
2635 788 2838 853 dicere,
2871 787 2966 842 sed
2992 798 3176 842 tonare
3201 785 3251 842 ἀ.
3296 788 3407 843 lloc
3434 787 3532 842 fuit
3566 788 3709 842 ultra
3734 787 4008 842 hominem

2410 897 2622 950 sapere,
2654 890 2760 934 tam
2784 893 2940 935 caute
2969 881 3037 935 de
3071 881 3332 952 religione
3357 895 3605 936 censere.

2487 968 2574 1024 15.
2609 969 2715 1026 Sed
2753 971 2842 1039 qui
2877 971 2988 1024 vult
3014 971 3185 1036 ipsum
3212 985 3558 1041 cognoscere,
3591 968 3710 1038 ejus
3745 979 3772 1007 ο
3821 969 4006 1024 exsilia

2413 1072 2694 1130 memoret,
2723 1064 2914 1117 merita
2955 1063 3229 1130 respiciat,
3269 1063 3539 1116 volumina
3593 1063 3820 1132 relegat,
3865 1061 4008 1115 dicta

2420 1157 2736 1224 perpendat,
2761 1157 2908 1226 signa
2933 1155 3241 1224 quotidiana
3277 1165 3618 1222 percenseat.
3645 1154 3746 1218 Qui
3771 1152 3904 1206 dum
3923 1166 4010 1204 su-

2418 1261 2623 1319 perstes
2653 1250 2748 1303 fuit
2779 1249 2831 1303 in
2867 1249 2964 1302 hoc
2989 1249 3212 1317 sarculo,
3261 1258 3347 1301 aut
3379 1247 3599 1314 scripsit
3627 1243 4011 1300 ecclesiastica

2420 1343 2541 1396 ﬁdei
2589 1343 2942 1405 documenta,
2994 1351 3084 1394 aut
3140 1339 3425 1409 pugnando
3474 1339 3707 1393 calcavit
3755 1336 4013 1391 barelica

2419 1437 2674 1498 crimina,
2727 1444 2816 1488 aut
2849 1435 3045 1502 petenti
3097 1433 3281 1487 tribuit
3327 1431 3713 1486 miraculorum
3759 1429 4017 1497 suffragia

2420 1547 2558 1599 quur,
2593 1532 2803 1584 volente
2829 1529 3071 1590 Domino,
3097 1542 3263 1595 usque
3286 1527 3336 1580 in
3370 1526 3692 1579 hodiernum
3722 1523 3870 1578 diem
3898 1521 4016 1591 ejus

2422 1621 2756 1676 orationibus
2793 1630 3156 1687 perseverant.
3186 1619 3291 1672 Sed
3318 1634 3434 1670 mea
3465 1618 3644 1686 lingua
3679 1630 3786 1668 non
3810 1611 4020 1666 suftlcit

2425 1717 2727 1785 singulatim
2750 1714 2818 1768 de
2837 1722 3020 1766 sancto
3041 1710 3262 1780 Spiritu,
3304 1711 3392 1779 qui
3423 1724 3519 1773 per
3541 1724 3664 1762 eum
3717 1716 3774 1760 et
3826 1721 4024 1770 Opera-

2429 1818 2510 1861 ttts
2551 1817 2635 1860 est
2681 1815 2734 1860 et
2789 1805 3032 1868 locutus,
3083 1803 3220 1858 sicut
3270 1802 3344 1856 illi
3398 1801 3619 1871 dignum
3674 1807 3778 1865 est,
3827 1806 4022 1853 cuncta

734 1900 873 1965 Quid
897 1901 1060 1954 distat
1090 1901 1229 1955 inter
1259 1900 1512 1954 \‘ivilicati
1535 1900 1772 1966 infantis,
1799 1909 1852 1954 et
1875 1901 1998 1954 filia:
2025 1899 2310 1954 mortitica-
2344 1876 2390 1935 Β
2425 1901 2686 1970 proferre.

735 1999 805 2044 ta:
855 1991 1206 2061 mysterium?
1265 1991 1417 2044 illum
1469 1991 1801 2045 resuscitavit
1853 1992 1926 2067 ad.
1964 1990 2312 2058 baptismum,

734 2081 870 2134 hanc
894 2081 1290 2149 praedestinavit
1349 2081 1376 2118 ι’
1420 2081 1486 2134 ad
1517 2096 1735 2150 regnum
1773 2098 1785 2133 :
1820 2081 1922 2134 nisi
1954 2081 2094 2148 quod
2143 2080 2195 2133 in
2230 2081 2317 2134 illo

739 2172 913 2226 adhuc
943 2170 1066 2241 spes
1098 2171 1348 2239 peccandi
1371 2171 1628 2235 restabat,
1655 2172 1769 2226 haec
1797 2172 2132 2226 immaculata
2168 2171 2318 2225 [inie-

736 2276 840 2321 rat.
873 2266 1025 2332 Quod
1053 2280 1174 2319 cum
1217 2266 1442 2319 vidisset
1472 2277 1645 2321 tnater
1673 2267 1836 2320 beaten
1867 2267 2046 2333 Abrtc,
2078 2280 2107 2318 a
2138 2264 2316 2334 ponti-

741 2358 841 2410 tice
897 2356 1146 2423 postulat,
1194 2367 1252 2409 ut
1304 2368 1358 2410 et
1388 2359 1523 2424 ipsa,
1563 2359 1606 2410 si
1659 2367 1978 2421 mereretur,
2039 2363 2225 2425 erepta
2252 2355 2319 2410 de

742 2449 925 2502 ruuudi
950 2449 1192 2516 crimine,
1225 2465 1344 2503 cum
1382 2450 1486 2503 filia
1529 2459 1944 2519 prmseutaretur
1973 2451 2038 2502 ad
2065 2465 2316 2518 regnum.

743 2539 910 2610 Cujus
942 2549 1058 2593 vota
1109 2541 1479 2606 considerans,
1513 2541 1724 2594 assidua
1779 2541 2023 2594 oratione
2053 2549 2104 2594 et
2151 2541 2320 2608 ipsam

748 2644 873 2689 ante
919 2651 975 2689 se
1007 2636 1298 2689 transmisit
1322 2636 1386 2688 ad
1417 2636 1662 2704 gloriam.
1693 2634 1822 2700 Quis
1849 2634 2212 2686 wstimatnrus
2243 2641 2324 2686 est

745 2728 904 2782 talem
939 2729 1109 2781 virum
1156 2730 1225 2781 ita
1265 2727 1520 2781 dilexisse
1551 2726 1856 2789 Dominutn,
1905 2725 2147 2794 conjugis
2176 2734 2230 2778 et
2259 2726 2322 2777 li-

745 2821 835 2876 li.c
863 2820 1052 2876 atl‘ectu
1103 2821 1446 2888 contempto?
1502 2820 1700 2873 Tamen
1743 2821 1793 2872 in
1841 2820 1942 2873 hoc
1997 2818 2162 2887 magis
2207 2818 2326 2872 illas

744 2929 960 2969 amasse
989 2915 1348 2982 cognoscitur,
1373 2928 1491 2967 cum
1523 2928 1618 2984 per
1650 2913 1820 2981 ipsum
1851 2912 2038 2966 lumini
2069 2922 2325 2982 perpetuo

745 3005 1156 3063 transferuntur.

820 3099 906 3152 14.
943 3099 1070 3165 Quis
1095 3115 1221 3152 vero
1251 3099 1634 3153 abundantiam
1689 3098 1911 3168 rigantis
1959 3098 2157 3168 ingenii
2199 3112 2328 3153 cou-

743 3191 926 3244 tendat
967 3190 1244 3254 evolvere,
1285 3200 1372 3244 aut
1423 3191 1540 3260 ejus
1594 3192 1752 3246 verba
1800 3191 1976 3246 verbis
2004 3190 2181 3244 valeat
2230 3206 2328 3244 ex-

739 3283 994 3350 aequare?
1014 3293 1034 3322 ε
1065 3283 1304 3350 Qualiter
1330 3285 1417 3339 ille
1439 3284 1680 3338 indivisa:
1701 3284 1976 3338 Trinitatis
2003 3283 2168 3338 libros
2189 3283 2327 3351 stylo

741 3386 984 3432 tumente
1035 3380 1334 3443 contexuit,
1395 3386 1485 3432 aut
1541 3378 1740 3444 scripta
1784 3377 2016 3430 Davidici
2075 3374 2328 3430 carminis

741 3482 993 3522 sermone
1014 3469 1336 3524 cothurnato
1362 3485 1452 3536 per
1479 3470 1683 3536 singula
1713 3469 2008 3522 reseravit?
2031 3467 2201 3534 Quam
2231 3466 2332 3520 fuit

742 3562 797 3612 itr
828 3561 1149 3615 dissertione
1178 3561 1450 3629 providus,
1506 3562 1557 3614 in
1610 3569 1839 3614 tractatu
1873 3559 2168 3627 profundus
2190 3599 2206 3626 ,
2237 3573 2331 3627 per

745 3654 1107 3706 litteraturam
1155 3654 1432 3722 eloquens,
1487 3667 1582 3720 per
1633 3654 1884 3706 virtutem
1931 3651 2225 3717 mirabilis,
2277 3651 2330 3705 in

745 3745 1212 3812 complexionibus
1259 3745 1535 3813 multiplex
1564 3785 1579 3809 ,
1637 3746 1690 3798 in
1733 3746 2059 3800 resolutione
2099 3745 2331 3810 subtilis,

749 3838 1130 3904 astutusjuxta
1159 3835 1492 3904 prophetam,
1542 3836 1649 3890 imo
1693 3838 1924 3906 prudens
1951 3837 2100 3905 juxta
2124 3835 2334 3890 Domini

753 3949 960 4000 vocem,
995 3944 1050 3988 nt
1079 3948 1302 4002 serpens
1347 3932 1611 3988 columbae
1659 3931 1914 4001 simplicis
1953 3933 2176 4002 gratiam
2228 3946 2334 3986 non

825 4119 850 4145 ⁸
883 4109 977 4162 Ms.
1012 4107 1334 4173 pt'a’ciderat,
1368 4107 1682 4174 prwvideret.

823 4180 850 4218 δ
887 4181 938 4231 ln
972 4179 1091 4232 Mss.
1125 4178 1304 4242 Culb.,
1332 4179 1634 4242 destinavit;
1667 4180 1719 4232 in
1767 4177 1954 4248 Comp.
1977 4218 1993 4242 ,
2045 4181 2338 4235 transmisit

761 4253 825 4306 M-
851 4266 902 4304 tv.
934 4250 992 4305 S.
1027 4248 1199 4302 Mittin.

829 4333 851 4358 ε
899 4321 1166 4373 Vetustior
1196 4340 1226 4377 e
1252 4318 1376 4372 Mss.
1432 4319 1608 4381 Colb.,
1644 4319 1900 4385 qualiter;
1941 4320 2029 4374 ille
2068 4322 2118 4373 in
2177 4322 2340 4376 divisa

755 4393 942 4461 (forte,
970 4391 1022 4442 in
1054 4391 1274 4458 diversa)
1300 4389 1454 4461 libros
1473 4393 1606 4458 stylo
1630 4400 1849 4443 tumente
1878 4393 2154 4446 contexuit.
2185 4395 2339 4445 Corri-

760 4462 1070 4530 peudicnsis
1102 4475 1251 4528 vero,
1284 4460 1502 4527 qualiter
1531 4462 1618 4513 illa
1647 4461 1798 4514 libros
1841 4472 2017 4514 contra
2045 4464 2154 4515 Arii
2189 4465 2341 4528 perﬁ-

755 4535 897 4586 diam
940 4533 1312 4600 promulgavit,
1369 4533 1618 4599 quomodo
1667 4532 1849 4584 librum
1890 4532 2208 4586 l’salmorum
2251 4552 2341 4602 per

2494 1993 2577 2046 16.
2623 1991 2717 2044 Det
2741 1991 2868 2044 mihi
2893 1991 3010 2060 pius
3039 1989 3274 2052 veniam,
3299 1987 3422 2054 quia
3451 1987 3614 2040 multa
3643 1985 3908 2054 prazterii,
3935 1984 4023 2052 qui

2420 2085 2505 2137 vix
2542 2097 2704 2148 pauca
2735 2080 3030 2146 conscripsi
3071 2077 3116 2133 τ.
3163 2078 3234 2130 Ita
3289 2077 3477 2130 beatus
3506 2077 3741 2130 llilarius
3782 2076 3851 2129 de
3886 2091 4028 2142 pra:-

2420 2175 2588 2227 scntis
2619 2171 2799 2231 sicculi
2833 2171 2939 2224 vita
2961 2210 2976 2233 ,
3009 2168 3226 2223 Valente
3255 2177 3308 2222 et
3334 2167 3710 2222 Valentiniano
3742 2168 4027 2236 regnanti-

2423 2268 2546 2329 bus,
2578 2279 2696 2318 cum
2715 2263 2883 2333 gloria
2903 2263 3151 2332 migravit
3175 2261 3241 2315 ad
3265 2260 3560 2325 Christum,
3586 2269 3726 2312 terra
3751 2258 4024 2326 plorante,

2423 2361 2562 2413 cuzlo
2609 2357 2893 2425 gaudente,
2928 2355 3120 2410 eodem
3153 2354 3277 2408 Iesu
3325 2351 3541 2405 Christo
3568 2358 3891 2418 praestante,
3928 2349 4023 2416 qui

2423 2469 2543 2506 cum
2577 2451 2731 2505 Patre
2779 2459 2832 2504 et
2854 2449 3054 2516 Spiritu
3100 2457 3290 2501 sancto
3337 2445 3466 2498 vivit
3495 2453 3551 2497 ct
3576 2453 3766 2512 regnat
3795 2441 3942 2496 Deus
3971 2441 4026 2496 in

2423 2545 2618 2599 saecula
2650 2542 3000 2596 smculiirurrr.
3033 2545 3225 2594 Amen.

2441 2650 4026 2680 ___________.____________

2727 2738 3065 2812 LIBER
3138 2730 3712 2808 SECUNDUS.

3001 2879 3024 2916 ε
3055 2867 3443 2924 ΡιίᾸΞΕΑΤΙΟ.

2505 2985 2729 3038 Domino
2759 2993 2948 3038 sancto
2965 2991 3017 3036 et
3042 2997 3143 3034 mer
3160 2981 3246 3034 itis
3269 2979 3579 3033 beatissimo
3599 2975 3770 3039 Patri,
3798 2976 4030 3032 Pascen-

2433 3060 2504 3110 tio
2537 3071 2710 3124 papm,
2743 3060 2869 3109 etin
2897 3053 3112 3106 Christo
3144 3053 3392 3124 ﬂorigera
3419 3051 3728 3124 perenniter
3755 3048 4030 3124 charitate

2433 3119 2814 3252 Fert-tantibus,
2872 3124 3127 3179 Ecclesia:
3181 3119 3531 3177 Pictaviensis
3589 3119 4025 3184 habitatoribus,

2477 3207 2778 3252 ortunazus.

2511 3273 2572 3344 1..
2601 3288 2732 3342 Cum
2761 3299 2989 3354 veteres,
3017 3285 3310 3341 inﬁdelium
3335 3283 3645 3340 conditores
3667 3281 4033 3346 voluminum,

2436 3383 2758 3452 eloquentia:
2815 3398 2928 3436 sua:
2985 3397 3232 3451 pompam
3274 3380 3482 3434 cunctis
3530 3375 3824 3431 ostendere
3873 3389 4037 3430 causa

2437 3477 2804 3545 provocaverit
2831 3475 3102 3546 opinionis
3127 3475 3355 3538 lunatae,
3380 3472 3509 3526 dum
3545 3472 3688 3525 inter
3719 3482 4038 3538 regumso~

2437 3577 2489 3622 ta
2518 3609 2533 3633 ,
2575 3583 2667 3621 seu
2701 3566 2884 3620 ftruera
2908 3607 2922 3631 ,
2957 3565 3008 3618 id
3040 3575 3142 3628 est,
3173 3576 3468 3633 prospera,
3503 3561 3586 3614 vel
3618 3561 3869 3624 adversa,
3906 3574 4038 3612 cou-

2439 3661 2554 3713 fnso
2580 3659 2726 3712 vocis
2756 3658 2968 3724 ordine,
3019 3657 3248 3724 quodam
3302 3655 3460 3709 modo
3483 3654 3579 3707 visi
3612 3653 3719 3724 [ΑΙ.
3755 3650 3886 3724 nisi]
3917 3662 4041 3708 sunt

2439 3763 2654 3805 cantare
2688 3750 2886 3819 pariter
2907 3760 2961 3804 et
2985 3750 3216 3818 plorare,
3260 3757 3316 3800 ut
3343 3745 3397 3800 hi
3423 3745 3512 3814 qui
3541 3747 3818 3810 dixerunt,
3851 3744 3939 3799 vel
3971 3744 4039 3798 de

2439 3844 2631 3912 quibus
2657 3844 2813 3896 locuti
2833 3851 2976 3905 sunt,
2997 3843 3184 3896 saltem
3205 3843 3255 3893 in
3276 3839 3426 3893 libris
3443 3839 3704 3898 viverent.
3724 3838 3829 3891 etsi
3849 3837 4042 3890 vacuis

2441 3934 2631 4004 quibus
2645 3934 2850 3986 actibus
2867 3932 3092 3985 inaniter
3110 3929 3454 3992 defecissent;
3473 3943 3568 3982 cur
3586 3923 3866 3999 ergo,lF.,
3893 3925 4042 3997 ego],

2441 4115 2700 4169 secretius
2742 4111 2840 4164 sibi
2881 4123 3126 4165 accersiri
3178 4107 3468 4161 mandavit.
3529 4107 3586 4160 Ei
3649 4115 3835 4160 autem
3897 4106 4045 4160 idern

2444 4183 2694 4237 sacerdos
2720 4181 2990 4244 credulus,
3022 4189 3076 4233 et
3096 4179 3474 4232 dilectissimus
3505 4177 3830 4232 habebatur.
3867 4176 4043 4231 Cum-

2444 4271 2548 4321 que
2592 4253 2995 4306 imminentibus
3027 4249 3200 4303 noctis
3253 4248 3488 4321 tenebris
3538 4263 3662 4303 eum
3695 4249 3881 4321 exire,
3918 4259 3975 4303 et
4000 4250 4045 4301 si

2443 4320 2566 4392 quid
2591 4323 2719 4376 foris
2743 4323 2969 4380 audiret.
2995 4321 3093 4374 sibi
3117 4320 3410 4392 renuntiari
3436 4321 3713 4392 iussisset,
3740 4320 3860 4385 ipse
3885 4333 4049 4372 voces

2446 4389 2814 4448 tumultuantis
2844 4393 3016 4446 adhuc
3046 4391 3226 4460 populi
3262 4389 3494 4444 civitatis
3521 4406 3580 4444 se
3614 4389 3837 4444 audisse
3861 4405 4052 4443 rever-

2447 4478 2561 4520 tens
2589 4464 2856 4531 esposuit.
2911 4461 3239 4517 Persmtebat
3280 4463 3458 4529 itaque
3503 4461 3730 4528 vigilans
3757 4500 3772 4521 ,
3802 4460 4052 4528 juStique

2447 4540 2606 4590 tinem
2637 4545 2979 4602 exspectans,
3013 4532 3250 4586 animum
3281 4532 3588 4585 novissimis
3611 4531 3729 4596 ejus
3752 4542 3810 4585 et
3831 4532 4051 4584 charis-

754 4603 963 4674 sirrguta
1002 4604 1301 4674 cothurnato
1341 4618 1568 4674 sermone
1610 4604 1895 4674 reservavit.
1928 4603 2082 4674 μοῖς..
2141 4620 2339 4659 resera-
2374 4607 2420 4666 D
2447 4609 2597 4661 simis
2647 4605 3110 4659 exhortationibus
3162 4602 3430 4657 reficiens.
3489 4602 3718 4668 Deinde,
3778 4610 4050 4674 tempesta

758 4673 880 4744 vit],
933 4673 984 4726 in
1015 4673 1321 4742 hymnorum
1358 4673 1509 4726 etiam
1541 4672 1690 4741 fuerit
1719 4672 2017 4744 disserimus
2046 4674 2152 4743 [ubi
2186 4689 2337 4730 meu-

760 4741 894 4798 doSe
917 4741 1170 4796 excusum
1200 4755 1332 4807 erat,
1360 4745 1413 4795 in
1449 4741 1773 4810 discretione}
1800 4741 2229 4810 paratum-Imm.

834 4812 858 4850 ά
897 4814 950 4866 ln
979 4818 1270 4880 exemplari
1302 4815 1706 4879 Compeudieusi
1736 4816 1820 4868 hic
1847 4817 2127 4883 subjicitur
2158 4834 2168 4868 :
2205 4816 2341 4870 Obiit

758 4896 930 4938 autem
952 4887 1198 4953 pra'fatus
1223 4890 1452 4954 pontifex
1481 4883 1713 4936 Hilarius
1739 4885 1821 4937 die
1845 4883 2035 4938 Iduum
2056 4884 2344 4940 Ianuaria-

764 4973 901 5008 rum.
928 4956 1177 5022 Iieliquia:
1206 4963 1316 5026 ejus
1351 4957 1568 5007 Pictoris
1599 4965 1714 5007 sunt
1740 4957 1959 5008 condita:
1983 4976 1997 5016 ;
2028 4961 2079 5010 in
2109 4975 2208 5020 quo
2233 4961 2342 5012 loco

764 5031 1011 5099 (meientis
1038 5027 1213 5099 divina
1261 5027 1501 5095 beneﬁcio
1552 5036 1848 5095 operantur,
1895 5029 2004 5098 ipso
2052 5039 2342 5099 pt'tcstaute,

759 5101 846 5166 qui
872 5098 1007 5159 rivit,
1032 5105 1135 5151 etc.
1162 5097 1334 5151 lturtt.

838 5178 861 5204 ο
905 5167 1058 5234 Apud
1090 5168 1398 5231 Gillorium,
1428 5168 1626 5219 auxilia
1657 5178 1917 5220 memoret.

844 5239 863 5276 ί
921 5241 974 5291 In
1003 5239 1125 5291 Mss.
1152 5241 1432 5299 0ttobon.,
1475 5239 1752 5299 German”
1783 5239 1958 5296 Colb..
1987 5254 2049 5292 ac
2080 5241 2348 5294 nonnullis

768 5309 909 5371 aliis,
939 5307 1182 5362 ditiusior
1212 5319 1296 5362 est
1321 5311 1409 5360 hic
1435 5310 1568 5361 liber
1593 5309 1644 5363 in
1677 5309 1817 5362 hunc
1847 5311 2059 5364 modum
2084 5330 2094 5362 :
2121 5311 2194 5363 Ne
2222 5328 2348 5379 ergo

770 5384 960 5450 pagina
1004 5395 1121 5432 cum
1152 5381 1275 5449 styli
1307 5381 1600 5432 rusticitate
1640 5395 1738 5434 nec
1771 5395 1876 5432 non
1908 5389 1962 5434 et
1991 5381 2237 5449 loquendi
2270 5383 2350 5435 ni-

775 5453 1281 5517 tnietateprolixius
1329 5462 1546 5503 extensa
1614 5451 1850 5512 vilescat,
1911 5452 2176 5505 scribendi
2237 5451 2347 5519 jam

769 5523 1028 5575 debemus
1060 5531 1373 5575 construere
1403 5531 1603 5585 metas;
1635 5532 1715 5575 est
1741 5532 1911 5574 tamen
1935 5521 2347 5589 dsgnttm,juve-

773 5595 948 5658 ritquc
1003 5594 1101 5644 hoc
1153 5608 1311 5644 unum
1373 5601 1573 5644 tantum
1635 5592 1853 5657 referre,
1887 5594 2156 5659 quomodo
2191 5592 2348 5661 hujus

771 5663 942 5716 sancti
995 5662 1091 5714 viri
1144 5664 1317 5713 anima
1369 5662 1530 5714 divini
1591 5663 1802 5714 ltttninis
1863 5663 2067 5729 fulgore
2100 5664 2352 5731 migravit

770 5745 1014 5799 excepta.
1051 5732 1278 5785 Tantum
1313 5749 1534 5800 namque
1561 5734 1736 5786 lumen
1771 5733 2021 5786 Ecclesur
2056 5737 2176 5785 dum
2205 5735 2353 5787 infir-

771 5805 966 5860 mando
992 5803 1264 5865 obscurari
1293 5806 1566 5869 erupisset.
1599 5804 1957 5858 venerabilem
2001 5803 2172 5856 virum
2220 5806 2351 5857 Leo-

769 5875 940 5940 nium,
974 5873 1211 5945 ejusdem
1270 5875 1499 5931 civitatis
1541 5875 1937 5945 presbyterum,
1983 5877 2209 5946 quadam
2241 5878 2348 5947 die,

2441 4679 2547 4748 jam
2585 4687 2764 4739 nocte,
2814 4690 3000 4730 rursus
3030 4690 3059 4728 a
3087 4683 3274 4748 sancto
3297 4680 3542 4748 _,rogat_ur
3563 4687 3736 4748 exire
3760 4714 3774 4734 ,
3808 4673 4054 4748 quidque

2446 4741 2626 4802 auditu
2653 4751 2927 4814 percipere
2951 4755 3150 4812 posset,
3170 4746 3272 4799 sibi
3290 4745 3489 4812 jacenti
3513 4741 3578 4814 ad
3598 4745 3798 4798 lectum
3820 4745 4050 4798 referre.

2446 4821 2546 4887 Qui
2588 4813 2714 4874 dum
2768 4817 2967 4872 nullius
2993 4818 3228 4869 sonitum
3258 4817 3338 4868 vel
3365 4813 3798 4887 ruussitationem
3829 4829 3893 4887 se
3920 4828 4054 4887 sen-

2447 4885 2582 4945 sisse
2641 4890 2928 4951 renuntiat,
2958 4902 3083 4941 mox
3111 4887 3366 4955 Splendor
3395 4885 3793 4940 inmstimabilis
3821 4885 4056 4940 clarita-

2451 4965 2537 5027 tis,
2569 4976 2724 5025 quem
2761 4960 2995 5014 Leonius
3050 4973 3108 5012 se
3160 4972 3265 5012 non
3297 4957 3533 5027 potuisse
3569 4955 3712 5010 ferre
3747 4956 4053 5017 fatebatur,

2453 5026 2545 5100 per
2576 5034 2858 5085 fenestram
2896 5046 2923 5082 a
2953 5036 3103 5096 parte
3141 5027 3328 5100 altaris
3374 5026 3618 5096 ejusdem
3674 5027 4057 5100 basilicaakln

2450 5097 2550 5171 qua
2605 5102 2918 5155 sanissimus
2965 5099 3260 5171 decubabat
3313 5097 4059 5171 infirmus,ingredituraSec

2451 5169 2681 5228 cundum
2716 5187 2940 5241 namque
2963 5170 3294 5238 Apostolum,
3313 5169 3828 5241 infirmatuscarne,
3858 5169 4057 5241 spiritu

2456 5247 2720 5309 pmentior
2742 5238 2890 5306 erat;
2918 5242 3067 5310 cujus
3093 5241 3269 5294 anima
3295 5283 3308 5303 ,
3353 5255 3457 5294 non
3510 5239 3925 5310 qualiscunque.
3960 5238 4056 5292 sed

2455 5316 2782 5374 licatlSSltﬂll,
2813 5309 3180 5380 corporalibus
3210 5310 3384 5363 soluta
3432 5309 3684 5373 vinculis,
3726 5324 3958 5378 egressa
3988 5325 4056 5362 eo

2455 5385 2591 5452 ipso,
2628 5397 2682 5437 ut
2707 5385 2996 5448 credimus,
3027 5384 3222 5436 divinae
3245 5380 3508 5435 claritatis
3533 5381 3736 5452 lumine
3766 5388 4054 5452 suscepta,

2455 5450 2510 5508 et
2537 5455 2588 5507 in
2622 5454 2849 5522 paradisi
2883 5454 3160 5514 tnigrando
3191 5453 3434 5520 perpetui
3463 5450 3770 5515 Splendoris
3817 5451 4058 5522 amanti-

2458 5521 2631 5579 latem
2667 5526 2898 5578 intravit.
2935 5525 3004 5577 lbi
3043 5539 3184 5577 nunc
3231 5533 3284 5575 et
3315 5536 3530 5590 semper
3573 5522 3796 5591 pretiosi
3855 5521 4057 5591 lapidis

2457 5599 2755 5649 diademate
2777 5607 3086 5654 coronatus,
3120 5596 3169 5646 in
3201 5589 3524 5660 sempiterna
3569 5589 3691 5646 crnli
3721 5605 3851 5645 arce
3904 5589 4056 5645 felici

2461 5667 2703 5732 perfusus
2773 5667 2927 5729 luce,
2985 5667 3374 5718 exsultantibus
3439 5662 3638 5716 sanctis
3682 5663 3925 5717 Iaztatur.
3981 5660 4058 5714 lla

2461 5740 2644 5792 beatus
2686 5736 2917 5802 pontifex
2963 5736 3190 5805 ljilarius
3219 5775 3231 5794 ,
3274 5750 3403 5798 θέρη
3474 5733 3616 5805 Mox.
3659 5733 3720 5787 S.
3762 5733 3955 5786 MAUR.

2533 5819 2554 5852 ὅ
2600 5808 2652 5860 lu
2687 5823 2788 5858 uno
2822 5807 2916 5859 bis.
2959 5804 3116 5859 Coll).
3158 5806 3367 5857 additur
3405 5813 3459 5859 et
3499 5804 3616 5863 hic;
3666 5814 3787 5856 tutu:
3838 5805 4061 5872 presby-

2460 5880 2592 5950 teri,
2643 5888 2817 5950 postea
2855 5888 3024 5936 autem
3058 5876 3394 5934 l’ictaricusis
3437 5874 3681 5948 epiraepi.
3737 5873 3917 5931 trusit.
