4192 6544
136 414 245 473 ιω

138 626 345 680 surnnri
395 625 727 680 confessoris
780 623 1087 678 viventibus
1133 623 1343 676 meritis
1390 632 1445 676 et
1477 624 1735 689 victoriis,

136 731 246 769 non
273 718 393 770 sine
414 756 430 782 ,
486 714 629 783 quod
687 714 866 779 absit,
925 714 1179 767 vindictae
1214 713 1447 767 ccelestis
1479 714 1692 766 incursu
1717 755 1732 779 ,

138 825 271 864 cum
307 810 391 863 vix
424 808 604 862 debita
637 807 905 861 solverem
926 847 941 872 ,
991 805 1036 860 si
1067 806 1135 860 de
1166 806 1304 859 beati
1335 807 1515 860 Ililarii
1544 806 1734 861 indeli-

135 901 327 955 cientis
381 900 644 968 Iampsrdis
688 899 1015 968 splendore,
1067 898 1380 966 infatigabili
1430 914 1596 964 voce,
1648 900 1735 954 die

137 994 450 1047 continuata
510 1007 631 1045 cum
688 1000 847 1046 nocte
896 992 1129 1061 pariter,
1188 991 1580 1046 decantarem?
1618 992 1732 1060 Qua

142 1099 275 1138 vero
301 1085 385 1138 vel
417 1082 654 1138 irretitus
679 1083 888 1136 inscitia
914 1124 927 1146 ,
954 1083 1035 1135 vel
1082 1083 1347 1151 impulsus
1402 1082 1628 1144 offensa.
1682 1086 1731 1138 in

137 1189 200 1228 ea
225 1175 507 1229 volrrntate
528 1174 630 1226 sub
652 1176 801 1239 gravi
836 1182 1056 1240 torpore
1088 1173 1459 1239 persisterem,
1514 1184 1569 1227 nt
1609 1189 1731 1229 cum

135 1266 207 1319 illi
235 1266 451 1334 decepti
495 1265 727 1334 plurimo
761 1273 987 1319 tractatu
1039 1264 1107 1319 de
1148 1266 1382 1320 resoluto
1424 1268 1731 1322 umbrarum

134 1358 372 1426 i'magine
401 1357 657 1409 nonnulla
675 1355 1025 1421 conficerent,
1056 1366 1108 1411 et
1135 1357 1187 1410 in
1211 1357 1489 1425 pulverem
1512 1358 1729 1414 redacta

133 1450 399 1503 cadavera
455 1447 604 1503 falsis
647 1451 798 1518 quasi
855 1448 1101 1503 laudibus
1146 1451 1483 1514 animarent,
1517 1466 1616 1519 ego
1666 1451 1733 1505 de

132 1542 342 1595 sanctis
368 1542 829 1608 permanentibus,
860 1549 934 1605 et,
962 1541 1101 1609 quod
1126 1550 1211 1594 est
1238 1541 1461 1610 felicius,
1492 1543 1543 1595 in
1570 1558 1732 1611 regno

134 1632 336 1686 ChriSIi
365 1632 608 1701 quotidie
633 1630 972 1697 florentibus,
1022 1632 1152 1685 nihil
1185 1631 1440 1685 referrem
1460 1673 1474 1696 ,
1506 1648 1733 1701 praescr-

135 1722 232 1774 tim
264 1722 358 1775 ubi
405 1721 617 1775 diversa
673 1720 1003 1775 diversarum
1070 1721 1301 1787 partiunr
1361 1723 1571 1776 videtur
1613 1738 1732 1778 esse

130 1824 296 1865 causa
330 1809 661 1876 mercedum,
719 1811 859 1879 qrrod
892 1810 1118 1878 gentiles
1148 1809 1377 1865 fructum
1419 1813 1618 1867 laboris
1647 1814 1728 1867 soi

132 1907 189 1961 in
214 1907 359 1960 ina‘ui
392 1915 593 1959 tantum
622 1906 803 1959 favore
828 1906 1115 1958 voluerunt
1146 1907 1465 1970 consistere,
1505 1923 1601 1960 nos
1625 1924 1721 1961 att-

130 2007 243 2051 tem
260 2004 509 2064 oporteat
532 1995 679 2048 illum
707 1995 758 2047 in
778 1994 1054 2048 beatorum
1074 1995 1312 2047 virorrrrrr
1342 1997 1726 2051 intercessione

133 2089 409 2158 plantare,
460 2088 655 2157 quibus
704 2087 792 2141 hic
822 2088 981 2142 verba
1015 2088 1061 2140 si
1089 2088 1365 2153 solvimus,
1402 2088 1507 2141 illic
1534 2089 1722 2155 gaudia

131 2178 553 2246 comparamus?

204 2269 262 2325 2.
301 2271 505 2324 Idcirco
534 2270 722 2325 reddat
752 2269 830 2323 illi
854 2268 1067 2323 mobilis
1094 2270 1266 2338 lingua
1303 2270 1648 2337 praeconium,
1695 2284 1723 2321 a

126 2378 239 2430 quo
265 2364 417 2432 prius
440 2373 655 2432 pectora
710 2363 848 2415 hunc
877 2370 1244 2427 conceperunt
1273 2361 1539 2415 affectum.
1594 2361 1724 2414 Nam

125 2457 290 2511 bonis
320 2456 438 2525 ejus
467 2465 651 2523 aperte
677 2455 927 2509 credetur
951 2454 1197 2517 invideri,
1224 2455 1267 2507 si
1292 2469 1409 2522 quis
1428 2455 1493 2507 de
1520 2455 1609 2507 illo
1634 2469 1725 2506 co-

123 2552 439 2618 gnovimus,
464 2548 681 2601 silentio
718 2547 999 2600 videantur
1021 2547 1292 2600 abscondi.
1326 2547 1511 2601 Merito
1552 2550 1726 2614 itaque

131 2658 263 2696 cum
312 2639 523 2695 cmteris
565 2650 618 2694 et
647 2656 732 2693 me
761 2640 827 2694 de
868 2654 927 2695 se
955 2640 1096 2707 loqui
1133 2639 1425 2707 compellit,
1455 2640 1723 2704 quietiam

131 2743 343 2797 mutos,
376 2742 435 2787 ut
486 2733 794 2801 loquantur,
848 2732 1093 2785 absolvit.
1127 2731 1233 2785 Sed
1262 2746 1419 2799 quam
1462 2732 1607 2798 plura
1638 2745 1727 2784 su-

121 2834 347 2895 perstes
378 2826 429 2877 in
459 2838 689 2891 corpore
742 2822 948 2885 fecerit,
1007 2822 1089 2877 vel
1121 2832 1314 2888 qrranta
1341 2830 1595 2889 operatus
1633 2821 1724 2886 sit,

122 2928 416 2987 postquam
466 2926 721 2971 aternam
766 2916 817 2969 in
865 2915 1125 2981 requiem,
1158 2914 1531 2978 plaudentibus
1561 2914 1627 2966 de
1668 2928 1726 2967 se

119 3010 361 3077 angelis,
378 3007 443 3061 ad
469 3005 741 3061 Clrristunr
763 3006 932 3060 victor
955 3006 1023 3060 de
1046 3006 1225 3059 nrurrdi
1250 3007 1535 3059 certamine
1554 3014 1726 3059 trans-

120 3099 401 3167 migravit,
433 3098 532 3152 etsi
584 3113 689 3151 non
742 3098 907 3165 potui.
953 3111 1215 3149 annorrrm
1241 3104 1504 3149 vetustate
1553 3097 1726 3150 subri-

119 3190 337 3258 piente,
389 3188 722 3251 contingere,
755 3197 987 3241 attamen
1035 3187 1117 3239 vel
1143 3202 1262 3254 quae
1294 3188 1538 3255 przeserrti
1584 3196 1723 3241 tem-

1245 409 1398 467 \'ITA
1444 412 1504 468 S.
1548 410 1808 468 lllLAlliI
1856 414 2348 473 PICTAVIENSIS.

153 531 393 588 melioris
418 532 535 601 spei
558 530 871 587 sollicitatus
902 531 1187 595 instinctu,
1223 534 1396 600 patiar
1430 530 1643 585 retieeri
1673 530 1740 584 de
1769 540 1815 592 Α
1848 533 2214 587 membrorum
2294 536 2545 590 fluentem
2625 536 2878 592 fabricam

3329 417 3436 477 ιεο

2955 538 3117 593 verbo
3174 554 3435 609 operante

1841 624 2032 689 erexit,
2058 634 2110 679 et
2138 626 2189 679 itr
2222 634 2418 681 statrrtn
2445 627 2747 694 pristinum,
2782 640 3029 699 tanquam
3053 631 3096 685 si
3124 631 3251 686 nihil
3284 635 3336 686 in
3366 648 3428 687 ea

1841 714 2031 770 fuisset
2059 717 2289 770 solrrturn
2321 719 2668 795 refornravit;_
2695 736 2921 790 moxque
2951 734 3230 791 parentum
3260 726 3429 795 lacry-

1840 820 1977 870 mas,
2004 806 2203 861 lartitire
2236 810 2375 863 rrrole
2431 792 2865 879 superveniente,
2922 817 3160 881 siccavit,
3199 817 3431 885 gemitus

1839 908 1966 951 voto
1997 900 2323 955 succedente
2353 905 2640 969 praelusit,
2665 905 2753 959 ubi
2794 905 2904 973 jam
2933 919 3026 973 per
3050 906 3286 960 dolorem
3320 922 3427 960 non

1838 1002 1974 1059 erat,
2008 994 2099 1046 svd
2129 1010 2238 1062 pne
2282 997 2474 1063 gaudio
2505 998 2642 1065 qrrod
2699 999 2985 1066 plorarerrt.
3044 999 3187 1064 Quas
3220 1013 3428 1066 paruas,

1836 1099 1955 1152 quae
1980 1094 2243 1137 tormenta
2274 1101 2415 1139 mors
2448 1091 2555 1155 ipsa
2590 1099 2711 1142 tunc
2760 1090 2994 1157 pertulit,
3047 1092 3259 1157 quando
3300 1089 3427 1143 illttd

1836 1177 1978 1245 qrrod
2006 1174 2257 1231 credebat
2287 1179 2536 1234 invadere
2563 1183 2643 1235 sic
2669 1181 2879 1235 amisit!
2911 1180 3156 1235 Profecto
3210 1182 3428 1248 quando

1836 1273 2060 1324 alterum
2108 1272 2295 1324 victrix
2357 1273 2520 1327 ferire
2573 1287 2677 1327 non
2708 1274 2898 1342 putuit,
2928 1287 3047 1327 sese
3075 1272 3240 1340 ipsarrr
3290 1273 3425 1326 victa

1838 1361 2231 1430 percussit.Qui
2253 1373 2427 1416 tamen
2451 1363 2746 1417 Probiarrus
2776 1374 2956 1432 postea
2982 1366 3188 1432 apicem
3214 1379 3427 1430 prome-

1836 1454 1941 1505 ruit
1992 1453 2233 1507 obtiuere
2283 1453 2309 1491 ι)
2364 1456 2647 1523 pontificis,
2689 1464 2744 1509 et
2802 1471 2970 1525 usque
3001 1459 3051 1510 in
3109 1455 3425 1510 hodiernum

1836 1544 1979 1597 diem
2014 1545 2078 1596 ad
2111 1545 2386 1598 luminaria
2421 1546 2501 1599 sui
2530 1546 2722 1601 medici
2753 1546 2979 1617 singulis
3002 1548 3155 1601 annis
3193 1549 3315 1601 vita:
3332 1548 3428 1601 de-

1838 1633 1977 1687 bitor
2001 1636 2193 1688 tributi
2228 1638 2495 1703 persolvit.

1908 1728 1964 1781 4.
2010 1725 2140 1778 Illud
2183 1741 2393 1795 qrroqne
2437 1728 2589 1780 nobis
2632 1736 2850 1780 esttam
2883 1727 3151 1797 singulare
3196 1728 3423 1782 miracu-

1840 1815 1980 1880 lum,
2027 1833 2121 1885 pro
2179 1818 2344 1885 gloria
2400 1821 2716 1883 collatoris,
2764 1821 2828 1871 ad
2885 1821 3196 1873 memoriam
3246 1823 3423 1890 populi

1768 1898 1806 1953 Β
1837 1910 2213 1962 revocandum.
2263 1911 2394 1963 Nam
2433 1927 2553 1965 eum
2599 1928 2626 1964 a
2675 1924 2695 1950 ε
2729 1912 2983 1966 Cadurcis
3028 1913 3425 1968 venissentduo

1834 2000 2077 2052 homines
2103 2000 2263 2065 lepra:
2293 2003 2518 2054 maculis
2554 2004 2839 2069 immutati,
2890 2018 3039 2072 Spem
3075 2019 3187 2057 sua:
3235 2004 3422 2059 salutis

1833 2091 1884 2141 in
1944 2092 2113 2142 sani-ti
2169 2092 2353 2145 llilarii
2414 2095 2799 2148 intercessione
2840 2092 3124 2149 fundentes
3168 2098 3423 2163 persisteo

1838 2180 1985 2245 bant,
2024 2182 2165 2235 etde
2198 2184 2414 2250 pulvere
2445 2185 2531 2252 qui
2557 2184 2624 2237 ab
2668 2183 2783 2252 ejus
2811 2185 3053 2253 sepulcro
3080 2185 3424 2255 abstergeba-

1832 2281 1915 2325 tur
1943 2289 2035 2324 sua
2069 2290 2189 2327 eum
2220 2290 2353 2342 aqua
2381 2275 2617 2329 lavantes
2646 2278 2844 2343 capita,
2872 2288 2925 2330 et
2953 2276 3189 2329 rrrembra
3209 2278 3411 2345 reliqua

1830 2376 2212 2434 perungcnlcs,
2240 2378 2342 2420 tam
2367 2350 2455 2421 diu
2486 2369 2587 2422 sibi
2639 2370 2798 2424 talem
2845 2384 3025 2423 curam
3058 2369 3285 2424 fideliter
3316 2370 3418 2424 im-

1832 2456 2154 2523 penderunt,
2187 2459 2358 2513 donec
2398 2460 2722 2515 infirmitatis
2767 2463 2933 2529 ipsius
2964 2464 3204 2517 ulcerosa
3238 2465 3414 2517 varie-

1830 2556 1908 2600 tas
1953 2548 2019 2600 de
2050 2563 2274 2617 corpore
2312 2551 2452 2618 qrrod
2501 2553 2861 2619 captivaverat
2890 2555 3093 2620 captiva
3140 2556 3413 2624 migraret,

1828 2648 1885 2689 ut
1914 2637 2135 2704 decepta
2161 2638 2272 2691 suis
2300 2640 2507 2694 solatiis
2546 2642 2779 2696 colorerrr
2822 2658 2979 2711 quem
3029 2644 3294 2699 inva~erat
3324 2647 3410 2701 in-

1827 2730 2077 2783 violatum
2136 2731 2499 2800 relinqueret,
2546 2743 2601 2787 et
2652 2750 2812 2802 quam
2871 2750 3053 2789 secum
3114 2738 3408 2803 attulerat,

1829 2821 2170 2890 turpitudinis
2208 2824 2444 2891 speciem
2496 2840 2598 2879 non
2649 2835 2875 2881 terreret.
2924 2827 3048 2881 Post
3108 2828 3414 2884 innumera-

1829 2914 1952 2968 bilia
1998 2917 2177 2984 itaqrre
2208 2918 2447 2981 vulnera,
2490 2919 2746 2972 membris
2801 2921 3069 2985 omnibus,
3120 2921 3412 2977 in~taurata

1824 3017 1907 3060 est
1945 3008 2081 3060 cutis
2134 3023 2272 3071 una;
2326 3010 2505 3061 vultus
2549 3009 2635 3063 ille
2686 3004 2933 3064 diuturna
2988 3010 3195 3065 deletus
3250 3013 3413 3068 sorde

1827 3095 1978 3166 ιλιι,
2013 3096 2273 3167 sordine],
2320 3113 2411 3151 sua
2442 3100 2605 3166 capit
2632 3098 2684 3152 in
2716 3101 2975 3153 ambobus
3026 3102 3227 3170 repingi
3268 3104 3411 3156 inra-

1825 3191 1967 3254 gine,
1996 3203 2094 3242 nec
2123 3190 2334 3257 agnosci
2358 3189 2528 3257 qualis
2562 3190 2730 3243 fuerat
2776 3205 2870 3259 per
2897 3192 3282 3247 irrlirnritatem.
3312 3194 3413 3249 l’er

118 3294 259 3350 pore
309 3277 567 3333 miracula
615 3277 921 3331 misericors
972 3276 1219 3345 praebuit,
1270 3276 1425 3343 cupio
1466 3276 1721 3345 indigenti
1754 3253 1797 3314 (ἶ
1831 3279 2205 3335 fidelissimum
2262 3297 2493 3351 namque
2549 3281 2818 3336 lavacrum
2877 3284 3127 3354 pulveris,
3185 3286 3415 3341 Pictavis

118 3372 406 3427 memoria;
436 3386 542 3424 non
574 3370 843 3433 fraudare,
895 3380 952 3422 ut
982 3369 1221 3436 quisquis
1251 3368 1365 3421 haec
1398 3368 1558 3428 fileli.
1587 3370 1724 3423 sicut

116 3464 303 3525 decet,
337 3460 520 3515 auditu
552 3459 869 3528 perceperit,
894 3469 948 3511 et
984 3461 1249 3526 prseterita
1294 3473 1353 3511 se
1392 3473 1722 3526 cognoscere

126 3554 391 3624 gaudeat,
443 3560 499 3605 et
544 3550 737 3606 similia
782 3550 895 3603 fieri
920 3550 1114 3603 virtute
1138 3548 1463 3603 confessoris
1503 3549 1555 3601 in
1583 3548 1723 3603 futu-

114 3660 249 3700 rum
288 3642 547 3699 conﬁdat.

524 3791 945 3866 INCIPIT
1007 3791 1359 3865 LIBER.

191 3943 254 3997 ὅ.
291 3941 457 4012 Igitur
489 3951 513 3977 κ
546 3942 841 3997 Probianus
871 3956 990 3996 cum
1021 3939 1186 3995 dubio
1222 3940 1331 4008 jam
1362 3940 1485 3995 vita:
1525 3942 1722 4009 pende-

115 4044 209 4088 ret
240 4034 294 4087 irr
326 4035 451 4097 line,
482 4040 538 4088 et
556 4048 707 4102 spem
733 4032 1170 4086 convalescendae
1199 4030 1435 4086 infantiae
1458 4046 1602 4086 mors
1632 4034 1722 4085 in—

117 4124 250 4178 vida
290 4123 605 4193 parentibus
636 4123 911 4191 subripere
942 4121 1240 4186 festinaret,
1280 4136 1378 4176 nec
1406 4126 1605 4191 parvuli
1636 4122 1719 4175 fu-

118 4230 227 4269 nus
250 4215 505 4269 acerbum
537 4214 906 4279 considerans,
926 4229 1023 4268 rrcc
1044 4214 1305 4269 desideria
1323 4216 1721 4282 ingemiscentis

119 4305 426 4361 senectutis
477 4314 751 4374 spectans,
797 4306 948 4359 avida
1003 4303 1257 4374 quidquid
1318 4305 1524 4360 invenit
1571 4315 1722 4361 extra

116 4402 332 4449 sortem
375 4405 566 4448 crrncta
598 4395 942 4463 concludens,
966 4396 1098 4465 [sola
1124 4405 1297 4450 tamen
1338 4397 1722 4452 intercessione

116 4488 269 4542 beati
324 4486 514 4539 Ililarii
565 4488 835 4541 restiterat
879 4488 1195 4541 moribundo
1244 4489 1430 4543 salutis
1488 4493 1719 4545 occasio.

113 4577 291 4643 Quem
322 4575 533 4630 Franco
560 4592 691 4631 suus
711 4577 941 4645 genitor,
974 4586 1028 4631 et
1057 4578 1361 4633 Periculosa
1387 4589 1574 4645 mater,
1599 4597 1715 4649 qum
1752 4611 1798 4669 Β

112 4668 292 4737 magis
334 4679 601 4720 converso
631 4668 868 4731 rronrine,
925 4669 1015 4721 lilii
1048 4669 1520 4736 periclitabaturin
1562 4687 1713 4735 nece,

107 4761 226 4830 jam
261 4760 417 4829 quasi
444 4759 679 4813 defuncti
706 4760 1136 4827 pranneditautes
1161 4763 1465 4830 exsequias,
1496 4778 1615 4817 cum
1636 4765 1715 4817 in-

114 4851 270 4921 genti
298 4852 446 4902 luctn
480 4858 534 4903 et
557 4850 683 4904 fletu
708 4852 759 4903 in
781 4852 1102 4906 confessoris
1132 4852 1531 4908 tabernaculum
1560 4856 1714 4909 detu-

112 4943 320 4997 lerunt.
384 4941 536 4995 Tunc
587 4952 805 4994 sanctus
842 4941 1072 4996 Hilarius
1118 4942 1188 4995 ab
1241 4952 1457 4997 auctore
1482 4958 1581 4998 suo
1629 4960 1715 5000 se-

113 5043 279 5088 creta:
310 5033 445 5086 artis
494 5033 753 5086 exhibens
788 5033 1131 5096 medicinam,
1163 5047 1451 5089 consuetus
1492 5038 1558 5091 de
1601 5039 1714 5092 dis-

112 5126 312 5195 pendio
356 5122 563 5178 funeris
617 5123 841 5178 reddere
864 5126 1178 5193 compendia
1232 5127 1498 5194 sanitatis,
1540 5129 1715 5184 subito

183 5270 210 5294 ·
253 5258 582 5323 Bouchetus,
634 5273 682 5311 c.
737 5258 828 5321 l5,
882 5268 934 5311 et
978 5256 1231 5310 Clarrdius
1280 5256 1546 5313 Rohertus
1578 5261 1714 5315 hunc

109 5332 263 5383 aiunt
284 5345 408 5383 esse
436 5327 777 5389 Probianurn,
802 5343 895 5382 seu
927 5326 1297 5386 Itrobatianum
1322 5330 1485 5394 episc.
1524 5329 1713 5384 Bituri-

109 5416 332 5457 censem
367 5398 556 5462 XXIV,
590 5400 679 5467 qui
712 5415 850 5452 anno
880 5399 1071 5465 Pelagii
1107 5414 1255 5467 papae
1298 5400 1352 5459 2,
1386 5398 1714 5456 Clrildeberli

108 5474 204 5535 46,
236 5472 439 5526 Christi
472 5469 602 5531 553,
637 5470 947 5533 subseripsit
976 5470 1204 5522 corrcdio
1235 5470 1514 5523 Parisiensi
1556 5486 1614 5536 tt,
1662 5486 1713 5523 ct

107 5542 333 5597 biennio
382 5551 503 5603 post
538 5539 749 5609 praefuit
807 5539 1088 5593 Parisieusi
1134 5555 1211 5602 III,
1256 5540 1495 5609 adeoque
1541 5552 1614 5593 att
1642 5554 1714 5609 ει

108 5624 357 5681 tempora
384 5611 635 5681 Venantii
660 5609 953 5663 Fortunati.
984 5612 1316 5681 Bonusnus.

182 5678 495 5738 1³⁷οιιυὺωι.
548 5680 675 5744 Msa,
705 5681 1029 5747 pontiﬁcatus
1061 5678 1428 5745 Bilrtricensis;
1484 5692 1537 5733 et
1569 5697 1710 5747 mox,

105 5756 177 5807 ad
212 5757 415 5813 limina,
449 5752 543 5806 tibi
578 5754 630 5804 ιι.
656 5752 793 5813 altis,
823 5753 889 5803 ad
914 5753 1206 5804 luminaria.
1232 5754 1428 5805 Similis
1451 5761 1533 5804 est
1568 5755 1713 5807 locus

110 5825 358 5880 Venantii
394 5822 701 5885 Fortunati,
734 5823 786 5875 in
823 5823 934 5875 \‘ita
967 5824 1135 5876 sancti
1165 5820 1411 5876 Germani
1447 5837 1587 5875 noro.
1622 5827 1709 5889 ll,

111 5900 203 5951 ubi
229 5898 296 5952 de
327 5892 658 5951 moribunda
691 5903 870 5949 sanata
903 5895 1005 5949 ait:
1036 5893 1163 5958 Qum
1185 5895 1397 5964 singulis
1428 5895 1576 5948 anuis
1600 5897 1711 5949 riae

1831 3371 2085 3437 purificus
2124 3374 2230 3425 illis
2280 3373 2527 3427 inventus
2577 3382 2660 3428 est
2686 3373 2952 3442 Iordanis,
2997 3389 3051 3431 et
3073 3393 3177 3431 nou
3218 3379 3317 3447 ipsi
3346 3380 3413 3433 ad

1828 3464 2069 3530 ﬂuvium,
2119 3465 2211 3517 sed
2259 3466 2387 3533 ipsis
2421 3464 2617 3519 fluvius
2650 3467 2736 3521 hic
2763 3469 3015 3522 occurrit.
3042 3469 3118 3523 Ex
3164 3486 3271 3539 quo
3302 3484 3409 3527 tam

1826 3556 2177 3625 prrrdicabilis
2227 3562 2392 3625 patuit
2454 3557 2729 3612 miseratio
2773 3561 3114 3627 confessoris,
3161 3563 3302 3631 quod
3358 3573 3415 3620 et

1828 3650 2063 3704 laborem
2086 3651 2165 3703 eis
2195 3650 2465 3719 longinqui
2494 3652 2698 3706 itineris
2721 3654 2960 3717 abstulit,
2990 3664 3043 3708 et
3071 3656 3257 3710 salutis
3284 3668 3407 3712 vota

1829 3740 2092 3809 porrexit.
2148 3744 2191 3794 0
2237 3757 2394 3810 quam
2429 3742 2881 3797 inaestimabilium
2912 3747 3215 3800 claruerunt
3242 3746 3411 3803 ducu-

1826 3846 2005 3889 menta
2036 3837 2310 3901 virtutum,
2344 3835 2433 3889 ubi
2464 3838 2692 3904 sepulcri
2722 3838 3067 3893 immunditia:
3108 3841 3401 3895 mandave-

1826 3938 1949 3981 runt
1979 3928 2215 3981 maculas
2242 3927 2615 3996 leprw!Cojus
2646 3929 2747 3983 hoc
2773 3931 2945 3984 facere
2975 3946 3101 3984 cura
3152 3934 3413 4001 potuisset

1827 4021 2071 4083 artificis,
2129 4022 2216 4089 qui
2275 4022 2342 4075 de
2397 4022 2485 4075 tali
2516 4024 2729 4089 pulvere
2771 4023 2934 4078 ferret
2962 4024 3216 4080 berrelicia
3240 4028 3410 4083 medi-

1824 4112 2000 4166 cinae?
2052 4113 2126 4166 Ex
2177 4113 2367 4181 quibus
2427 4114 2452 4148 α
2504 4113 2779 4167 Castorius
2812 4116 3065 4169 diaconus
3102 4126 3155 4170 et
3192 4117 3411 4187 Crispus

1828 4202 2193 4256 subdiaconus
2242 4203 2537 4267 institrrtus,
2563 4203 2629 4257 ad
2672 4202 2789 4273 ejus
2818 4207 3131 4273 obsequium
3163 4223 3329 4277 usque
3356 4212 3409 4264 in

1826 4295 1982 4349 finem
2012 4311 2186 4361 srrrun,
2220 4310 2313 4362 per
2340 4310 2494 4364 quem
2527 4298 2695 4350 sanati
2727 4307 2872 4364 srrnt,
2915 4300 3296 4370 adhaeserunt;
3348 4315 3408 4357 et

1829 4389 2022 4443 merito
2056 4389 2203 4442 illius
2234 4388 2515 4456 elegerunt
2540 4388 2803 4444 sustinere
2828 4390 2948 4460 juga
2997 4392 3225 4460 Domini,
3251 4409 3280 4447 a
3305 4410 3409 4464 quo

1823 4499 1851 4537 a
1877 4497 2030 4552 pinna
2060 4482 2210 4535 liberi
2244 4492 2368 4535 sunt
2392 4480 2587 4535 effecti.

1897 4575 1949 4628 5.
1984 4574 2236 4642 ρυωιῖςιηι
2272 4575 2440 4640 puella
2485 4574 2536 4627 in
2582 4573 2719 4628 hanc
2759 4575 2914 4628 vitam
2948 4576 3188 4641 veniens,
3220 4577 3407 4633 dexte-

1823 4682 1934 4722 ram
1962 4678 2225 4719 mortuam
2265 4676 2495 4719 traxerat
2542 4679 2725 4719 natura
2775 4667 3058 4732 formante,
3090 4680 3140 4723 et
3171 4670 3399 4726 debilem

1822 4774 2036 4813 manum
2090 4759 2140 4811 in
2198 4759 2429 4825 speciem
2488 4758 2649 4827 glorni
2705 4768 2728 4796 ε
2767 4761 3091 4830 collegerant
3117 4778 3399 4819 nervorrrnr

1822 4848 1905 4902 fila
1954 4857 2262 4901 contracta:
2318 4847 2461 4899 fluxa
2511 4862 2609 4901 suo
2665 4850 2893 4904 stamine
2919 4852 3200 4920 digitorum
3229 4854 3332 4907 tela
3378 4853 3395 4890 τ

1817 4938 2108 4993 marcebat.
2143 4939 2291 4991 Tunc
2327 4953 2613 4993 occurrens
2658 4940 2721 4993 ad
2755 4941 3046 4996 beatissimi
3077 4944 3260 4998 Hilarii
3301 4961 3391 5000 se-

1819 5031 2106 5099 pulturam.
2142 5029 2526 5085 intercessione
2557 5031 2674 5100 ejus
2696 5033 2966 5086 vivacibus
2994 5043 3075 5087 est
3102 5034 3289 5088 oflieris
3307 5052 3394 5088 or-

1817 5120 2024 5174 dinata:
2062 5121 2309 5190 paulatim
2341 5122 2568 5176 mobiles
2623 5122 2772 5191 vigor
2826 5124 3078 5177 articulos
3122 5135 3397 5194 stupentes

1817 5257 2055 5309 tributum
2087 5256 2229 5307 solvit
2263 5270 2353 5318 pro
2376 5256 2557 5322 pretio.
2592 5256 2726 5311 Mos.
2757 5257 2813 5312 S.
2841 5257 3035 5312 MAUIII.

1893 5337 1914 5364 ε
1947 5328 2305 5398 Carlrrrcsrrnrrr
2353 5328 2659 5389 metropolis
2710 5329 2762 5380 in
2792 5330 3068 5398 Aquitania
3103 5331 3270 5394 prima
3301 5328 3402 5383 Ca-

1818 5398 2035 5469 dio-curn
2084 5399 2146 5447 ad
2193 5395 2802 5469 ()tdum_lluvirrm,urhs
2846 5395 3164 5469 episcopalis
3192 5402 3295 5456 sub
3315 5417 3399 5455 ar-

1817 5468 2207 5533 clricpiscopatu
2234 5467 2567 5521 Bituricensi.
2599 5470 2861 5522 Bormann.

1890 5539 1914 5574 ιι
1944 5540 2240 5590 Itouctretus
2271 5554 2409 5588 nono
2450 5540 2534 5591 die
2574 5548 2786 5591 sanatos
2819 5540 3031 5593 scribit:
3066 5541 3204 5595 Idem
3236 5543 3399 5597 habet

1816 5611 2091 5665 (Instantis,
2120 5610 2255 5658 idem
2290 5606 2485 5677 (Ῑγὲρεο.
2526 5610 2789 5663 llOLLANtr.

1892 5692 1912 5716 ι’
1948 5681 2016 5731 Ita
2047 5681 2221 5730 (.‘orlex
2253 5682 2428 5732 υιιυι).
2460 5679 2512 5730 In
2545 5681 2679 5743 aliis,
2705 5681 2861 5749 globi.
2923 5682 3059 5735 Mox.
3109 5683 3169 5737 S.
3206 5684 3400 5738 ΜΑυιιι.

1894 5751 2089 5817 ίΑιιυίί
2120 5750 2265 5811 (;ιιι.,
2302 5751 2608 5803 marcebant.
2644 5753 2752 5805 Iluc
2796 5765 2999 5820 speriat
3036 5754 3159 5806 illud
3212 5753 3403 5807 Fortu-

1815 5826 1922 5902 nati
1956 5823 2005 5874 in
2042 5820 2154 5945 ἴιιιι
2186 5821 2351 5876 sancti
2380 5821 2653 5888 Germani,
2687 5838 2739 5876 n.
2780 5822 2870 5879 l4:
2904 5841 3171 5880 nervorum
3199 5829 3299 5879 tela
3323 5842 3406 5879 re-

1816 5903 2014 5945 feIllitr.
2076 5907 2216 5944 locu.

1816 5903 2014 5948 tentur.
2051 5903 2216 5945 IIDEM.
