4192 6538
751 411 848 470 liii

1477 401 1802 458 remur"
1849 398 2004 456 uox.
2048 397 2259 455 CLEM.
2306 380 2698 454 FORTUNATI
2736 384 3028 456 OPERUM
3069 400 3246 457 PARS
3285 393 3326 456 tt

3939 399 4040 458 ιδε

757 541 808 584 at
842 537 866 564 ι
896 537 1100 596 ungues
1147 520 1379 588 irrepsit.
1432 518 1558 572 Post
1587 517 1740 585 longa
1774 523 2015 583 tempora
2042 527 2232 566 manus
2266 511 2337 565 illi
2365 520 2419 580 Α
2447 527 2541 581 per
2602 525 2696 580 pro
2723 512 2868 568 cultu
2897 511 3175 568 catholica:
3205 511 3480 582 religionis
3523 508 3780 578 aviditas,
3812 523 3932 565 cum
3985 511 4038 567 in

756 633 882 673 tunc
956 626 1073 670 nata
1129 623 1254 676 est,
1318 625 1439 664 cum
1491 607 1658 664 sensit
1709 620 1927 660 munera
1996 602 2339 657 confes5nris.

753 709 1032 764 Eastineta
1063 717 1252 758 manus
1283 703 1431 753 venit
1452 701 1519 750 ab
1548 708 1720 752 utero.
1753 696 1867 748 viva
1891 695 2052 749 rediit
2074 695 2142 747 de
2172 693 2341 747 sancti

753 798 1024 867 sepulcro.
1053 797 1188 848 Ecce
1219 806 1376 858 quam
1422 791 1564 859 larga
1597 789 2010 842 remuneratoris
2043 795 2125 838 est
2151 798 2339 852 pietas,

754 904 813 945 ut
834 906 954 960 qua:
976 896 1159 942 natura
1185 901 1290 938 non
1319 885 1521 954 genuit,
1548 881 1630 934 hic
1659 880 1896 932 membra
1922 879 2216 944 suppleret.

830 985 884 1036 ϋ.
909 982 1016 1035 Nec
1040 977 1171 1032 illu‘d
1205 977 1419 1045 quidem
1448 972 1722 1041 praeterire
1753 967 2178 1035 convenit,qnnd
2197 981 2340 1020 cmco

755 1073 892 1127 felici
929 1079 1048 1140 post
1073 1077 1191 1121 vota
1216 1066 1493 1121 successit.
1526 1063 1657 1116 Nam
1698 1076 1818 1113 cum
1847 1059 1912 1111 ad
1956 1058 2099 1112 beati
2131 1057 2338 1110 Martini

754 1165 935 1219 limina
967 1176 1060 1230 pro
1087 1157 1392 1224 recipiendo
1424 1155 1624 1208 lumine
1647 1154 1881 1205 intentus
1909 1160 2240 1218 properaret,
2286 1149 2338 1200 in

753 1256 923 1309 sancti
956 1253 1139 1306 ililarii
1173 1249 1486 1319 praeteiiens
1509 1247 1764 1312 templum
1793 1245 2062 1310 ingressus
2092 1250 2194 1293 est.
2220 1241 2338 1306 Quo

754 1347 879 1400 dum
913 1345 1117 1413 vigilias
1143 1340 1321 1394 ollicio
1367 1339 1526 1391 solito
1553 1337 1886 1389 celebrarent
1925 1331 2125 1394 clerici,
2183 1344 2339 1382 inane

789 1447 931 1502 acto,
964 1435 1162 1504 apertis
1208 1432 1396 1494 oculis,
1430 1430 1542 1497 ipse
1568 1427 1705 1480 diem
1731 1425 1891 1491 erepit
1919 1424 2038 1476 aliis
2069 1422 2333 1486 nuntiate,

753 1530 843 1596 qui
873 1528 1210 1593 boc'scmper
1238 1527 1428 1594 egebat
1449 1523 1659 1592 audire.
1684 1525 1830 1589 Apnd
1857 1538 2016 1591 quem
2050 1537 2154 1575 una
2197 1537 2335 1575 sem-

753 1635 848 1690 per
877 1633 979 1672 nox
1011 1626 1147 1681 erat,
1181 1620 1429 1670 tenebras
1457 1616 1529 1668 illi
1575 1625 1788 1668 sanctus
1823 1615 2047 1668 llilarius
2071 1629 2134 1669 ει
2181 1623 2335 1668 nocte

753 1712 1020 1780 purgavit.
1053 1709 1152 1774 Qui
1177 1723 1446 1775 nunquam
1477 1707 1684 1760 viderat
1723 1720 2034 1759 ornamenta
2064 1706 2190 1766 diei.
2220 1720 2303 1760 ca:
2323 1732 2334 1742 -

753 1803 831 1870 pit
859 1802 934 1855 illi
966 1816 1140 1854 novus
1169 1800 1248 1853 snl
1273 1801 1421 1851 inira;
1450 1800 1708 1852 claritatis
1737 1800 1901 1851 nasci.
1961 1797 2110 1850 Tunc
2141 1797 2214 1850 illi
2259 1798 2336 1850 fa-

755 1895 958 1948 bricata
982 1901 1107 1946 sunt
1134 1892 1336 1956 omnia,
1359 1895 1572 1959 quando
1601 1905 1788 1944 eorum
1822 1891 2001 1944 videre
2025 1891 2212 1944 meruit
2263 1891 2333 1942 fa-
2367 1877 2408 1934 Β

800 1997 999 2047 turam;
1055 1994 1128 2049 ct,
1171 1991 1227 2035 ut
1257 1984 1326 2034 ita
1356 1984 1549 2047 dicam,
1576 1984 1802 2048 quodam
1834 1981 1992 2034 modo
2024 1988 2142 2049 post
2169 1995 2227 2033 se
2259 1981 2331 2032 illi

752 2077 984 2133 mundus
1008 2084 1091 2128 est
1117 2082 1293 2136 natus,
1322 2087 1440 2126 cum
1468 2071 1641 2126 factus
1669 2080 1752 2126 est
1773 2072 2004 2140 agnitus.
2020 2073 2205 2124 Cit-cus
2225 2069 2250 2108 δ
2269 2071 2334 2124 ad

751 2169 892 2224 beati
938 2154 1146 2221 Martini
1201 2167 1480 2220 ecclesiam
1533 2165 1815 2218 lestinabat
1879 2164 2175 2228 accedere,
2236 2165 2336 2216 iste

757 2277 883 2317 eum
941 2263 994 2314 in
1038 2275 1138 2314 suo
1169 2263 1366 2326 templn
1395 2259 1644 2327 dignatus
1670 2267 1753 2310 est
1776 2257 2091 2310 illuminare.
2129 2257 2334 2322 Quanta

746 2351 911 2404 micat
931 2349 1097 2418 gratia
1127 2347 1422 2413 donatoris,
1454 2348 1543 2416 qui
1588 2347 1851 2416 praevenit
1893 2345 2156 2400 desideria
2199 2360 2332 2414 sup<

749 2443 996 2512 plicantis
1012 2442 1024 2470 '

823 2536 879 2588 7.
919 2532 1054 2601 Quid
1077 2533 1238 2586 etiam
1275 2531 1493 2601 dignum
1531 2530 1758 2585 referam
1801 2528 1869 2583 de
1901 2538 2006 2582 tam
2033 2529 2195 2597 regali
2223 2545 2337 2601 my-

752 2627 943 2690 sterio,
969 2623 1109 2694 quod
1135 2623 1204 2677 ab
1235 2624 1348 2692 ipso
1378 2632 1460 2677 est
1490 2621 1542 2675 in
1575 2637 1756 2689 regem
1784 2619 2070 2673 collatum?
2103 2619 2338 2689 Denique

751 2716 1049 2772 Clodoveus
1095 2729 1212 2782 rex,
1271 2715 1397 2769 dum
1428 2723 1614 2768 contra
1647 2713 1956 2766 li.i-reticam
1995 2720 2205 2780 gentem
2236 2727 2334 2781 pu-

747 2818 1005 2876 gnaturus
1071 2816 1094 2844 ο
1127 2846 1144 2872 ,
1205 2815 1438 2859 armatas
1486 2807 1631 2858 acies
1687 2801 2111 2870 commovisset,
2163 2804 2335 2857 media

746 2911 908 2955 nocte
937 2899 1130 2953 meruit
1155 2899 1222 2952 de
1250 2899 1462 2951 basilica
1490 2897 1624 2950 beati
1655 2895 1836 2949 llilarii
1863 2896 2041 2949 lumen
2071 2911 2231 2964 super
2276 2910 2337 2950 se

745 2993 969 3046 veniens
991 2989 1255 3058 aspicere.
1283 2989 1593 3041 admonitus
1627 2987 1867 3054 insuper,
1915 2994 1972 3039 ut
1999 2985 2334 3054 festinanter,

745 3082 841 3136 sed
871 3096 975 3134 non
1009 3081 1127 3132 sine
1155 3077 1478 3131 venerabilis
1513 3077 1614 3129 luci
1654 3075 1919 3140 oratione,
1944 3074 2206 3128 adversus
2237 3075 2336 3128 ho-

743 3185 881 3238 stes,
911 3171 1317 3226 conflictaturus
1349 3167 1728 3221 descenderet.
1758 3166 1909 3232 Quod
1940 3166 2026 3220 ille
2054 3165 2337 3234 diligenter

753 3265 1070 3331 observans,
1105 3272 1158 3318 et
1189 3261 1417 3315 orationi
1447 3275 1758 3326 occurrens,
1793 3268 1936 3313 tanta
1960 3261 2333 3329 prosperitate,

752 3359 923 3412 altero
953 3372 1050 3424 pro
1078 3369 1138 3408 se
1171 3361 1492 3422 pugnaturo,
1541 3350 1804 3420 processit
1831 3351 1896 3404 ad
1923 3351 2138 3415 bellum,
2173 3363 2227 3404 ut
2257 3351 2338 3404 in-

745 3456 826 3500 tia
849 3449 1032 3500 h0ram
1064 3446 1169 3500 diei
1194 3447 1404 3498 tertiam
1433 3445 1568 3496 ultra
1595 3443 1826 3494 humana
1851 3451 1971 3495 vota
1995 3443 2279 3495 sortiretur
2307 3457 2336 3494 a

748 3539 979 3592 Domino
1017 3537 1318 3591 victoriam.
1337 3534 1435 3589 Ubi
1468 3533 1753 3586 multitudo
1779 3533 2084 3586 occisorum
2113 3532 2340 3585 cadatc-

751 3645 869 3684 rum
901 3629 926 3665 ει
959 3629 1126 3682 colles
1153 3642 1216 3680 ex
1248 3641 1306 3679 se
1337 3629 1448 3678 visa
1479 3633 1562 3677 est
1585 3625 1844 3677 erexisse.
1863 3623 2001 3677 Ecce
2031 3623 2339 3677 terribiliter

753 3720 1090 3774 formidanda
1125 3718 1383 3784 prodigia,
1439 3725 1493 3769 et
1547 3712 1928 3768 delectabiliter
1972 3715 2336 3782 amplectenda

751 3813 1032 3870 miracula.
1095 3811 1288 3864 Parum
1322 3809 1396 3861 illi
1429 3807 1530 3860 fuit
1584 3821 1679 3873 pro
1709 3806 1904 3859 solatio
1934 3807 2094 3875 regis.
2127 3808 2337 3873 signum

751 3903 971 3961 luminis
998 3901 1309 3963 ostendere,
1369 3899 1470 3952 nisi
1524 3908 1706 3966 aperte
1738 3897 1935 3950 monita
1964 3897 2252 3950 addidisset
2285 3907 2340 3951 et

750 4000 920 4050 vocis.
972 3994 1178 4049 Similis
1230 3991 1477 4060 quaedam
1523 3989 1779 4056 contigit,
1830 3989 2100 4041 Israelitici
2161 3989 2338 4058 populi

749 4099 1038 4156 tempore,
1088 4082 1248 4151 hujus
1297 4097 1454 4135 causa
1510 4080 1736 4133 virtutis.
1793 4079 1920 4129 Nam
1975 4077 2044 4132 ibi
2094 4081 2336 4132 columna

750 4182 888 4250 ignis
946 4177 1198 4246 populum
1253 4183 1632 4244 princesserat,
1695 4173 1778 4225 hic
1847 4170 2009 4240 ﬁgura
2078 4171 2339 4240 lampadis

749 4273 1093 4330 admonebat.

823 4372 878 4425 8.
923 4368 1124 4421 Vellem
1164 4378 1322 4418 nosse
1371 4360 1512 4430 quod
1554 4361 1710 4414 fuerit
1749 4360 1876 4414 tanti
1917 4358 2125 4413 ardoris
2163 4372 2339 4412 secre-

756 4477 868 4518 tum
902 4463 1238 4532 mysterium,
1263 4469 1368 4510 tam
1403 4455 1684 4508 manifeste
1713 4457 1996 4522 prolatum.
2027 4452 2129 4507 Sed
2165 4467 2338 4519 quan-

756 4567 867 4611 tum
918 4557 1034 4622 ipso
1085 4552 1382 4619 inspirante
1408 4547 1594 4601 videor
1621 4562 1939 4616 agnoscere.
1992 4560 2094 4598 non
2129 4546 2336 4596 tacebo.
2367 4569 2421 4631 υ

756 4650 891 4705 Nam
923 4657 1107 4700 contra
1140 4643 1417 4696 haereticas
1465 4640 1627 4705 acies,
1671 4638 1810 4692 sicut
1839 4639 1962 4691 olim
2014 4638 2067 4690 in
2094 4651 2336 4703 corpore,

758 4757 863 4795 non
896 4737 1124 4792 cessavit
1148 4735 1335 4801 Spiritu
1359 4732 1617 4784 dimicare
1651 4741 1700 4784 ι’.
1731 4731 1935 4796 Quanta
1968 4730 2066 4782 fuit
2095 4727 2170 4782 illi
2198 4742 2336 4781 seiu-

832 4882 858 4906 ⁸
888 4871 1009 4931 Alii,
1045 4874 1307 4936 tingentes.
1343 4867 1441 4936 An.
1469 4861 1720 4936 rigentes?

826 4940 854 4978 δ
881 4927 1059 4992 Νομιιί
1092 4927 1310 4993 tiss..ad
1337 4927 1546 4999 fratrem
1575 4934 1685 5000 eius
1717 4934 1913 4983 beatum
1953 4927 2234 4982 Martinam
2268 4933 2340 4998 fe-

758 5013 1001 5066 stinabat.
1026 5009 1165 5062 MON.
1195 5009 1254 5060 S.
1288 5008 1483 5057 Μιυιιι.

832 5095 852 5121 ε
881 5082 969 5136 Sic
1000 5081 1127 5132 Μῦς.
1179 5088 1234 5129 at
1259 5076 1414 5137 I‘Zditi,
1447 5084 1672 5126 armalas
1709 5073 1906 5124 habere:
1933 5072 2084 5123 acies.
2143 5069 2216 5124 De
2241 5071 2342 5125 boc

757 5154 1019 5208 miraculo
1051 5150 1302 5210 legendus
1324 5146 1612 5204 Gregorius
1640 5141 1988 5202 Turonensis,
2025 5142 2115 5193 lib.
2146 5156 2338 5207 tt,cap.

760 5224 956 5286 43,ubi
993 5220 1154 5272 tradit
1189 5216 1740 5280 Clud0\'el1lli,QItiltlo
1768 5227 1891 5286 ante
1917 5224 2145 5286 mortem
2179 5227 2339 5286 anno,

757 5282 1224 5362 adeoqueChristi
1255 5288 1528 5362 507.com
1560 5285 1775 5362 Alarico
1809 5282 2104 5362 Gothorum
2139 5283 2340 5362 regein

758 5351 950 5430 campo
983 5361 1334 5420 Vncladiensi,
1362 5358 1572 5409 decimo
1599 5356 1666 5407 ab
1699 5356 1830 5407 urbe
1861 5351 2194 5430 l'ietavorum
2221 5353 2341 5405 mil-

761 5424 938 5496 liario,
968 5434 1268 5487 dimicasse.
1294 5443 1353 5479 ac
1387 5430 1745 5479 lusoesercitu
1761 5439 1938 5493 regem
1971 5424 2343 5491 ipsumsuapte

759 5521 921 5561 manu
956 5504 1262 5567 peremisse.
1297 5501 1463 5552 Ιιυιῖιι.

831 5573 859 5612 ἀ
887 5564 1022 5627 Ισζιίίι.
1053 5574 1183 5635 Gil.,
1215 5581 1355 5622 tanta
1376 5567 1538 5638 jucuit
1566 5567 1615 5618 in
1645 5566 1778 5638 loro,
1803 5574 1856 5616 ut
1886 5565 2030 5638 cro/lis
2055 5565 2160 5633 ipse
2202 5564 2262 5615 ob
2288 5564 2345 5638 id

762 5649 898 5698 visus
925 5647 988 5699 sit
1020 5661 1072 5697 sc
1102 5643 1316 5696 erexisse
1345 5636 1397 5692 in
1449 5642 1642 5698 altum;
1696 5636 2153 5702 interpolatinnem
2187 5637 2341 5698 sapit.

763 5719 900 5771 Boil.
953 5730 1004 5768 et
1051 5716 1145 5768 Με.
1207 5712 1392 5774 Cnlb.,
1435 5709 1585 5761 colles
1639 5722 1700 5759 ea:
1735 5722 1786 5758 se
1841 5708 1944 5757 visa
1983 5708 2043 5758 sit
2099 5708 2345 5758 montium

761 5790 993 5838 emisse.
1057 5783 1363 5854 Exlicditior
1412 5782 1520 5832 visa
1578 5787 1660 5834 est
1710 5779 1865 5832 lectio
1935 5777 2340 5832 (ietneticensis.

764 5858 933 5911 Ill-ill.

2445 605 2632 674 requie
2661 607 2836 673 posito
2863 605 3040 661 adhuc
3067 606 3442 662 sollicitudinis
3469 621 3576 660 non
3607 605 3750 660 desit
3792 607 4033 660 ubertas!

2443 695 2572 748 Nam
2615 699 2704 765 qui
2755 707 2877 751 tunc
2911 697 2963 750 in
2993 697 3201 768 synodo
3241 698 3307 752 ad
3347 697 3789 753 confundendum
3833 698 4036 752 hostem

2442 788 2604 840 verba
2647 787 2818 842 fidelia
2861 790 3106 857 protulit,
3149 788 3236 843 hic
3277 788 3334 844 in
3362 803 3559 858 eampo
3588 803 3739 844 arma
3797 789 4040 845 tractaiit

2442 879 2698 932 vittorize.

2513 973 2566 1026 9.
2601 973 2793 1026 Mulier
2836 973 2888 1027 in
2915 973 3034 1027 vico
3060 972 3386 1039 Tonaciaco,
3416 973 3542 1029 dum
3573 987 3771 1042 aquam
3808 973 3877 1028 ad
3905 987 4040 1042 opus

2441 1075 2595 1114 suum
2622 1062 2930 1130 deportaret
2958 1061 3046 1117 die
3071 1063 3346 1117 Dominico
3377 1066 3510 1130 (non
3539 1072 3624 1116 est
3653 1078 3836 1117 meum
3879 1077 4038 1119 nosse

2441 1169 2547 1223 quo
2579 1163 2846 1221 praeventa
2882 1155 3145 1224 peccato),
3178 1171 3370 1210 manus
3410 1156 3527 1224 ejus
3555 1163 3786 1209 attracta
3815 1165 3920 1219 est,
3949 1170 4038 1211 ve-

2442 1259 2627 1296 narum
2661 1244 2894 1298 arefactn
2923 1245 3192 1299 discursu.
3249 1245 3398 1300 Tunc
3437 1246 3766 1300 revelatione
3796 1261 4039 1300 commeo

2442 1337 2548 1389 nita
2574 1345 2655 1390 est
2677 1347 2734 1391 ut
2763 1339 2828 1392 ad
2854 1341 3024 1392 sancti
3054 1339 3257 1402 limina,
3283 1339 3328 1393 si
3353 1340 3513 1395 vellet
3539 1340 3689 1394 salva
3731 1339 3873 1404 fieri,
3917 1355 4038 1407 pro.

2442 1439 2673 1496 peraret.
2726 1431 2843 1495 Quo
2873 1431 2960 1484 illa
2996 1431 3168 1485 ﬁdens
3208 1433 3414 1494 nuntio.
3468 1441 3718 1499 tanquam
3754 1447 3883 1486 cum
3921 1432 4037 1500 ipso

2439 1521 2686 1574 sanitatis
2716 1535 2829 1574 sua:
2873 1523 3214 1590 praeviatore,
3251 1523 3368 1576 lzeta
3401 1525 3685 1592 percurrit.
3720 1523 3788 1578 Et
3814 1525 3942 1578 dum
3984 1523 4038 1579 in

2439 1617 2663 1671 ecclesia
2701 1619 3043 1686 psalleretur,
3073 1617 3323 1673 similiter
3345 1619 3395 1672 in
3422 1619 3786 1685 absolutione,
3815 1619 3906 1674 die
3935 1619 4039 1673 Do-

2441 1710 2660 1772 minico,
2694 1725 2800 1778 quo
2832 1719 3184 1777 praecesserat
3231 1725 3406 1778 ptena,
3439 1719 3624 1764 secuta
3667 1722 3792 1764 sunt
3818 1712 4034 1780 gaudia.

2440 1797 2577 1853 Ecce
2594 1801 3032 1854 consuetudinem
3064 1801 3267 1868 patroni
3290 1802 3574 1872 singularis
3601 1801 3917 1866 amabilem,
3947 1801 4039 1870 qui

2439 1899 2495 1942 ut
2521 1891 2754 1944 inveniat
2783 1892 2923 1960 quud
2954 1902 3188 1958 pra-stet,
3220 1901 3274 1946 et
3297 1907 3484 1946 causas
3514 1893 3769 1962 exquirit.
3809 1893 3855 1946 Ο
3905 1895 4036 1948 bea-

2440 1994 2548 2036 tuin
2584 1983 2836 2036 Ililarium
2877 1983 3114 2036 omnium
3154 1984 3337 2049 corde,
3364 1998 3480 2049 ore,
3511 1999 3645 2038 voce
3673 1985 4034 2038 cantandum!

2437 2072 2591 2140 cujus
2621 2084 2727 2127 tam
2759 2075 2902 2144 larga
2931 2074 3230 2143 benignitas
3260 2081 3438 2139 est,ut
3462 2090 3568 2126 non
3597 2075 3770 2128 solum
3797 2090 3857 2130 se
3874 2075 4038 2129 alicui

2437 2178 2544 2214 non
2566 2162 2876 2228 abscondat,
2909 2166 3001 2218 sed
3028 2165 3165 2217 ultro
3193 2164 3430 2234 ingerat!
3469 2163 3760 2220 Veniamus
3804 2165 3874 2219 ad
3903 2165 4042 2220 alios

2437 2255 2722 2308 venerandi
2752 2254 2954 2310 fructus
2976 2255 3238 2310 miraculi.

2510 2346 2595 2400 10.
2629 2346 2880 2412 Quasdam
2914 2343 3245 2416 paralytica,
3277 2359 3431 2399 annis
3459 2343 3640 2398 adulta
3673 2345 3852 2413 puella
3876 2387 3895 2412 ,
3931 2361 4039 2401 non

2440 2439 2669 2500 merito,
2720 2440 2836 2492 sine
2873 2439 2994 2492 vita:
3037 2439 3252 2494 vivebat
3289 2437 3505 2492 nfticiis.
3546 2437 3642 2493 Cui
3683 2439 3825 2494 intra
3875 2439 4039 2496 funus

2440 2529 2691 2582 eaStincii
2711 2527 2953 2596 corporis
2991 2536 3196 2580 tantum
3218 2537 3492 2597 superstes
3512 2529 3690 2581 anima
3714 2529 4038 2598 palpitabat,

2439 2633 2493 2676 et
2535 2621 2589 2675 in
2621 2631 2731 2676 toto
2766 2621 3026 2676 cadavere
3067 2621 3266 2674 lumina
3308 2621 3466 2688 quasi.
3503 2621 3617 2674 sola
3653 2621 3937 2688 vigebant,
3974 2637 4042 2676 ac

2437 2713 2584 2767 velut
2622 2723 2828 2767 mnrtua
2873 2713 2924 2766 in
2964 2728 3024 2767 se
3065 2713 3302 2767 membra
3343 2714 3624 2782 vigilantes
3664 2714 3808 2767 oculi
3851 2723 4040 2766 custo-

2439 2805 2676 2858 diebant.
2724 2804 2838 2858 Non
2868 2802 3042 2872 lingua
3076 2815 3291 2872 torpens
3340 2804 3478 2857 intra
3509 2804 3673 2874 palati
3706 2801 3725 2840 τ
3760 2818 4041 2857 cameram

2442 2904 2467 2943 ι
2500 2895 2747 2949 vnlubilis
2773 2895 3112 2960 excurrebat,
3139 2909 3236 2948 nec
3259 2894 3366 2947 imo
3385 2895 3546 2949 ducta
3589 2895 3659 2948 de
3690 2905 3915 2961 pectore
3935 2909 4042 2948 vox

2440 2986 2630 3040 collata
2676 2994 2880 3053 poterat
2929 2985 3089 3038 verba
3129 2983 3454 3052 disponere;
3501 2999 3608 3038 non
3643 2998 3870 3046 manus,
3914 2999 4039 3038 etim

2440 3080 2612 3133 soluta
2661 3079 3030 3145 languesceret
3068 3087 3252 3129 natura
3282 3117 3296 3140 ,
3341 3075 3522 3130 debita
3560 3075 3780 3128 servitia
3837 3075 4042 3128 dissol-

2443 3172 2623 3235 vebat,
2653 3184 2825 3237 neque
2856 3183 2948 3236 pes
2979 3166 3240 3220 inStabilis
3263 3163 3290 3203 ιι
3313 3167 3679 3220 membrorum
3702 3175 4041 3219 structuram

2393 3257 2410 3278 ‘
2446 3261 2798 3325 sustentabat,
2845 3259 3019 3312 adhuc
3062 3259 3280 3326 insuper
3319 3257 3483 3312 totius
3526 3258 3779 3325 corporis
3809 3255 4044 3310 infabri-

2439 3363 2558 3408 cata
2589 3368 2761 3406 massa
2796 3352 3059 3418 torpebat.
3092 3351 3221 3416 Quae
3252 3351 3304 3403 in
3335 3348 3624 3404 festivitate
3654 3349 3798 3404 beati
3847 3349 4042 3403 Hilarii

2441 3447 2579 3501 intra
2606 3445 2882 3498 basilicam
2917 3442 3088 3511 posita
3113 3482 3126 3504 ,
3156 3457 3278 3494 cum
3312 3442 3512 3510 ingenti
3547 3441 3738 3494 favore
3780 3451 4040 3509 spectatio

2443 3538 2578 3592 tibus
2635 3537 2882 3590 omnibus
2933 3543 3020 3588 est
3072 3542 3270 3587 erecta.
3329 3533 3383 3586 lu
3438 3530 3598 3586 unius
3650 3546 3783 3600 ergo
3838 3529 4042 3584 debilis

2441 3647 2666 3698 corpore
2694 3631 2946 3684 miracula
2973 3629 3122 3697 plura
3154 3637 3371 3682 sanctus
3402 3625 3714 3695 complevit.
3743 3629 4042 3679 Attenuata

2440 3738 2670 3793 genuum
2707 3724 2931 3786 vestigia
2963 3723 3270 3786 roboravit,
3303 3721 3535 3790 linguam
3582 3720 3848 3788 rigentem
3884 3719 4040 3772 ﬂexi—

2441 3817 2632 3869 bilitati
2678 3825 2732 3869 et
2773 3813 3011 3867 facilitati
3051 3813 3196 3867 vocis
3236 3813 3454 3882 aptavit,
3504 3811 3570 3865 ad
3617 3827 3775 3864 usum
3816 3811 4041 3865 laniﬁcii

2441 3906 2645 3960 debiles
2669 3907 2936 3974 quondam
2969 3904 3175 3970 palmas
3204 3903 3456 3964 armavit,
3490 3901 3819 3955 lineamenta
3858 3903 4043 3955 visce-

2441 4011 2556 4049 rum
2589 3995 2758 4064 gratia
2803 3993 2876 4063 pii
2927 3995 3163 4047 muneris
3203 3992 3480 4046 animavit.
3525 3993 3836 4060 Aliquando
3887 4001 4043 4046 vetus

2442 4089 2619 4142 inl'ans
2647 4087 2697 4139 in
2726 4087 2887 4139 verba
2919 4086 3159 4152 prorupit
3189 4101 3203 4149 ;
3235 4094 3323 4149 et,
3351 4084 3492 4152 quod
3524 4092 3609 4137 est
3632 4084 3997 4150 conSpicuum
4020 4125 4040 4149 ,

2441 4196 2571 4235 voce
2612 4180 2804 4248 prima,
2840 4179 2988 4233 lactis
3018 4179 3270 4231 alimenta
3299 4177 3563 4245 quiesivit.
3609 4176 3751 4244 Ergo
3792 4187 3848 4229 ut
3904 4176 4044 4230 tales

2439 4273 2589 4325 cibos
2627 4281 2752 4324 ante
2793 4270 2971 4322 omnia
3010 4277 3275 4337 posceret,
3318 4266 3444 4334 quid
3485 4267 3629 4320 aliud
3667 4268 3829 4321 datur
3873 4269 4044 4322 intel-

2442 4360 2551 4430 ligi,
2587 4359 2690 4414 nisi
2721 4360 2934 4428 quando
2962 4365 3148 4410 sanata
3179 4366 3282 4421 est,
3317 4366 3442 4410 tunc
3475 4356 3622 4425 prius
3648 4354 3959 4412 credidisse
3985 4372 4044 4411 se

2442 4453 2624 4508 nasci?

2518 4548 2605 4600 Η.
2657 4544 2767 4599 Nec
2824 4543 2956 4597 illud
3013 4550 3122 4596 tam
3173 4541 3333 4596 tidele
3384 4543 3703 4608 mysterium
3763 4542 4044 4596 oblivione

2444 4640 2606 4695 noxia
2659 4637 3024 4692 subtrahatur.
3059 4637 3237 4702 Itaque
3274 4648 3396 4688 cum
3426 4633 3534 4687 duo
3562 4633 3938 4702 negotiatores
3975 4637 4044 4688 ad

2441 4733 2581 4788 beati
2609 4732 2880 4785 basilicam
2911 4727 3293 4793 occurrissent,
3329 4727 3592 4782 habentes
3625 4727 3859 4782 formam
3896 4743 4046 4783 certe

2517 4876 2540 4905 ε
2576 4866 2738 4931 Boll.,
2763 4874 2819 4918 ut
2841 4874 2893 4920 et
2923 4863 3048 4918 Mss.
3079 4861 3260 4916 Ottob.
3292 4876 3354 4915 ac
3383 4859 3563 4922 Colb.,
3594 4859 3682 4914 hic
3725 4859 4042 4926 adjiciunt:

2443 4937 2530 4992 Ita
2560 4939 2790 4991 credebat
2822 4937 2916 4988 sibi
2940 4943 3120 4987 contra
3147 4933 3410 4986 Alaricum
3431 4931 3685 4984 Arianum
3720 4931 3916 4983 iterum
3940 4934 4048 4984 bel-

2441 5011 2583 5063 landi
2615 5011 2779 5060 redire
2799 5007 3152 5060 Constantiam.
3185 5000 3691 5057 Gemet.:Credebat
3713 5012 3822 5053 tum
3859 5013 4050 5055 contra

2443 5080 2709 5134 Hilarium
2742 5079 2990 5131 Arianum
3018 5078 3201 5128 iterum
3229 5073 3440 5126 rediisse
3468 5070 4046 5127 ConstantiamJtnu.

2521 5150 2819 5204 tSoletnne
2863 5151 2959 5200 fuit
3009 5147 3298 5214 Fortunato
3347 5145 3423 5198 uti
3471 5149 3848 5214 περιφράσεσιν
3893 5144 4050 5206 ejus-

2445 5223 2610 5286 modi,
2635 5221 2789 5273 sicuti
2814 5231 2867 5272 et
2893 5220 2942 5271 in
2974 5217 3064 5271 lib.
3091 5232 3140 5268 tv
3172 5213 3307 5268 Vitae
3331 5215 3503 5268 sancti
3527 5213 3765 5286 Martini,
3803 5216 4046 5278 puellam

2447 5284 2666 5352 tltulailt,
2701 5289 2818 5358 ejus
2844 5290 3038 5343 virtute
3073 5297 3315 5342 sanatam
3356 5286 3618 5350 referens,
3663 5284 3804 5338 inter
3840 5295 4047 5338 caete-ia

2447 5366 2560 5417 ltznc
2591 5363 2768 5416 habet.

2571 5474 2679 5521 Mox
2707 5471 2919 5520 resoluta
2945 5477 3108 5518 movet
3129 5467 3278 5517 faucis
3303 5467 3401 5527 lyra
3424 5465 3607 5515 tinnula
3632 5466 3881 5528 plectrum
3907 5504 3923 5526 ,

2570 5538 2730 5594 Atque
2755 5538 2946 5582 insueta
2970 5538 3099 5580 canit
3120 5534 3347 5587 cainerati
3369 5529 3720 5594 conchaApalati
3744 5543 3756 5575 :

2571 5589 2732 5647 Dente
2758 5596 2900 5646 relisa
2925 5607 3064 5654 cavo,
3093 5593 3364 5654 producens
3383 5592 3532 5640 verba
3554 5589 3734 5639 fritillo.

2520 5715 2542 5751 ς
2575 5703 2753 5756 Ottob.
2789 5703 2914 5756 Mss.
2947 5697 3224 5752 vocabulis.

2521 5775 2545 5811 δ
2580 5773 2809 5840 Vulgati,
2877 5773 3215 5824 nmnbromut
3238 5768 3451 5840 fminas
3487 5774 3802 5840 sustineant;
3852 5768 4043 5822 eorrio

2449 5857 2640 5916 gunlur
2671 5835 2730 5898 es
2767 5845 2890 5900 Mss.
2926 5844 3102 5896 Ottob.
3143 5851 3194 5895 et
3223 5839 3372 5894 Cotb.
3406 5835 3544 5892 Mox.
3581 5839 3636 5891 S.
3667 5835 3869 5890 alunt.
