4192 6548
111 403 216 460 451

1263 407 1416 465 νιΤΑ
1457 411 1515 466 S.
1561 409 1869 466 GERM'ANI
1902 410 2345 470 PARISIENSIS.

3311 420 3417 481 ‘5‘

112 519 260 590 quasi
308 518 586 574 socialiter
626 518 678 574 in
724 532 1050 585 commune;
1083 517 1297 589 quidam
1337 536 1401 576 ex
1452 521 1535 577 his
1579 523 1712 577 allo-
1739 531 1790 589 Α
1826 525 2048 580 laesione
2071 524 2244 596 aliqua
2273 529 2607 596 perarderet.
2638 529 2767 586 Nam
2794 532 2847 588 in
2870 542 3126 604 quantum
3151 535 3247 592 fuit
3267 542 3414 597 cerei

116 613 304 682 quitur
359 610 624 676 alterum,
687 619 745 663 ut
795 625 936 673 eam,
991 611 1088 665 etsi
1119 620 1224 665 tam
1303 627 1520 681 parvam
1578 629 1712 678 rem,

114 712 295 756 tamen
351 711 502 756 tanto
549 700 856 756 confessori
909 702 993 757 vel
1049 702 1280 756 libenter
1324 703 1571 770 offerent,
1618 707 1715 760 sed

109 795 387 850 incassum
413 808 511 849 sua
543 794 708 849 verba
737 795 789 848 in
811 795 994 849 animo
1018 797 1149 850 socii
1175 797 1407 852 nolentis
1436 799 1712 866 expendit.

108 884 230 954 Ipse
267 894 448 940 tamen
499 898 623 940 cum
650 884 843 940 eodem
872 885 1076 955 collega
1110 899 1209 940 suo
1235 886 1288 940 in
1320 889 1565 944 oratione
1594 906 1717 958 pro-

108 979 396 1044 sternitur,
450 991 742 1046 ceramque
795 977 942 1030 illam
1002 977 1216 1032 occulte
1273 987 1396 1033 ante
1449 980 1714 1035 tremendi

107 1068 351 1136 sepulcri
381 1068 658 1122 cancellos
678 1069 926 1136 exponit.
949 1068 1180 1136 Moxque
1201 1068 1266 1123 ad
1291 1085 1504 1125 omnem
1535 1086 1715 1138 aequa-

106 1158 318 1214 litatem
349 1172 492 1212 cem
533 1157 701 1228 ipsius
725 1159 937 1226 species
978 1174 1038 1213 se
1066 1159 1270 1224 divisit,
1313 1170 1367 1216 et
1404 1176 1526 1229 pars
1571 1162 1716 1217 illius

111 1250 290 1305 ﬁdelis
343 1250 610 1306 oblatoris
660 1257 918 1319 accepta,
970 1265 1101 1320 pars
1151 1251 1351 1317 altera,
1410 1253 1714 1310 videntibus

106 1345 377 1413 plurimis,
423 1345 693 1399 volvendo
734 1358 903 1412 usque
942 1344 1008 1396 ad
1056 1344 1191 1399 alios
1228 1347 1526 1413 cancellos,
1581 1356 1712 1402 nutu

107 1439 328 1504 divino,
376 1453 501 1493 cum
556 1437 704 1492 omni
755 1438 1078 1493 contumelia
1131 1449 1215 1494 est
1263 1441 1514 1509 repulsa,
1562 1442 1712 1510 quasi

106 1531 284 1583 nollet
313 1540 536 1585 sanctus
592 1529 848 1584 invadere
876 1529 1023 1599 quod
1053 1529 1190 1585 alter
1229 1530 1304 1584 illi
1336 1531 1565 1587 devotus
1607 1549 1710 1587 non

105 1622 346 1688 obtulit;
381 1634 436 1678 et
464 1622 720 1693 quoniam
753 1637 971 1691 semper
1013 1622 1293 1677 abhorruit
1334 1623 1477 1693 quod
1507 1639 1570 1678 ex
1611 1624 1714 1680 fide

107 1732 220 1770 non
265 1716 446 1782 venit,
484 1725 594 1770 tam
632 1724 814 1771 certus
843 1716 896 1770 in
940 1715 1142 1784 judicio
1195 1731 1360 1785 quam
1406 1717 1715 1772 misericors

106 1821 192 1864 est
225 1811 278 1864 in
322 1820 472 1864 voto.
505 1811 551 1866 Ο
591 1825 750 1880 quam
795 1809 1220 1880 incorruptibilis
1266 1812 1468 1866 arbiter
1505 1812 1708 1868 claret!

1821 616 2125 688 longitudo,
2175 633 2299 672 cera
2355 619 2542 690 jacens
2597 621 2811 677 inventa
2861 634 2964 691 est,
3016 640 3219 696 papyro
3269 642 3412 684 eon-

1815 716 2070 778 sumpto,
2122 720 2368 780 tanquam
2421 711 2465 766 si
2513 713 2803 768 confinium
2854 730 2979 771 cera
3026 716 3139 785 ipsa
3183 717 3412 776 fecisset

1815 799 1956 854 inter
2006 799 2182 870 ignem
2238 811 2293 856 et
2345 802 2598 870 pallium,
2658 815 2717 859 ut
2759 806 2829 860 ab
2884 807 2997 877 ipsa
3067 808 3402 866 inveniretur

1815 891 2055 956 defendi,
2106 907 2202 961 per
2248 909 2409 963 quam
2441 896 2698 964 potuisset
2730 899 2902 952 exuri.
2933 900 3211 957 Attendite
3237 902 3406 958 bene-

1817 981 2018 1037 ficium.
2065 982 2136 1039 Ut
2197 984 2508 1042 obediretur
2545 988 2878 1044 confessoris
2923 1001 3210 1059 praecepto,
3249 1009 3407 1063 quam

1821 1089 2038 1143 semper
2087 1076 2188 1130 scit
2229 1077 2462 1133 subdere
2507 1091 2568 1143 ο,
2616 1080 2701 1134 hic
2744 1095 2923 1136 ceram
2970 1083 3110 1152 ignis
3157 1087 3408 1154 expavit,

1815 1177 1867 1221 et
1889 1183 2050 1237 quam
2082 1168 2133 1222 in
2165 1170 2388 1224 ardendi
2420 1170 2680 1226 auxilium
2709 1183 3036 1244 sumpserat,
3066 1175 3181 1245 ipsa
3211 1179 3262 1232 ei
3291 1179 3406 1232 visa

1813 1268 1896 1313 est
1925 1275 2241 1331 repugnare.
2289 1262 2394 1318 Sed
2437 1265 2576 1318 inter
2606 1262 2720 1318 haec
2752 1265 2881 1319 illud
2916 1266 3171 1322 admonet
3220 1269 3407 1338 potius

1816 1358 1876 1402 ut
1905 1349 2135 1416 dicatur,
2173 1353 2226 1405 in
2267 1354 2464 1408 virtute
2492 1353 2841 1424 confessoris,
2874 1370 3008 1426 quas
3039 1359 3254 1414 deducit
3281 1376 3408 1417 cera

1816 1442 2060 1498 flammas
2099 1447 2451 1511 exstinxisse,
2485 1456 2539 1501 et
2566 1463 2831 1504 converso
2860 1451 3050 1507 ordine
3079 1453 3206 1508 illud
3237 1467 3267 1506 a
3303 1469 3412 1523 quo

1817 1538 1990 1592 vorari
2030 1538 2200 1606 potuit
2232 1539 2576 1606 praefocasse.
2609 1540 2842 1594 Diversae
2867 1544 3075 1611 species
3100 1557 3252 1598 suam
3283 1543 3412 1598 visa:

1815 1637 1942 1684 sunt
1989 1640 2232 1686 naturam
2280 1642 2541 1697 mutasse,
2576 1642 2631 1687 et
2682 1648 2749 1688 ne
2777 1633 2903 1703 quid
2943 1635 3190 1690 incendia
3241 1637 3407 1693 laede-

1822 1730 1965 1787 rent,
2000 1725 2220 1791 pallium
2271 1740 2368 1792 pro
2411 1740 2699 1790 marmore,
2731 1740 2856 1780 cera
2894 1726 2994 1780 fuit
3043 1742 3140 1796 pro
3166 1727 3411 1785 flumine.

1819 1815 1926 1872 Sed
1975 1827 2230 1886 quantum
2274 1825 2356 1870 est
2410 1818 2551 1886 apud
2603 1818 2748 1871 illum
2795 1819 2937 1873 cerei
2989 1819 3166 1874 lumen
3213 1823 3416 1876 exstin-

102 1903 481 1975 CastiorlAf.,
517 1903 751 1975 cautior]
775 1913 862 1958 est
886 1904 985 1958 iste
1013 1906 1064 1958 in
1088 1905 1708 1974 examinationejudicii,
1743 1896 1791 1956 Β
1818 1922 2002 1976 guere,
2044 1905 2134 1976 qni
2181 1921 2446 1960 caecorum
2495 1907 2672 1961 lumen
2710 1906 2996 1961 accendit?
3036 1912 3140 1962 Aut
3183 1923 3304 1964 cum
3341 1909 3410 1965 ad

103 2014 271 2067 quam
301 2000 352 2054 in
381 2000 647 2054 electione
681 2000 870 2053 florum
900 1999 986 2051 illa
1027 2014 1145 2067 quae
1174 2013 1355 2052 ceram
1398 2008 1544 2054 casta
1591 2015 1713 2068 pro-

102 2091 279 2145 ducit.
326 2092 479 2145 Tuuc
526 2093 707 2160 itaque
752 2091 840 2145 ille
893 2091 981 2158 qui
1020 2091 1216 2145 oil'erre
1267 2091 1439 2144 noluit
1485 2092 1712 2147 admissi

103 2183 359 2236 criminis
389 2196 451 2237 se
482 2194 619 2237 teste
649 2183 930 2246 confusus,
962 2191 1016 2236 et
1039 2179 1289 2235 immensi
1314 2181 1536 2249 pudoris
1563 2193 1714 2237 reatu

100 2274 392 2341 perculsus
421 2283 533 2339 est;
561 2275 853 2342 vidensque
880 2274 984 2328 sibi
1010 2288 1039 2326 a
1073 2273 1254 2326 radice
1283 2287 1396 2328 sua:
1424 2276 1712 2329 conscien-

102 2365 199 2418 tiae
250 2375 412 2420 tanta
460 2365 804 2434 turpitudinis
851 2363 1136 2432 opprobria
1191 2363 1508 2433 pullulasse,
1557 2376 1612 2422 et
1659 2369 1712 2421 in

100 2455 310 2510 faciem
355 2470 508 2511 suam
551 2459 774 2511 occulta:
822 2454 1148 2525 cognitionis
1188 2454 1426 2510 facinora
1477 2458 1714 2512 revelata

97 2551 340 2616 aspexit,
374 2550 759 2614 consideravit,
793 2549 1075 2619 ingemuit,
1119 2558 1174 2602 et
1217 2549 1381 2613 flevit,
1426 2559 1484 2602 ut
1520 2550 1712 2604 saltem

98 2638 472 2710 iacrymarum
501 2639 647 2695 fonte
676 2640 885 2710 rigante
913 2639 1147 2694 dilueret
1175 2639 1318 2709 quod
1349 2640 1514 2695 corde
1540 2642 1716 2695 delin-

98 2741 313 2801 quente
349 2732 588 2788 fmdavit.
621 2732 722 2798 Qui
760 2741 941 2800 postea
982 2731 1186 2801 majora
1225 2731 1421 2786 obtulit
1461 2741 1708 2799 exactus,

98 2838 251 2878 cerae
281 2824 481 2893 judicio
511 2827 829 2893 castigante.

188 2915 283 2972 12.
313 2916 444 2971 Item
480 2932 602 2973 cum
630 2917 781 2985 juxta
811 2915 1254 2972 consuetudinem
1293 2921 1521 2986 quadam
1560 2927 1715 2971 nocte

100 3021 306 3061 cereus
337 3008 407 3061 ibi
437 3008 770 3062 illuminatus
802 3004 1016 3071 fuisset,
1046 3021 1177 3060 casu
1208 3020 1369 3074 super
1401 3005 1708 3073 sepulcrum

100 3097 253 3167 ejus,
275 3100 364 3167 qui
390 3099 774 3154 intercessione
795 3114 891 3153 sua
916 3101 941 3125 ³
967 3107 1212 3152 mortuos
1231 3097 1489 3163 vivificat,
1514 3097 1713 3152 ardens

99 3191 336 3254 corruit,
378 3193 446 3245 ita
496 3203 551 3244 ut
592 3205 755 3259 super
787 3189 813 3228 δ
847 3190 1129 3244 mal'ortem
1174 3203 1281 3258 quo
1326 3187 1546 3255 cecidit,
1594 3188 1710 3242 sine

179 3315 210 3341 "
243 3307 433 3360 Abest.
463 3313 690 3358 mortuos
717 3319 744 3356 a
776 3303 900 3357 Mss.

186 3377 216 3413 δ
250 3377 450 3430 Mafors
484 3378 568 3430 hic
597 3375 882 3429 adhibetur
905 3388 935 3427 a
964 3373 1255 3428 Fortunato
1285 3387 1380 3441 pro
1422 3387 1554 3438 veto,
1597 3387 1704 3441 quo

96 3457 426 3502 sanctorum
491 3448 681 3500 tumuli
727 3447 829 3513 tegi
871 3445 1139 3499 solebant.
1192 3447 1456 3500 Caeterum
1505 3444 1703 3497 rnafors

97 3529 228 3572 erat
275 3520 674 3587 operimentum
725 3519 936 3583 capitis,
999 3518 1237 3570 maxime
1293 3516 1573 3581 muliebre,
1636 3515 1703 3568 de

94 3607 215 3658 quo
262 3594 411 3658 plura
449 3590 683 3655 Dufres.,
727 3587 780 3640 in
809 3587 988 3642 Gloss.
1036 3587 1359 3641 Subematur
1403 3589 1564 3639 etiam
1609 3599 1705 3658 pro

95 3655 382 3727 scapulari
414 3661 732 3720 monastico,
767 3671 822 3710 ut
845 3658 1162 3725 intelligitur
1190 3675 1254 3710 ex
1283 3657 1562 3720 Cassiano,
1591 3655 1705 3722 qui,

94 3733 133 3784 Ι.
173 3746 192 3783 ι
225 3729 402 3784 lnstit.
438 3731 610 3795 Mon.,
666 3746 782 3798 cap.
817 3730 872 3791 7,
913 3731 1187 3782 disserens
1215 3728 1283 3782 de
1318 3728 1700 3781 monachorum

93 3803 296 3856 habitu
328 3819 342 3856 :
392 3801 518 3855 Post
558 3801 689 3865 hccc,
729 3803 921 3869 inquit,
952 3809 1172 3870 angusto
1211 3800 1393 3868 pallio,
1426 3808 1530 3851 tam
1578 3799 1709 3849 ami-

1819 1999 2039 2053 alterius
2069 1997 2343 2052 cadaveris
2368 1997 2696 2064 sepulturam
2720 1997 3000 2051 oculorum
3027 1998 3202 2066 ignem
3229 1999 3412 2054 redin-

1821 2099 2014 2158 tegrat,
2055 2104 2213 2157 qnam
2243 2087 2395 2142 facile
2426 2089 2697 2143 credimus
2726 2088 2794 2142 de
2829 2087 3077 2156 sepulcro
3107 2091 3325 2160 proprio
3353 2101 3412 2147 ut

1818 2184 2063 2238 flatnmas
2095 2181 2364 2249 expellat?

1892 2275 1977 2329 t5.
2024 2271 2226 2327 Vellem
2256 2271 2428 2325 adhuc
2464 2271 2746 2325 insatiatus
2787 2269 3134 2325 sacratissimi
3168 2271 3271 2326 virt
3303 2271 3407 2326 mi-

1817 2366 1998 2422 racula
2029 2367 2179 2434 quasi
2213 2365 2554 2433 peculiariter
2599 2363 2919 2428 decantare;
2973 2364 3068 2418 sed
3108 2378 3301 2418 vereor
3337 2379 3407 2420 ne

1818 2458 1964 2512 unde
2005 2471 2178 2512 meam
2226 2456 2385 2525 cupio
2414 2454 2754 2510 devotionem
2803 2455 3112 2522 ostendere,
3143 2456 3406 2511 auditoris

1817 2548 2056 2601 animum
2089 2545 2302 2600 fastidio
2331 2554 2585 2599 nascente
2626 2543 2812 2597 videar
2845 2544 3117 2600 obturare.
3147 2544 3225 2599 Da
3252 2546 3408 2610 mihi,

1821 2639 1927 2709 pie,
1951 2638 2172 2692 veniam
2203 2636 2271 2691 de
2308 2647 2484 2690 textus
2516 2635 2673 2704 hujus
2705 2634 2987 2703 parvitate,
3018 2635 3082 2688 da
3109 2635 3254 2691 casui
3287 2638 3404 2691 cul-

1821 2747 1965 2802 pam,
2012 2747 2080 2786 ne
2120 2730 2246 2784 dum
2279 2730 2512 2784 hominis
2543 2731 2702 2799 cupio
2749 2731 2924 2785 vitare
2963 2729 3198 2799 fastidia,
3229 2731 3414 2788 videar

1820 2824 2097 2879 incurrere
2125 2823 2459 2877 confessoris
2487 2821 2767 2885 offensam,
2808 2823 2875 2876 de
2903 2837 3010 2891 quo
3037 2824 3228 2893 exigua
3260 2823 3411 2878 dice-

1818 2929 1956 2979 rem,
1985 2914 2030 2968 si
2077 2914 2243 2968 libros
2291 2912 2595 2982 implerem.
2639 2911 2744 2966 Sed
2779 2926 3045 2981 praesumo
3089 2913 3312 2982 plurima
3343 2914 3413 2968 de

1820 3015 1872 3060 te
1920 3005 2095 3059 minus
2120 3005 2321 3066 dicere,
2371 3012 2429 3057 ut
2455 3003 2522 3057 de
2554 3012 2606 3056 te
2636 3003 2814 3072 legere
2861 3005 3114 3071 populum
3167 3003 3404 3058 brevitas

1820 3095 1938 3163 plus
1967 3095 2180 3158 invitet,
2212 3093 2506 3147 auxiliante
2536 3092 2769 3146 Domino
2801 3091 2912 3145 Deo
2955 3101 3142 3147 nostro
3183 3106 3325 3147 nunc
3353 3102 3410 3148 et

1821 3201 2056 3257 semper.
2119 3190 2311 3242 Amen.

1733 3306 1780 3368 (ζ
1817 3313 1928 3355 ctus
1957 3303 2294 3359 humilitatem
2333 3319 2487 3370 quam
2514 3301 2759 3355 vilitatem
2785 3300 2936 3370 pretii
2960 3299 3416 3368 compendiumque

1808 3385 2079 3436 sectantes,
2126 3378 2262 3432 colla
2309 3375 2501 3442 pariter
2533 3382 2681 3442 atque
2726 3371 2964 3426 humeros
3026 3381 3218 3440 tegunt,
3267 3371 3406 3438 quod

1811 3450 2056 3514 mafortes
2099 3459 2204 3502 tant
2249 3458 2424 3502 nostro
2461 3461 2616 3514 quant
2651 3445 2888 3511 ipsorum
2929 3452 3262 3510 nuncupatur
3297 3446 3406 3496 elo-

1811 3533 2094 3654 qmcohpud
2154 3584 2397 3638 Bolland.
2455 3585 2542 3640 hic
2589 3586 2824 3648 additur,
2876 3594 2924 3637 et
2971 3599 3289 3637 consumere.
3344 3584 3413 3637 At

1813 3659 1950 3736 apud
1991 3657 2125 3736 ¹(1111.
2148 3657 2238 3710 :Ut
2272 3659 2502 3736 obediret
2559 3667 2838 3723 precepto.
2875 3654 3269 3736 Quantnsernper
3307 3658 3402 3706 scit

1811 3725 2031 3782 subinde
2059 3744 2376 3793 consumere,
2401 3729 2484 3781 hic
2513 3743 2704 3794 ceram,
2736 3737 2841 3781 etc.
2873 3729 3011 3780 Mon.
3040 3726 3097 3779 S.
3132 3725 3334 3778 ΜΑυιιι.

91 3949 3404 3988 *Μ

1411 4111 2090 4192 ΡΒᾸΞΜΟΝΙΤΙΟ

833 4298 892 4348 ΙΝ
928 4295 1130 4350 VITAM
1167 4295 1552 4356 SEQUENTEM
1590 4295 1642 4343 S.
1680 4289 1968 4342 GERMANI
2003 4287 2291 4341 EPISCOI‘!
2327 4286 2741 4340 PARISIENSIS.

165 4477 494 4544 Sequentem
546 4469 720 4544 V_itam
767 4470 934 4523 sancti
978 4467 1258 4544 _Germani,
1302 4468 1564 4544 pontiﬁcis
1614 4465 1944 4544 Parisiensis,
1987 4461 2181 4515 edimus
2214 4468 2268 4538 ut
2297 4467 2463 4544 exstat
2492 4458 2693 4544 sarculo
2722 4471 2739 4511 t
2772 4455 3101 4544 Benedictino
3129 4474 3243 4544 cum
3273 4459 3406 4539 notis

86 4530 525 4605 cliuabillonii.
562 4539 746 4594 FaCile
777 4540 1081 4593 conveniunt
1114 4530 1489 4591 omnes'enm'a
1522 4537 1772 4590 Venantio
1796 4607 1801 4608 γ
1823 4533 2113 4585 Fortunato
2153 4533 2395 4608 scriptam
2428 4530 2618 4608 fuisse”;
2645 4530 2838 4608 deiqua
2874 4530 3406 4608 mentionentfaciens

83 4597 445 4688 δξεξίτωκη
478 4615 566 4666 lib.
596 4630 624 4664 ν
656 4612 818 4688 llist._
842 4609 1213 4688 Fran_c.,_cap.
1240 4613 1292 4671 8,
1327 4611 1371 4661 si
1402 4612 1523 4688 nnis
1551 4618 1751 4688 tanien,
1787 4607 1974 4688 inquit,
2000 4597 2517 4688 strenttusévirtutes
2549 4599 2730 4688 illius||
2751 4601 2915 4688 sancti
2949 4597 3240 4688 Germani],
3273 4616 3405 4688 quas

175 4672 444 4756 corpore.
468 4685 615 4750 fecit,
650 4682 1024 4756 sollicitevult
1051 4672 1365 4756 inquii-ere,
1402 4672 1593 4732 librum
1650 4678 1782 4756 vlli-il:
1825 4677 2193 4756 tllitihsilguina
2224 4672 2537 4756 fort-uitato
2558 4672 2885 4756 presbytero
2931 4675 3402 4756 compositu-suem,

83 4741 283 4834 ie'ge‘n‘s
306 4741 508 4812 cuncta
540 4741 798 4822 reperiet.
830 4751 1023 4834 _f’orro
1065 4741 1273 4803 sanctus
1306 4750 1590 4803 Germanus
1640 4749 1762 4801 obiit
1801 4764 1891 4830 Ian.
1919 4741 2051 4834 S70,
2095 4745 2289 4834 dia-2S
2327 4742 2480 4834 digii,
2522 4743 2824 4834 circacquod
2850 4750 3044 4809 tempus
3089 4741 3404 4834 ejule"'i'tani

81 4810 508 4888 a‘boamiicissimo
541 4810 772 4898 ejusdem
817 4821 1116 4898 fortunato
1148 4832 1493 4892 conscriptam
1519 4825 1682 4891 [uisse
1709 4821 1976 4872 verisimile
2008 4828 2103 4870 est.
2159 4815 2341 4868 Exstat
2364 4815 2454 4865 illa
2479 4818 2616 4881 apud
2643 4811 2861 4866 Surium
2891 4828 3092 4881 quoque
3113 4810 3162 4865 et
3191 4810 3403 4865 Bollan-

81 4911 236 4969 dum,
261 4902 358 4958 sub
383 4893 576 4953 eodeni
595 4898 676 4949 die
702 4895 774 4949 28
809 4893 960 4948 Maii.

81 5021 3391 5066 __________________________________________.

719 5156 1144 5285 VlTA
1231 5149 1848 5282 SANCTI
1946 5141 2799 5278 GERMANI

1203 5388 1427 5451 URBIS
1473 5385 1919 5451 PARISIACIE
1963 5381 2344 5446 EPISCOPI.

165 5647 218 5698 t.
266 5643 462 5697 Beatus
497 5646 523 5672 ι
556 5634 721 5706 igitur
751 5629 1053 5686 Germanus
1085 5625 1112 5666 ι’
1153 5625 1480 5682 Parisiorum
1522 5627 1698 5696 ponti-

86 5743 209 5805 fex,
289 5732 553 5792 territorii
631 5727 1136 5800 Augustodunensis
1191 5723 1483 5794 indigena,
1545 5732 1697 5793 patre

167 5891 192 5918 ⁸
236 5877 389 5950 Apud
423 5869 748 5930 Bollandum
779 5865 1038 5924 omittitur
1071 5863 1244 5933 igitur.

1810 5621 2140 5687 Eleutherio,
2171 5627 2344 5674 matre
2384 5629 2595 5685 quoque
2639 5611 2893 5676 Eusebia,
2939 5609 3180 5666 honestis
3224 5611 3397 5666 honos

1797 5719 2037 5786 ratisque
2082 5713 2418 5783 parentibus,
2456 5716 2770 5779 procreatus
2811 5713 2914 5760 est.
2955 5702 3122 5772 Cujus
3161 5702 3396 5771 genitrix

1885 5851 1912 5892 δ
1959 5853 2082 5909 Mss.
2128 5847 2446 5910 Bonifontis,
2497 5841 2950 5898 Parisiacensium.
2984 5837 3255 5895 BOLLAND.
