4192 6558
767 425 874 484 485

1490 420 1812 478 VENANTII
1857 420 2016 477 HON.
2057 420 2264 476 (ΗΕΒ.
2313 418 2707 477 FORTUNATI
2746 419 3030 477 OPERUM
3069 419 3245 476 PARS
3289 421 3354 478 ll.

3931 410 4024 478 ιω

767 558 864 615 pro
891 555 958 596 eo
985 538 1129 610 quod
1165 539 1302 592 hunc
1336 544 1455 608 post
1495 538 1719 591 alterum
1749 538 1885 591 intra
1917 537 2078 592 breve
2103 535 2340 604 spatium
2374 537 2425 596 Α
2453 534 2652 589 Dehinc
2686 549 2714 588 a
2741 535 2993 604 pontifice
3027 532 3054 571 ιι
3080 534 3328 588 Nectario
3357 531 3490 586 abba
3515 531 3582 585 ad
3603 537 3851 586 sanctum
3878 533 4022 602 Sym-

768 632 1103 700 concepisset
1134 629 1184 684 in
1217 637 1389 691 utero,
1425 628 1625 695 pudore
1656 637 1796 681 mota
1836 627 2107 691 muliebri,
2156 624 2344 694 cupie-

767 723 863 777 bat
910 731 1036 775 ante
1089 728 1294 787 partum
1343 716 1598 771 infantem
1645 717 2020 785 exstinguere;
2051 722 2104 768 et
2133 723 2349 781 accepta

768 812 988 882 potione
1038 819 1098 864 ut
1147 809 1444 863 abortivum
1493 808 1801 876 projiceret,
1832 807 1958 860 dum
2011 820 2206 860 nocere
2238 821 2346 860 non

775 909 981 971 posset,
1015 899 1300 953 incubabat
1330 901 1380 952 in
1410 907 1614 962 ventre,
1659 907 1718 952 ut
1763 897 1994 964 pondere
2038 897 2352 965 prinfocaret

767 1007 929 1060 quem
967 1005 1169 1043 venena
1201 990 1395 1044 laedere
1439 1003 1542 1042 non
1589 989 1844 1043 valerent.
1889 987 2138 1042 Certabat
2183 997 2351 1042 mater

769 1096 890 1135 cum
924 1082 1170 1150 parvulo,
1201 1080 1527 1134 renitebatur
1556 1079 1730 1132 infans
1765 1081 1832 1132 ab
1860 1090 2044 1144 utero;
2076 1088 2196 1133 erat
2222 1094 2350 1148 ergo

773 1188 944 1242 pugna
999 1173 1138 1226 inter
1181 1172 1456 1225 mulierem
1505 1181 1563 1225 et
1591 1173 1816 1225 viscera.
1869 1170 2186 1226 Ltedebatur
2234 1185 2352 1225 ma-

772 1270 950 1327 trona,
985 1276 1084 1316 nec
1115 1261 1404 1315 nocebatur
1449 1260 1689 1324 infantia,
1721 1261 2094 1315 obluctabatur
2119 1263 2348 1327 sarcina,

771 1367 842 1407 ne
868 1352 1098 1422 genitrix
1137 1351 1289 1406 fieret
1317 1351 1599 1419 parricida.
1632 1351 1685 1404 Id
1730 1360 1906 1404 actum
1937 1361 2038 1416 est,
2088 1360 2146 1404 ut
2173 1366 2354 1405 serva-

778 1453 864 1497 tus
910 1443 1214 1507 incolumis,
1251 1442 1366 1507 ipse
1417 1441 1616 1494 illtesus
1650 1443 1987 1508 procederet,
2036 1449 2090 1494 et
2128 1450 2352 1495 matrem

772 1534 1026 1592 redderet
1069 1535 1430 1586 innocentem.
1464 1531 1590 1584 Erat
1629 1533 1752 1584 hinc
1787 1531 1960 1584 futura
1992 1546 2351 1600 prtenoscere,

775 1638 902 1680 ante
931 1624 1121 1679 fecisse
1162 1625 1297 1695 ML,
1347 1625 1542 1677 factam
1594 1639 1689 1692 pro
1738 1623 1824 1694 eo]
1876 1626 2146 1693 virtutem,
2195 1639 2353 1694 quam

780 1720 929 1772 nasci
957 1718 1241 1786 contigerit
1278 1727 1324 1768 δι.

844 1810 901 1864 2.
946 1809 1142 1862 Deinde
1175 1822 1298 1861 cum
1331 1805 1358 1844 δ
1407 1807 1670 1862 Avallone
1712 1817 1888 1860 castro
1935 1821 2054 1860 cum
2103 1806 2357 1862 Stratidio

2451 626 2768 695 phorianum
2808 625 2823 664 ί
2862 625 3054 680 merito
3075 625 3268 694 dignus
3297 622 3597 678 asciscitur.
3649 624 3857 690 Quanta
3905 640 4022 679 vero

2450 709 2575 768 inibi
2625 716 2942 770 abstinentia
2989 716 3226 780 vixerit,
3275 713 3488 782 quantis
3558 729 3774 784 quoque
3832 716 4023 786 vigiliis

2449 805 2812 860 continuando
2837 806 3138 871 duraverit,
3175 805 3370 876 quibus
3399 806 3764 877 eleemosynis
3790 808 4025 874 profusus

2450 895 2731 962 exstiterit,
2766 897 2851 950 illa
2888 911 2974 951 res
3003 912 3108 950 una
3139 897 3292 951 testis
3319 906 3403 951 est
3436 911 3594 950 zeum
3616 897 3729 967 jam
3759 898 3922 953 rebus
3949 915 4028 954 re-

2451 989 2610 1056 liquis
2639 989 2963 1056 pauperibus
2991 989 3224 1058 erogatis
3273 1003 3373 1043 nec
3425 991 3579 1060 panis
3628 989 3748 1058 ipse
3778 990 4028 1064 resideret

2451 1088 2711 1147 quatenus
2737 1078 2932 1133 fratres
2962 1081 3328 1142 reficerentur,
3371 1094 3476 1149 qua
3505 1081 3572 1134 de
3611 1095 3672 1135 re
3711 1081 4031 1152 insurgentio

2453 1169 2551 1224 bus
2588 1170 2870 1225 adversum
2900 1184 2960 1224 se
2990 1170 3289 1236 monachis,
3333 1170 3622 1225 retrudens
3652 1185 3710 1226 se
3739 1170 3793 1226 in
3825 1173 4026 1237 cellula,

2451 1276 2633 1316 amare
2663 1262 2806 1315 flevit
2852 1271 2908 1315 et
2933 1261 3126 1316 doluit.
3163 1261 3306 1315 lnter
3334 1261 3476 1326 haec,
3505 1261 3625 1330 ipso
3655 1273 3865 1331 orante,
3895 1279 4031 1332 qure-

2453 1351 2575 1406 dam
2608 1352 2758 1406 Anna
2804 1363 3046 1405 matrona
3095 1351 3326 1406 duorum
3399 1352 3870 1408 isaumariorum
3919 1370 4032 1409 cum

2455 1460 2592 1514 pane
2621 1445 2806 1515 dirigit
2833 1458 3018 1498 onera.
3053 1444 3309 1514 Sequenti
3350 1446 3509 1500 etiam
3550 1446 3638 1500 die
3679 1461 3803 1500 cum
3830 1463 4034 1503 annona

2453 1534 2741 1589 destinavit
2767 1536 2920 1603 plena
2947 1536 3190 1604 carpenti
3217 1535 3481 1601 vehicula,
3514 1536 3585 1589 ita
3616 1548 3675 1590 ut
3700 1536 3902 1592 exinde
3929 1554 4038 1592 mu-

2458 1624 2608 1678 nachi
2655 1640 2776 1678 cum
2827 1634 3202 1679 saturarentur
3246 1625 3390 1690 cibo,
3441 1636 3776 1681 terrerentur
3820 1628 4040 1684 miracu~

2459 1714 2511 1767 lo
2541 1712 2592 1767 ιι.
2625 1714 2718 1767 His
2746 1714 2925 1782 itaque
2953 1715 3167 1768 celeber
3198 1715 3440 1770 intentus
3486 1715 3698 1782 officiis,
3732 1731 3840 1772 non
3883 1717 4042 1773 desiit

2459 1803 2799 1870 prmdicantis
2826 1805 3159 1858 manifestari
3209 1805 3507 1862 miraculis.

777 1903 1076 1972 propinquo
1110 1916 1241 1969 puer
1289 1899 1492 1954 scholis
1531 1909 1862 1963 excurreret,
1911 1911 1932 1938 ε
1984 1907 2152 1952 mater
2184 1897 2208 1936 ἀ
2255 1913 2358 1967 pa-

2531 1893 2586 1947 4.
2627 1895 2787 1963 Igitur
2817 1896 3046 1964 quadam
3077 1897 3192 1951 vice
3237 1897 3363 1951 dum
3403 1898 3582 1952 cibum
3614 1898 3789 1955 fessus
3829 1905 4044 1971 accipe-

776 1998 964 2060 rentis,
998 2005 1054 2048 ut
1075 1994 1194 2062 ejus
1217 1993 1582 2047 lneretlitatem
1605 1995 1930 2060 acquireret,
1957 1993 2024 2046 de
2046 1993 2361 2048 adolescen-

778 2086 848 2139 tis
880 2085 1113 2138 fallitura
1146 2098 1276 2138 nece
1316 2084 1582 2135 tractavit.
1628 2084 1758 2148 Quae
1806 2093 2158 2150 temperatam
2193 2085 2361 2152 potio-

776 2191 899 2230 nem
931 2176 982 2228 in
1011 2175 1303 2244 arnpullula
1343 2173 1601 2238 condidit,
1630 2175 1811 2227 viuum
1841 2189 2052 2243 quoque
2087 2177 2140 2228 in
2171 2177 2358 2240 altera,

777 2267 1098 2336 praecipiens
1168 2267 1360 2334 puellae
1414 2274 1492 2328 ut,
1547 2265 1883 2320 venientibus
1947 2265 2226 2330 ambobus,
2287 2266 2362 2320 illi

781 2360 1086 2428 porrigeret
1147 2358 1215 2412 de
1267 2358 1412 2424 vino,
1474 2357 1561 2409 isti
1612 2358 1681 2410 de
1729 2356 2012 2411 maleﬁcio.
2060 2356 2165 2411 Sed
2216 2357 2363 2426 igno-

775 2464 900 2504 rans
951 2449 1192 2502 ministra
1245 2447 1593 2516 atnpullulam
1647 2457 1819 2501 mutat
1859 2457 1914 2502 et
1956 2448 2144 2514 pocula
2197 2465 2211 2500 :
2270 2449 2349 2502 vi-

778 2556 907 2594 num
958 2549 1144 2594 sancto
1193 2539 1484 2603 Germano,
1521 2553 1782 2592 venenum
1835 2539 1926 2592 dat
1971 2539 2253 2604 Stratidio;
2305 2548 2357 2593 et

777 2633 906 2686 dum
935 2632 1131 2685 insonti
1181 2641 1512 2701 praeparatur
1561 2630 1830 2693 interitus,
1878 2640 2068 2684 auctor
2115 2631 2262 2684 cadit
2309 2630 2361 2684 in

779 2725 1052 2794 laqueum.
1081 2724 1198 2791 Quo
1230 2731 1401 2777 mater
1429 2721 1549 2791 ejus
1577 2725 1816 2791 cognito,
1864 2722 2092 2790 puellam
2127 2722 2367 2789 increpat

779 2832 901 2868 cum
937 2817 1084 2878 fletu,
1118 2814 1446 2868 exstinxisse
1471 2827 1530 2865 se
1561 2812 1748 2867 filium.
1793 2812 1890 2866 Cui
1935 2811 2193 2866 Stratidio
2219 2813 2365 2866 solli-

778 2906 887 2959 cite
919 2907 1160 2972 itnpenso
1191 2903 1385 2965 studio,
1421 2904 1557 2956 facto
1585 2901 1654 2956 de
1681 2901 1810 2970 ipsis
1841 2901 2117 2956 maleficiis
2145 2912 2170 2938 ⁸
2196 2902 2361 2966 vario,

781 2994 885 3048 etsi
921 3008 1066 3048 mors
1097 2995 1259 3046 vitam
1310 3007 1414 3046 non
1445 2990 1686 3057 abstulit,
1721 2999 1898 3047 tamen
1929 2993 2136 3062 signum
2177 2997 2364 3048 mortis

801 3086 972 3139 nfixit.

854 3178 908 3231 5.
951 3178 1086 3231 llinc
1116 3177 1180 3230 ad
1231 3184 1511 3245 parentem
1543 3189 1698 3230 suum
1729 3185 1969 3230 sanctum
2003 3176 2359 3244 Sc0pilionem

792 3267 810 3306 ί
841 3269 1028 3322 Lausia
1056 3283 1115 3322 se
1140 3267 1446 3332 conferens,
1479 3267 1717 3321 moribus
1749 3267 1988 3321 honestis
2017 3268 2176 3322 alitus
2197 3277 2254 3323 et
2282 3269 2362 3322 in-

780 3363 1004 3415 stitutus
1025 3368 1130 3414 est.
1164 3359 1406 3425 Quicum
1439 3357 1550 3412 fere
1592 3358 1738 3412 mille
1770 3372 1958 3427 passus
2005 3359 2163 3428 longe
2190 3373 2220 3411 a
2249 3359 2366 3412 vico

783 3453 1159 3513 consisterent,
1191 3450 1387 3518 iugiter
1416 3450 1481 3502 ad
1519 3451 1811 3503 matutinos
1860 3450 2166 3516 currebant,
2219 3451 2363 3504 ducti

785 3542 910 3596 fidei
940 3541 1138 3602 calere,
1173 3554 1264 3606 per
1291 3547 1686 3607 tempestatem,
1729 3553 1824 3607 per
1868 3539 2123 3594 hiemem.
2157 3540 2257 3605 Qui
2287 3542 2365 3592 in-

785 3643 866 3687 tra
897 3634 1030 3686 terni
1065 3631 1215 3685 lustri
1239 3640 1264 3677 κ
1291 3631 1522 3698 spatium
1550 3645 1579 3682 a
1608 3630 1763 3683 beato
1795 3631 2087 3699 Agrippino
2110 3631 2366 3688 diaconus

789 3723 1102 3786 instituitur,
1132 3731 1186 3776 et
1217 3732 1473 3789 sequente
1499 3720 1730 3775 triennio
1756 3721 2037 3790 presbyter
2062 3721 2358 3777 ordinatur.

858 3885 884 3912 ι
948 3875 1101 3943 Apud
1160 3872 1408 3928 eumdem
1466 3872 1605 3926 Boll.
1681 3873 1794 3927 huic
1843 3873 2000 3928 verba
2055 3874 2360 3931 adduntur:

787 3947 889 4002 Per
944 3946 1267 3999 incrementa
1342 3943 1572 4012 denique
1643 3945 1935 4007 virtutum,
2002 3943 2066 3997 ad
2144 3949 2363 4001 meliora

797 4017 1039 4087 quotidie
1070 4027 1370 4082 provectus,
1423 4015 1716 4087 litterarum
1748 4016 1935 4087 Studiis
1981 4029 2022 4087 at
2041 4013 2364 4087 dulcissimis

795 4084 1104 4153 parentibus
1133 4097 1214 4137 est
1245 4087 1488 4148 traditus,
1525 4094 1584 4138 ut
1609 4085 1862 4153 deinceps
1901 4084 1954 4138 in
1996 4084 2086 4138 Dei
2118 4087 2364 4142 laudibus

791 4159 1078 4212 haberetur
1109 4156 1319 4223 dignus.

858 4226 886 4265 δ
927 4227 1128 4288 Αυαιιο,
1159 4242 1250 4278 seu
1283 4225 1486 4288 Abullo,
1515 4223 1752 4289 Avallon,
1795 4223 2047 4292 oppidum
2081 4223 2132 4278 in
2167 4226 2364 4280 ducatu

791 4297 1109 4363 Burgundite
1141 4299 1276 4348 inter
1321 4295 1763 4364 Augustodunum
1813 4306 1863 4348 et
1896 4297 2360 4351 Antissiodorutn.

787 4368 982 4422 MABIL.

863 4449 886 4474 ε
929 4437 1056 4490 Mss.
1089 4434 1289 4498 Bonif.,
1324 4434 1492 4486 Mater
1519 4436 1749 4504 ejusdem
1788 4433 2018 4489 Statidii.
2062 4436 2222 4490 BOLL.

857 4504 885 4542 ἀ
925 4508 1042 4560 Alia
1097 4507 1422 4570 exemplaria
1454 4505 1651 4558 habent
1681 4507 1970 4573 proiiinqui,
2004 4507 2096 4559 sed
2144 4518 2365 4573 utraque

2389 3229 2436 3292 C

2468 1995 2569 2050 ret,
2600 1985 2929 2054 ingrediente
2956 1985 3206 2040 Atnando
3236 1987 3500 2042 monacho
3525 1989 3577 2042 in
3607 1990 3771 2046 fenile
3803 2007 3927 2046 cum
3959 1993 4045 2046 lu-

2464 2078 2628 2140 mine,
2657 2078 2892 2131 carbone
2930 2078 3233 2143 decidente,
3265 2079 3482 2134 flamma
3529 2079 3712 2136 fenum
3763 2086 4042 2155 corripuit,

2465 2179 2520 2224 et
2544 2170 2691 2224 arida
2722 2170 3040 2226 nutrimenta
3085 2186 3252 2226 vorax
3297 2173 3435 2243 ignis
3480 2175 3746 2230 allambit.
3799 2177 4050 2233 Concur-

2464 2264 2704 2317 rentibus
2738 2263 2979 2331 reliquis,
3014 2277 3113 2318 nec
3143 2271 3318 2318 tamen
3348 2269 3813 2336 succurrentibus,
3845 2272 4047 2327 tardius

2465 2351 2578 2420 ipse
2617 2353 2919 2420 prosiliens,
2953 2365 3103 2422 rapta
3161 2355 3230 2410 de
3275 2355 3396 2410 foco
3437 2372 3688 2423 cucuma,
3736 2364 4040 2418 ascendens

2465 2459 2625 2512 supra
2671 2442 2953 2510 fabricam,
2985 2447 3277 2502 concinens
3305 2448 3556 2514 Alleluia,
3587 2450 3821 2507 fundens
3866 2456 4051 2521 paulu-

2466 2533 2575 2588 lum
2599 2549 2750 2603 aqua:
2779 2536 2831 2590 in
2859 2536 3035 2590 crucis
3063 2538 3368 2606 imaginem,
3400 2541 3645 2594 restinxit
3687 2543 3959 2610 incendia,
3989 2562 4051 2601 ac

2463 2625 2532 2680 de
2561 2641 2720 2681 manu
2763 2627 2934 2681 sancti
2964 2627 3134 2682 imbre
3162 2629 3346 2684 sedata
3396 2640 3479 2685 est
3526 2632 3664 2699 ignis
3694 2633 3861 2701 unda,
3895 2652 4050 2704 quam

2465 2717 2550 2769 vix
2579 2718 2978 2785 exstinguerent
3004 2718 3242 2773 flumina.
3275 2719 3427 2784 Quod
3480 2729 3658 2776 tamen
3693 2734 3915 2791 postero
3942 2727 4047 2794 die,

2464 2807 2618 2877 cujus
2641 2809 2844 2862 insidiis
2872 2819 3048 2864 actum
3076 2820 3178 2873 est,
3213 2809 3380 2864 bustis
3423 2811 3537 2879 ipse
3564 2813 3852 2868 confessus
3878 2826 3981 2870 est.

2537 2901 2590 2954 5.
2641 2899 2654 2938 ι
2684 2901 2989 2955 Chariulfus
3011 2902 3228 2970 quidam
3261 2902 3495 2957 Francus
3528 2906 3718 2972 partim
3746 2907 3890 2960 villa:
3917 2908 4053 2961 basi-

2467 2991 2584 3044 lica:
2624 3005 2711 3045 res
2740 2989 3042 3045 obstinatus
3067 2992 3355 3045 invaserat.
3399 2995 3569 3056 Quem
3595 3008 3720 3047 cum
3753 2995 3834 3047 vir
3867 2995 3962 3049 Dei
3988 2997 4052 3049 ad

2467 3079 2795 3134 reddendum
2860 3081 3198 3148 aliquatenus
3260 3092 3650 3150 communeret,
3710 3098 3810 3137 nec
3877 3094 4054 3138 tamen

2471 3171 2774 3239 proliceret,
2806 3169 2872 3224 ad
2902 3172 3202 3224 orationem
3234 3186 3292 3226 se
3319 3174 3609 3239 convertit,
3645 3189 3743 3228 nec
3777 3175 3916 3228 fides
3945 3179 4055 3228 vin-

2469 3264 2663 3317 dictam
2701 3261 2924 3318 diStulit.
2957 3263 3146 3319 Statim
3180 3280 3245 3318 ex
3290 3265 3466 3319 vicino
3514 3264 3660 3320 ferus
3703 3281 3865 3321 ursus
3910 3270 4030 3322 exsi

2467 3355 2602 3410 liens
2633 3365 2742 3410 tres
2771 3355 2909 3410 illius
2954 3371 3121 3426 equos
3172 3357 3461 3422 interfecit,
3515 3374 3616 3413 nec
3665 3360 3746 3414 sic
3794 3378 3826 3414 a
3857 3361 4055 3415 duritia

2467 3447 2748 3514 resipiscit.
2777 3447 3032 3516 Sequenti
3078 3461 3206 3502 vero
3237 3459 3395 3502 nocte
3426 3449 3724 3518 duplicavit
3761 3453 3909 3506 ultor
3933 3469 4055 3520 per-

2468 3539 2680 3599 niciem.
2744 3537 2845 3592 Sex
2911 3539 3156 3606 iumenta
3205 3537 3497 3605 interemit,
3559 3555 3658 3595 nec
3714 3542 3794 3595 sic
3845 3558 4058 3609 quoque

2469 3644 2624 3697 ptena
2653 3628 2882 3684 suffecit.
2913 3629 3093 3684 Tertia
3139 3630 3281 3685 idem
3339 3642 3497 3686 nocte
3556 3648 3754 3687 novem
3810 3636 4057 3689 vehicula

2469 3724 2776 3790 prosternit,
2806 3722 3078 3791 triplicato
3104 3724 3368 3780 cadavere
3394 3742 3406 3777 :
3457 3727 3534 3780 sic
3584 3726 3740 3781 labor
3769 3730 4059 3784 crescebat

2466 3874 2940 3948 ipsiusAgrippini
2969 3878 3244 3942 decessor,
3296 3879 3596 3948 Epaonensi
3647 3884 3886 3938 concilio
3931 3887 4058 3940 sub-

2466 3947 2700 4014 scripsit.
2722 3947 2803 4001 Λι
2844 3963 2969 4001 vero
2998 3960 3214 4003 sanctus
3263 3947 3562 4004 Germanus
3594 3967 3738 4005 anno
3767 3956 3936 4008 citato
3976 3958 4056 4008 vi-

2468 4017 2598 4085 ginti
2629 4018 2905 4094 minimum
2937 4034 3106 4094 annos
3150 4021 3257 4094 jam
3298 4022 3577 4094 attigerat,
3627 4025 3897 4091 siquidem
3952 4031 4058 4094 fere

2467 4090 2816 4210 ἕίιὲςῖηανίιιδ
2838 4090 3070 4143 evolavit
3111 4092 3178 4143 ad
3209 4090 3377 4146 caelos
3409 4095 3497 4161 (ex
3529 4090 3706 4158 Fort.,
3749 4112 3806 4147 n.
3840 4095 3907 4147 67
3915 4090 4056 4164 j'an.

2516 4177 2529 4209 ι
2580 4197 2592 4209 .
2647 4175 2769 4210 neu.

2516 4175 2592 4209 10.
2621 4175 2769 4211 ιοειι.

2500 4276 2514 4290 ,
2541 4225 2576 4280 ι’.
2609 4228 3163 4304 SanctusNectarius,
3195 4231 3480 4298 episcopus
3505 4233 3757 4287 Ecclesiae
3792 4238 4062 4304 Augusto-

2469 4297 2748 4361 dttnensis,
2777 4301 3098 4367 subscripsit
3126 4297 3354 4354 concilio
3388 4297 3762 4358 Aurelianensi
3793 4297 3898 4357 an:
3924 4304 4057 4359 5-H.

2469 4368 2633 4422 Βοιι..
2668 4369 3081 4442 ldemprmerat
3128 4370 3380 4426 Ecclesrm
3428 4374 3502 4425 illi
3555 4374 3621 4426 ad
3670 4390 3759 4428 an.
3815 4376 3948 4442 542,
4006 4387 4064 4431 ut

2470 4447 2620 4492 notat
2663 4441 2905 4493 Cointius
2933 4444 2997 4492 ad
3031 4443 3170 4495 hunc
3199 4458 3417 4504 annum,
3451 4459 3598 4496 num.
3630 4441 3724 4495 29.

2547 4506 2562 4584 ξ
2604 4510 2832 4584 Sanctus
2859 4511 3282 4584 Syriiplttirianus
3314 4525 3516 4584 martyr
3543 4515 3919 4581 Augustuduni
3955 4533 4059 4572 oc-

786 4591 916 4649 vox,
943 4591 1124 4649 parens
1149 4585 1194 4627 et
1228 4577 1564 4643 propinquus,
1599 4575 1890 4649 Fortunato
1929 4591 2226 4649 synonyma
2259 4591 2362 4632 est.
2389 4589 2444 4649 D
2472 4580 2657 4632 cubuit
2701 4581 2800 4634 sub
2843 4575 3147 4636 Aureliano.
3192 4582 3318 4649 Ejus
3360 4575 3490 4637 Acta
3539 4575 3701 4637 habes
3746 4587 3889 4640 inter
3919 4590 4061 4642 Acta

792 4648 843 4701 Η
853 4651 933 4700 inc
962 4648 1028 4699 ad
1066 4657 1326 4711 parantem
1359 4661 1528 4708 suum,
1561 4656 1793 4698 sanctum
1824 4645 2187 4715 Scoptlione’m,
2235 4661 2364 4716 etc.,

789 4720 900 4779 hic,
934 4733 988 4769 n.
1035 4718 1088 4768 5.
1143 4717 1372 4768 Manum.

863 4798 886 4823 ε
939 4786 1140 4850 Varius,
1174 4787 1349 4848 idest,
1379 4786 1698 4839 maculosus.

863 4855 883 4894 ί
928 4858 1142 4917 Lausiu,
1173 4870 1265 4908 seu
1300 4856 1517 4920 Lausea,
1551 4858 1711 4926 Luzy.
1740 4857 2049 4924 Oppidulum
2091 4859 2226 4912 inter
2252 4863 2364 4911 Att-

788 4929 1146 4998 gustoduttum
1179 4939 1233 4980 et
1263 4926 1490 4998 Ligerim
1534 4932 1720 4998 tnedto
1758 4930 1867 4982 fere
1899 4929 2182 4981 intervallo
2224 4937 2364 4998 pusi-

797 4996 930 5051 ium.
968 4998 1117 5065 Hngo
1147 4998 1308 5050 abbas
1345 4996 1629 5049 Flaviniaci
1661 4998 1712 5049 in
1743 5000 1968 5060 Chrom,
2003 5015 2052 5064 p.
2095 5000 2141 5064 l,
2187 4996 2249 5053 ad
2275 5017 2362 5053 an.

789 5069 916 5132 650,
964 5068 1196 5119 affirmat
1245 5067 1382 5131 quod
1430 5068 1480 5118 in
1527 5070 1635 5119 vico
1677 5067 1861 5120 Lausia
1887 5070 1937 5119 in
1967 5086 2142 5120 mansa
2175 5071 2362 5122 nativi-

789 5141 902 5190 tatis
930 5137 1093 5191 sancti
1123 5135 1364 5188 Germmi
1395 5153 1493 5188 non
1525 5139 1685 5199 cunis,
1736 5155 1834 5189 non
1866 5140 1972 5190 avis
2023 5141 2247 5204 prmdam
2277 5157 2365 5193 ra-

791 5223 906 5276 pere
937 5207 1190 5276 prtcvalet,
1221 5221 1336 5272 qua
1383 5223 1486 5258 non
1529 5209 1702 5258 statim
1732 5210 1963 5269 intereat,
2001 5217 2134 5275 quod
2165 5214 2364 5274 experi-

788 5288 956 5330 mento
985 5277 1252 5345 probatum
1277 5286 1368 5328 cst.
1397 5277 1494 5340 Qui
1523 5279 1668 5329 locus
1695 5293 1858 5344 usque
1884 5279 2038 5329 hodie
2072 5280 2360 5332 Ecclesium

794 5350 1009 5414 retinet,
1056 5350 1234 5418 sancti
1287 5347 1536 5399 Germani
1593 5350 1831 5418 nomine,
1889 5360 1942 5402 et
1981 5349 2174 5403 virtute
2231 5350 2362 5404 insi-

787 5433 959 5486 gnem.
1011 5417 1214 5468 Mante.

861 5496 886 5534 s
930 5487 1152 5540 Dubium
1187 5496 1268 5537 est
1299 5503 1362 5537 an
1409 5487 1634 5554 spatium
1681 5487 1816 5540 istud
1863 5487 2167 5556 quindecim
2198 5507 2362 5543 anno-

788 5573 906 5629 rum
937 5557 1442 5629 aisauctiGeitnani
1480 5558 1771 5629 llilllVilﬂlG,
1801 5574 1865 5610 an
1894 5575 1920 5611 a
1955 5569 2210 5627 tempore;
2259 5577 2363 5629 quo

789 5627 1108 5693 Scnpilionis
1137 5627 1468 5691 disciplinain
1493 5628 1674 5689 subiit,
1711 5631 1781 5680 sit
1803 5631 2146 5684 metiendnm.
2181 5627 2363 5685 l’ostc-

789 5699 900 5751 rius
947 5699 1116 5763 magis
1171 5697 1403 5758 arridet;
1463 5713 1581 5748 nam
1638 5700 1978 5767 Agrippinns,
2037 5699 2360 5756 IEduncnsis

789 5771 1091 5834 episcopus,
1126 5769 1214 5838 qui
1249 5768 1570 5819 Germanum
1601 5771 2192 5838 ordinavrtdiaconum,
2231 5789 2361 5826 non-

789 5837 912 5891 dum
958 5839 1136 5892 sedem
1185 5838 1456 5892 obtinebat
1503 5855 1642 5893 anno
1693 5837 1813 5904 517,
1849 5855 1952 5910 quo
1999 5841 2356 5912 Pragmatius,

2470 4651 2604 4703 sine.
2648 4663 2891 4718 martyr.,
2924 4652 2988 4703 ad
3020 4666 3107 4704 an.
3143 4651 3243 4705 180
3272 4654 3504 4707 circiter.

2543 4721 2556 4768 ἱ
2607 4722 2890 4786 Saumarit,
2922 4722 3042 4788 equi
3089 4725 3389 4792 sarcinarii,
3442 4724 3606 4778 Gallis
3655 4723 3974 4791 Sommiers,
4030 4744 4059 4780 a

2467 4793 2895 4897 adzumsarcina.
2924 4792 3114 4844 Manu"

2609 4863 2728 4897 θηρὶ
2760 4864 2870 4897 lima
2921 4870 3076 4897 νουσιν.

2607 4863 2731 4915 l’ost
2760 4864 2872 4916 lucc
2921 4870 3079 4916 verba
3124 4864 3262 4930 apud
3297 4865 3533 4927 Surium,
3566 4873 3618 4919 et
3662 4863 3714 4918 in
3775 4869 4063 4921 nonnullis

2467 4933 2783 5001 apographis
2815 4935 3123 4999 posterioris
3174 4935 3346 4986 aetatis
3376 4937 3680 4988 inseruntur
3729 4937 3778 4988 hi
3813 4953 4016 4991 versas
4046 4981 4053 4989 .

2466 5004 2624 5072 Cujus
2656 5004 2797 5056 bonis
2827 5004 3061 5070 operibus
3109 5005 3460 5073 inﬂammatus
3488 5008 3776 5074 episcopus,
3809 5022 4063 5062 sanetum

2465 5075 2631 5126 uirum
2662 5089 2817 5139 neque
2839 5074 3009 5146 adhuc
3049 5075 3143 5127 ista
3170 5086 3506 5138 recusantem,
3534 5093 3682 5142 quem
3723 5079 3880 5129 etiam
3918 5098 4061 5146 prer-

2466 5145 2700 5216 dicabant
2720 5145 2994 5216 (lanionia,
3024 5146 3076 5195 in
3099 5146 3382 5198 custodiam
3407 5150 3574 5198 trusit.
3598 5146 3694 5199 Cui
3723 5148 3892 5216 fatear
3921 5163 4061 5207 nuta

2465 5215 2636 5287 divino
2665 5215 2984 5282 aperiebatur
3012 5218 3346 5283 ergastulum,
3389 5221 3476 5268 sed
3505 5233 3609 5269 non
3653 5215 3772 5269 hinc
3820 5224 4064 5287 egredie-

2465 5285 2634 5345 batur,
2665 5288 2760 5356 nisi
2807 5288 3021 5352 supplra:
3059 5296 3104 5336 et
3151 5287 3450 5355 episcopalis
3483 5290 3692 5339 daretur
3741 5285 4060 5356 prtereptio,

2465 5360 2535 5408 At
2558 5370 2679 5408 cum
2709 5355 2809 5408 ista
2841 5357 2890 5406 in
2921 5356 3329 5423 antiquioribus,
3360 5358 3847 5425 sincerioribusque
3871 5355 4057 5412 mem;

2468 5425 2648 5479 brutiis
2679 5442 2783 5477 non
2841 5427 3101 5494 legantur,
3138 5430 3239 5480 huc
3292 5429 3591 5481 revocanda
3647 5429 3697 5480 in
3760 5443 4056 5486 secessum

2464 5496 2730 5548 duximus.
2791 5495 2940 5548 lout.

2543 5567 2555 5602 ι
2619 5565 2933 5634 Chariulfus,
2989 5566 3108 5619 aliis
3167 5567 3495 5635 Warnulfus.
3577 5569 3740 5624 Bocc.
3798 5571 3876 5623 An
3963 5571 4060 5623 hic

2466 5637 2596 5690 forte
2625 5638 2761 5689 idem
2793 5648 2874 5690 cst
2903 5652 3057 5704 quem
3091 5639 3253 5691 rei'ert
3282 5639 3444 5703 Grcg.
3499 5639 3628 5693 'l‘ur.
3678 5644 3712 5693 1.
3770 5657 3842 5694 vn
3875 5641 4056 5698 llist.,

2463 5722 2512 5759 c.
2543 5707 2631 5770 38,
2666 5723 2785 5762 cum
2836 5709 3142 5772 Mummolu,
3176 5720 3334 5776 atque
3386 5708 3627 5763 Wadone
3657 5712 3725 5766 de
3772 5712 4057 5765 tradendo

2467 5777 2812 5832 Gundovaldo
2844 5779 3083 5833 hostibus
3124 5781 3431 5834 societatem
3459 5780 3680 5836 iniisse?
