4192 6592
206 447 306 503 457

1188 441 1349 497 VITA
1389 442 1446 498 S.
1489 439 1796 497 CERMANI
1840 440 2263 502 PABISIERSIS
2308 444 2633 503 EPISCOPI.

3391 458 3497 514 £58

206 561 258 613 In
300 555 533 612 cladem.
583 555 786 612 Dehine
815 557 880 612 ad
917 557 1130 612 beatum
1165 555 1334 611 virum
1370 557 1576 610 tardius
1618 554 1798 621 dirigit
1825 559 1877 616 Α
1979 556 2036 610 9.
2081 555 2146 610 Et
2173 561 2425 624 quoniam
2468 561 2777 617 beatissimo
2817 572 2934 618 erat
2977 563 3320 625 familiarem
3350 574 3492 628 basi-

206 665 454 721 puerum,
499 665 687 720 agrum
737 650 994 705 reformat
1041 651 1309 713 invasum,
1341 648 1621 704 calamitas
1651 663 1801 702 com-

203 743 461 811 pescitur.
510 741 565 795 Id
612 749 788 796 actum
839 751 922 796 est
958 750 1038 806 ut,
1088 740 1256 795 bestia
1288 742 1606 810 castigante,
1640 740 1800 793 homo

203 847 419 889 sensum
452 834 742 902 acciperet,
786 844 843 889 et
886 834 1040 888 daret
1089 847 1196 887 non
1249 831 1568 902 intelligenli
1623 832 1796 886 bellua

202 929 489 980 talionem.

271 1018 325 1070 6.
369 1017 577 1073 Dehinc
606 1018 794 1072 beatus
821 1016 1071 1087 Agricola
1101 1025 1124 1053 ι
1157 1013 1553 1073 Cabillonensis
1584 1016 1793 1086 episco-

198 1123 300 1176 pus
330 1110 534 1165 habcns
558 1110 946 1163 cubicularium
970 1110 1202 1179 graviter
1229 1110 1279 1162 vi
1306 1108 1532 1164 febrium
1569 1108 1792 1172 fessum,

196 1205 286 1274 qui
317 1203 588 1258 destinato
624 1204 807 1258 animo
838 1212 982 1258 totus
1033 1203 1302 1272 pendebat
1349 1204 1401 1256 in
1434 1207 1680 1264 transitu,
1714 1202 1795 1256 di-

195 1302 322 1369 rigit
375 1298 441 1352 ad
491 1311 733 1353 sanctum
784 1298 956 1352 virum
1018 1297 1388 1352 intercedendi
1449 1294 1791 1364 suffragium.

194 1392 371 1457 Tunc,
422 1403 691 1461 perceptts
751 1391 994 1460 apicibus
1029 1389 1263 1444 basilica:
1293 1388 1394 1442 sub
1445 1388 1675 1457 porticu,
1726 1386 1791 1440 ad

194 1489 368 1542 sancti
417 1486 798 1558 Sytnpltoriani
827 1483 1131 1553 sepulcrum
1173 1481 1534 1551 progreditur.
1581 1479 1791 1534 Interea

195 1581 280 1632 vir
323 1581 501 1646 justus
549 1578 777 1631 orationi
830 1575 1093 1641 incubuit,
1144 1581 1345 1628 terram
1397 1586 1624 1641 corpore
1673 1585 1793 1640 pre-

193 1686 372 1733 mens,
406 1681 459 1723 ct
487 1670 665 1724 sidera
715 1677 896 1724 mente
941 1666 1369 1731 transcenderis;
1403 1674 1456 1718 et
1481 1665 1633 1733 quasi
1665 1673 1791 1718 ante

193 1776 250 1814 sc
281 1763 487 1816 habens
528 1761 868 1830 praesentiain
925 1759 1160 1821 Domini,
1209 1772 1307 1827 pro
1353 1767 1479 1809 voto
1534 1755 1791 1823 supplicis

192 1857 510 1911 obsecrator
539 1857 766 1910 accedit.
800 1853 826 1893 δ
858 1854 990 1909 Nam
1016 1861 1140 1908 mox
1170 1853 1376 1908 vicinus
1408 1850 1789 1918 Redemptoris

1909 647 2008 702 lica
2032 651 2173 703 santi
2209 646 2228 686 τ
2254 650 2630 720 Sympltoriaui
2663 655 2765 709 soli
2800 655 3006 726 vigilias
3031 657 3249 724 ducere,
3273 676 3488 721 euntem

1906 755 2028 794 eum
2081 736 2690 799 monacltus'Silvester
2736 751 3100 818 prosequitur.
3153 752 3214 807 Et
3265 755 3491 827 ingressi

1904 835 2106 902 pariter
2148 834 2214 888 ad
2271 836 2442 891 sancti
2491 838 2744 908 martyris
2792 843 3078 908 tumulum,
3133 845 3275 899 circa
3320 850 3490 904 noctis

1903 923 2167 988 medium,
2199 925 2266 980 ab
2294 925 2445 981 altari
2481 929 2768 982 tumultum
2792 972 2804 992 ,
2841 929 3266 1001 frequentantem
3310 954 3488 994 rumoo

1901 1030 2021 1081 res,
2048 1015 2342 1086 accipiunt,
2377 1026 2628 1089 tanquam
2659 1020 2706 1074 si
2737 1021 2803 1074 ad
2835 1024 3077 1092 rapinam
3107 1028 3333 1083 collecta
3365 1045 3489 1085 curo

1899 1117 2044 1164 reret
2073 1109 2380 1163 multitudo.
2410 1110 2652 1167 Credens
2681 1113 2827 1167 enim
2858 1115 2940 1168 vir
2971 1114 3064 1170 Dei
3089 1121 3290 1174 versari
3325 1121 3488 1176 latro.

1901 1215 2024 1254 num
2071 1201 2374 1268 incursum,
2429 1203 2654 1272 imperat
2701 1208 2968 1263 monacho
3008 1219 3135 1266 ante
3175 1214 3483 1282 sepulcrum

1900 1293 2151 1362 psallere.
2201 1295 2316 1364 Ipse
2363 1310 2492 1350 vero
2538 1298 2746 1352 accedit
2791 1300 2856 1353 ad
2903 1301 3093 1359 altare.
3141 1304 3349 1361 Dehinc
3398 1308 3487 1364 illa

1900 1384 2052 1438 turba
2084 1384 2150 1439 ad
2184 1385 2503 1441 monachum
2529 1427 2544 1453 ,
2573 1402 2682 1457 quo
2708 1388 2986 1459 psallebat,
3014 1393 3262 1450 alacriter
3289 1413 3488 1468 prope.

1901 1487 2004 1532 rat.
2039 1479 2156 1544 Quo
2200 1491 2433 1536 mactato
2465 1485 2701 1552 graviter
2727 1494 2781 1540 et
2813 1485 2864 1538 in
2893 1493 3089 1541 terram
3123 1490 3393 1560 proiecto,
3423 1509 3488 1550 ae

1898 1571 2156 1626 sernivivo
2206 1571 2417 1638 relicto,
2476 1576 2690 1630 veloces
2741 1575 3018 1647 effugiunt.
3069 1577 3171 1647 Qui
3221 1582 3304 1636 vix
3352 1599 3485 1640 voce

1896 1661 2060 1717 flebili
2119 1663 2326 1718 cladem
2388 1679 2538 1718 suam
2594 1668 2899 1738 replicans,
2954 1684 2984 1723 a
3034 1671 3371 1730 diemonibus
3421 1689 3482 1732 se

1894 1769 2088 1809 erasnm
2118 1755 2265 1824 gravi
2298 1771 2585 1823 congressu
2618 1760 2898 1815 confessus
2926 1773 3030 1818 est.

1977 1847 2060 1901 lO.
2108 1846 2318 1901 Accidit
2347 1857 2406 1902 ut
2429 1847 2668 1904 Sabarici
2695 1851 2941 1918 famulus,
2971 1854 3215 1912 IEsarius
3241 1859 3478 1926 nomine,

193 1952 412 2004 auribus
443 1950 752 2013 exauditur,
801 1959 857 2004 et
895 1949 1071 2002 adhuc
1103 1949 1208 2002 isto
1247 1947 1542 2000 recubante
1585 1947 1634 1997 iu
1669 1945 1786 2014 pul-
1819 1907 1866 1966 Β
1897 1937 1963 1992 ad
1997 1940 2172 1992 virum
2201 1940 2268 1992 de
2311 1956 2418 2008 quo
2463 1940 2729 2010 loquimur
2760 1942 3007 2012 iniuriam
3056 1961 3245 2015 passus
3287 1953 3481 2005 conru-

190 2056 336 2102 vere.
366 2050 626 2109 aegrotum
659 2040 926 2094 medicina
961 2038 1197 2106 perfudit
1220 2079 1236 2104 ,
1269 2051 1331 2090 ac
1376 2037 1531 2091 Justo
1567 2037 1786 2106 jacente

191 2129 242 2181 itt
301 2130 632 2196 pavimento,
677 2128 962 2196 languidus
990 2125 1159 2196 surgit
1211 2127 1278 2180 de
1320 2127 1540 2189 lectulo,
1590 2134 1613 2162 ε
1663 2133 1787 2180 ante

187 2233 497 2275 currentem
547 2221 840 2287 medelam,
890 2235 1049 2288 quam
1098 2229 1317 2287 peroret
1368 2221 1456 2290 qui
1490 2218 1778 2289 supplicat,

193 2311 262 2365 ita
302 2322 359 2363 nt
402 2311 644 2378 portitori
674 2311 917 2364 redeunti
940 2309 1152 2364 obviam
1185 2325 1318 2378 puer
1344 2320 1670 2376 occurreret,
1701 2310 1783 2365 cui

189 2401 514 2468 parabantur
538 2403 830 2470 exsequirn,
865 2412 922 2456 ut
947 2417 1052 2455 non
1084 2410 1227 2455 esset
1258 2401 1563 2472 ambiguum
1592 2403 1781 2456 eadem

188 2492 322 2547 bora
355 2493 665 2561 languidum
695 2494 858 2549 saluti
891 2493 1056 2547 fuisse
1088 2494 1377 2560 redditum,
1424 2508 1528 2564 qua
1551 2495 1634 2548 vir
1664 2495 1783 2549 bea-

188 2587 428 2639 tissimus
458 2587 608 2639 fusus
634 2599 820 2640 orasse
850 2585 1200 2655 comperitur.

260 2679 318 2732 7.
363 2678 472 2734 Nec
521 2677 652 2733 illttd
705 2679 880 2733 omitti
926 2679 1201 2744 convenit,
1251 2677 1392 2746 quod
1442 2677 1508 2732 ad
1555 2679 1778 2732 domum

189 2770 425 2825 Ebrouis
469 2786 564 2839 pro
611 2769 714 2825 fide
757 2769 891 2825 Justi
933 2771 1189 2825 collatum
1232 2779 1334 2823 est.
1386 2768 1552 2838 Cujus
1602 2769 1782 2838 ingre-

187 2864 373 2918 diente
401 2864 644 2926 domum,
677 2864 831 2917 Anna
864 2872 1106 2915 matrona
1142 2862 1436 2930 proclamat
1467 2876 1580 2917 rem
1615 2864 1783 2917 mira-

182 2957 350 3010 bilem
419 2969 478 3009 se
545 2955 751 3009 videre.
802 2953 1057 3021 lnqttisita
1113 2969 1142 3006 a
1193 2953 1422 3023 conjuge
1469 2954 1592 3022 quid
1642 2964 1785 3009 esset

178 3049 326 3118 quod
361 3047 654 3114 inSpiccret
677 3085 694 3111 ,
726 3045 800 3098 ait
835 3062 846 3097 :
882 3044 1020 3099 Ecce
1058 3045 1252 3099 beatus
1281 3044 1583 3098 Germanus
1609 3042 1633 3080 ἀ
1663 3058 1784 3098 cor-

179 3152 313 3194 nuta
370 3140 506 3193 facie
553 3139 682 3191 rnilti
729 3135 941 3191 videtur
1017 3137 1266 3191 incedere
1314 3136 1454 3206 quod
1507 3151 1642 3206 pene
1691 3137 1778 3190 vix

175 3233 336 3287 valeo
396 3239 486 3283 aut
543 3230 736 3284 intueri
790 3231 1036 3291 lumine,
1093 3239 1184 3282 aut
1235 3244 1488 3282 sermone
1527 3229 1852 3328 conferrec

176 3334 430 3378 sanctum
473 3321 651 3374 virum
679 3362 695 3385 ,
750 3335 894 3375 novo
942 3334 1094 3375 more
1140 3321 1396 3374 cornibus
1451 3320 1772 3376 radiantem.

175 3416 651 3484 Consternataque
695 3414 996 3468 mirabatur
1033 3415 1224 3467 mulier
1272 3413 1543 3468 hominem
1590 3425 1775 3469 nostro

174 3516 432 3575 tempore
476 3507 528 3560 in
565 3507 732 3575 figura
767 3504 934 3573 Moysi
980 3507 1217 3570 potuisse
1263 3505 1598 3570 conspicere.
1645 3503 1777 3560 Cre-

172 3597 420 3652 dendum
450 3597 594 3664 quod
627 3603 681 3649 et
709 3595 809 3648 isre
848 3602 971 3663 post
1000 3594 1330 3662 colloquium
1365 3593 1573 3647 Domini
1606 3595 1775 3663 potuit

173 3701 202 3740 a
232 3689 469 3741 muliere
497 3701 667 3740 cornu
702 3687 971 3740 exztltatus
996 3685 1240 3753 agnosci.
1275 3683 1439 3754 Cujus
1467 3700 1641 3740 causae
1672 3701 1776 3754 pa-

170 3794 308 3832 vore
343 3779 492 3833 Ebro
523 3777 712 3832 eadem
737 3777 824 3831 die
850 3779 1000 3847 juxta
1035 3787 1283 3832 sanctum
1311 3779 1502 3832 sedere
1540 3780 1772 3835 nullate-

168 3885 278 3924 nus
310 3872 656 3939 praesumpsit
685 3871 884 3939 duplici
923 3885 1022 3940 pro
1054 3871 1243 3927 merito
1263 3911 1278 3937 ,
1309 3887 1543 3927 maerore
1574 3874 1774 3942 pariter

166 3974 223 4016 οι
259 3974 492 4018 terrore.

238 4057 296 4109 8.
336 4055 576 4124 Contigit
606 4063 663 4108 ut
693 4070 790 4123 pro
823 4054 966 4109 villis
992 4055 1492 4125 Angustudunensis
1515 4057 1772 4114 Ecclesia:

164 4143 563 4199 Theodeberto
587 4146 699 4214 regi
720 4144 998 4202 Cabillone
1019 4156 1346 4202 occurreret.
1374 4150 1579 4203 Memor
1599 4152 1769 4207 sancti

163 4235 560 4305 Symplioriani
589 4238 643 4290 in
676 4239 917 4306 ingressu
957 4238 1163 4305 palatii,
1211 4239 1280 4290 ita
1322 4238 1521 4306 Spiritu
1556 4241 1648 4293 Dei
1681 4257 1772 4293 re-

162 4329 452 4381 dundante
493 4328 700 4381 loeutus
743 4339 845 4393 est,
886 4337 945 4383 ut
989 4339 1113 4383 ante
1161 4345 1254 4383 rex
1303 4342 1566 4384 annueret
1609 4346 1766 4401 quam

160 4421 335 4472 verba
402 4419 599 4486 petitor
652 4421 968 4486 explicaret.
1024 4419 1120 4474 Cui
1180 4433 1234 4475 et
1305 4437 1398 4475 ore
1455 4423 1767 4491 prophetico

159 4510 334 4564 finem
361 4509 502 4563 dixit
525 4512 592 4564 de
619 4512 864 4564 transitu.
892 4510 1046 4578 Quod
1073 4520 1096 4547 °
1131 4513 1313 4580 paucis
1339 4514 1551 4566 interim
1577 4514 1766 4569 diebus

1893 2038 2066 2098 geret,
2113 2030 2424 2098 supplicans
2471 2041 2526 2084 ut
2567 2033 2808 2100 quolibet
2855 2036 3027 2104 pretio
3069 2053 3190 2091 eum
3232 2040 3303 2094 de
3335 2042 3482 2095 inso-

1893 2119 2058 2173 lentis
2104 2121 2306 2173 dornini
2358 2125 2586 2176 servitio
2643 2124 2916 2181 liberaret.
2969 2127 3120 2195 Quod
3173 2130 3480 2201 indignatus

1896 2211 2182 2266 Sabaricus
2216 2228 2311 2279 pro
2345 2212 2563 2268 Esario
2589 2255 2603 2278 ,
2656 2223 2710 2268 et
2758 2217 3007 2288 coitjuge,
3059 2221 3145 2275 vel
3178 2225 3334 2278 unico
3361 2227 3481 2294 ejus

1889 2301 2000 2356 filio
2022 2343 2038 2366 ,
2064 2305 2338 2373 octoginta
2367 2304 2592 2371 solidos,
2624 2308 2778 2376 pretii
2813 2325 3030 2378 nomen,
3063 2315 3236 2382 petiit,
3263 2320 3481 2384 qttomi~

1888 2410 1987 2449 nus
2018 2395 2248 2448 famulos
2276 2397 2457 2450 servili
2497 2396 2702 2453 ditione
2741 2399 2969 2456 laxaret.
3000 2402 3204 2460 Tamen
3235 2407 3336 2461 hoc
3364 2423 3474 2464 non

1888 2484 2149 2538 dubitavit
2214 2485 2585 2540 misericordia
2637 2486 2772 2542 Justi
2831 2489 2919 2544 vel
2977 2495 3328 2562 perquirere,
3385 2500 3474 2554 vel

1886 2580 2108 2632 donare.
2140 2578 2258 2644 Quo
2291 2579 2469 2646 pretio
2498 2583 2808 2647 persoluto,
2840 2583 3061 2652 contigit
3087 2595 3146 2639 ut
3171 2596 3300 2643 ante
3330 2589 3475 2644 basio

1886 2671 2042 2726 licam
2091 2671 2412 2741 smpedietus
2466 2672 2756 2726 Sabaricus
2805 2677 3134 2746 praeteriret,
3163 2694 3263 2734 nec
3292 2687 3469 2736 tamen

1885 2766 2114 2820 Orationi
2138 2779 2347 2834 quoque
2369 2775 2700 2820 occurreret.
2730 2765 2831 2834 Qui
2861 2767 3076 2822 domum
3107 2785 3258 2825 suam
3292 2773 3468 2842 ingre-

1889 2860 2077 2923 diens,
2111 2857 2288 2912 statim
2319 2858 2594 2926 afﬂigitur,
2642 2859 2853 2927 ligatur,
2879 2870 2937 2914 et
2964 2862 3168 2918 catenis
3198 2867 3471 2920 revinctus

1885 2951 1950 3005 ad
1984 2960 2225 3004 sanctum
2261 2949 2595 3019 perducitur.
2627 2951 2809 3018 Neque
2839 2952 2918 3008 sic
2947 2969 2974 3007 a
3009 2957 3095 3023 pio
3123 2957 3241 3011 viro
3264 2956 3471 3013 miseri-

1883 3042 2064 3097 cordia
2096 3043 2318 3105 tollitur,
2363 3044 2461 3098 sed
2502 3045 2684 3097 statim
2720 3045 2883 3101 missa
2937 3061 3116 3115 prece,
3165 3049 3283 3120 ejus
3331 3050 3470 3106 obti-

1882 3144 2042 3188 nente
2072 3133 2210 3201 fide,
2255 3141 2531 3204 purgatur.
2565 3135 2714 3190 Tune
2747 3137 2947 3206 adjecit
2976 3140 3265 3198 Sabaricus
3294 3143 3471 3198 adhuc

1883 3225 2067 3293 viginti
2118 3239 2309 3280 aureos
2352 3227 2417 3279 ad
2471 3228 2700 3294 pretium
2746 3229 2888 3297 quod
2932 3242 3236 3301 acceperat,
3290 3246 3347 3290 et
3393 3239 3464 3291 de

1882 3328 2097 3374 centum
2141 3320 2327 3373 solidis
2372 3335 2501 3375 crux
2553 3322 2618 3374 ad
2662 3326 2965 3391 sepulcrum
3015 3326 3156 3382 beati
3198 3328 3471 3400 Sympho-

1877 3410 2012 3464 riani
2049 3411 2117 3464 ab
2168 3411 2284 3480 ipso
2330 3427 2587 3480 suspensa
2623 3425 2706 3469 est
2740 3433 2750 3467 :
2784 3431 2903 3485 quze
2951 3431 3120 3488 usque
3168 3422 3327 3477 hodie
3377 3438 3468 3478 res

1877 3511 1962 3556 est
2006 3501 2058 3555 in
2095 3503 2426 3557 testimonio.
2459 3503 2575 3569 Qua
2622 3505 2908 3561 occasione
2954 3507 3046 3562 lilii
3095 3510 3180 3563 vel
3225 3511 3349 3566 filiae
3392 3513 3464 3567 ita

1877 3601 2060 3645 sancte
2102 3592 2402 3662 conversati
2457 3601 2623 3660 sunt,
2684 3603 2744 3648 ut
2787 3609 2884 3664 per
2937 3600 3260 3654 monasteria
3319 3617 3463 3665 nunc

1875 3692 2063 3750 regant
2104 3684 2312 3751 agmina
2344 3686 2750 3741 monachorum.
2791 3686 2922 3752 Qua:
2953 3702 3116 3743 causa
3166 3693 3326 3747 modo
3365 3695 3469 3749 mi-

1883 3774 2035 3829 rabili
2068 3775 2266 3843 profuit
2296 3777 2454 3844 patri,
2485 3777 2566 3831 vel
2612 3778 2869 3847 germini,
2901 3788 2961 3834 ut
3001 3794 3220 3849 parvunt
3254 3782 3464 3856 [Forte,

1877 3864 2138 3938 pravum]
2185 3868 2444 3937 genitoris
2493 3867 2751 3938 ﬂagitium
2811 3875 3046 3940 posteris
3098 3876 3357 3932 transiret
3404 3879 3461 3932 in

1874 3958 2099 4012 lucrum.

1947 4049 2035 4103 ll.
2078 4050 2132 4102 In
2188 4064 2322 4118 pago
2364 4059 2391 4098 ε
2427 4051 2692 4106 Alisiense
2751 4065 2837 4106 res
2886 4063 3035 4123 gesta
3087 4065 3189 4112 est.
3244 4058 3460 4131 Conjux

1873 4140 2097 4196 illustris
2140 4144 2236 4194 viri
2273 4138 2522 4202 Vulfarii,
2555 4142 2795 4197 Destasia
2843 4148 3084 4214 nomine,
3127 4151 3302 4204 vitalis
3342 4155 3460 4225 spei

1872 4231 2123 4286 destituta
2155 4234 2386 4296 solatits,
2419 4235 2614 4301 linguae
2654 4250 2846 4290 carens
2866 4239 3082 4305 officiis,
3115 4256 3209 4310 per
3233 4242 3456 4299 biduum

1869 4323 1978 4393 jam
2023 4335 2170 4378 muta
2198 4367 2212 4390 ,
2251 4328 2440 4394 spiritu
2473 4329 2752 4383 deficiente
2780 4331 3109 4389 decumbens
3134 4376 3150 4402 ,
3181 4338 3453 4403 apparati:

1872 4419 2145 4485 exsequiis
2182 4419 2289 4485 jam
2336 4419 2626 4489 palpitabat
2655 4423 2937 4476 exanimis.
2963 4426 3056 4480 Cui
3087 4429 3312 4497 eulogiis
3353 4446 3456 4499 per

1873 4509 2250 4576 presbyterum
2295 4523 2449 4563 suurn
2506 4511 2723 4564 directis
2762 4522 2816 4566 et
2865 4513 3128 4570 violenter
3181 4521 3454 4590 adapertis

159 4602 291 4654 dum
343 4617 376 4655 a
431 4600 653 4654 thentis
704 4604 994 4665 remeavit,
1042 4604 1093 4655 in
1144 4603 1260 4669 ipso
1300 4605 1490 4658 itinere
1531 4619 1617 4657 rex
1668 4621 1758 4659 ex-

1883 4607 2211 4663 prtemurtute
2259 4601 2548 4666 dentibus,
2594 4604 2646 4656 in
2697 4618 2790 4657 ore
2835 4607 3170 4676 transjectis,
3225 4627 3345 4666 ntux
3399 4627 3454 4668 ut

159 4702 337 4746 trema
388 4703 537 4745 sorte
574 4690 790 4756 defecit,
835 4692 985 4761 quasi
1025 4693 1193 4747 sancti
1225 4693 1322 4746 viri
1366 4707 1544 4748 sermo
1587 4695 1762 4749 dictus

158 4785 360 4840 fuisset
392 4785 462 4839 ab
493 4785 705 4852 angelo.

233 4950 258 4975 ι·
304 4939 547 4994 Sanctus
589 4937 832 5002 Agricola
884 4937 1016 4992 vixit
1069 4939 1120 4992 ln
1170 4940 1480 5006 episcopatu
1527 4939 1760 4994 Cabillo-

153 5012 346 5074 nensi,
380 5009 453 5062 ab
481 5024 568 5062 an.
606 5007 730 5074 ὅδε,
763 5025 928 5076 usque
956 5009 1020 5062 ad
1062 5025 1149 5063 an.
1182 5009 1309 5063 580.
1356 5011 1519 5065 BOLL.
1563 5041 1632 5052 —-
1662 5013 1760 5066 Ca-

155 5081 497 5134 billonemis.
546 5078 714 5132 Hodie
755 5079 1320 5134 CIrdlons-sur-Saéne.

225 5151 252 5189 ι
291 5151 401 5204 Ms.
439 5150 687 5204 Bonil'on.
720 5166 809 5204 nec
852 5165 1030 5216 mora,
1076 5154 1138 5203 ab
1181 5152 1390 5206 auribus
1437 5153 1618 5206 summi
1666 5154 1760 5209 Dei

147 5223 464 5275 exauditur.
499 5220 666 5274 BOLL.

228 5303 251 5330 ε
289 5294 403 5345 Pro
435 5302 670 5343 currente
694 5291 905 5344 medela.

228 5361 413 5418 dHoc
472 5370 741 5414 ostentum
818 5362 1028 5415 videtur
1074 5363 1380 5430 respexisse
1439 5364 1758 5424 Fortunatus

147 5439 410 5509 carmine
447 5430 514 5485 15
557 5433 652 5484 lib.
684 5445 754 5509 t_t_,
783 5434 984 5509 scripto
1026 5431 1090 5486 ad
1134 5438 1334 5509 clerutn
1382 5433 1755 5509 Parisiensem,

148 5505 200 5556 in
236 5522 350 5574 quo
380 5511 668 5569 comparat
698 5502 860 5570 Moysi
890 5503 1215 5558 Germanum
1247 5505 1328 5558 bis
1357 5509 1531 5562 verbis
1563 5526 1576 5562 :

282 5605 483 5665 Moses,
512 5613 661 5652 tenue
687 5618 876 5665 manus,
902 5612 955 5654 et
980 5613 1060 5656 tua
1084 5613 1237 5656 castra
1257 5622 1368 5670 juva

231 5719 256 5746 ο
290 5711 375 5786 Et_
394 5707 1272 5786 tamenﬁregoritts_Tttronensis,
1299 5717 1348 5770 in
1382 5716 1471 5771 lib.
1501 5731 1554 5771 in
1591 5717 1753 5786 flist.,

163 5794 306 5846 tarn,
344 5780 669 5856 56,_s_.cribit
689 5781 716 5833 ’1
736 5781 1119 5856 lteodobertttm
1151 5786 1433 5842 diutissime
1459 5780 1750 5856 a‘gromsse,

165 5857 211 5906 η
256 5869 384 5921 (ap.
443 5851 530 5914 37,
584 5865 732 5904 anno
785 5862 902 5919 post
936 5854 1188 5909 CIOdm‘el
1237 5858 1436 5914 obitum
1485 5851 1751 5916 lt‘ir'esittttl

495 5992 768 6051 Ριτιιοι..
808 5991 1215 6057 LXXXV“.

1871 4688 2050 4744 fauces
2079 4693 2355 4745 sentivivzn
2385 4695 2558 4761 liquor
2589 4695 2980 4752 benedictionis
3011 4699 3232 4768 introiit,
3263 4707 3446 4758 statim

1870 4785 2055 4840 incinit
2084 4797 2403 4841 praemortua
2433 4789 2554 4841 vita:
2596 4787 2807 4843 flatibus
2833 4791 3113 4861 anhelare,
3145 4796 3288 4851 oculi
3316 4812 3448 4853 nece

1864 4942 2312 5019 septimo,__r'egni
2357 4945 2436 4997 sui
2472 4946 2559 5009 μ,
2585 4947 2780 5001 Christi
2819 4948 3023 5005 scilicet
3063 4951 3190 5019 548,
3221 4940 3443 5013 abiisse.

1865 5012 2431 5090 MutL.-—_Utrumque
2461 5028 2514 5090 et
2538 5019 2677 5090 quod
2704 5019 2788 5072 hic
2819 5031 3000 5075 narrat
3023 5012 3364 5090 Fortunatus,
3389 5012 3444 5083 et

1863 5083 2567 5166 quodmrefert.Glegorins
2607 5088 2975 5166 Turonensis,
3028 5094 3233 5149 videtur
3286 5083 3443 5166 posse

1863 5155 2158 5236 conciliari,
2209 5156 2274 5236 si”
2305 5156 2718 5236 Theodebertus
2757 5176 2824 5213 ex
2853 5155 3138 5236 _diuturno
3172 5155 3441 5236 languore

1863 5227 2431 5303 convaluissedicatur
2460 5229 2657 5303 aliquid
2702 5231 2867 5299 (quod
2913 5246 3057 5303 srcpe
3108 5233 3209 5303 fit),
3262 5227 3331 5292 ila
3382 5251 3440 5293 ut

1864 5296 1964 5367 iter
1998 5307 2174 5362 posset
2215 5297 2440 5367 ingredi,
2472 5296 2721 5354 eumdem
2747 5296 2878 5356 vero
2920 5296 3212 5360 ex'morbo
3256 5324 3436 5364 recru-

1862 5365 2113 5437 descente
2146 5365 2300 5437 paqu
2327 5378 2446 5435 post
2474 5369 2761 5426 interiisse.

1938 5435 1956 5474 ῐ
1992 5435 2216 5516 Sanctus
2263 5439 2715 5516 Sympltorianus
2760 5441 3005 5498 nimirum
3064 5447 3433 5516 Augustoduni

1864 5510 2177 5590 martyrium
2209 5524 2395 5578 passus
2426 5510 2597 5566 fuerat
2638 5514 2738 5567 sub
2784 5516 3111 5581 Aureliano.
3148 5510 3227 5573 uti
3267 5535 3430 5590 supra

1858 5579 2110 5633 diximus.

1934 5659 1956 5695 ιι
1989 5649 2173 5702 Alesia
2195 5690 2225 5722 ,ν
2261 5649 2433 5722 Alise,
2466 5653 2717 5722 oppidum
2754 5656 3022 5720 quondam
3047 5659 3434 5717 validissimum

1863 5722 1911 5773 in
1936 5721 2070 5795 colle
2094 5721 2228 5787 apud
2265 5721 2576 5795 Mandubios
2600 5725 2649 5776 itt
2686 5727 2990 5794 littrgundta
3021 5733 3202 5795 situm,
3236 5734 3434 5788 Cesari

1861 5792 2233 5856 notissimum,
2269 5795 2359 5848 lib.
2409 5809 2479 5848 vit
2522 5794 2588 5846 de
2634 5796 2769 5848 bello
2805 5792 2941 5854 Call.
2973 5800 3121 5856 Nunc
3165 5792 3310 5858 vicus
3351 5819 3433 5860 est

1861 5863 1977 5916 φοξὴ
2010 5864 2196 5918 declivi
2234 5864 2528 5932 impositus.
2559 5864 2754 5920 litate.

2930 6006 2996 6064 l5
