4192 6584
732 413 839 467 459

1456 405 1774 464 ῨΕΝᾹΝΤΠ
1815 408 1972 465 ﬂON.
2021 407 2231 464 CLESI.
2274 405 2677 462 FURTUNATI
2716 406 3005 464 OPERUM
3043 404 3224 468 PARS
3267 409 3328 469 ll.

3902 415 3997 473 ιδο

733 527 977 604 praeclusi
1030 526 1207 583 lumen
1260 522 1366 578 diei
1422 535 1730 589 requirere,
1784 529 1843 576 ut
1890 530 2011 591 post
2065 521 2309 576 funerum
2339 524 2389 581 Α
2418 517 2613 573 lentam
2641 532 2736 588 per
2762 529 3023 588 segetem,
3053 531 3112 575 ut
3153 509 3406 578 sacerdos
3446 523 3871 594 locupletaretur
3915 544 3995 584 re-

736 624 991 693 pallorem
1021 618 1188 674 facies
1218 617 1268 671 in
1306 615 1555 670 ruborem
1586 614 1872 677 transiret,
1898 614 2071 669 donec
2110 614 2316 668 cunctis

734 714 1072 784 stupentibus
1113 709 1374 764 vivificata
1407 715 1792 773 consurgeret,
1825 716 1879 760 et
1908 707 2317 759 circumstantes

729 819 1004 862 auctorem
1029 802 1265 857 muneris
1281 798 1509 867 gratiam
1537 797 1910 865 praadicarent.
1936 796 2066 862 Qua:
2093 793 2316 865 singulis

736 898 891 953 annis
926 896 1183 949 tributum
1210 892 1335 945 vita:
1355 890 1516 944 solvit
1545 903 1641 956 pro
1674 889 1869 955 pretio.

806 987 893 1041 f2.
933 985 1202 1039 Cancrum
1229 978 1613 1036 revelationum
1643 993 1862 1031 suarum
1893 977 2013 1046 quis
2043 983 2314 1031 scrutator

732 1081 993 1139 introeat,
1019 1072 1106 1128 cui
1137 1080 1263 1126 ante
1303 1078 1531 1138 quatuor
1557 1083 1819 1122 annorum
1867 1066 2164 1129 curricula,
2199 1068 2312 1135 ipsa

725 1171 1068 1239 episcopatus
1115 1164 1199 1219 sui
1246 1175 1407 1217 causa
1456 1174 1563 1215 non
1612 1170 1695 1215 est
1749 1158 2103 1214 abscondita?
2134 1159 2312 1227 itaque

726 1263 940 1333 poiitus
972 1261 1024 1315 in
1051 1270 1268 1325 sopore,
1294 1254 1512 1325 inspicit
1533 1268 1563 1308 a
1587 1253 1819 1323 quodam
1849 1268 1978 1306 sene
2004 1253 2182 1305 claves
2208 1251 2310 1304 sibi

730 1366 898 1426 porta:
968 1351 1253 1408 Parisiaczo
1331 1348 1553 1419 porrigi.
1620 1347 1957 1414 interrogans
2014 1345 2140 1413 quid
2209 1343 2309 1397 hoc

725 1448 921 1505 fleret?
950 1448 1158 1517 accepit
1206 1457 1523 1513 responsum
1556 1486 1571 1509 ,
1621 1452 1680 1495 ut
1728 1442 1904 1495 salvas
1948 1456 2040 1494 eas
2086 1440 2305 1495 faceret.

724 1542 879 1611 Quod
925 1552 1047 1608 post
1072 1538 1301 1593 civitatis
1342 1536 1458 1603 ejus
1498 1535 1751 1603 episcopo
1780 1534 2075 1589 decedente
2098 1544 2149 1597 ι,
2180 1534 2305 1587 dum

732 1630 1236 1703 praecellentissimo
1284 1628 1395 1695 regi
1426 1627 1452 1664 ι’
1490 1626 1837 1681 Childebertn
1886 1634 2220 1691 occurreret,
2255 1625 2306 1679 in

725 1728 843 1793 ejus
884 1721 1145 1779 electione
1174 1719 1421 1775 effectum
1469 1718 1560 1773 illa
1592 1734 1691 1771 vox
1737 1717 2049 1786 promeruit.
2082 1716 2307 1769 Ordina-

723 1826 918 1887 tusque
956 1813 1217 1885 pontifex,
1267 1810 1442 1882 qualis
1468 1820 1805 1879 quantusque
1839 1822 1899 1863 se
1928 1808 2172 1875 gesserit,
2205 1808 2305 1861 hoc

2423 610 2629 679 galibus
2658 610 2942 677 thesauris,
2974 620 3028 667 et
3059 612 3112 666 in
3145 627 3327 681 regem
3370 613 3589 670 floreret
3623 620 3793 687 gratia
3828 632 3993 674 sacer-

2420 704 2583 769 dotis,
2617 704 2705 773 qui
2737 717 2896 758 suum
2927 705 3100 761 solum
3132 706 3231 760 hoc
3260 707 3510 773 credidit,
3538 710 3682 778 quod
3715 709 3887 765 nudus
3909 723 3992 766 aut

2419 809 2621 861 egenus
2648 792 2874 863 accepit.

2496 885 2583 939 li.
2653 886 2757 941 Sed
2818 894 3150 940 revertamur
3213 887 3280 942 ad
3332 886 3601 942 ordinem.
3659 888 3884 955 Quidam
3945 890 3992 945 io

2426 982 2449 1012 ⁸
2482 976 2662 1032 Exuna
2694 978 2810 1032 vico
2844 977 2912 1033 de
2944 978 3217 1034 liscalibus
3250 978 3503 1045 famulis,
3545 978 3869 1037 Gildomeris
3905 996 3994 1037 no-

2420 1066 2587 1131 mine,
2620 1082 2744 1122 cutn
2781 1067 2871 1123 die
2900 1068 3181 1124 Dominico
3210 1070 3465 1139 quiddam
3505 1082 3758 1141 operatus
3796 1073 3899 1144 sit,
3930 1075 3994 1128 ita

2417 1159 2749 1213 contrahitur
2765 1161 2963 1231 digitis,
2988 1172 3044 1216 ut
3065 1162 3319 1232 unguium
3340 1178 3569 1221 acumen
3594 1178 3801 1235 partem
3828 1177 3993 1222 trans-

2419 1250 2518 1303 iret
2544 1246 2595 1304 in
2626 1252 2871 1305 alteram.
2902 1254 3002 1320 Qui
3034 1253 3270 1309 Parisius
3297 1266 3487 1311 sancto
3522 1258 3639 1313 viro
3685 1263 3919 1314 occurrit
3946 1260 3993 1315 in

2417 1342 2677 1406 oratorio,
2710 1351 2766 1397 et
2793 1344 3037 1399 oratione
3064 1347 3188 1399 data
3208 1385 3225 1411 ,
3257 1362 3529 1418 manuque
3562 1360 3817 1419 peruncta
3857 1352 3993 1417 oleo.

2418 1446 2621 1500 ungues
2650 1432 2718 1487 de
2742 1433 2917 1504 palma
2949 1444 3201 1491 retraeta:
3230 1448 3375 1492 sunt.
3406 1437 3595 1509 Digitis
3634 1442 3873 1496 redditur
3912 1460 3995 1497 or—

2414 1537 2631 1591 ganum,
2657 1535 2710 1577 et
2737 1526 2787 1577 in
2810 1526 3027 1596 antiquo
3050 1527 3233 1583 oflicio
3254 1544 3551 1605 nervorum
3574 1532 3675 1587 tela
3707 1534 3987 1588 retexitur.

2414 1616 2583 1681 Quem
2616 1616 2874 1671 clericum
2903 1628 3022 1686 post
3045 1620 3319 1690 ellectum,
3343 1632 3397 1676 et
3420 1633 3475 1676 ut
3500 1625 3766 1694 integrum
3789 1626 3991 1681 salvum

2419 1709 2639 1774 faceret,
2673 1721 2821 1779 peste
2853 1711 3097 1766 liberavit
3123 1724 3179 1768 et
3206 1714 3449 1769 crimine.

2488 1799 2573 1854 15.
2608 1801 2808 1856 ltutsus
2836 1803 3079 1869 quaedam
3110 1805 3322 1870 mulier,
3376 1805 3592 1861 nomine
3623 1805 3855 1861 Favonla
3875 1847 3890 1871 ,
3945 1810 3993 1864 in

726 1882 983 1977 expedire
1015 1906 1192 1973 lingua
1224 1902 1463 1957 mortalis
1486 1915 1592 1953 non
1618 1901 1834 1962 sufficit,
1865 1898 2116 1963 quoniam
2145 1910 2303 1960 supra
2337 1882 2384 1941 Β
2417 1893 2547 1947 urbe
2603 1894 2871 1949 Parisiaca
2936 1913 3030 1965 per
3085 1912 3276 1953 novem
3337 1899 3454 1954 dies
3512 1902 3814 1971 percipiens
3868 1906 3995 1959 nihil

726 2002 1000 2058 hominem
1046 1997 1143 2052 fttit
1182 2008 1342 2049 omne
1377 1990 1517 2060 quod
1560 1990 1747 2045 edidit.
1794 1988 2034 2058 Denique
2078 1986 2305 2055 adeptus

720 2093 945 2165 gradum
975 2104 1117 2144 curre
1146 2085 1448 2157 pastoralis,
1480 2084 1547 2137 de
1577 2084 1789 2152 reliquo
1820 2081 2112 2135 monachus
2137 2081 2306 2148 persi-

723 2185 921 2241 stebat.
956 2182 1089 2237 lline
1116 2196 1175 2235 se
1205 2177 1571 2244 frequentibus
1599 2175 1894 2229 exercebat
1925 2173 2152 2241 vigiliis,
2184 2172 2306 2226 inde

724 2275 1053 2333 continuatis
1096 2270 1405 2326 macerabat
1453 2268 1673 2322 inediis'.
1722 2266 2083 2321 Pernoctabat
2129 2263 2301 2334 algida

721 2379 976 2425 senectus
1022 2380 1116 2435 per
1163 2364 1396 2417 hiemem
1446 2360 1721 2413 sustinens
1769 2357 2057 2424 dupliciter
2112 2355 2301 2424 frigus,

724 2458 899 2516 atatis
921 2465 977 2512 et
1002 2452 1260 2525 temporis
1281 2492 1297 2518 ,
1326 2450 1467 2520 quod
1507 2463 1605 2503 nec
1637 2448 1869 2503 tolerare
1910 2448 2117 2517 possint
2145 2456 2300 2514 potu-

724 2550 857 2607 lenti
884 2549 1108 2617 juvenes
1133 2561 1148 2598 :
1181 2545 1417 2613 seipsum
1450 2554 1588 2611 pene
1614 2541 1937 2595 obliviscens
1962 2554 2059 2608 pro
2082 2538 2301 2593 victoria

721 2642 969 2711 corporis
989 2677 1006 2703 ,
1035 2647 1287 2707 tanquam
1329 2635 1373 2689 si
1404 2632 1562 2688 simul
1607 2632 1961 2687 accessissent
1989 2631 2219 2700 dgnitas
2250 2638 2305 2684 et

729 2733 1048 2790 necessitas.
1070 2730 1200 2796 Qua:
1242 2742 1371 2782 vero
1398 2728 1758 2796 eleemosynzn
1796 2734 1902 2778 tam
1933 2723 2001 2777 de
2029 2723 2186 2777 rebus
2217 2736 2307 2776 ec-

727 2830 928 2893 clesia,
961 2841 1122 2897 quam
1172 2823 1352 2893 pepuli
1399 2821 1690 2883 oblatione,
1737 2819 1823 2874 vel
1872 2818 2020 2888 regio
2060 2831 2305 2885 munere,

725 2934 826 2991 per
852 2932 1047 2975 manus
1090 2914 1259 2969 sancti
1290 2914 1443 2967 facta:
1468 2920 1629 2976 sunt,
1663 2910 1808 2966 solus
1856 2909 1978 2975 ille,
2010 2910 2097 2979 qui
2124 2909 2304 2963 omnia

725 3011 833 3068 scit
860 3021 914 3065 et
936 3006 1086 3062 novit
1115 3016 1169 3061 et
1198 3010 1464 3059 numerat.

804 3100 893 3155 15.
935 3098 1175 3167 Denique
1199 3094 1427 3165 quadam
1457 3092 1572 3146 vice
1604 3090 2129 3160 praecellentissimus
2161 3088 2305 3144 Chil-

723 3194 978 3249 debertus
1000 3205 1125 3254 res,
1152 3204 1272 3243 cum
1300 3187 1347 3241 ei
1372 3186 1657 3239 direxisset
1676 3198 1767 3237 sex
1796 3180 1966 3237 millia
1988 3181 2302 3245 solidorum,

729 3284 1056 3357 pauperibus
1080 3280 1380 3352 eroganda,
1412 3277 1727 3345 expendens
1747 3276 1846 3331 tria
1871 3275 2061 3339 millia,
2092 3275 2312 3331 reverti-

735 3388 823 3432 tur
844 3375 911 3430 ad
944 3374 1201 3443 palatium
1230 3388 1243 3424 :
1270 3371 1624 3437 interrogatus
1652 3381 1682 3420 a
1715 3380 1863 3436 rege,
1894 3367 1938 3420 si
1966 3365 2141 3421 adhuc
2180 3366 2316 3421 resi-

731 3469 889 3525 deret
941 3464 1082 3536 quod
1116 3461 1304 3531 egenis
1333 3461 1631 3522 tribueret,
1660 3457 1935 3527 respondit
1974 3456 2314 3512 medietatem

732 3558 1023 3620 resedisse.
1056 3569 1154 3609 nec
1199 3551 1469 3608 invenisse
1522 3551 1726 3619 inopes,
1772 3550 1965 3618 quibus
2005 3558 2174 3605 totum
2219 3565 2316 3605 ex-

742 3649 1022 3719 penderet.
1071 3644 1171 3701 Cui
1220 3658 1317 3698 rex
1368 3641 1539 3711 inquit
1589 3659 1604 3694 :
1658 3641 1921 3708 Domine,
1981 3642 2121 3696 dona
2174 3644 2318 3712 quod

733 3741 961 3799 trcstitit.
1002 3737 1161 3803 Nam,
1185 3735 1400 3791 Christo
1444 3733 1725 3805 largiente,
1762 3733 1903 3803 quod
1940 3732 2172 3789 donetur
2211 3750 2317 3791 non

748 3833 987 3891 deﬁciet.
1036 3829 1278 3885 incidens
1329 3836 1511 3881 aurata
1542 3837 1565 3865 ε
1596 3825 1863 3893 missoria,
1906 3835 2156 3895 argentea
2191 3842 2317 3883 vasa

744 3923 1116 3979 comminuens
1139 3961 1155 3985 ,
1195 3918 1447 3988 quidquid
1480 3918 1707 3987 primum
1740 3917 1956 3981 habuit,
1986 3916 2120 3972 dans
2143 3932 2321 3973 sacer-

744 4016 877 4078 doti,
910 4029 978 4068 ne
1010 4012 1277 4083 perderet.
1310 4010 1435 4065 Erat
1474 4025 1601 4078 ergo
1637 4010 1991 4077 exspectanda
2039 4012 2319 4065 contentio

739 4109 880 4161 inter
936 4102 1272 4159 sacerdotem
1321 4110 1375 4154 et
1412 4100 1729 4169 principem.
1763 4099 2049 4155 Faciebant
2077 4102 2219 4170 apud
2260 4116 2319 4156 se

738 4198 808 4253 de
852 4196 1225 4252 misericordia
1279 4209 1508 4263 pugnam
1557 4202 1611 4248 et
1663 4192 1731 4249 de
1784 4194 1981 4263 pietate
2022 4204 2315 4261 certamen,

742 4293 1025 4343 thesauros
1067 4296 1126 4341 ut
1164 4296 1503 4353 spargerent,
1546 4296 1599 4339 et
1636 4286 1705 4341 de
1752 4286 1863 4339 suis
1907 4286 2119 4342 talentis
2160 4288 2314 4356 egeni

735 4380 1067 4435 ditescerent
1094 4417 1111 4441 ,
1149 4377 1329 4432 festini
1377 4375 1443 4429 ad
1485 4376 1661 4429 futura
1693 4375 1872 4438 lucra,
1898 4384 1955 4430 ut
1977 4374 2004 4414 ἀ
2036 4375 2313 4431 bratheum

732 4486 917 4526 semen
949 4478 1210 4534 sererent,
1242 4477 1297 4523 et
1324 4476 1449 4538 post
1477 4481 1745 4522 messores
1774 4467 2115 4532 accederent,
2152 4484 2311 4522 auro—

2411 1998 2608 2057 prieter
2653 1990 2999 2058 pu'ticulam,
3029 2006 3124 2047 ore
3152 2004 3341 2061 aperto
3372 1991 3587 2050 inhians
3611 2036 3628 2061 ,
3666 2008 3853 2051 sancto
3884 1998 3996 2052 viro

2410 2081 2588 2134 oblata
2633 2091 2734 2135 est.
2775 2082 2938 2149 Quae,
2984 2085 3133 2137 velut
3174 2084 3318 2140 ferro
3356 2086 3639 2155 opposito,
3687 2092 3832 2143 nulla
3885 2092 3998 2160 lege

2413 2183 2621 2242 poterat
2647 2176 2871 2245 jungere
2898 2177 3122 2244 dentes,
3154 2189 3245 2233 aut
3284 2180 3447 2234 labia.
3475 2181 3645 2247 Quam
3678 2182 3731 2235 in
3763 2184 3998 2238 oratutio

2407 2282 2563 2322 sacro
2588 2283 2889 2337 perungens
2916 2271 3037 2324 oleo
3058 2310 3075 2336 ,
3116 2271 3329 2342 palpato
3368 2270 3606 2342 undique
3636 2277 3834 2343 capite,
3882 2278 3998 2330 sine

2410 2361 2661 2414 tarditate
2692 2362 2850 2415 saluti
2877 2363 3133 2417 restituit.

2481 2450 2567 2504 ib‘.
2610 2451 2819 2505 Accidit
2865 2462 2921 2505 ut
2966 2455 3135 2521 pttella
3168 2455 3411 2521 qumdam
3454 2455 3523 2509 de
3564 2454 3800 2510 Medardi
3830 2455 3848 2493 ί
3884 2456 3999 2513 Me-

2408 2542 2742 2610 glidunensis
2790 2543 3021 2608 familia,
3062 2544 3219 2599 lilans
3247 2547 3335 2601 die
3367 2545 3681 2612 Dominieo,
3716 2561 3996 2604 contracta

2410 2650 2568 2688 manu
2595 2678 2610 2703 ,
2655 2633 3004 2690 damnaretur
3050 2638 3333 2707 supplicio.
3366 2640 3477 2704 Qua
3530 2651 3776 2694 contacta
3833 2643 3997 2706 oleo,

2411 2726 2578 2778 virtus
2619 2724 2814 2778 infttdit
2839 2727 3157 2782 remedium.
3182 2728 3317 2782 llinc
3352 2741 3628 2798 stupentes
3657 2731 3811 2799 digiti
3845 2733 3996 2802 vigo-

2410 2828 2524 2867 rem
2573 2814 2859 2881 pristinum
2906 2816 3266 2885 recipiscunt;
3310 2818 3535 2873 oblitum
3583 2821 3719 2873 artis
3758 2820 3998 2876 ofticium

2414 2906 2619 2959 reducti
2650 2907 2859 2962 articuli
2892 2909 3241 2975 meditantur,
3273 2926 3463 2965 manus
3492 2927 3702 2967 ramosa
3729 2914 4000 2969 distendi-

2423 3007 2526 3058 tur,
2558 3010 2609 3050 et
2642 3010 2859 3068 purgata
2890 2999 3020 3053 vitio
3049 3002 3236 3055 dextra
3263 3002 3421 3056 saluti
3453 3003 3742 3057 reducitur.

2485 3088 2572 3144 i7.
2618 3089 2782 3144 Recte
2810 3091 3048 3147 creditur
3096 3094 3446 3149 inserendum
3491 3094 3621 3149 illud
3653 3112 3872 3165 quoque
3903 3100 4001 3150 ιιιὶο

2416 3185 2671 3239 raculum.
2723 3187 3014 3242 Bobolinus
3057 3189 3295 3257 quidam,
3346 3189 3414 3243 de
3469 3192 3587 3245 vico
3634 3199 3660 3237 ι
3718 3191 4003 3253 Νονίοηιοι.

2367 3266 2385 3289 ⁴
2422 3276 2769 3332 vehementer
2799 3276 2999 3332 inimici
3044 3293 3304 3348 pervasus
3343 3281 3575 3346 insidiis,
3611 3283 3677 3336 ad
3730 3284 4006 3339 hominem

2424 3367 2519 3422 Dei
2553 3366 2778 3422 vinculis
2810 3384 2980 3423 nexus
3009 3369 3315 3434 adducitur.
3348 3372 3533 3427 rebelli
3564 3374 3759 3441 spiritu
3801 3386 4009 3430 rutatos

2419 3457 2701 3521 excutitur,
2727 3458 2846 3512 neci
2868 3466 3073 3513 assatur
3094 3457 3297 3530 [Forte,
3316 3460 3567 3533 laxatur].
3593 3463 3718 3531 Qui,
3743 3479 4009 3522 exoranto

2422 3558 2614 3604 sancto
2643 3564 2673 3601 v
2696 3563 2781 3613 ro,
2825 3549 2976 3617 quasi
3016 3549 3084 3604 de
3134 3550 3293 3619 longo
3334 3551 3525 3608 itinere
3562 3557 3630 3607 ad
3656 3570 3714 3608 se
3744 3570 4011 3627 suamque

2420 3650 2654 3697 mentem
2680 3641 2909 3709 septimo
2946 3640 3033 3696 die
3075 3644 3383 3699 revertitur.
3415 3642 3509 3699 Sic
3549 3644 3844 3715 dupliciter
3873 3650 4011 3703 libe-

2421 3740 2590 3797 ratus,
2618 3731 2747 3785 dum
2778 3730 2910 3801 fugit
2934 3732 3121 3787 umbra
3152 3733 3219 3787 de
3245 3735 3519 3799 sensibus,
3549 3745 3739 3793 catena
3768 3740 3917 3794 cadit
3943 3742 4010 3795 de

2421 3824 2685 3885 manibus,
2718 3832 2772 3877 et
2799 3838 2963 3877 sanus
2989 3822 3229 3877 redditur
3258 3835 3311 3878 et
3337 3826 3566 3881 solutus.

2491 3916 2581 3971 18.
2624 3916 2735 3971 Hoc
2775 3926 2950 3970 autem
2984 3918 3257 3971 memoria:
3293 3917 3414 3987 jure
3459 3930 3720 3989 perpetuo
3762 3931 3850 3977 est
3896 3934 4011 3978 tra-

2417 4009 2675 4067 dendum.
2736 4008 2963 4075 Quidam
2995 4025 3060 4064 ex
3092 4007 3118 4046 ιι
3142 4010 3449 4065 Nanlharici
3475 4012 3705 4079 familia,
3738 4018 4011 4083 separatis

2417 4102 2487 4156 ab
2540 4101 2765 4155 invicem
2805 4102 3143 4155 maxillarum
3185 4102 3479 4169 juncturis,
3531 4119 3627 4158 ore
3660 4117 3885 4174 aperto,
3942 4110 4009 4162 ad

2417 4203 2660 4248 sanctum
2684 4196 2855 4249 virutn
2903 4195 3231 4264 perducitur.
3291 4196 3461 4264 Quem
3489 4199 3646 4268 signo
3682 4202 3865 4256 crucis
3903 4203 4012 4257 im-

2419 4299 2605 4353 presso
2634 4285 2847 4338 sanitati
2879 4286 3145 4340 redditum
3178 4288 3342 4341 vetuit
3372 4303 3440 4343 ne
3466 4292 3735 4359 acciperet
3765 4292 3877 4346 vini
3914 4309 4012 4361 po-

2419 4388 2551 4440 tttm,
2576 4387 2663 4429 aut
2691 4377 2867 4431 carnis
2902 4376 2916 4415 ί
2948 4378 3201 4431 edulium.
3228 4379 3350 4445 Qui,
3384 4391 3652 4448 praecepto
3676 4384 4009 4449 postposito.

2415 4468 2482 4521 ad
2522 4483 2761 4523 normam
2796 4470 2879 4523 sui
2924 4469 3190 4539 languoris
3232 4471 3412 4524 statim
3458 4471 3713 4526 reductus
3738 4484 3846 4529 est.
3900 4474 4008 4529 Sed

805 4608 831 4636 ι
885 4597 1318 4670 ϐοηιτογθτιῐῳι·
1376 4605 1556 4670 utrum
1604 4593 1862 4670 Libanius
1901 4610 2022 4670 _an_‘
2040 4596 2306 4670 Eusebius
2337 4580 2393 4645 Ῑ)
2419 4600 2719 4655 missorium
2751 4615 2850 4669 pro
2873 4600 3142 4655 mensorio
3168 4600 3333 4655 velint
3353 4615 3475 4654 esse
3500 4602 3702 4653 dictum
3725 4642 3739 4665 ,
3773 4602 3920 4670 quod
3956 4603 4009 4658 in

734 4671 987 4726 decessor
1028 4669 1194 4721 sancti
1227 4666 1474 4720 Germani
1518 4666 1680 4721 fuerit
1723 4666 1775 4718 in
1822 4666 1954 4720 sede
1997 4666 2301 4725 Parisiensi.

734 4743 873 4808 Lege
902 4742 997 4792 hac
1022 4740 1090 4792 de
1113 4755 1169 4808 re
1193 4737 1486 4799 Cointium,
1513 4738 1576 4789 ad
1607 4751 1694 4789 an.
1726 4733 1854 4808 5§l,
1878 4751 2024 4789 num.
2047 4737 2099 4799 9,
2129 4739 2214 4791 ubi
2243 4753 2305 4792 ea

730 4805 847 4878 quae
876 4810 942 4861 de
969 4807 1187 4862 Libanio
1215 4818 1518 4868 narrantur,
1544 4816 1727 4859 sancto
1756 4805 2027 4859 Germano
2056 4821 2176 4861 esse
2208 4808 2305 4861 tri-

733 4880 940 4935 buenda
969 4880 1229 4943 ostendit,
1257 4892 1427 4946 eoque
1458 4878 1754 4945 propendet
1774 4878 2036 4930 sententia
2055 4919 2068 4938 ,
2095 4890 2151 4946 ut
2191 4893 2305 4932 cre-

732 4952 823 5003 dat
845 4949 1129 5004 Busebunn
1150 4945 1418 5002 seniorem
1447 4948 1798 4999 antecessisse
1822 4960 2059 4999 sanetum
2085 4945 2303 5001 Germa-

735 5035 859 5074 num
888 5022 939 5073 in
972 5020 1100 5074 sede
1125 5018 1587 5083 i’arisiensi,quod
1617 5015 1838 5081 hujusce
1863 5017 2073 5070 Eusebii
2105 5020 2305 5071 mentio

734 5090 824 5143 ﬁat
886 5091 936 5143 in
987 5090 1132 5142 Actis
1199 5089 1366 5141 sancti
1421 5086 1712 5141 Cludualdi.
1765 5085 1812 5138 ls
1864 5087 2020 5154 igtur
2062 5104 2148 5139 an.
2202 5088 2299 5142 δεδι

731 5169 942 5214 creatus
985 5158 1217 5223 pontifex
1268 5157 1435 5210 Paris.
1481 5156 1711 5210 decessit
1758 5170 1899 5208 anno
1935 5158 2145 5211 circiter
2175 5159 2299 5223 555,

733 5241 787 5283 ut
815 5231 976 5283 refert
1006 5228 1246 5282 Cointius
1272 5229 1336 5279 atl
1370 5232 1509 5281 hunc
1533 5241 1749 5291 annum,
1779 5240 1834 5279 rt.
1862 5225 1951 5280 18.

802 5300 827 5336 δ
856 5297 1228 5355 Childehertus
1252 5338 1265 5359 ,
1299 5299 1546 5352 Clodovei
1579 5298 1740 5357 ﬁlius,
1769 5297 1954 5349 sedem
1988 5295 2169 5349 habuit
2196 5296 2305 5349 Pa-

732 5371 896 5434 risiis,
920 5379 977 5421 ut
1001 5368 1163 5422 refert
1188 5369 1321 5421 inter
1342 5379 1562 5421 czeteros
1591 5366 1963 5432 Fredegarius,
1993 5367 2043 5417 in
2074 5368 2299 5431 Epitom.

732 5444 830 5505 Up.
862 5441 1026 5491 sancti
1058 5439 1218 5507 Greg.
1249 5438 1401 5500 Tur.,
1439 5456 1490 5489 ιι.
1522 5437 1611 5489 50.
1640 5438 1781 5490 Obiit
1830 5438 1983 5507 isan.
2013 5435 2138 5490 558.
2172 5437 2306 5490 Lau-

732 5504 890 5563 datur
933 5508 1123 5573 passim
1169 5504 1348 5575 'pietas
1400 5507 1722 5560 Childeberti
1775 5521 1801 5557 a
1847 5504 2009 5576 Greg.
2042 5506 2193 5569 Tur.,
2244 5523 2307 5561 ac

735 5580 1055 5633 Fortunatus
1107 5581 1219 5643 ipse
1254 5582 1385 5635 .snis
1442 5578 1582 5629 illam
1642 5576 1967 5630 carminibus
2025 5577 2302 5640 celebrat;

733 5664 891 5713 quam
915 5649 978 5699 ad
1006 5663 1115 5699 rein
1142 5647 1335 5700 videsis
1360 5664 1474 5716 qua:
1498 5646 1732 5700 diximus
1763 5650 1812 5699 in
1839 5656 1977 5698 notis
2001 5646 2065 5697 ad
2090 5662 2209 5714 cup.
2244 5650 2302 5702 ιι

734 5720 822 5772 lib.
861 5734 921 5771 ll.

808 5796 829 5824 ⁸
862 5788 1161 5842 Missorium
1193 5796 1306 5841 erat
1334 5787 1531 5848 discus,
1564 5797 1653 5841 aut
1696 5785 1923 5843 concha.
1954 5786 2031 5839 sic
2070 5784 2301 5853 appella-

737 5864 886 5919 tum,
940 5858 1079 5924 quod
1130 5858 1180 5910 in
1232 5856 1357 5911 illud
1406 5860 1574 5925 epulae
1623 5859 1977 5910 mitterentur.
2032 5857 2161 5908 Sunt
2214 5874 2298 5923 qm

2414 4686 2597 4726 mensa
2651 4684 3027 4738 opponeretur.
3078 4671 3239 4737 Greg.
3288 4671 3441 4729 Tur.,
3495 4673 3589 4726 lib.
3624 4687 3716 4732 vt.
3770 4672 4007 4739 cap.2:

2420 4759 2441 4792 ι
2474 4741 2625 4794 Tunc
2648 4756 2767 4809 ego,
2802 4743 2992 4804 inquit,
3025 4741 3373 4809 Novigentum
3406 4743 3585 4794 villam
3616 4744 3682 4794 ad
3708 4756 4006 4798 occursum

2414 4811 2553 4875 regis
2583 4809 2912 4882 |Cbtlpetici]
2944 4813 3179 4867 abierant
3208 4853 3220 4875 ,
3256 4813 3429 4877 ibique
3472 4812 3624 4864 nobis
3666 4828 3759 4865 rev
3808 4814 4013 4867 misso-

2413 4886 2551 4934 riutn
2578 4896 2849 4949 magnum,
2873 4881 3013 4948 quod
3035 4897 3098 4935 ex
3124 4896 3253 4934 auro
3274 4882 3607 4950 gemmisque
3631 4881 4011 4937 fabricaverat

2415 4950 2467 5005 in
2495 4951 2873 5021 quinquaginta
2899 4954 3149 5021 librarum
3176 4956 3433 5020 pondere.
3458 4951 3717 5014 ostendit,
3749 4962 3858 5005 etc.
3909 4974 3931 5005 ι

2485 5020 2511 5057 ά
2546 5022 2621 5074 lla
2654 5036 2782 5073 tnss.
2819 5021 3015 5082 Codd.,
3048 5020 3136 5075 ubi
3184 5023 3464 5092 legentium
3496 5023 3705 5075 videtur
3734 5024 4015 5078 bracteamt

2412 5107 2605 5154 semen,
2637 5091 2737 5145 hoc
2766 5102 2843 5145 est
2873 5108 3093 5146 aureum
3131 5094 3213 5146 vel
3243 5091 3586 5153 argenteum;
3622 5106 3742 5144 nam
3778 5093 4009 5147 bractea

2413 5171 2497 5214 est
2522 5163 2633 5214 auri
2667 5163 2749 5215 vel
2778 5167 2981 5227 argenti
3016 5166 3209 5215 latutna
3245 5161 3512 5215 subtilior.
3541 5162 3637 5215 Cui
3669 5163 4009 5229 interpreta-

2414 5234 2541 5284 tioni
2568 5232 2727 5293 favet,
2750 5234 2893 5298 quod
2918 5235 3160 5300 sequitur
3183 5234 3251 5286 de
3282 5234 3552 5286 aurulenta
3580 5241 3765 5301 segete.
3794 5234 4009 5289 Mths.

2484 5312 2506 5371 ’ἦ
2547 5301 2740 5354 Essonc
2772 5318 2935 5371 prope
2964 5304 3291 5356 Corbuliutn.

2488 5369 2507 5408 τ
2537 5369 3083 5427 ΜιειυάιιιιιιιιίΜειωι
3131 5376 3197 5426 ad
3240 5373 3566 5441 Sequanam,
3598 5370 3783 5426 decem
3828 5374 4014 5427 leucis

2412 5457 2572 5507 supra
2600 5442 2857 5497 Lutetiam
2894 5445 3233 5495 Parisiorum.
3270 5445 3325 5495 ltt
3349 5444 3665 5508 quibusdam
3697 5442 3827 5497 Mss.
3858 5445 4007 5509 legio

2412 5520 2496 5565 tur
2530 5513 2591 5583 de
2620 5513 2769 5583 domo
2800 5509 3039 5583 Μαίανάί
3071 5511 3479 5583 Meglidunensis
3517 5512 3755 5579 fantilite.
3793 5514 3985 5568 Manu.

2481 5590 2506 5628 ς
2540 5580 2725 5650 Noyon
2755 5582 2805 5635 itt
2838 5582 3097 5637 Picardia.

2485 5650 2511 5688 ¹³
2541 5652 2619 5705 An
2650 5651 2989 5721 Nemptodori
3012 5656 3037 5706 Ρ
3087 5651 3361 5706 Nantcrre.

2494 5731 2507 5757 ‘
2560 5723 2739 5792 Simile
2770 5724 2893 5786 quid
2941 5724 3010 5776 de
3040 5733 3223 5777 sancto
3254 5723 3313 5792 P7.
3350 5725 3639 5780 Benedicto
3700 5724 3896 5792 legitur
3951 5727 4008 5777 in

2413 5792 2507 5846 lib.
2538 5806 2572 5845 ll
2605 5791 2736 5847 Dial.
2770 5793 2925 5861 Greg.
2961 5793 3052 5856 5L,
3081 5808 3131 5847 c.
3170 5794 3252 5846 16.
3284 5791 3439 5846 insit.
