4192 6552
188 428 285 482 λοι
1113 421 1268 476 VITA
1312 422 1369 475 S.
1408 419 1730 477 GERMANI
1781 419 2204 476 PARISIENSIS
2246 421 2570 477 EPISCOPI.

3369 427 3473 485 662

186 562 251 600 ne
295 542 699 613 prrevaricantis
733 541 1051 611 negligentia
1095 541 1238 609 justo
1277 541 1623 594 subtraheret
1665 539 1781 607 glo-
1812 544 1858 599 Α
1890 551 2114 607 equum,
2148 539 2504 593 necessarium
2535 537 2600 593 ad
2651 538 2840 593 sellam
2891 538 3031 595 beati
3065 542 3184 603 viri,
3218 543 3473 603 donasset

184 637 339 698 riam.
362 635 413 690 in
443 641 470 672 ι
496 631 945 704 Spedotenovilla
969 644 1152 685 rursus
1178 629 1225 685 ei
1248 630 1460 684 oblatus
1484 639 1588 684 est.
1607 627 1774 695 Cujus

186 731 297 780 loca
326 726 664 780 maxillarum
715 734 902 780 sancto
944 739 1251 794 perungens
1292 724 1413 776 oleo
1439 765 1455 788 ,
1505 736 1567 777 ac
1598 721 1774 776 beatis

184 821 434 876 manibus
465 829 704 875 mentum
748 821 1082 889 astringens,
1130 830 1184 873 et
1226 817 1401 881 labia,
1455 817 1651 870 Christi
1680 832 1776 870 no-

181 911 324 965 mine
353 909 636 975 invocato,
687 924 952 966 concussa
1001 909 1200 963 sanctis
1229 908 1404 985 digitis
1444 907 1510 960 ad
1561 921 1621 961 se
1646 906 1774 974 jun.

181 1021 332 1064 ctura
367 1008 680 1072 revertitur,
711 1013 766 1060 et
798 1017 907 1057 sum
945 1001 1069 1057 ﬁdei
1101 999 1296 1055 merito
1327 1000 1510 1053 salvus
1556 999 1772 1053 domum

179 1104 468 1158 reducitur.

253 1191 346 1245 19.
388 1189 517 1243 Item
549 1187 731 1251 faber,
765 1181 1008 1254 Ligerius
1042 1181 1293 1245 nomine,
1343 1176 1633 1232 turbulenti
1665 1176 1773 1229 dre-

178 1281 354 1336 mnnis
386 1290 634 1348 arreptus
664 1277 891 1336 insania,
923 1276 991 1329 ita
1020 1273 1232 1329 besriali
1264 1270 1477 1326 feritate
1506 1284 1767 1338 prorupe-

177 1384 296 1440 rat,
327 1382 415 1436 ut,
451 1370 656 1426 catenis
685 1369 825 1424 collo
853 1367 1205 1434 manibusque
1236 1365 1507 1418 revinctus
1537 1403 1550 1427 ,
1574 1362 1662 1416 vix
1706 1361 1770 1413 ad

181 1465 324 1519 beati
355 1466 456 1518 viri
493 1462 800 1518 traheretur
838 1458 1202 1530 praesentiam.
1239 1457 1364 1511 Inde
1391 1455 1768 1514 miserabilior.

178 1570 235 1611 ut
262 1559 348 1626 qui
384 1556 685 1611 sustinebat
718 1555 783 1609 ab
813 1554 966 1608 hoste
993 1551 1326 1614 violentiam,
1357 1550 1454 1619 ipsi
1486 1548 1773 1603 adderetur

176 1657 345 1706 altera
375 1665 528 1720 paena
558 1665 654 1718 per
684 1647 916 1703 vincula.
940 1647 1109 1716 Quem
1144 1654 1322 1700 tamen
1355 1643 1607 1697 sacerdos
1635 1644 1770 1710 apud

175 1760 235 1799 se
266 1745 496 1813 imperat
522 1741 752 1798 detineri
779 1758 794 1806 ;
824 1750 878 1795 et
906 1741 1044 1794 sicut
1067 1739 1299 1807 septimo
1327 1736 1416 1790 die
1450 1735 1588 1788 Deus
1615 1735 1766 1802 quie-

176 1836 252 1889 vit
299 1835 369 1889 ab
420 1849 608 1904 opere,
644 1835 715 1888 ita
754 1841 810 1888 et
852 1845 1013 1903 opera
1069 1830 1201 1894 Dei,
1256 1838 1517 1883 transacta
1568 1827 1766 1881 hebdo-

1881 627 2211 696 vehiculum,
2239 637 2393 696 rogat
2421 629 2535 698 ipse
2564 628 2654 698 qui
2677 628 2921 698 dederat,
2959 641 3013 686 ut
3041 646 3168 687 eum
3209 636 3311 690 sibi
3344 643 3471 692 reti-

1878 726 2052 786 neret,
2101 734 2201 774 nec
2245 718 2498 786 cuiquam
2545 720 2826 776 tribueret.
2861 722 3087 780 Interim
3132 729 3319 781 beatus
3365 732 3470 794 vir,

1879 809 2188 877 postulante
2217 810 2454 879 captiVn,
2485 825 2682 877 equum
2712 811 2874 866 donat
2903 813 2957 866 in
2993 818 3186 884 pretio,
3218 820 3468 885 quoniam

1876 900 2015 967 apud
2053 900 2361 969 pontiﬁcem
2406 899 2524 970 plus
2559 900 2676 964 fuit,
2704 916 2864 970 quam
2901 902 2987 957 illa
3019 907 3181 976 regis,
3212 924 3309 963 vos
3342 925 3472 977 pau-

1885 994 2046 1059 peris.
2081 993 2244 1050 Jubet
2297 995 2459 1063 igitur
2490 1003 2547 1050 ut
2589 995 2898 1066 quindecim
2949 1011 3072 1051 eum
3131 1001 3469 1056 venundaret

1879 1083 2103 1139 solidis:
2136 1100 2296 1155 qur-m
2332 1101 2532 1154 pauper
2565 1087 2681 1155 ipse
2720 1104 2841 1143 cum
2873 1089 3118 1156 duceret,
3163 1091 3463 1159 negotiatur

1875 1175 2135 1244 occurrit;
2169 1179 2410 1249 emitque
2442 1179 2759 1249 pradictum
2789 1196 2988 1251 equum
3035 1183 3322 1239 duodecim
3372 1201 3467 1240 au-

1877 1272 2004 1326 reis.
2045 1271 2164 1341 Quo
2207 1284 2390 1342 empto
2437 1274 2742 1343 negotiator
2788 1275 3004 1331 adducit
3050 1279 3115 1332 ad
3165 1279 3460 1334 stabulant.

1876 1363 1981 1420 Sed
2009 1368 2261 1435 quoniam
2301 1367 2478 1422 minus
2507 1369 2731 1423 dederat
2760 1384 2922 1439 quam
2955 1369 3034 1423 vir
3066 1370 3157 1425 Dei
3189 1388 3466 1442 praecepe-

1879 1465 1980 1521 rat,
2011 1471 2180 1526 equus
2206 1459 2303 1513 sub
2335 1468 2490 1514 nocte
2522 1459 2771 1526 moritur,
2803 1476 2872 1517 ne
2900 1462 3071 1517 sancti
3103 1463 3325 1518 verbum
3361 1466 3465 1519 iret

1877 1547 2164 1602 incassum.
2209 1547 2362 1604 Unde
2401 1551 2644 1616 sequenti
2688 1552 2775 1606 die
2816 1552 3063 1607 sellarem
3111 1552 3180 1608 de
3227 1553 3461 1614 stabulo.

1872 1638 2074 1706 junctis
2116 1639 2310 1705 bobus,
2343 1642 2666 1696 exstinctum
2701 1644 2922 1698 retraxit
2951 1655 3163 1714 emptor
3193 1657 3461 1700 mortuum

1876 1731 2205 1786 vehiculum.
2235 1732 2335 1798 Qui
2359 1749 2510 1787 versa
2538 1736 2673 1798 vice,
2706 1736 2939 1805 capistro
2986 1753 3090 1793 non
3119 1741 3316 1809 capite,
3363 1741 3462 1796 sed

1876 1821 2100 1889 pedibus
2130 1823 2380 1893 alligatus
2407 1824 2674 1879 educitur.

177 1928 336 1982 mada
360 1971 374 1993 ,
409 1896 636 1996 eripitur
664 1939 692 1978 a
717 1896 960 1979 daemone
983 1965 996 1988 ,
1027 1922 1213 1991 sicque
1260 1921 1310 1973 in
1345 1920 1554 1989 propria
1591 1918 1764 1972 redire
1801 1896 1844 1954 Β
1942 1913 2032 1970 23.
2077 1915 2170 1970 Est
2209 1931 2392 1985 opera:
2443 1918 2672 1985 pretium
2719 1918 2848 1973 illud
2895 1921 3170 1976 memoria:
3220 1923 3456 1991 tradere,

177 2033 406 2072 securus
430 2017 626 2072 meruit
655 2017 910 2071 liberatus
944 2014 1011 2068 ab
1038 2013 1209 2067 hoste.

249 2108 336 2164 :20.
386 2107 412 2146 δ
445 2106 658 2161 Wadrlo
686 2105 768 2159 vir
800 2105 1027 2168 illuster,
1061 2101 1267 2156 consilii
1303 2101 1444 2170 regis
1477 2101 1761 2168 particeps.

176 2211 364 2268 typum
398 2199 691 2268 dupliciter
719 2198 1002 2252 incurrens
1033 2195 1195 2250 febris
1220 2204 1273 2249 et
1299 2192 1536 2263 frigoris,
1568 2207 1762 2260 expur-

175 2293 384 2362 gandus
415 2293 586 2347 sancti
638 2291 740 2345 viri
797 2295 1153 2360 praesentatur
1192 2286 1487 2339 obtutibus.
1537 2284 1760 2344 Interea,

172 2384 310 2437 hnra
341 2384 521 2444 Solita,
557 2372 707 2437 febre
739 2395 1032 2436 concussus
1080 2377 1415 2448 gravissima,
1452 2385 1508 2428 ut
1541 2375 1767 2441 refrige-

170 2484 404 2533 raretur.
459 2473 539 2528 vel
591 2487 786 2542 aquam
822 2471 1087 2525 instanter
1127 2468 1450 2534 expostulat.
1500 2467 1615 2533 Qua
1660 2465 1764 2520 sibi

167 2565 458 2630 denegata,
487 2565 540 2617 in
572 2563 743 2617 sancti
775 2560 1040 2632 pontiﬁcis
1069 2559 1347 2614 insolescit
1370 2557 1642 2624 injuriam.
1673 2555 1766 2610 Vir

171 2667 354 2711 tamen
388 2655 481 2709 Dei
523 2662 836 2722 contentus,
881 2661 938 2705 ut
977 2650 1247 2704 obtineret
1293 2648 1594 2709 vietoriam,
1644 2662 1765 2699 nra-

172 2751 321 2800 tinne
363 2747 656 2814 explicata,
685 2753 871 2812 potum
916 2742 968 2797 ei
1007 2741 1216 2796 donans
1251 2739 1304 2794 in
1351 2738 1544 2802 calida,
1595 2740 1765 2792 homi-

172 2854 298 2890 nem
331 2837 604 2890 revocavit
641 2836 873 2889 salutem
921 2833 987 2888 ad
1030 2832 1332 2900 pristinam,
1379 2842 1432 2886 et
1479 2831 1766 2884 imminens

172 2931 470 2997 periculum
523 2929 614 2982 tali
663 2928 872 2982 curavit
915 2925 1179 2990 antidoto,
1214 2925 1415 2979 febrem
1445 2936 1643 2977 curans
1673 2937 1766 2990 per

167 3026 422 3077 c.-ltdam.

241 3117 336 3170 2t.
386 3116 492 3174 Nec
547 3115 677 3168 illud
729 3125 812 3170 est
861 3112 1297 3183 prmtereundum
1341 3113 1531 3166 similis
1587 3127 1762 3165 causae

169 3209 512 3264 miraculum.
549 3206 767 3276 Regina:
795 3216 817 3244 ε
842 3204 1222 3258 (lbrodosinta:
1252 3203 1516 3265 minister,
1553 3202 1576 3237 ἀ
1613 3203 1762 3256 Ullus

169 3299 416 3362 nomine,
444 3307 466 3335 ο
504 3308 631 3366 typo
669 3296 965 3350 vexabatur
993 3294 1330 3364 gravissime.
1368 3293 1604 3347 l’oscens
1652 3293 1761 3346 suf-

166 3392 340 3463 fragia
374 3391 596 3444 medela:
627 3390 866 3459 perrexit
896 3390 961 3442 ad
996 3387 1326 3456 pontiﬁcem.
1358 3389 1529 3452 Quem
1558 3388 1640 3439 vir
1666 3386 1758 3440 Dei

166 3491 485 3537 constanter
540 3480 688 3534 ducit
756 3479 823 3534 ad
882 3479 1282 3548 baptisterium.
1334 3479 1439 3534 Sed
1505 3490 1760 3535 exorante

168 3585 362 3630 sancto
399 3575 565 3644 carpit
595 3572 758 3644 afﬂigi
791 3575 1027 3645 gravius,
1066 3574 1119 3629 in
1153 3574 1396 3644 proximo
1426 3573 1757 3628 liberandus.

176 3668 420 3722 Postulat
440 3667 658 3734 ardens,
688 3674 746 3721 et
772 3673 1013 3721 cstuans
1038 3681 1191 3736 aqua:
1214 3665 1505 3731 modicum,
1533 3665 1628 3720 sed
1661 3682 1756 3720 ne-

173 3769 354 3827 gatur.
385 3757 489 3824 Qui
536 3755 674 3812 fellis
728 3755 1086 3812 amaritudine
1139 3756 1427 3812 suscitatus
1474 3758 1759 3818 acerrime,

171 3851 414 3905 balteum
444 3863 602 3905 suum
633 3849 700 3904 ad
739 3849 914 3906 sancti
941 3848 1164 3920 vestigia
1206 3847 1434 3919 projecit
1472 3849 1708 3902 clamans
1742 3867 1754 3904 :

166 3941 250 3996 Tu
281 3957 387 4001 me.
439 3940 678 4009 domine,
729 3938 1006 4005 interﬁcis,
1051 3954 1173 3996 cum
1235 3953 1426 3994 sanare
1471 3939 1757 3994 debueras.

169 4035 283 4090 Sed
322 4034 425 4089 hoc
456 4033 549 4088 tibi
595 4041 782 4087 notum
832 4032 925 4099 sit,
968 4033 1092 4101 quia
1133 4047 1229 4099 per
1273 4042 1324 4085 te
1366 4030 1584 4085 morior.
1647 4030 1758 4084 Vita

171 4141 295 4182 mea
337 4143 370 4182 a
399 4135 454 4181 te
498 4127 606 4180 erit
646 4124 970 4196 requirenda
997 4139 1028 4179 a
1057 4139 1206 4194 rege,
1237 4125 1321 4179 vel
1362 4138 1391 4176 a
1424 4125 1757 4192 parentibus.

165 4220 445 4277 interdum
467 4219 636 4294 [Βοιι.
665 4221 866 4275 interea
881 4218 1031 4290 dum]
1057 4234 1167 4289 pra:
1192 4218 1373 4274 calore
1391 4234 1486 4288 per
1508 4220 1763 4288 baptiste-

167 4314 233 4368 rii
269 4312 640 4382 pavimentum
688 4302 981 4367 volutatur.
1027 4313 1232 4367 Orante
1263 4312 1420 4365 beato
1447 4311 1564 4365 viro
1592 4313 1642 4365 in
1676 4326 1762 4364 so.

170 4421 367 4476 porcm
419 4404 756 4459 convertitur
805 4413 861 4459 et
907 4403 1292 4474 aliquantulum
1344 4412 1465 4470 post
1510 4418 1758 4457 somnum

163 4495 464 4559 excitatus,
490 4493 558 4546 ab
591 4494 708 4563 ipso
737 4493 788 4546 in
820 4508 1036 4546 omnem
1087 4493 1510 4547 inctilumitatem
1553 4494 1760 4562 langui-

1791 3248 1839 3313 C

1870 2009 2104 2076 qualiter
2130 2010 2388 2064 sacerdos
2407 2009 2608 2064 Christi
2640 2012 2828 2066 solitus
2858 2022 2974 2066 erat
3000 2013 3067 2068 de
3095 2013 3226 2084 ipsis
3249 2031 3462 2085 quoque

1871 2102 2087 2170 regibus
2135 2104 2490 2173 triumphare.
2547 2103 2710 2174 Igitur
2760 2119 2883 2157 cum
2936 2105 3172 2174 glorioso
3225 2106 3462 2161 Clotario

1871 2193 1981 2261 regi
2009 2195 2340 2248 occurrisset
2366 2209 2430 2248 ex
2465 2194 2646 2256 solito,
2675 2209 2772 2248 nec
2803 2204 2981 2249 tamen
3011 2195 3080 2250 dc
3124 2207 3313 2251 sancto
3345 2200 3460 2252 v‘ro

1869 2293 2048 2339 stante
2077 2294 2199 2338 ante
2226 2283 2478 2353 palatium
2508 2287 2554 2340 ei
2589 2286 2745 2341 fuerit
2780 2289 3106 2352 nuntiatum,
3141 2303 3289 2344 mora
3315 2289 3450 2345 facta

1868 2385 1994 2430 ante
2036 2376 2381 2440 vestibulum,
2440 2392 2545 2430 non
2596 2389 3029 2446 reprazsentatus,
3067 2379 3191 2434 inde
3237 2380 3456 2434 domum

1878 2468 2190 2521 revertitur.
2222 2467 2467 2536 Sequens
2514 2484 2617 2521 nos
2653 2470 2702 2521 in
2735 2469 2973 2523 oratorio
3002 2468 3193 2540 vigiliis
3223 2471 3457 2538 ducitur,

1871 2573 1964 2613 rex
2002 2557 2191 2612 dolore
2234 2567 2394 2626 atque
2435 2557 2599 2614 febris
2643 2559 2982 2615 infestatione
3010 2571 3309 2632 torquetur.
3357 2564 3454 2618 Vix

1871 2651 2048 2717 primo
2092 2648 2330 2702 diluculo
2378 2647 2442 2700 ad
2488 2648 2706 2702 domum
2760 2649 3003 2703 ecclesia:
3054 2665 3083 2704 a
3149 2653 3458 2721 proceribus

1869 2747 2250 2801 concursatur;
2316 2753 2472 2806 paena
2511 2739 2651 2807 regis
2677 2739 2985 2806 experiitur,
3017 2751 3074 2795 ut
3122 2756 3218 2796 sua
3269 2743 3452 2797 visite—

1873 2830 2018 2885 tione
2041 2832 2182 2899 regis
2204 2831 2406 2885 doloris
2435 2833 2541 2886 vim
2574 2833 2807 2902 mitiget,
2836 2834 3126 2902 eptimates
3155 2835 3456 2904 deprecan-

1870 2933 1976 2974 tnr.
2025 2921 2143 2976 Mox
2187 2923 2323 2990 apud
2361 2923 2612 2991 pietatem
2654 2923 2862 2991 injuria:
2903 2938 3062 2977 eausa
3097 2927 3454 2995 postponitur,

1867 3015 1958 3083 qui
2008 3026 2133 3068 ante
2181 3029 2280 3068 nec
2326 3015 2691 3079 nuntiabatur,
2727 3015 2890 3069 intrat
2922 3015 3218 3070 honoratus
3267 3029 3322 3071 et
3361 3034 3449 3072 es-

1867 3115 2050 3159 oratus
2077 3105 2356 3174 palatium.
2391 3107 2504 3159 ltex
2537 3105 2620 3159 vix
2651 3107 2884 3175 assurgit
2913 3105 2980 3160 de
3012 3108 3229 3173 lectulo,
3255 3124 3453 3164 ctesum

1870 3212 1930 3251 se
1969 3198 2151 3252 divino
2179 3197 2394 3269 ﬂagello
2429 3202 2797 3268 conqueritur.
2843 3202 3102 3256 Allambit
3143 3207 3310 3258 sancti
3341 3211 3452 3275 pal-

1871 3289 2071 3353 liolum,
2113 3299 2319 3344 vestem
2368 3291 2664 3344 sacerdotis
2694 3292 2912 3347 deducit
2951 3309 3048 3362 per
3082 3295 3196 3350 loca
3226 3297 3449 3351 doloris.

1863 3382 2087 3448 Culpam
2117 3383 2398 3436 confessus
2432 3383 2697 3446 criminis,
2732 3400 2854 3438 mox
2898 3387 3054 3442 dolor
3079 3390 3253 3442 omnis
3300 3391 3448 3458 fuga-

1866 3480 1988 3536 tur;
2024 3472 2184 3541 idque
2220 3481 2399 3527 actum
2446 3483 2552 3540 est,
2586 3484 2643 3528 nt
2669 3476 2821 3543 cujus
2869 3477 3168 3532 incurrerat
3213 3481 3279 3533 de
3324 3497 3454 3534 ron-

1866 3572 2068 3634 temptu
2108 3565 2425 3630 periculum,
2457 3567 2684 3620 sentiret
2712 3576 2853 3622 tactu
2883 3570 3202 3625 remedium.

1934 3673 2024 3729 24.
2071 3673 2130 3730 ln
2161 3689 2297 3745 pago
2338 3675 2606 3733 Parisiaco
2646 3677 2957 3734 Vico-Novo
2993 3697 3078 3737 res
3107 3694 3254 3752 gesta
3285 3697 3364 3738 est
3405 3688 3447 3741 τ.

1863 3763 2086 3832 Quidam
2129 3765 2182 3819 in
2213 3767 2404 3821 eodem
2439 3767 2559 3822 loco
2592 3768 2790 3837 impetu
2837 3771 2942 3840 lupi
2977 3774 3146 3827 rabidi
3181 3774 3447 3830 laceratus

1863 3866 1918 3911 et
1938 3866 2090 3911 extra
2134 3872 2351 3913 sensum
2385 3859 2607 3913 effectus
2657 3860 2815 3915 beato
2842 3862 3104 3918 sacerdoti
3135 3863 3456 3921 miseranter

1862 3945 2075 4002 oblatus
2103 3957 2204 4002 est.
2231 3948 2328 4004 Hic
2358 3947 2424 4003 ad
2456 3949 2546 4003 illa
2574 3965 2686 4004 sua:
2708 3953 2837 4007 artis
2866 3969 3148 4012 recurrens
3177 3959 3454 4029 suffragia,

1863 4053 1986 4092 mox
2019 4040 2238 4096 brachio
2261 4041 2364 4095 olei
2396 4043 2663 4096 benedicti
2695 4044 2901 4114 liquore
2924 4047 3247 4116 circumlita,
3280 4061 3336 4106 et
3365 4068 3454 4106 sa-

1863 4133 1976 4187 cris
2018 4147 2084 4188 eo
2128 4134 2306 4202 digitis
2348 4136 2739 4189 medicabiliter
2782 4149 3096 4206 attrectato,
3145 4143 3310 4210 pestis
3367 4144 3453 4197 illa

1862 4237 1981 4291 qua!
2004 4224 2227 4287 viscera,
2260 4223 2447 4278 dolore
2473 4237 2773 4293 grassante,
2806 4242 3145 4297 pervaserat,
3181 4235 3292 4286 loca
3316 4234 3451 4306 fugit

1863 4313 2079 4367 obsessa
2107 4357 2122 4382 ,
2172 4323 2225 4367 et
2259 4315 2368 4382 jam
2395 4316 2673 4383 putredine
2706 4318 2936 4372 resoluta
2959 4360 2973 4382 ,
3005 4321 3190 4391 vigore
3221 4323 3451 4390 pristino

1863 4406 2129 4472 restituto,
2146 4406 2261 4458 sine
2285 4406 2624 4461 cunctatione
2649 4408 2793 4462 velut
2823 4419 3139 4478 experrecto
3161 4413 3227 4467 de
3257 4430 3448 4484 sopore

1864 4495 2018 4549 dolor
2045 4495 2291 4558 recessit,
2321 4510 2474 4549 mens
2503 4497 2681 4549 rediit.

162 4589 268 4684 dus
310 4585 664 4684 reformatur.
688 4585 995 4684 lnquisitus
1035 4602 1089 4684 ει-
1116 4587 1368 4684 pontiﬁce
1414 4603 1511 4684 cur
1553 4599 1756 4684 tantum
1788 4626 1840 4684 υ
2057 4587 2187 4641 Item
2217 4589 2282 4642 de
2308 4586 2423 4641 vico
2451 4596 2475 4633 8
2506 4588 2735 4642 Mantola
2762 4587 3014 4644 Waldnlﬁ
3038 4593 3314 4662 cujusdam
3346 4609 3443 4648 an-

161 4681 386 4734 locutus
413 4681 484 4732 sit
512 4679 577 4732 ad
626 4678 875 4747 injuriarn
905 4679 1222 4746 sacerdotis,
1262 4680 1540 4748 respondit
1583 4682 1753 4735 solum

159 4771 209 4823 ei
241 4768 449 4837 gratias
479 4767 744 4834 referens,
794 4768 926 4824 nihil
948 4784 1010 4825 se
1040 4769 1108 4825 de
1134 4771 1246 4825 suis
1274 4771 1453 4826 verbis
1482 4773 1752 4827 recordari

158 4858 446 4914 confessus
477 4869 581 4913 est.

229 4949 327 5004 22.
387 4951 928 5006 l’rzeccllentissimus
1003 4951 1376 5010 Childebertus
1460 4972 1551 5011 res
1632 4972 1754 5011 cum

230 5117 259 5145 ⁸
293 5106 400 5162 Alii
431 5105 752 5180 Spedenoto,
786 5106 1016 5180 Esyane,
1059 5110 1209 5162 vicus
1253 5125 1417 5178 prope
1449 5111 1752 5170 Mednntam

150 5189 424 5239 castrum,
459 5177 653 5241 Mante,
687 5177 872 5233 decem
909 5180 1077 5233 lettcis
1118 5180 1253 5232 infra
1302 5182 1561 5236 Lutetiam
1610 5187 1753 5239 Pari-

151 5253 371 5372 siorum
405 5262 515 5302 non
556 5249 712 5316 longe
753 5264 782 5302 a
822 5248 1126 5304 conﬂuente
1159 5251 1396 5306 Mandra:
1443 5253 1495 5307 in
1545 5256 1754 5326 Sequa-

151 5337 304 5372 nam.
364 5334 494 5372 DEI.

149 5337 304 5374 nam.
340 5334 494 5372 IDEII.

223 5390 394 5464 bAﬂiC
439 5389 580 5464 idem
614 5387 749 5443 forte
778 5391 973 5464 estqui
1025 5390 1120 5444 lib.
1171 5407 1239 5444 vn
1295 5392 1493 5448 llistor.
1534 5396 1748 5464 Franc.,

149 5481 215 5538 Ψ
254 5460 354 5538 27,
403 5477 432 5538 ξι
491 5460 748 5538 Gregorio
785 5463 1084 5538 appellatur
1131 5465 1297 5538 πίνον
1339 5466 1522 5518 domus
1564 5460 1755 5538 regiius

147 5533 480 5598 “ig/mntis,“
537 5531 735 5598 quique
790 5533 840 5600 in
910 5542 1086 5600 partes
1150 5534 1485 5588 Gnndovaldi
1558 5531 1752 5594 ibi-lem

145 5603 447 5724 trggnsiisse
491 5612 760 5656 narratur.
795 5599 1144 5658 llic'WadJo
1187 5607 1397 5659 occisus
1428 5618 1509 5661 est
1551 5613 1615 5662 ad
1663 5628 1750 5666 an.

145 5689 179 5724 υ
267 5711 281 5724 .

143 5674 281 5726 589.

226 5751 252 5780 ε
294 5741 345 5796 Δ
373 5740 644 5809 Gregorio
669 5740 992 5807 Turonensi,
1020 5742 1074 5796 in
1114 5745 1148 5797 I.
1183 5759 1257 5808 tv,
1286 5759 1337 5800 c.
1368 5746 1401 5800 τι
1430 5748 1748 5810 Cblotsimla

143 5826 410 5880 vocatur,
441 5811 670 5866 Clutorii
697 5815 836 5878 regis
868 5811 995 5877 ﬁlia,
1025 5828 1145 5881 qua:
1174 5819 1400 5870 Alboino
1431 5818 1741 5882 Lnngobir-

142 5886 347 5938 durum
380 5884 492 5952 regi
525 5893 718 5953 postea
751 5884 948 5954 nupsit.
997 5883 1079 5937 Ea
1113 5887 1214 5942 hoc
1259 5887 1374 5940 loco
1427 5892 1604 5946 videas
1660 5912 1744 5950 re-

1865 4679 2005 4746 cilla,
2038 4695 2211 4744 anno,
2244 4691 2296 4735 ct
2320 4696 2509 4735 novem
2540 4683 2836 4747 mensibus,
2871 4691 3015 4753 gravi
3047 4689 3286 4742 cst-citate
3314 4704 3449 4756 per-

1862 4787 2035 4836 cussa,
2072 4788 2165 4840 per
2193 4787 2438 4840 saporem
2469 4773 2740 4827 admonita
2768 4819 2783 4841 ,
2819 4785 2876 4828 ut
2906 4776 3166 4831 fimbriam
3198 4780 3370 4833 sant-ti
3397 4783 3449 4837 si

1864 4874 2143 4935 tangeret,
2191 4881 2311 4919 mox
2346 4864 2516 4918 visum
2560 4867 2856 4933 reciperet,
2891 4869 2977 4922 die
3006 4871 3233 4938 quadam
3264 4886 3450 4927 sacer-

1863 4957 1972 5011 doti
2015 4960 2282 5020 ncrurrit;
2331 4956 2426 5010 sed
2475 4957 2637 5010 multa
2671 4972 2828 5013 IIOClc
2855 4958 3182 5016 circumdata
3214 4965 3281 5016 ita
3311 4979 3444 5017 con-

1861 5134 1982 5188 gum
2027 5118 2354 5173 Francorum
2390 5117 2544 5181 ﬁlias,
2577 5118 2627 5170 in
2663 5126 2880 5185 paterna
2921 5119 3085 5175 domo
3128 5121 3305 5176 adhuc
3351 5124 3444 5178 de-

1861 5199 2071 5261 gentes,
2107 5191 2627 5261 reginasappetlari.
2672 5192 2843 5243 MABIL

1933 5259 1958 5298 ἀ
1985 5265 2061 5312 An
2097 5261 2180 5312 hic
2215 5259 2397 5330 Velius
2429 5269 2510 5312 est
2544 5260 2640 5330 ille,
2667 5265 2923 5324 patricius
2951 5262 3041 5328 qui
3069 5261 3219 5330 jussu
3253 5262 3442 5317 Brnni-

1861 5333 2051 5388 childis
2072 5331 2280 5384 occi~us
2302 5329 2810 5385 referturianron.
2835 5329 3449 5401 Fredeg.scbol.,n.29t

1937 5412 1960 5438 ο
1996 5404 2047 5454 Id
2076 5411 2186 5462 est,
2217 5402 2346 5455 febri
2381 5402 2667 5468 periodica.

1937 5471 1955 5509 ί
1993 5471 2122 5525 Vide
2149 5474 2281 5524 infra
2314 5487 2460 5524 num.
2492 5472 2584 5524 40.

1934 5552 1959 5592 s
2008 5549 2086 5596 An
2136 5555 2366 5596 castrum
2421 5544 2666 5596 Medunta
2715 5541 2832 5596 aliis
2878 5542 3246 5610 appellatum?
3285 5544 3439 5600 Certe

1863 5616 2206 5671 vernaCulum
2236 5627 2428 5667 nomen
2463 5613 2639 5666 Mante
2679 5615 2809 5666 satis
2853 5615 3077 5667 acc-edit.
3109 5615 3238 5670 Vide
3258 5630 3442 5682 supra,

1865 5705 1918 5742 n.
1971 5688 2055 5738 13.
2105 5684 2253 5737 Iesu.
2297 5713 2366 5724 —
2397 5684 2624 5737 Mantma
2653 5723 2668 5747 ,
2710 5685 2868 5752 vulgo
2916 5683 3111 5748 luule,
3171 5687 3235 5740 it)
3283 5686 3448 5740 lencis

1862 5764 2010 5812 abest
2036 5756 2105 5810 ab
2146 5755 2310 5818 urbe;
2343 5771 2446 5808 non
2479 5766 2656 5808 autem
2689 5754 2918 5808 vicinum
2952 5758 3145 5811 ibidem
3189 5758 3443 5824 oppidum

1867 5829 2039 5883 Mante
2062 5868 2074 5887 ,
2107 5827 2226 5879 aliis
2254 5825 2501 5879 Meditata
2533 5830 2582 5879 in
2612 5823 2819 5880 Vesino
2851 5825 3105 5882 Francico
3144 5830 3209 5881 ad
3231 5823 3444 5896 Sequa-

1867 5917 2008 5956 nam.
2036 5901 2300 5953 Bonane.
