4192 6542
689 419 798 476 Αὖὸ

1407 408 1723 467 ὶἘᾸΛΝΙῚΙ
1767 405 1928 459 llUN.
1962 403 2166 457 CLE“.
2212 394 2484 452 FORTUN
2505 394 2601 449 ΠΙ
2643 391 2931 447 υΡΕΙιυλί
2967 389 3140 446 PARS
3171 390 3233 446 ﬂ.

3872 385 3983 443 ιοι

696 540 895 600 armis
926 533 1236 595 ιιιηιίυίιιυς,
1262 539 1320 584 ιιι
1347 525 1488 582 unde
1517 527 1698 579 oleum
1731 520 2068 576 benedictum
2091 517 2278 585 injice-
2308 516 2359 573 Α
2388 509 2831 580 Augustudunum
2863 506 3124 560 voluisset
3161 502 3418 559 accedere
3441 540 3456 567 ,
3491 517 3615 558 mox
3641 499 3711 556 ad
3737 512 3985 557 sanctum

697 648 817 701 ret,
851 628 1064 687 luminis
1106 625 1304 679 aditum
1350 634 1455 673 non
1501 623 1797 686 prmstaret.
1830 611 2034 666 Tamen
2076 622 2281 678 perun-

697 730 799 786 etis
830 721 1094 795 palpebris
1124 718 1355 783 desuper
1385 722 1440 765 et
1489 710 1618 762 locis
1648 705 1866 771 reliquis
1906 701 2098 771 capitis
2123 738 2139 764 ,
2168 711 2287 795 ora-

699 787 846 876 tione
880 787 1000 869 data
1031 852 1047 875 ,
1102 822 1239 878 pane
1271 816 1325 858 et
1354 802 1467 856 sale
1509 801 1718 869 signato
1743 836 1759 860 ,
1792 794 2000 847 mulieri
2033 787 2288 859 praecepit

698 911 767 966 ad
817 905 1146 961 mansionem
1193 912 1253 952 se
1298 896 1551 949 COIIIlef'e.
1590 890 1703 956 Ipse
1743 902 1772 939 a
1817 886 1992 952 primo
2020 895 2207 936 somno
2235 879 2287 933 in

702 998 940 1058 oratorio
975 989 1245 1063 pervigil,
1281 988 1422 1040 circa
1464 980 1694 1034 medium
1737 976 1909 1032 noctis
1955 972 2151 1028 mulier
2180 972 2289 1026 cla—

702 1100 813 1147 mat
853 1087 1119 1156 hospitem
1147 1123 1163 1146 ,
1194 1095 1252 1134 se
1281 1081 1580 1146 lacrymare
1620 1070 1855 1140 profuse.
1889 1067 2026 1121 Tum
2055 1077 2291 1119 accenso

702 1179 907 1235 lumine
931 1153 997 1229 ab
1038 1169 1313 1225 oculorum
1344 1176 1602 1231 compage
1627 1160 1799 1215 cernit
1827 1170 2045 1211 manare
2077 1153 2292 1221 sangui-

708 1287 853 1327 nem.
885 1271 1014 1333 Qore
1038 1276 1158 1318 cum
1190 1258 1380 1315 eodem
1412 1268 1605 1309 cruore
1648 1266 1803 1304 tuane
1833 1248 1899 1302 ad
1924 1256 2171 1300 sanctum
2202 1257 2292 1297 re—

706 1364 827 1426 diit,
850 1359 942 1414 sed
973 1359 1089 1425 ipse
1110 1367 1231 1408 cum
1259 1364 1394 1419 aqua
1426 1344 1711 1414 palpebras
1740 1342 1924 1395 fovens
1950 1348 2001 1392 et
2032 1338 2254 1392 abluens
2276 1374 2292 1400 ,

709 1449 1047 1507 orationibus
1078 1443 1272 1499 additis
1292 1482 1307 1504 ,
1340 1437 1525 1493 oculus
1551 1448 1689 1488 unus
1712 1442 1930 1503 apertus
1953 1440 2069 1494 est;
2100 1427 2293 1482 deinde

711 1545 886 1600 altero
934 1546 1192 1608 pernocto
1236 1533 1430 1585 mulier
1477 1527 1696 1581 domum
1742 1526 2055 1580 revertitur.
2092 1521 2295 1575 Dehinc

711 1638 901 1692 eadem
932 1636 1032 1687 sub
1076 1637 1233 1682 nocte
1264 1623 1487 1679 nimium
1529 1620 1645 1674 fuso
1674 1620 1928 1686 sanguine
1951 1658 1967 1681 ,
2008 1616 2297 1684 appropin-

711 1740 913 1797 quame
957 1724 1045 1776 die
1072 1761 1087 1785 ,
1136 1716 1401 1773 sacerdoti
1445 1728 1506 1766 se
1534 1711 1747 1765 obtulit.
1777 1709 1876 1773 Qui
1906 1724 2026 1762 cum
2058 1707 2125 1761 de
2158 1707 2296 1773 regis

717 1832 943 1875 occursu
971 1815 1186 1869 domum
1213 1815 1595 1869 reverteretur,
1629 1804 1898 1872 ingressus
1926 1801 1977 1853 in
2003 1798 2292 1853 oratorium

2390 604 2838 679 Symphorianum
2881 604 3155 657 dzemoues
3182 601 3515 655 nuntiabant.
3548 601 3616 654 Et
3640 611 3991 656 occurrentes

2393 715 2487 768 per
2514 698 2810 751 Mnrvtnuut
2844 694 2972 748 ﬂetu
2995 696 3302 762 gemituque
3324 690 3663 744 clamabant:
3693 708 3712 741 ι
3745 688 3837 743 Vir
3861 705 3991 744 san-

2390 802 2476 843 cte
2497 831 2510 851 ,
2561 789 2605 841 si
2635 787 2703 841 de
2735 786 2867 839 locis
2898 785 3055 839 cultis
3088 798 3186 837 nos
3233 783 3700 837 inconsideranter
3741 782 3988 850 repellis,

2394 882 2472 934 vel
2503 880 2741 932 habitare
2784 877 3019 932 concede
3064 876 3319 930 silvarum
3368 892 3462 942 per
3496 876 3848 930 solitudinem
3880 915 3897 939 ,
3931 885 3993 928 ut

2393 972 2548 1025 liceat
2574 970 2781 1025 miseris
2810 982 2907 1037 per
2948 970 3160 1022 de-erta
3199 982 3423 1022 securos
3449 982 3654 1021 errare.
3692 970 3833 1021 Ante
3866 978 3993 1021 tuos

2392 1066 2575 1117 oculos
2604 1075 2701 1113 nec
2729 1073 2957 1126 corpora
2978 1071 3076 1111 nos
3096 1058 3292 1121 celant,
3327 1072 3424 1112 nec
3448 1073 3725 1110 nemora.)
3756 1056 3857 1123 Qui
3889 1056 3990 1110 de-

2396 1152 2585 1206 flentes
2610 1160 2663 1203 et
2689 1150 2859 1203 sancti
2890 1164 2993 1201 non
3026 1148 3322 1203 tolerantes
3359 1147 3701 1217 prmscntiam
3721 1188 3738 1212 ,
3772 1147 3991 1199 admota

2395 1244 2508 1310 ejus
2534 1242 2742 1303 dextra,
2767 1244 2831 1294 de
2864 1240 3101 1294 obsessis
3122 1239 3440 1308 corporibus
3472 1238 3669 1307 passim
3699 1238 3996 1291 vertebano

2398 1344 2481 1387 tur
2512 1336 2563 1386 iu
2593 1336 2764 1401 fugam
2791 1371 2804 1394 ,
2842 1332 2982 1386 etde
3024 1336 3195 1386 salute
3221 1331 3400 1401 populi
3433 1330 3671 1400 proiecta
3714 1329 3991 1384 daemonia

2400 1426 2844 1480 lamentabantur.

2471 1518 2559 1571 50.
2592 1518 2918 1571 Producatur
2950 1516 3002 1569 in
3027 1515 3258 1569 medium
3284 1513 3462 1569 nobile
3490 1512 3622 1568 illud
3646 1512 3991 1566 miraculum.

2399 1609 2532 1663 Cum
2564 1608 2936 1679 regrederetur
2966 1607 3212 1677 pontifex
3244 1608 3311 1660 de
3340 1616 3527 1658 sancto
3566 1605 3999 1675 Symphotiano,

2401 1705 2617 1755 castello
2646 1704 2903 1756 Avalloue
2936 1712 2958 1739 ε
2994 1702 3094 1755 iter
3115 1715 3279 1769 agens
3311 1700 3626 1767 ingreditur,
3661 1699 3751 1750 ubi
3781 1712 3998 1751 reorum

2404 1796 2687 1848 multitudo
2719 1797 2998 1847 tenebatur
3021 1794 3308 1861 ergastulo.
3350 1792 3482 1843 llinc
3511 1804 3541 1841 a
3574 1789 3789 1841 Nicasio
3818 1789 4002 1841 conti-

714 1910 895 1964 statim
941 1904 1153 1960 mulieri
1203 1900 1337 1953 alter
1380 1897 1567 1949 oculus
1595 1898 1830 1962 aperitur
1854 1931 1870 1954 ,
1902 1902 1977 1953 et,
2020 1897 2301 1957 praestante
2339 1876 2377 1935 Β
2409 1895 2458 1938 te
2497 1885 2747 1937 invitatus
2777 1885 2843 1938 ad
2876 1884 3176 1950 prandium,
3229 1883 3309 1933 vir
3352 1881 3445 1934 Dei
3486 1880 3650 1947 cmpit
3679 1880 3746 1933 de
3779 1880 3999 1932 miseri.

718 2000 968 2061 Domino,
1002 1993 1232 2065 gemello
1261 2006 1318 2043 se
1333 1987 1515 2041 videre
1541 1984 1740 2038 lumine
1773 1982 2085 2045 gratulatur.

787 2091 880 2145 ‘26.
914 2082 1256 2156 Magnofledis
1280 2080 1411 2151 [Al.,
1439 2073 1801 2144 liannoslidis]
1831 2074 2003 2142 puella
2032 2087 2152 2125 cum
2186 2071 2303 2124 tali-

718 2183 819 2238 bus
848 2181 1067 2246 decepta
1100 2176 1408 2229 illudcretur
1440 2170 1646 2225 insidiis
1670 2210 1684 2233 ,
1715 2178 1771 2221 ut
1794 2166 2006 2235 quoties
2036 2164 2101 2217 ad
2132 2168 2306 2218 cccle-

718 2279 855 2333 siam
887 2273 1138 2327 voluisset
1162 2267 1439 2327 accedere,
1468 2276 1711 2333 gressum
1738 2260 1915 2312 facere
1946 2272 2050 2309 non
2076 2256 2305 2317 valeret,

721 2386 883 2425 servo
910 2366 1002 2420 Dei
1029 2364 1081 2417 iu
1106 2360 1225 2413 villa
1255 2360 1454 2411 Savara
1481 2364 1506 2390 ³
1531 2361 1850 2421 prmsentata
1878 2358 1980 2403 cst.
2013 2344 2305 2400 Confestim

723 2469 787 2514 ιιι
813 2456 983 2511 sancti
1028 2466 1215 2507 manus
1238 2463 1399 2515 super
1421 2454 1580 2512 caput
1613 2443 1802 2509 puella:
1833 2439 2109 2493 titubantis
2140 2437 2309 2501 impo-

724 2552 867 2606 nitur
894 2587 910 2613 ,
940 2546 1029 2599 tali
1062 2539 1473 2610 investigatione
1498 2535 1737 2589 occultus
1763 2536 1957 2599 hospes
1982 2530 2091 2601 [ΑΙ.
2120 2524 2311 2594 hostis]

727 2638 993 2706 detegitur
1016 2676 1031 2698 ,
1059 2644 1114 2687 et
1133 2647 1193 2686 se
1220 2629 1310 2683 diu
1339 2626 1558 2683 latuisse
1583 2624 1751 2677 multo
1781 2621 1979 2687 gemitu
2004 2618 2310 2679 confitetur,

730 2744 831 2784 nec
861 2731 911 2780 in
941 2726 1080 2778 beati
1112 2720 1398 2792 prxsentia
1429 2718 1625 2771 clamat
1653 2712 1868 2781 proprio
1895 2726 1951 2763 se
1987 2722 2143 2777 posse
2172 2707 2313 2760 cela—

731 2835 790 2873 re
838 2816 1125 2887 prtestigio.
1175 2814 1312 2880 Ergo
1351 2811 1421 2862 ita
1473 2824 1531 2861 se
1578 2806 1842 2872 proditum
1882 2812 1934 2856 et
1972 2814 2310 2869 cgressurum

729 2912 882 2979 gravi
910 2909 1099 2961 ardore
1146 2900 1513 2971 conqueritur.
1570 2897 1782 2949 Interim
1816 2909 1921 2947 non
1952 2900 2198 2946 cessante
2226 2904 2314 2944 sa-

731 3000 950 3055 cerdote
976 3012 1132 3049 manu
1160 2996 1336 3047 crucis
1364 2992 1576 3058 signum
1602 2987 1910 3054 depingere,
1953 2980 2316 3049 exepectanti-

739 3094 837 3145 bus
864 3088 1110 3143 omnibus
1157 3085 1207 3137 in
1260 3097 1458 3136 musca)
1489 3077 1890 3131 similitudinem
1938 3087 2315 3142 prorumpens,

737 3198 861 3237 cum
889 3180 1146 3246 sanguine
1177 3180 1241 3228 de
1271 3174 1486 3228 naribus
1516 3170 1756 3223 mulieris
1787 3166 2037 3219 inimicus
2066 3176 2317 3233 egressus

740 3284 845 3330 est.
868 3274 1038 3339 Quam
1062 3267 1272 3323 sanitati
1296 3264 1615 3326 restitutam,
1649 3257 1946 3313 monachali
1981 3266 2124 3309 veste
2152 3264 2324 3307 muta-

741 3376 851 3419 tam
878 3403 894 3429 ,
928 3362 1019 3416 Dei
1059 3359 1279 3414 servitio
1306 3355 1551 3409 traditam
1579 3351 1659 3405 bis
1682 3349 2007 3417 triumphare
2035 3346 2157 3399 fecit
2182 3383 2197 3407 ,
2231 3342 2325 3397 lto-

737 3464 823 3511 ste
845 3455 984 3507 victo
1006 3450 1090 3504 vel
1120 3446 1340 3501 smculo.

810 3546 904 3599 27.
955 3541 1091 3609 Quid
1133 3538 1263 3593 illud
1310 3534 1450 3604 quod
1500 3533 1618 3585 sine
1663 3544 1811 3583 mora
1864 3526 2067 3581 curavit
2098 3526 2324 3580 debilem

744 3634 1065 3693 dexteram?
1097 3633 1231 3686 Cum
1260 3631 1324 3682 ad
1356 3626 1695 3681 festivitatem
1718 3622 1886 3674 sancti
1919 3620 2126 3673 Martini
2158 3619 2327 3672 Turo-

744 3734 830 3787 nis
858 3744 920 3783 ac
952 3728 1172 3782 essisset
1199 3764 1214 3789 ,
1244 3734 1462 3791 egresso
1490 3719 1557 3772 de
1588 3714 1911 3769 monasterio
1943 3711 2097 3765 oﬂert
2122 3726 2179 3764 se
2212 3726 2325 3763 mu-

750 3824 850 3877 lier
878 3819 1126 3877 barbara,
1159 3828 1318 3867 manu
1344 3810 1522 3864 nervis
1542 3816 1837 3869 contracta,
1862 3805 2135 3872 postulans
2162 3800 2329 3855 medi-

748 3913 947 3968 cinam.
979 3908 1149 3974 Quam
1192 3904 1292 3958 sub
1315 3901 1493 3955 casula
1517 3907 1783 3965 receptam
1816 3909 1914 3949 suo
1939 3906 2096 3963 sputo
2124 3894 2329 3959 illitam,

750 4001 899 4056 velut
927 4011 1174 4067 sparsum
1227 3991 1414 4045 farinae
1455 3989 1739 4042 collecmm
1788 3992 2165 4039 commacerat.
2201 3984 2334 4037 Hinc

761 4089 1051 4147 resudante
1074 4088 1293 4140 dextera
1317 4082 1509 4149 digitos
1533 4079 1701 4133 tendit
1722 4086 1771 4131 et
1795 4078 2036 4147 replicat,
2068 4087 2333 4143 torporem

752 4187 1048 4235 veteratum
1101 4175 1167 4228 ad
1196 4171 1538 4226 vivacitatem
1585 4166 1883 4222 resuscitat.
1940 4165 2003 4219 Et
2029 4168 2333 4233 priusquam

755 4273 959 4327 veniret
982 4268 1047 4322 ad
1074 4265 1213 4321 beati
1236 4260 1446 4318 Martini
1466 4261 1702 4327 ianuam,
1728 4257 1903 4325 digitis
1928 4258 2037 4310 suis
2057 4266 2335 4310 extensam

757 4360 984 4416 reddidit
1020 4356 1339 4411 incolumem
1380 4352 1676 4406 dexteram.
1728 4350 1895 4413 Quam
1949 4362 2068 4400 mox
2106 4348 2337 4401 sentiens

756 4466 877 4507 esse
904 4451 1187 4512 directam,
1214 4444 1493 4499 mulierem
1523 4456 1552 4494 a
1580 4454 1639 4495 se
1665 4437 1691 4477 δ
1720 4441 1966 4507 repulsus
1988 4446 2067 4491 est
2092 4478 2108 4503 ,
2137 4438 2341 4505 ingres-

758 4557 854 4599 sus
875 4539 1167 4594 basilicam.

829 4629 921 4683 28.
948 4626 1149 4680 Deinde
1190 4622 1495 4693 cgrediente
1517 4620 1583 4673 de
1606 4619 1854 4689 prmdicta
1878 4615 2112 4680 basilica,
2138 4630 2257 4670 cum
2281 4631 2337 4669 se

760 4721 826 4775 ad
858 4717 1186 4773 mansionem
1217 4725 1407 4769 servus
1440 4710 1532 4765 Dei
1564 4708 1856 4777 reciperet,
1887 4707 2043 4761 offert
2071 4721 2127 4759 se
2156 4719 2339 4759 manca

764 4815 929 4868 altera
958 4811 1130 4879 palma
1153 4807 1331 4876 digitis
1352 4805 1535 4869 affixa,
1566 4818 1684 4871 qua:
1709 4803 1853 4869 prius
1888 4809 2022 4852 tacta
2055 4800 2120 4851 de
2149 4799 2338 4861 saliva,

761 4905 959 4958 dehinc
988 4901 1107 4956 oleo
1139 4905 1396 4968 peruncta
1420 4936 1436 4960 ,
1475 4894 1715 4964 pristina:
1742 4893 1953 4947 sanitati
1994 4890 2061 4943 de
2095 4889 2341 4958 prmsenti

764 5006 848 5053 est
870 4997 1091 5053 reddita.
1135 4994 1267 5047 Nam
1299 5001 1487 5044 causas
1519 4987 1839 5042 infirmitatis
1868 4988 1969 5040 hoc
2009 4996 2124 5039 erat
2161 4996 2344 5037 sancto

768 5088 885 5144 viro
910 5102 1115 5150 curare,
1145 5082 1285 5153 quod
1316 5091 1552 5149 tangere.

838 5181 931 5235 29.
965 5180 1092 5239 Erat
1138 5189 1269 5230 sane
1311 5173 1556 5229 mirabile
1582 5211 1597 5237 ,
1646 5169 1851 5239 quoties
1899 5165 2122 5218 famulus
2158 5164 2247 5217 Dei
2279 5164 2344 5215 ad

844 5323 867 5349 ι
899 5312 1119 5373 Savara,
1155 5307 1331 5368 Seure,
1360 5304 1562 5357 duabus
1589 5301 1752 5373 leucis
1776 5299 1909 5373 infra
1940 5298 2191 5361 Partsms,
2228 5309 2350 5363 pro-

776 5398 840 5452 pe
872 5370 1142 5434 Meudonis
1163 5378 1474 5452 castellum,
1508 5372 1751 5427 Meudon.
1777 5370 1968 5424 MABIL.

849 5453 872 5489 δ
902 5452 1001 5503 Pro
1028 5450 1232 5517 repulit.

850 5534 872 5560 ε
904 5522 1094 5584 Supra,
1134 5519 1269 5571 ".1.
1404 5584 1409 5585 γ
1650 5581 1694 5585 __
1778 5580 1787 5585 Α
1894 5579 1905 5585 _
1962 5576 1983 5585 _
2225 5574 2236 5585 .

849 5591 872 5629 δ
910 5576 1058 5643 Baete
1081 5576 1170 5641 seu
1199 5588 1369 5638 bacca:
1402 5584 1553 5641 lauri.
1582 5579 1930 5649 veljuniperi,
1960 5576 2158 5649 fructus
2180 5576 2347 5649 ;_item

781 5674 1035 5731 gemmas,
1068 5668 1121 5712 et
1150 5668 1473 5709 mortuorum
1501 5646 1752 5731 capulum
1771 5652 2051 5716 signiﬁcat,
2084 5646 2167 5698 hic
2202 5647 2347 5698 inso-

784 5722 873 5783 lito
901 5729 1110 5797 quidem
1136 5737 1440 5797 catenarum
1467 5722 1889 5797 anllllltts._IDE.\l.

852 5786 1073 5851 Sa'ttt'tus
1120 5799 1279 5864 Greg.
1325 5796 1451 5864 'l‘ittr.
1503 5797 1658 5845 etiam
1716 5791 1872 5864 haras
1900 5787 2085 5839 eodem
2136 5786 2350 5836 adhibet

786 5875 835 5927 in
869 5885 1046 5927 sensu,
1079 5883 1181 5922 ouo
1230 5860 1317 5918 llic
1363 5863 1678 5917 Fortunatus
1711 5860 1949 5913 eamdem
1985 5872 2164 5907 vocem
2199 5872 2321 5907 usur

2368 4578 2419 4639 D

2409 1975 2589 2027 cordia
2625 1974 2821 2026 hab-re
2845 1972 3190 2041 colloquium,
3217 1982 3273 2025 ut
3298 1971 3437 2025 datis
3482 1971 3898 2039 ﬁdejussoribus
3926 1973 4008 2024 la-

2410 2079 2659 2122 xaretuur
2689 2068 2755 2119 de
2784 2066 3025 2129 vinculo,
3050 2074 3105 2117 et
3128 2074 3332 2131 partem
3370 2066 3544 2132 cu'pa:
3570 2062 3792 2117 cederet
3823 2063 4003 2130 pieta-

2412 2163 2477 2215 tis
2508 2162 2722 2214 intuitu.
2754 2159 2904 2226 Quod
2929 2161 3017 2214 illc
3048 2160 3223 2212 facere
3251 2157 3460 2210 distul.t
3488 2157 3756 2210 obstinato
3784 2158 4004 2225 spiritu.

2414 2251 2566 2307 Unde
2614 2260 2900 2318 antequam
2934 2249 3335 2318 perpranderet,
3369 2262 3425 2300 se
3452 2248 3522 2302 de
3575 2264 3757 2301 mensa
3785 2260 4009 2302 sanctus

2413 2342 2697 2411 proripuit,
2734 2353 2785 2394 et
2818 2340 3023 2394 carceri
3054 2340 3403 2392 subterraneo
3429 2338 3768 2406 superjectus
3798 2338 4007 2392 diutius

2411 2433 2581 2486 cratit
2609 2447 2728 2485 cum
2764 2430 2914 2495 fletu,
2945 2439 3002 2483 ut
3023 2430 3206 2483 divino
3243 2429 3577 2483 conferretur
3603 2429 3826 2493 auxilio,
3854 2431 4003 2497 quod

2412 2540 2441 2578 a
2472 2524 2746 2589 temporali
2796 2522 2975 2591 judice
3016 2537 3120 2575 non
3151 2532 3296 2575 esset
3345 2523 3646 2576 obtentum.
3696 2521 3785 2576 Sic
3814 2536 4011 2575 cursus

2414 2619 2503 2672 ille
2526 2618 2880 2685 lacrymarum
2914 2631 3008 2683 per
3036 2629 3159 2669 aera
3190 2617 3359 2684 surgit
3389 2616 3440 2669 in
3472 2615 3759 2679 erelom,et
3775 2616 4013 2683 gemitus

2416 2707 2653 2777 pervenit
2705 2708 2771 2759 ad
2831 2715 3031 2758 votum.
3091 2705 3271 2773 Itaque
3330 2706 3615 2772 deputatur
3666 2707 3892 2772 angelus
3942 2706 4009 2758 ad

2414 2799 2677 2853 effectum.
2737 2795 2936 2849 Dehinc
2958 2796 3035 2849 vir
3061 2794 3382 2849 venerabilis
3404 2810 3553 2863 spem
3583 2798 3907 2863 promittens
3930 2798 4015 2850 in-

2422 2892 2596 2943 clusos
2643 2889 2905 2941 hortatur.
2948 2888 3054 2940 Nec
3100 2885 3273 2955 perdit
3318 2901 3497 2939 sermo
3546 2887 3684 2955 quod
3722 2886 4011 2955 loquitur:

2417 2979 2577 3034 Fides
2605 2988 2768 3045 gestis
2806 2977 3076 3043 impletur.
3113 2976 3191 3030 Eo
3240 2976 3572 3040 discedente,
3630 2992 3755 3029 mox
3784 2988 4016 3031 catena-

2419 3090 2533 3127 rum
2605 3073 2751 3125 bacm
2780 3068 2806 3107 ά
2844 3071 3179 3138 franguntur,
3222 3072 3410 3125 vincta:
3448 3071 3628 3139 ianuae
3676 3082 4015 3134 reserantur,

2425 3163 2539 3215 dies
2579 3178 2631 3214 tn
2662 3177 2931 3215 carcerem
2961 3162 3253 3223 reducitur,
3283 3161 3519 3215 damnati
3568 3161 3637 3215 de
3690 3162 3932 3216 tenebris
3963 3164 4019 3215 in

2351 3220 2396 3282 (ἶ
2431 3254 2600 3307 lucem
2628 3251 2942 3319 procedunt,
2975 3266 3071 3304 ncc
3100 3251 3302 3304 diutius
3351 3265 3507 3318 pinna
3535 3251 3705 3305 tenuit
3730 3266 3871 3321 quos
3902 3261 4020 3306 tor-

2426 3358 2633 3415 queret.
2674 3348 2765 3398 Sic
2817 3344 3009 3413 errpti,
3066 3341 3301 3397 Parisios
3331 3353 3622 3397 occurrunt
3652 3343 3893 3411 pontifici
3927 3345 4021 3412 qui

2428 3438 2860 3506 periclitabantur
2900 3434 3112 3487 inclusi.
3145 3433 3254 3487 Sed
3303 3444 3360 3486 ut
3407 3432 3763 3501 culpabilibus
3811 3434 4022 3503 aliquid

2430 3529 2547 3596 plus
2584 3526 2871 3588 cunferret,
2900 3541 2929 3578 a
2952 3540 3077 3593 rege
3097 3524 3353 3593 quidquid
3376 3525 3505 3579 fisco
3531 3540 3625 3593 pro
3658 3525 3741 3578 bis
3770 3526 4024 3580 debeba-

2434 3630 2521 3672 tur
2549 3617 2800 3671 obtinuit.

2501 3706 2589 3761 5|.
2626 3707 2827 3761 Dehinc
2854 3704 2919 3759 ad
2949 3715 3193 3759 sanctum
3222 3705 3391 3760 virum
3422 3704 3667 3759 Nicasius
3699 3718 3822 3758 cum
3854 3706 4027 3760 vellet

2432 3811 2739 3859 occurrere,
2772 3808 2826 3850 et
2854 3795 2966 3865 jam
2998 3805 3350 3865 praesentatus
3380 3810 3506 3849 mox
3534 3796 3858 3864 gravissimo
3892 3812 4027 3851 casu

2436 3894 2486 3945 in
2519 3900 2661 3944 terra
2695 3899 2995 3957 prostratus
3023 3897 3107 3941 est
3133 3896 3191 3941 et
3220 3901 3356 3955 pene
3385 3887 3635 3941 omnibus
3665 3886 3857 3940 salutis
3920 3886 4030 3941 de-

2435 3985 2621 4036 stituto
2643 3981 2866 4047 solatiis,
2902 3980 3020 4047 ipso
3041 3988 3228 4032 sancto
3259 3977 3647 4039 intercedente,
3691 3977 3904 4031 homini
3928 3979 4029 4032 de-

2436 4079 2648 4139 sperato
2678 4068 2849 4123 virtus
2877 4079 2933 4122 et
2956 4081 3146 4123 sensus
3180 4081 3456 4135 regressus
3481 4076 3585 4120 est.
3610 4067 3731 4119 Mox
3762 4068 4033 4131 balteum,

2438 4178 2543 4229 quo
2572 4160 2883 4229 cingebatur
2920 4168 2975 4213 et
3018 4166 3225 4226 spatam
3282 4171 3380 4225 pro
3434 4172 3662 4210 munere
3694 4157 3854 4211 beato
3890 4156 4033 4213 Ger-

2440 4270 2596 4309 mano
2624 4252 2970 4316 contradidit,
3020 4252 3162 4319 quod
3190 4254 3305 4320 ipse
3330 4266 3514 4305 comes
3544 4251 3672 4305 dato
3695 4253 3875 4319 pretio
3908 4264 4034 4322 post

2442 4346 2685 4401 redemit.
2730 4344 2783 4398 Id
2824 4356 2999 4397 actum
3044 4353 3149 4407 est,
3188 4352 3245 4395 ut
3287 4342 3430 4412 quod
3478 4344 3628 4410 prius
3673 4344 4033 4399 incarceratis

2443 4439 2740 4492 concedere
2762 4436 2990 4499 distulit,
3024 4435 3111 4489 hic
3138 4436 3409 4503 duplicato
3437 4436 3621 4489 fenore
3639 4436 3853 4490 debitor
3882 4453 4036 4491 com-

2446 4540 2710 4601 pensaret,
2743 4539 2796 4584 et
2844 4540 2998 4583 aucta
3044 4528 3171 4581 dote
3219 4528 3411 4581 damna
3436 4527 3684 4590 sarciret,
3734 4528 3885 4595 prius
3938 4546 4035 4598 pro

2444 4623 2521 4675 eis
2544 4621 2813 4682 differens,
2857 4628 2975 4687 post
3003 4629 3059 4674 et
3109 4634 3170 4674 se
3200 4621 3371 4686 ipsum
3434 4618 3726 4672 redimens.
3758 4622 3905 4674 Ante
3930 4636 4037 4675 non

2443 4714 2547 4768 illis
2578 4716 2711 4779 pius,
2756 4712 2913 4765 modo
2940 4722 2993 4766 et
3024 4712 3091 4765 de
3120 4727 3180 4764 se
3211 4712 3468 4779 trepidus,
3512 4710 3701 4766 didicit
3730 4726 3864 4767 casu
3902 4730 4030 4784 pro-

2444 4804 2560 4874 prio
2589 4805 2841 4856 azruinnis
2888 4816 3203 4854 succurrere
3232 4801 3442 4854 alienis.

2515 4894 2603 4949 3'2.
2648 4893 2875 4947 Prorsus
2917 4893 3042 4945 illud
3099 4892 3333 4960 stuporis
3378 4898 3653 4945 retexatur
3703 4891 3756 4944 in
3819 4893 4037 4961 pagina.

2452 4985 2620 5037 Eonte
2646 4994 2829 5037 Sancto
2878 4984 2995 5035 viro
3043 4982 3108 5034 ad
3166 4984 3303 5034 beati
3352 4984 3604 5051 martyris
3652 4982 4040 5050 Symphoriani

2444 5091 2741 5135 occursum,
2775 5076 2900 5127 dum
2927 5074 2994 5127 de
3020 5075 3134 5127 vico
3162 5076 3183 5103 °
3207 5073 3517 5127 Cervedone
3542 5074 3593 5125 in
3621 5074 3867 5126 Murvino
3905 5090 4034 5143 pro-

2448 5167 2706 5236 greditur,
2746 5166 3071 5218 habitatores
3102 5165 3200 5217 loci
3233 5176 3579 5219 occurrentes
3624 5176 3944 5233 suggerunt,
3986 5178 4043 5221 ut

2451 5308 2557 5366 pat,
2604 5298 2684 5349 his
2702 5297 2875 5349 verbis
2918 5296 3007 5348 lib.
3037 5296 3139 5349 ide
3170 5296 3281 5347 Mir.
3309 5306 3475 5349 sancti
3521 5295 3751 5350 Martini.
3777 5310 3899 5362 cap.
3939 5296 4039 5348 25:

2455 5371 2638 5420 Umncs
2675 5370 2837 5418 bacae
2864 5378 3154 5418 catenarum
3177 5371 3451 5433 confracta:
3492 5368 3795 5419 reciderunt.
3856 5367 4043 5419 Baccae

2455 5442 2625 5502 itaque
2648 5439 2833 5490 eodem
2864 5437 2914 5488 iu
2937 5452 3095 5488 sensu
3121 5449 3461 5503 usurpautur,
3485 5452 3547 5489 ac
3571 5439 3709 5507 boja,
3739 5439 3851 5489 sive
3879 5440 4039 5506 baga;

2456 5524 2589 5577 quas
2615 5522 2770 5559 voces
2795 5509 2913 5577 vide
2927 5510 3061 5572 apud
3096 5507 3265 5568 Dul'r.,
3294 5507 3535 5558 inGloss.

2528 5590 2549 5611 υ
2582 5579 2837 5641 Cervedn,
2870 5576 3083 5636 Cervon,
3116 5579 3262 5627 virus
3296 5591 3457 5642 prope
3485 5575 3888 5637 Corbiniacum,
3928 5580 4045 5629 vol-

2454 5665 2518 5717 go
2552 5646 2969 5699 Suint-Léunard
3007 5650 3067 5697 de
3096 5646 3368 5715 Corb'gny,
3404 5649 3453 5697 itt
3484 5647 4020 5717 tractttialorvinensi

2455 5716 2519 5799 Ie.
2544 5719 2795 5838 Μῖῖυαηι,
2820 5720 2906 5783 qui
2937 5727 3135 5771 tractus
3168 5717 3518 5783 Ilurguudiatn
3564 5731 3593 5768 a
3635 5716 3881 5771 Nivernis
3914 5719 4019 5773 diri

2456 5800 2567 5838 Intl.
2606 5830 2611 5837 .
2658 5804 2737 5838 ΔΒ.

2456 5800 2567 5840 tntl.
2606 5800 2737 5840 Man.
