4192 6546
194 373 297 428 865

1098 372 1249 431 ἨΤΛ
1296 378 1348 430 S.
1395 374 1706 430 GHUMNI
1761 372 2179 434 l'..\ll|S!ENSlS
2223 379 2547 438 EPISCUFL

3389 406 3492 459 ‘66

188 505 426 562 segetem
460 503 482 527 ⁸
512 492 731 546 l'anitie
801 493 1045 545 mulieris
1099 492 1270 546 vidua:
1295 534 1308 553 .
1364 492 1490 545 nihil
1545 491 1790 544 habentis
1827 493 1868 549 Λ
1904 499 2067 544 totum
2104 495 2320 547 vertitur
2357 496 2408 548 itt
2456 501 2702 552 salutent.
2754 505 2880 568 Que
2915 517 3031 572 post
3078 510 3130 562 in
3166 524 3491 574 monasterio

189 589 412 654 residui,
443 602 562 656 qua:
585 586 652 639 ab
683 585 816 639 ursis
846 586 1173 650 vasmbatur,
1205 586 1421 638 visitare
1445 582 1781 654 perciperet,

184 693 242 736 et
260 689 450 734 sancto
480 695 576 734 suo
603 678 832 733 adventu
859 679 1210 744 repelleretur
1243 679 1508 732 incursio,
1528 677 1627 743 Q-ii
1657 692 1782 730 eon-

184 777 347 836 citus.
401 773 659 826 ministris
687 772 1053 835 irridentibus,
1111 772 1175 824 ad
1233 771 1406 824 locum
1450 769 1780 838 perducitur,

181 875 238 918 et
269 867 513 917 oratione
551 864 670 917 data
703 863 936 930 desuper
971 864 1094 916 fecit
1124 863 1477 929 signaculum.
1527 863 1658 915 llinc
1700 863 1781 914 in-

180 959 382 1011 stinctu
411 957 591 1009 divino
620 959 669 1010 in
701 957 1000 1024 parentales
1029 955 1224 1010 be3tias
1251 954 1430 1007 feralis
1455 954 1531 1007 ira
1565 967 1670 1006 suci
1690 968 1782 1007 eu-

177 1052 359 1115 ditur;
410 1051 593 1104 odium
642 1049 876 1102 nascitur
929 1048 979 1100 in
1025 1046 1242 1109 all'ectu,
1299 1048 1350 1099 in
1427 1061 1558 1112 pace
1609 1059 1778 1114 pugna

177 1143 557 1198 committ'tur.
616 1140 818 1194 Furore
878 1139 1062 1194 bestiae
1119 1140 1197 1193 bis
1249 1150 1546 1200 armantur,
1602 1146 1680 1189 sta
1710 1136 1778 1190 im

179 1234 508 1302 prec-iocatur
528 1250 663 1287 unus
694 1248 849 1287 ursus
871 1233 939 1286 ab
957 1232 1152 1294 altero,
1179 1241 1230 1284 et
1249 1230 1464 1301 ipsequi
1487 1229 1776 1293 restiterat,

177 1329 309 1382 dum
340 1326 501 1380 vellet
527 1323 674 1379 foras
707 1326 912 1396 egredi,
959 1322 1102 1394 sepis
1139 1324 1258 1394 palo
1286 1322 1661 1382 transfoditur.
1693 1325 1778 1376 Sic

179 1420 396 1488 utrique
426 1426 726 1472 vastatores
751 1433 855 1470 uno
910 1427 1182 1472 momento
1226 1415 1565 1486 perimuntur
1596 1429 1647 1469 ct
1681 1417 1779 1486 ipsi

175 1515 280 1567 sibi
311 1515 595 1569 confestim
623 1531 768 1568 arma
800 1513 988 1568 mortis
1025 1511 1198 1568 ell'ecti
1229 1522 1371 1566 sunt.
1409 1513 1529 1566 Post
1560 1513 1656 1579 ipsi
1692 1527 1777 1566 rc-

173 1607 364 1661 dcuuti
415 1607 606 1661 mulier
636 1607 800 1675 pelles
828 1621 1074 1660 ursorum
1121 1604 1314 1658 obtulit
1365 1621 1432 1658 cx
1485 1604 1683 1661 studio.
1728 1613 1780 1656 et

173 1700 330 1766 quasi
363 1701 546 1752 victori
580 1714 678 1752 suo
736 1708 1086 1768 reprazscntat
1116 1698 1367 1766 spolium,
1425 1696 1566 1762 tpiod
1602 1707 1778 1749 tamen

169 1794 398 1846 mnuino
421 1792 533 1860 ipse
565 1793 832 1845 recusavit
853 1789 1099 1854 accipere
1125 1806 1138 1854 ;
1163 1796 1216 1842 ct
1241 1791 1327 1854 qui
1353 1788 1496 1856 prius
1522 1786 1777 1852 riserant,

175 1885 440 1951 pwiiitere
467 1894 763 1951 rte-perunt,
793 1881 1035 1935 videntes
1061 1880 1396 1934 miraculum.

248 1979 337 2031 55.
386 1976 452 2029 [ﬁt
483 1978 734 2044 quoniam
759 1973 825 2027 de
853 1973 943 2027 Dei
973 1973 1115 2027 dono
1147 1989 1251 2025 non
1285 1970 1444 2025 debet
1489 1985 1608 2024 esse
1638 1967 1780 2023 fasti-

171 2070 348 2132 dium,
415 2070 544 2122 illud
590 2067 751 2121 etiam
801 2065 1037 2120 breviter
1083 2065 1323 2119 ducimus
1368 2063 1763 2132 explicandum.

174 2161 201 2200 δ
221 2161 791 2228 Βετριτυάιςηιιειτόαιιι
806 2159 994 2213 mulier
1014 2168 1036 2196 ο
1070 2158 1372 2212 Mnnsuntlti
1399 2166 1638 2210 matrona
1656 2157 1780 2209 dum

174 2263 422 2321 tempore
456 2252 759 2306 litaniarnm
788 2251 1113 2320 prmmtis
1144 2251 1314 2304 oculis
1347 2265 1451 2304 non
1481 2259 1660 2317 posset
1708 2250 1783 2304 ire

172 2362 304 2401 cum
339 2347 536 2414 populo
569 2344 794 2399 audiens
823 2344 1045 2399 chorum
1074 2345 1434 2413 psallentium,
1459 2359 1578 2399 cum
1608 2344 1782 2412 lacry-

173 2439 283 2490 mis
314 2438 494 2491 ιιυιιιιιὶ
533 2439 786 2493 Germani
836 2440 1082 2508 implorat
1136 2439 1415 2494 auxilium.
1471 2438 1648 2493 Tertia
1692 2454 1780 2493 se-

172 2531 366 2599 quenti
414 2542 572 2585 nocte
620 2546 713 2600 per
744 2546 994 2598 soporem
1047 2531 1193 2585 visus
1243 2543 1326 2588 est
1355 2532 1401 2587 ei
1434 2532 1511 2586 vir
1540 2530 1781 2587 beatissi-

175 2637 304 2676 mus
351 2635 529 2677 astare
577 2638 740 2692 prope
793 2624 1045 2678 let-nilum
1095 2636 1149 2679 et
1203 2625 1354 2694 quasi
1410 2626 1566 2680 caacis
1617 2624 1782 2678 oculis

173 2712 376 2768 fecisse
423 2713 781 2783 signaculum.
834 2715 1099 2783 Evigilans
1146 2717 1335 2771 mulier
1381 2717 1570 2770 marito
1603 2726 1783 2770 narrat

171 2825 301 2876 qua:
339 2819 483 2874 gesta
525 2818 672 2862 sunt.
711 2808 824 2861 Illos
873 2810 1110 2863 stillante
1161 2810 1422 2878 sanguine
1469 2810 1583 2864 dies
1611 2811 1781 2864 oculis

171 2898 444 2962 redditur,
489 2907 542 2951 et
570 2896 876 2952 diuturnum
931 2910 1048 2967 post
1093 2899 1333 2954 nubilum
1364 2901 1560 2955 lumina
1589 2916 1780 2956 sereno

171 2991 334 3044 radio
367 2990 685 3044 micuerunt.
714 2988 1059 3044 Clarescente
1084 3006 1296 3060 quoque
1346 2992 1433 3046 die
1465 2992 1531 3047 ad
1558 2994 1777 3048 missam

170 3097 306 3136 eum
362 3082 557 3149 popqu
600 3084 935 3151 progreditur
966 3084 1156 3137 mulier
1187 3084 1237 3138 iu
1270 3099 1548 3153 processu,
1599 3086 1672 3139 ita
1721 3097 1778 3141 ut

171 3175 355 3229 sancti
381 3173 477 3229 viri
507 3173 584 3228 sic
618 3175 729 3227 visa
779 3188 870 3242 per
899 3174 1167 3229 somnium
1198 3187 1342 3231 esset
1395 3177 1569 3247 imago
1602 3192 1776 3233 reme-

168 3269 349 3322 diuiti.

250 3362 339 3417 54.
383 3361 549 3417 Adest
603 3376 700 3416 nec
731 3362 907 3417 minus
958 3362 1245 3428 laudabile,
1300 3363 1504 3417 reddita
1563 3363 1667 3418 vita
1699 3363 1778 3417 in-

166 3454 418 3510 Ltrtlulte.
452 3453 585 3508 Cum
620 3454 670 3507 in
697 3453 964 3507 Turonico
993 3454 1213 3508 illustris
1245 3454 1342 3508 viri
1387 3455 1554 3511 Picnli
1582 3465 1780 3509 matro-

169 3563 244 3599 na
275 3545 536 3613 exposita:
591 3545 710 3598 ﬁliae
752 3546 1065 3600 lamentarct
1097 3555 1358 3612 extrema,
1417 3557 1473 3602 et
1515 3547 1778 3602 obseratis

163 3639 347 3694 oculis
391 3654 490 3693 nec
536 3639 774 3693 anhelitu
825 3642 1004 3696 mobili
1057 3641 1346 3709 respiraret
1396 3640 1650 3697 infantula
1710 3641 1776 3696 ad

164 3735 350 3788 sancti
401 3734 497 3786 viri
531 3737 866 3798 prmsentiam
909 3745 1016 3789 tota
1047 3736 1327 3789 committit
1359 3736 1630 3807 priesidia.
1663 3737 1761 3805 Qui

166 3840 273 3892 per
302 3824 522 3879 missmn
574 3825 846 3890 invitatus,
876 3835 1131 3895 quantum
1165 3827 1323 3889 valet,
1366 3827 1430 3882 ad
1461 3829 1765 3883 conclama-

161 3930 244 3974 ιω
276 3919 414 3986 puell
435 3938 463 3971 c
522 3915 548 3954 ά
589 3919 819 3972 cadaver
846 3930 1117 3988 properat.
1165 3920 1428 3988 Exceptus
1459 3922 1635 3975 multis
1668 3922 1767 3977 ile-

165 4015 320 4068 tihus
353 4013 669 4077 deplorante
704 4013 902 4066 familia
933 4013 1324 4082 appropinquat
1352 4015 1632 4082 subsellio,
1666 4031 1774 4084 quo

155 4108 282 4178 jam
329 4107 528 4173 rigebat
563 4105 842 4158 infantula.
872 4103 1022 4160 (Σαξῑο
1051 4105 1157 4158 vim
1189 4107 1310 4159 facit
1336 4107 1632 4175 questibus.
1669 4107 1766 4162 Fe-

161 4217 230 4256 re
256 4207 522 4254 transacto
538 4200 672 4254 inter
695 4199 807 4255 haec
825 4199 966 4253 liora:
988 4198 1142 4254 unius
1155 4200 1327 4266 spatio
1349 4201 1527 4253 mobili
1550 4202 1778 4272 singultu

160 4292 332 4347 ﬂatus
366 4293 557 4359 puellae
604 4291 900 4353 reducitur.
950 4292 1212 4346 viscerum
1257 4292 1431 4344 vitatis
1472 4293 1618 4347 calor
1678 4309 1776 4362 per

161 4390 417 4441 ructnbra
465 4387 802 4441 dilTunditttr.
828 4387 1028 4441 θρωπε
1060 4391 1311 4456 paulatim
1337 4392 1563 4444 animata
1595 4401 1774 4460 potum

159 4481 440 4551 peposcit,
473 4489 531 4534 ut
560 4481 783 4535 biberet.
818 4481 966 4534 Tunc
997 4498 1023 4534 a
1055 4482 1211 4535 beato
1243 4485 1357 4535 v'ro
1416 4499 1552 4552 pane
1593 4487 1774 4555 signa-

1803 3225 1852 3289 Ο

1894 582 2061 636 beata:
2094 583 2431 657 Radcgmidis
2479 589 2730 648 felicioris
2769 596 2890 651 vitte
2919 599 3204 657 terminum
3234 620 3489 666 consum-

1893 689 2075 730 tttaVIl.

1964 770 2055 826 55.
2090 769 2317 838 Quidam
2333 775 2560 829 clericus
2585 776 2817 848 dejnxta
2850 787 3179 842 monasterio
3207 789 3349 846 beati
3375 792 3491 849 Sil-

1889 863 2058 916 vesrri
2093 863 2145 918 in
2177 872 2198 898 θ
2231 864 2647 936 Tcrnoderiosc,
2685 888 2804 925 cum
2844 874 2931 928 die
2974 878 3272 947 Dominico,
3309 893 3363 938 ut
3400 885 3483 938 lo-

1890 954 2104 1022 quimur
2138 973 2202 1012 ex
2234 962 2645 1029 consuetudine,
2689 965 2891 1036 caligas
2921 969 3258 1038 circinasset,
3291 976 3486 1031 debili-

1895 1058 2057 1102 tatem
2108 1065 2360 1104 manuum
2415 1053 2497 1107 vel
2554 1060 2743 1121 pedum
2800 1059 3043 1114 incurrit.
3097 1063 3200 1117 Sed
3232 1067 3298 1120 de
3330 1067 3488 1122 beato

1891 1142 2155 1198 Silvestro
2193 1161 2412 1213 gressus
2441 1148 2642 1219 recepit
2673 1149 2930 1217 ofﬁcium,
2966 1169 3059 1224 per
3087 1171 3336 1226 seporem
3380 1164 3477 1215 ad-

1899 1237 2134 1290 mOnitus
2176 1240 2412 1294 oreurrit
2451 1252 2638 1295 saneto
2680 1241 2974 1312 Germano,
3019 1264 3245 1315 poscens
3294 1254 3485 1308 salutis

1890 1329 2288 1398 compendium.
2316 1333 2358 1386 Α
2387 1349 2492 1400 quo
2513 1333 2892 1404 into-rrogatus,
2916 1354 3132 1394 causam
3164 1343 3332 1410 culpm
3355 1360 3485 1400 cen-

1892 1423 2065 1478 fcssus
2090 1435 2194 1482 est.
2229 1427 2366 1481 Tum
2399 1428 2629 1496 imperat
2658 1430 2858 1485 clerico
2890 1441 2947 1486 ut
2976 1434 3233 1490 clamaret
3262 1454 3356 1506 per
3388 1456 3483 1507 po-

1891 1517 2071 1587 pulum
2103 1534 2167 1573 ne
2191 1520 2308 1588 quis
2332 1528 2536 1576 temere
2563 1521 2649 1576 die
2677 1536 2994 1592 operaretur
3024 1527 3330 1586 Dominico.
3365 1533 3484 1600 Quo

1892 1608 2075 1680 quinto
2124 1610 2213 1666 die
2265 1621 2554 1678 transacto,
2587 1616 2874 1683 superfuso
2906 1621 3045 1682 oleo,
3080 1622 3273 1677 debilis
3304 1626 3475 1692 palma

1891 1704 2155 1772 dirigitur,
2209 1715 2260 1759 et
2311 1706 2377 1760 ad
2432 1708 2642 1776 propria
2676 1709 2836 1764 eundi
2868 1726 2987 1766 cum
3021 1713 3264 1771 libertate
3294 1715 3477 1773 dimit-

1895 1805 2041 1850 lttttr.

1969 1891 2057 1942 50.
2093 1889 2144 1942 ln
2181 1908 2313 1959 pago
2346 1892 2361 1929 τ
2413 1894 2739 1950 Amouiense
2787 1897 2929 1965 quod
2978 1909 3186 1968 gestum
3213 1910 3297 1955 est
3327 1902 3484 1969 repli-

1894 1993 2066 2037 cetur.
2103 1991 2128 2027 κ
2157 1983 2448 2052 ltotegiaeo
2491 1985 2612 2038 villa
2665 1985 2950 2043 Parisiacae
2994 1991 3246 2045 Ecclesia:
3274 2002 3480 2061 septem

1899 2074 1946 2127 ei
1977 2074 2073 2128 viri
2099 2074 2494 2131 debacchantes
2519 2077 2679 2134 oblati
2704 2088 2848 2134 sunt.
2874 2080 3076 2148 Quibus
3097 2084 3294 2138 curatis
3320 2100 3481 2150 unus,

1892 2167 1982 2236 qui
2009 2170 2259 2238 graviore
2289 2170 2589 2226 vexabatur
2621 2173 2839 2242 spiritu,
2894 2189 3015 2228 cum
3061 2177 3212 2231 exire
3255 2193 3475 2248 cogere-

1893 2269 1999 2326 tur,
2037 2262 2236 2316 homini
2282 2261 2374 2317 Dei
2409 2263 2686 2332 professus
2737 2275 2838 2327 est.
2887 2266 3110 2333 expulso
3159 2281 3220 2321 se
3267 2268 3335 2323 de
3386 2270 3480 2322 illo

1893 2351 2009 2406 loco
2047 2367 2267 2422 gravem
2302 2354 2747 2410 lamentationem
2787 2356 3070 2411 Parisiacis
3101 2358 3297 2413 facere.
3331 2358 3481 2416 Tunc

1891 2446 2064 2521 fugata
2103 2446 2266 2514 pestis
2307 2447 2372 2501 de
2403 2448 2572 2503 sancti
2605 2447 2704 2503 viri
2738 2447 2993 2504 Germani
3027 2453 3249 2506 transitu
3285 2451 3478 2508 famam

1891 2537 2022 2591 ludit
2057 2553 2149 2606 per
2182 2540 2425 2608 populos,
2461 2549 2515 2594 et
2561 2543 2790 2608 pastoris
2820 2557 2916 2610 pro
2945 2542 3090 2597 obitu
3122 2559 3336 2614 gregem
3363 2561 3479 2601 mo-

1889 2629 1963 2682 vit
2012 2630 2062 2682 iu
2112 2627 2315 2684 fletum.
2384 2628 2482 2696 Qui
2539 2643 2714 2686 tamen
2771 2647 3166 2702 energumenus
3226 2636 3326 2690 etsi
3384 2651 3469 2691 se-

1889 2722 2111 2772 minavit
2141 2720 2503 2787 mendacium,
2548 2722 2802 2792 expulsus
2844 2737 2948 2778 non
2999 2723 3238 2779 del‘eudit
3273 2725 3465 2782 obses-

1888 2830 2026 2867 .‘Uln.

1957 2905 2049 2961 57.
2085 2906 2155 2962 Et
2186 2907 2310 2978 quia
2337 2907 2472 2979 justi
2505 2923 2667 2978 opera
2713 2921 2956 2964 crescere
2999 2910 3263 2979 cogebant
3309 2911 3474 2966 mira-

1887 3002 2031 3066 cula,
2080 3003 2205 3057 item
2246 3004 2298 3058 in
2332 3003 2590 3074 prmdicto
2618 3003 2737 3058 loco
2767 3003 2992 3059 olfertur
3037 3006 3083 3059 ei
3134 3007 3474 3076 paralyticos,

1887 3095 2143 3150 uieinbris
2185 3095 2497 3160 dissolutus,
2529 3110 2785 3165 carpento
2824 3097 3132 3161 subvectus,
3164 3112 3350 3167 gressu
3384 3101 3476 3153 de-

1889 3185 2103 3240 stitutus
2133 3197 2186 3240 et
2219 3196 2363 3240 actu.
2417 3189 2532 3254 Quo
2579 3187 2895 3241 sauctiﬁcati
2943 3187 3048 3242 olei
3099 3189 3306 3258 liquore
3349 3206 3474 3260 per-

1889 3278 2030 3342 luso,
2080 3294 2204 3334 cum
2249 3280 2386 3334 cutis
2433 3293 2638 3333 summa
2682 3279 2968 3350 tetigisset,
3019 3281 3168 3349 vigor
3215 3282 3476 3336 medullas

1889 3371 2114 3426 introiit.
2169 3371 2370 3426 Dehinc
2418 3371 2676 3426 rediviva:
2709 3385 2900 3425 manus
2930 3371 2996 3425 ad
3039 3388 3191 3426 usum
3223 3372 3475 3427 mobilem

1885 3460 2180 3528 redeunt,it
2213 3464 2430 3520 tborace
2461 3465 2689 3535 pectoris
2718 3464 2861 3519 vitali
2885 3467 3138 3534 appulsus
3171 3467 3224 3522 lit
3257 3468 3468 3528 lortior.

1887 3572 2060 3627 genua
2118 3557 2443 3613 columnaris
2501 3558 2844 3613 imbecillitas
2893 3559 3218 3623 roboratur,
3274 3559 3473 3630 plant-.e

1881 3650 2129 3707 solidatis
2172 3652 2390 3706 basibus
2433 3652 2802 3720 subriguntur.
2843 3653 2984 3707 Inter
3015 3655 3130 3710 luet:
3164 3663 3272 3709 tota
3303 3670 3473 3709 mem-

1886 3747 2103 3802 brorum
2160 3747 2358 3802 fabrica
2409 3758 2715 3818 reparatur;
2749 3749 2836 3818 qui
2868 3747 3097 3804 sanitate
3121 3760 3358 3819 recepta,
3388 3765 3474 3803 ru-

1882 3839 2083 3894 deunte
2129 3847 2318 3896 sancto
2362 3839 2500 3906 viro,
2552 3841 2787 3895 occurrit
2825 3840 2878 3896 iu
2923 3840 3111 3896 itinere
3155 3856 3459 3912 praeparato

1882 3935 2095 3997 exenio,
2151 3934 2351 4003 gratias
2399 3933 2615 3988 Christo
2670 3933 2911 3992 referens
2961 3937 3029 3991 de
3080 3936 3289 3992 reddito
3340 3952 3462 3993 eor-

1886 4021 2128 4089 pusculo.

1953 4113 2041 4167 58.
2095 4111 2204 4167 Nec
2255 4109 2357 4167 hoc
2405 4111 2838 4181 prmtereundum
2886 4121 2988 4176 est,
3030 4112 3258 4182 qualiter
3303 4113 3468 4170 simili

1883 4207 2072 4262 merito
2105 4205 2298 4260 claruit
2348 4205 2513 4258 virtus
2559 4203 2611 4258 in
2643 4204 2830 4259 altero.
2884 4203 3046 4273 Igitur
3091 4205 3470 4278 Emmegisilus

1880 4300 1947 4354 de
1972 4299 2088 4352 vico
2118 4295 2132 4334 ί
2164 4297 2441 4362 Βυοοὶπθ,
2469 4295 2684 4364 quidam
2708 4311 2842 4366 puer
2860 4297 3149 4352 admodum
3176 4299 3456 4365 parvulus,

1882 4393 2138 4447 membris
2187 4391 2533 4462 paralyticus,
2588 4390 2640 4444 iu
2673 4390 2802 4445 sella
2851 4390 3081 4446 Parisios
3111 4391 3176 4446 ad
3211 4402 3453 4447 sanctmn

1883 4488 2098 4549 virum,
2164 4484 2410 4540 manibus
2466 4483 2860 4551 bajttlantium,
2923 4483 3134 4538 delatus
3188 4496 3289 4541 εει.
3353 4485 3462 4541 Nec

159 4585 246 4639 tu,
271 4573 357 4628 vel
379 4575 545 4629 calice
561 4573 1146 4643 degustatoinlautulae,
1172 4585 1432 4632 revocata:
1454 4578 1518 4630 do
1563 4577 1776 4645 l‘uiierc,
1805 4597 1852 4657 ο
1885 4577 1899 4629 l
1932 4577 2118 4631 dextra
2174 4576 2356 4646 vigens
2402 4575 2610 4641 mobili,
2663 4591 2761 4630 nec
2793 4576 2970 4645 planta
3003 4592 3227 4647 surgens
3257 4578 3458 4647 stabili,

244 4739 270 4766 ⁸
303 4733 384 4784 An
419 4730 711 4796 pistoriciar.

240 4798 267 4836 δ
307 4801 614 4854 lteretrudis
646 4800 922 4869 cujusdam
953 4802 1007 4854 lit
1055 4802 1256 4857 mentio
1285 4803 1420 4868 apud
1474 4803 1634 4871 (ἔνθα.
1666 4805 1771 4858 Tu-

158 4889 316 4934 τωο..
357 4871 447 4924 lib.
477 4887 551 4934 rx,
579 4887 697 4934 cap.
732 4873 822 4933 35,
852 4887 1019 4938 eaque
1064 4875 1130 4925 de
1163 4875 1372 4934 templis
1402 4889 1462 4924 ac
1491 4887 1769 4929 monaste-

165 4945 267 4997 riis
325 4945 460 4996 bene
518 4945 704 4996 merita
760 4943 922 4995 [νίς-θ
971 4955 1236 4998 narratur.
1274 4945 1465 4996 Verum
1519 4948 1632 4998 haec
1663 4962 1765 5000 non

159 5019 278 5067 alia
311 5013 474 5067 fuisse
511 5013 739 5072 videtur.
795 5029 952 5079 quam
998 5032 1057 5069 ea
1107 5029 1266 5082 quam
1306 5015 1482 5068 laudat
1542 5016 1762 5071 Fortun.

162 5086 263 5140 lib.
305 5101 376 5150 at,
406 5100 525 5152 cap.
575 5086 661 5147 η,
705 5088 774 5137 ob
827 5096 1182 5138 constructam
1232 5087 1441 5140 Tolosa:
1491 5087 1765 5143 basilicam

157 5159 341 5209 sancti
375 5157 674 5212 Saturnini.
703 5172 822 5221 qua:
849 5157 1152 5210 Lamwbodi
1192 5173 1325 5210 uxor
1358 5157 1522 5211 fuisse
1549 5159 1760 5214 dicitur.

157 5230 275 5281 Aut
303 5244 433 5287 ergo
455 5227 552 5278 alia
586 5227 680 5279 fuit
706 5237 865 5294 atque
893 5245 952 5279 ea
977 5228 1042 5281 de
1073 5243 1173 5294 qua
1199 5228 1522 5282 bicvmentiu
1555 5232 1631 5294 lit,
1674 5243 1763 5285 aut

158 5301 282 5351 haec
316 5300 430 5349 viro
455 5299 606 5350 alteri
635 5308 757 5350 ante
800 5299 962 5352 fusse
1009 5310 1166 5366 nupta
1199 5301 1552 5353 existimanda
1603 5311 1703 5355 est.

243 5379 266 5408 ε
304 5371 384 5423 An
419 5369 779 5422 Munsuintlti?

243 5441 266 5477 ει
307 5441 488 5502 Antiq.
525 5439 685 5498 Cod..
714 5442 1028 5495 cat/avrrcm.

245 5521 270 5549 ⁸
303 5512 731 5564 Ἱέιοιιιιιιοτιιιιςίε
757 5522 975 5574 tractus,
1001 5512 1149 5579 cujus
1175 5524 1331 5578 caput
1359 5511 1754 5573 Terasdoruui,

159 5599 263 5637 seu
317 5583 716 5644 Tornodorum,
771 5581 1054 5646 Tannerre,
1101 5583 1150 5634 in
1187 5584 1500 5651 Burguudue
1533 5583 1749 5645 ducatu,

155 5654 486 5710 οιιειιόὴιιιτ
573 5667 738 5720 usque
795 5653 858 5706 ad
924 5656 1314 5706 monasterium
1387 5653 1748 5716 Iteotnacnse,

157 5726 327 5793 vulgo
372 5722 626 5777 Maustier
673 5722 1004 5780 SaintoJeun.
1040 5724 1122 5778 cui
1160 5733 1266 5777 tum
1311 5736 1524 5777 sa-tctus
1573 5724 1721 5779 δεμ-θ

153 5809 275 5852 lter
297 5798 464 5850 abbas
492 5806 740 5860 pra-erat.
777 5796 912 5866 Lege
957 5795 1127 5851 Vitam
1167 5798 1333 5850 sunt-ti
1361 5795 1580 5849 Jaaunis
1615 5797 1748 5851 livo-

152 5869 419 5924 maettsis.
455 5867 649 5920 .“Allll”

1955 4729 1971 4769 ί
2007 4730 2213 4802 Illosny,
2245 4730 2295 4783 in
2323 4730 2464 4784 Bria.

1948 4812 1972 4850 ε
2010 4799 2180 4856 Etiam
2215 4803 2297 4856 hic
2330 4804 2475 4854 locus
2509 4799 2808 4870 Burgundia
2852 4816 2971 4855 esse
3000 4801 3210 4857 videtur
3237 4805 3452 4858 Castel-

1875 4873 2011 4932 lano.
2055 4873 2296 4939 adeoque
2340 4873 2585 4926 diversus
2625 4887 2652 4924 a
2696 4871 3286 4942 Ronﬂll.sesqui-leuca
3312 4877 3452 4929 du..-

1873 4954 2031 5017 taxat
2051 4944 2287 5008 Parisiis,
2333 4960 2431 5017 nec
2459 4953 2632 4997 tamen
2673 4945 2908 4998 creditur
2931 4959 3051 4998 esse
3077 4946 3273 5017 [ἰσων.
3305 4947 3450 5002 ιιιιιίο

1869 5016 1985 5086 quis
2019 5015 2296 5070 llos'stum.
2333 5015 2596 5086 lloLLaso.

1942 5084 1968 5124 ⁵
1992 5087 2061 5140 lla
2093 5103 2225 5140 mss.
2259 5085 2450 5149 (Iodd.;
2476 5084 2750 5150 legendum
2777 5094 2953 5140 tamen
2977 5085 3185 5141 videtur
3208 5087 3454 5143 :Thoraa:

1871 5161 2089 5224 pectoris
2107 5158 2244 5211 vitali
2271 5157 2420 5224 pulsu
2447 5158 2501 5223 ﬁt
2527 5157 2732 5226 fortior,
2762 5173 2985 5226 genuum
3007 5159 3323 5214 columnaria
3352 5163 3453 5214 im-

1869 5230 2134 5293 brcillitas,
2167 5239 2294 5294 etc.,
2333 5228 2432 5282 nisi
2485 5227 2622 5283 forte
2673 5244 2838 5298 genus
2892 5227 3159 5298 adjective
3185 5241 3452 5286 sumatur.

1869 5302 2057 5354 Manil”

1949 5373 1956 5406 ί
2003 5373 2310 5428 llucciacus.
2350 5368 2550 5438 Boissy.
2578 5370 2735 5439 paulo
2765 5385 2920 5440 supra
2969 5370 3258 5439 Lutetiam,
3312 5375 3450 5429 inter

1867 5441 2167 5507 Sequanam
2198 5451 2250 5493 et
2281 5443 2594 5494 Matr-uuam.
2633 5442 2780 5495 IDEM.

1943 5525 1954 5562 t
1999 5514 2051 5566 ln
2086 5513 2321 5579 pluribus
2353 5513 2477 5566 .‘llss.
2528 5513 2610 5565 bic
2655 5515 2963 5566 inseruntur
2988 5511 3084 5567 ista
3116 5516 3316 5570 verba:
3346 5513 3480 5570 Pera

1865 5586 2093 5639 triduum
2139 5598 2276 5646 vare,
2331 5601 2505 5649 manu,
2539 5587 2764 5652 vestigio,
2801 5586 2993 5652 pudore
3021 5588 3332 5651 concutitur,
3363 5606 3450 5640 ru-

1866 5673 1976 5708 mor
2004 5658 2052 5708 in
2086 5667 2254 5725 partes
2286 5656 2507 5719 tollitur,
2543 5658 2731 5724 gratias
2765 5657 2992 5710 Creatori
3021 5663 3321 5728 referentes.
3357 5660 3448 5713 lto-

1863 5728 2048 5781 mi'tcm
2073 5745 2102 5778 (ι
2132 5742 2229 5792 quo
2261 5728 2445 5780 morbis
2467 5729 2659 5796 iugiter
2689 5738 2735 5778 ct
2769 5728 2988 5781 moribus
3019 5731 3312 5794 imperetur.
3339 5731 3448 5785 Sed

1864 5815 1978 5857 cum
2017 5809 2164 5851 textu
2197 5814 2298 5852 non
2336 5797 2608 5853 collum
2635 5798 2903 5852 videntur.
2934 5798 3006 5852 tui
3028 5817 3080 5852 ιι.
