4192 6546
678 436 778 487 467

1390 416 1707 473 VI‘LNANTII
1752 410 1906 468 "ON.
1950 405 2156 461 CLEM.
2208 399 2592 454 FUliTUN\TI
2634 398 2912 455 ορειιυιι
2964 395 3141 451 PARS
3183 394 3247 453 Il.

3854 388 3961 445 ωδ

684 571 783 610 ,ιε-ε
830 555 1007 621 lingu;
1056 562 1249 602 sonans
1296 539 1530 599 volubili,
1581 535 1742 588 mlius
1790 526 2081 582 debilitatis
2108 537 2252 576 mar-
2290 521 2336 578 Δ
2364 519 2630 586 exposuit,
2673 516 2857 570 dicens
2887 535 2897 568 :
2933 515 3024 569 Pie
3078 521 3249 579 pater,
3282 511 3326 563 si
3358 508 3523 563 velles
3552 507 3619 562 ad
3649 508 3961 562 lamentan-

2072 614 2102 621 ..
2209 612 2217 621 .
2662 612 2669 618 .
2977 618 2984 621 _
3098 604 3127 621 ,.
3330 618 3426 621 ,,_
3466 601 3723 621 ,ΛΑ-η,
3778 613 3951 621 “MA

683 664 811 700 core
849 643 1111 711 captivus,
1161 629 1555 705 quodammodo
1595 628 1708 679 sine
1752 632 1956 676 natura:
1989 614 2176 668 ordine
2209 612 2261 663 in

688 754 865 794 rerum
911 710 1099 790 natura
1143 730 1422 799 przequns.
1469 724 1635 788 Quem
1668 726 1884 771 sanctus
1916 710 2263 765 continuarint

691 847 787 897 per
829 829 1059 883 triduutn
1110 838 1262 877 sacro
1311 819 1504 872 liuiens
1548 812 1670 865 oleo
1718 806 1931 861 sanitati
1981 802 2267 856 resiituens

691 939 798 976 uno
844 922 946 975 sub
992 924 1262 970 momento
1306 924 1454 971 voce,
1506 918 1691 964 manu,
1741 896 1986 965 vestigio.
2031 892 2269 945 Cunctos

691 1025 879 1082 stupor
908 1008 1264 1077 amplectitur,
1326 1002 1525 1055 clamor
1556 997 1605 1048 iu
1637 992 1841 1048 corium
1871 985 2115 1040 educitur
2144 997 2260 1033 om-

690 1120 813 1157 nem
884 1112 1056 1156 artem
1116 1096 1443 1152 medicorum
1494 1096 1737 1142 sanctum
1795 1091 2084 1150 superasse
2132 1075 2266 1130 Ger-

691 1212 908 1250 manum

766 1304 855 1359 ‘59.
902 1306 1031 1359 Item
1058 1302 1126 1354 de
1155 1299 1343 1353 eodem
1374 1296 1489 1349 vico
1520 1290 1774 1345 Buceiaco
1803 1281 2047 1352 quzcdam
2080 1293 2270 1332 occurr-

693 1400 761 1451 rit
793 1394 1022 1451 Parisios
1053 1393 1122 1445 ita
1156 1404 1311 1443 manu
1341 1394 1629 1443 contracta,
1664 1388 1722 1432 ut
1752 1376 2003 1444 unguium
2032 1385 2267 1423 acumen

692 1489 922 1558 palmam
976 1485 1170 1536 foraret
1218 1481 1267 1533 in
1315 1478 1575 1531 intimam.
1626 1469 1726 1537 Qui
1774 1478 1977 1519 tantum
2026 1462 2138 1515 oris
2188 1460 2268 1512 sui

693 1586 855 1635 ducta
886 1578 1048 1631 saliva
1077 1574 1291 1641 pollice,
1324 1580 1607 1625 nervorum
1636 1559 2042 1619 distentionem,
2077 1567 2266 1606 manus

695 1672 950 1727 reformat
974 1668 1281 1735 imaginem.

775 1781 857 1835 ιι).
891 1779 1105 1833 Retinet
1131 1777 1245 1842 ejus
1278 1774 1487 1825 laureas
1529 1776 1583 1820 et
1619 1780 1783 1832 pagus
1832 1761 2113 1814 Bituricus.
2168 1758 2272 1825 Igi-

2370 622 2474 664 tein
2528 612 2823 677 respicere,
2885 618 3056 661 mater
3097 604 3291 659 lii-bilis
3328 618 3431 656 non
3463 601 3725 663 orbarer;
3778 613 3953 667 neque

2372 703 2493 755 binc
2523 702 2802 754 discedere
2835 698 3024 753 malles
3056 698 3265 765 plenam
3294 694 3515 764 gemitu,
3550 701 3833 745 vacuatam
3884 687 3955 742 de

2372 792 2567 847 fructu.
2613 793 2678 845 Et
2704 793 2807 845 nisi
2839 790 3061 845 festines
3087 800 3424 849 succurrere,
3468 785 3621 838 vides
3652 782 3954 846 infelicem,

2370 894 2721 953 extorquente
2752 893 2946 945 morte,
2978 880 3090 949 rapi
3120 890 3299 932 uatum
3328 879 3395 931 ab
3426 878 3611 930 ubere.
3645 881 3752 929 Αιιι
3782 876 3957 927 tilium

2373 981 2610 1038 restitue,
2641 987 2729 1029 aut
2758 976 2958 1045 pariter
2988 988 3107 1025 cum
3145 974 3261 1037 ipso
3308 970 3675 1023 funeraturam
3718 980 3807 1020 me
3844 966 3954 1017 ob-

2375 1072 2499 1124 tine.
2534 1068 2769 1134 lndulge,
2804 1076 3006 1132 pastor,
3034 1066 3264 1124 miserm,
3298 1075 3456 1129 quam
3486 1072 3614 1112 suus
3643 1057 3800 1109 dolor
3828 1054 3962 1107 facit

2371 1162 2648 1216 audacem.
2680 1160 2791 1225 Qua
2829 1156 3079 1211 flebiliter
3103 1164 3376 1222 poscente,
3402 1164 3525 1203 mox
3562 1157 3619 1201 ut
3648 1146 3790 1200 beati
3817 1146 3961 1198 dex-

2377 1263 2485 1305 tera
2512 1267 2669 1319 supra
2693 1250 3030 1317 expirantem
3052 1247 3259 1315 signum
3286 1242 3461 1295 crucis
3487 1238 3777 1305 impressit,
3804 1233 3963 1304 quasi

2375 1344 2498 1411 vigil
2534 1344 2598 1396 de
2630 1356 2826 1407 sopore
2854 1340 2939 1393 lac
2972 1341 3157 1392 matris
3185 1335 3437 1402 expetiit,
3466 1333 3555 1396 qui
3580 1332 3691 1402 jam
3726 1330 3964 1397 frigebat

2379 1434 2431 1486 in
2473 1432 2674 1486 funere.
2724 1429 2798 1483 Ita
2854 1439 3127 1482 momento
3170 1425 3428 1491 temporis
3472 1423 3609 1475 ﬁlius
3656 1422 3722 1474 de
3773 1421 3967 1473 Innrtis

2377 1523 2549 1583 fauce.
2593 1531 2762 1575 mater
2793 1521 2994 1573 tollitur
3024 1520 3091 1573 de
3121 1532 3370 1571 maerore.
3423 1516 3561 1568 lliue
3607 1513 3968 1566 circumstans

2376 1613 2627 1683 populus,
2664 1623 2884 1678 stupore
2914 1611 3238 1671 concutitur,
3272 1613 3447 1675 fragor
3476 1610 3527 1659 in
3556 1614 3734 1673 partes
3756 1605 3968 1658 attolli-

2382 1714 2485 1768 tur,
2515 1706 2710 1772 gratias
2739 1702 2975 1756 Creatori
3007 1702 3301 1753 referentes
3330 1699 3405 1749 de
3430 1696 3672 1763 pra-min,
3700 1706 3969 1761 tempore,

2382 1795 2677 1847 sacerdotis
2721 1795 3012 1861 praecipuo,
3042 1807 3070 1843 a
3097 1805 3203 1860 quo
3232 1788 3441 1843 morbis
3470 1787 3673 1856 jugiter
3692 1795 3747 1840 et
3772 1784 3971 1839 morti-

697 1887 783 1928 tur
808 1881 990 1942 pastor
1022 1873 1186 1921 bonus
1218 1881 1335 1918 cum
1365 1864 1430 1915 de
1462 1862 1577 1913 vico
1605 1858 1899 1924 Novigento
1930 1852 1997 1905 ad
2029 1862 2052 1886 ⁸·
2090 1851 2272 1905 Vicum
2309 1876 2357 1937 Β
2386 1888 2482 1941 bus
2515 1851 2829 1955 imperem“

697 1968 901 2020 Novum
926 1960 1173 2015 visitandi
1201 1957 1376 2025 gregis
1405 1969 1530 2009 cura
1553 1953 1708 2004 solita
1740 1948 2086 2013 pervenisset,
2119 1942 2275 1996 offert

701 2073 762 2110 se
808 2053 1051 2123 qtta'datn
1092 2049 1267 2102 vetula
1312 2058 1574 2098 annorum
1610 2041 1690 2093 bis
1720 2048 1975 2107 quaterna
1999 2048 2189 2101 gerens
2224 2034 2275 2085 in

698 2148 942 2201 caecitate
978 2141 1264 2195 curricula.
1312 2137 1473 2203 Cujus
1519 2146 1681 2199 super
1730 2130 1917 2182 oculos
1945 2126 2152 2195 signum
2185 2138 2279 2177 no-

698 2254 822 2295 strae
854 2234 1233 2301 redemptionis
1287 2228 1539 2282 sacerdos
1593 2225 1897 2290 imponens,
1954 2220 2183 2286 irruperat
2225 2224 2281 2269 ut

703 2343 936 2401 sequens
966 2328 1066 2381 iret
1093 2338 1194 2392 qua
1228 2320 1461 2390 pintil'ex
1513 2324 1781 2384 pergeret.
1835 2314 2017 2366 Altera
2068 2324 2279 2378 quoque

703 2427 793 2479 die
823 2438 943 2477 cum
986 2419 1241 2488 praedicto
1279 2421 1587 2468 occurreret
1619 2408 1667 2465 ei
1696 2424 1763 2462 ex
1812 2406 2127 2473 improviso,
2160 2416 2281 2455 san-

702 2517 919 2585 guinem
951 2522 1258 2565 manantem
1292 2509 1357 2561 de
1391 2504 1613 2565 lumine,
1663 2500 1811 2567 largo
1855 2498 2022 2561 fonte,
2056 2496 2280 2549 salutem

703 2624 855 2661 suam
887 2605 1024 2657 oculi
1060 2598 1447 2671 Iacrymabant.
1482 2597 1609 2659 Qua:
1645 2593 1783 2647 inter
1811 2591 2047 2659 reliquos
2076 2595 2285 2639 astante

702 2710 893 2753 saneto
930 2694 1045 2749 viro
1080 2690 1428 2758 conspicitur.
1458 2686 1558 2753 Qui
1589 2685 1786 2738 tollens
1817 2698 1875 2735 se
1904 2683 1971 2735 de
1999 2678 2278 2741 confessu,

706 2790 985 2845 mulierem
1013 2797 1068 2840 ut
1092 2795 1214 2853 pote
1244 2798 1439 2835 czrram
1480 2778 1643 2832 trabit
1680 2777 1731 2829 in
1766 2774 2149 2835 diversorium,
2182 2786 2288 2839 quo

708 2878 811 2935 sibi
856 2891 968 2932 erat
1017 2876 1339 2929 cubiculum.
1372 2872 1537 2939 Cujus
1580 2867 1777 2921 Iumina
1805 2878 1939 2933 aqua
1974 2862 2144 2931 tepida
2177 2863 2289 2914 suis

711 2971 956 3024 manibus
995 2967 1217 3020 abluens
1246 2962 1392 3016 diem
1426 2959 1620 3013 refudit
1669 2959 1720 3010 itt
1770 2953 1959 3009 oculis.
2004 2954 2134 3016 Qua:
2165 2964 2287 3003 mox

715 3065 890 3117 lucem
939 3059 1167 3126 inspirit,
1221 3053 1390 3107 sancti
1442 3052 1537 3103 viri
1586 3049 1783 3117 d'gitos
1826 3044 2070 3099 insatiata
2100 3040 2291 3111 gaudio

717 3156 830 3208 suis
879 3152 1142 3207 immersit
1181 3147 1442 3208 faucibus,
1489 3142 1793 3212 pariterque
1844 3136 2110 3191 ministris
2138 3148 2290 3188 eom-

718 3247 1012 3318 punctione
1043 3242 1362 3296 debentibus
1392 3238 1572 3290 videre
1601 3249 1660 3288 se
1694 3233 1986 3291 hominem,
2016 3227 2104 3297 qui
2133 3226 2290 3279 cmcis
2318 3224 2366 3288 C

719 3357 815 3407 pro
845 3338 1063 3407 peettnia
1090 3337 1140 3388 in
1170 3335 1329 3387 domo
1355 3331 1550 3383 lumina
1577 3327 1935 3393 dispensaret.
1966 3320 2073 3377 Sed
2102 3320 2217 3373 huic
2241 3318 2292 3371 in

717 3431 966 3487 cubiculo
991 3436 1260 3497 praesente
1291 3439 1375 3477 me
1402 3430 1548 3491 gesta
1577 3427 1720 3472 sunt.

795 3547 888 3600 Μ.
933 3544 1067 3597 Cum
1119 3539 1183 3592 ad
1218 3536 1610 3605 possessionem
1655 3530 1919 3587 ecclesiae,
1948 3540 2068 3592 quae
2104 3524 2297 3578 dicitur

722 3641 749 3677 '0
779 3640 985 3699 luetbe,
1036 3631 1293 3687 sacerdos
1322 3626 1625 3686 accederet,
1667 3622 1882 3691 quidam
1914 3620 1965 3674 ei
1997 3621 2054 3671 fit
2085 3616 2296 3677 obvius,

719 3743 1061 3801 conquerens
1102 3730 1169 3780 de
1214 3724 1443 3792 quadam
1492 3720 1614 3771 villa
1659 3730 1719 3768 se
1758 3715 1930 3767 solum
1977 3711 2297 3764 incolumem

724 3841 867 3890 rssr‘,
920 3823 1198 3875 universos
1229 3828 1357 3869 vero
1387 3810 1597 3865 accolas
1640 3805 1787 3876 gravi
1832 3805 1991 3858 tmdio
2033 3802 2296 3854 laborare.

726 3920 891 3986 Cujus
921 3912 1147 3979 eulogiis
1180 3909 1243 3961 ad
1276 3908 1519 3960 inlirmos
1552 3902 1794 3970 portatis,
1823 3905 2001 3949 statim
2034 3896 2100 3949 ab
2130 3910 2304 3962 εει-ο-

728 3985 814 4062 iis,
839 4009 1062 4073 languor
1102 3998 1279 4052 onmis
1312 3998 1522 4061 fugatus
1549 4002 1653 4054 est,
1689 3999 1743 4043 et
1774 3987 1942 4054 primo
1970 3994 2127 4053 gustu
2156 3985 2301 4037 culo.

722 4072 944 4164 uiarum
967 4093 1188 4147 morbus
1230 4102 1352 4140 cum
1386 4098 1519 4153 pane
1550 4086 1900 4143 consumptus
1929 4086 2034 4129 est.
2082 4074 2171 4127 Sic
2202 4072 2303 4125 fuit

729 4190 801 4243 ab
828 4189 916 4242 illa
947 4183 1100 4237 turba
1132 4197 1253 4236 eum
1279 4192 1404 4231 esca
1434 4174 1633 4227 sanitas
1659 4168 1993 4224 manducata.

806 4279 899 4331 4'2.
933 4276 1062 4328 Item
1092 4286 1213 4325 cum
1242 4268 1472 4322 Parisios
1494 4264 1560 4317 ad
1588 4275 1608 4301 ε
1639 4261 1907 4316 basilicam
1932 4260 2097 4312 beata:
2119 4256 2308 4308 Crucis

737 4376 817 4422 vir
850 4368 941 4421 Dei
969 4361 1302 4433 procederet,
1330 4357 1522 4410 mulier
1548 4351 1819 4418 parvulum
1851 4351 1902 4404 in
1936 4349 2090 4411 albis,
2119 4346 2308 4399 ultimo

738 4464 866 4516 tlaiu
898 4456 1241 4524 palpitantem
1271 4457 1325 4503 et
1356 4448 1467 4515 jam
1499 4444 1873 4512 migraturum,
1914 4450 2038 4492 ante
2065 4448 2307 4492 sauctmu

2452 1976 2542 2031 45.
2596 1976 2796 2030 Deinde
2838 1971 3127 2028 accedente
3156 1971 3207 2025 in
3236 1968 3262 2007 ά
3299 1968 3524 2023 Bradeia
3558 1967 3680 2021 vico
3710 1966 3828 2034 pagi
3865 1964 3973 2017 I’a-

2391 2069 2594 2133 risiari,
2635 2069 2794 2121 missa
2826 2066 3117 2127 celebrata,
3164 2062 3215 2117 ei
3246 2063 3297 2114 in
3328 2061 3568 2114 sacrario
3596 2057 3850 2112 cathedra
3882 2055 3979 2110 de-

2384 2169 2589 2230 portata
2614 2158 2833 2213 oli'ertur
2863 2157 3175 2226 paralytica,
3208 2154 3581 2207 universorum
3601 2150 3977 2205 membrorum

2384 2254 2633 2305 damnata
2683 2264 2877 2319 gerens
2926 2247 3121 2310 officia,
3177 2245 3378 2299 nullum
3436 2243 3677 2313 vigorem
3730 2240 3975 2295 retinens

2386 2344 2577 2412 planta:
2604 2341 2687 2394 vel
2714 2342 2966 2393 dexterie.
3000 2337 3118 2390 Mox
3175 2335 3377 2389 habens
3408 2334 3461 2386 in
3488 2349 3554 2387 eo
3586 2332 3835 2386 fiduciam
3887 2331 3980 2399 qui

2391 2436 2529 2488 dona
2559 2434 2658 2487 sibi
2692 2432 2836 2500 larga
2869 2428 3179 2496 prmstabat,
3209 2440 3327 2478 eam
3360 2434 3416 2476 ut
3447 2424 3624 2475 vitalis
3652 2422 3781 2486 olei,
3808 2422 3980 2474 bene-

2388 2528 2621 2581 dictione
2673 2520 3051 2591 superliuivit,
3117 2518 3296 2571 statim
3353 2516 3576 2569 morbus
3630 2514 3978 2577 excluditur,

2390 2619 2617 2674 salubris
2645 2621 2798 2685 vigor
2827 2614 3099 2676 illabitur;
3144 2611 3511 2673 recreatisque
3542 2605 3836 2659 visceribus
3866 2620 3981 2658 me-

2394 2713 2495 2765 lius
2524 2709 2825 2765 renascitur
2861 2704 3039 2767 saluti,
3064 2716 3222 2771 quam
3246 2698 3496 2769 germini,
3533 2697 3654 2763 plus
3682 2695 3981 2763 adquirens

2392 2819 2460 2859 ex
2513 2817 2736 2857 munere
2782 2813 2946 2868 quam
2993 2794 3315 2863 sumpsisset
3356 2791 3590 2857 origine.
3643 2789 3716 2842 Ita
3762 2800 3819 2843 ut
3867 2788 3986 2843 suis

2396 2904 2579 2965 postea
2612 2891 2859 2946 manibus
2889 2887 3126 2943 tunicam
3149 2893 3337 2940 sancto
3361 2883 3586 2946 faceret,
3615 2881 3769 2950 quasi
3796 2881 3991 2949 aequi.

2394 2988 2511 3042 sita:
2537 2982 2813 3039 tributaria
2846 2979 3146 3034 medicina.

2467 3078 2557 3133 44.
2580 3086 2602 3113 ε
2639 3074 2886 3130 Tradidit
2924 3069 3202 3125 memoria:
3228 3066 3369 3137 quod
3393 3066 3543 3133 juvat
3575 3066 3625 3118 in
3658 3063 3840 3119 laude.
3876 3062 3988 3116 Ita-

2399 3188 2501 3239 que
2528 3167 2883 3237 Andegisilus,
2920 3164 3095 3232 major
3122 3161 3315 3215 domus
3346 3161 3527 3228 regiae,
3561 3174 3682 3213 cum
3713 3169 3986 3225 quartana

2402 3276 2525 3335 typo
2553 3262 2784 3331 graviter
2832 3269 3103 3329 ageretur,
3146 3255 3378 3308 occurrit
3426 3254 3588 3307 beato
3631 3255 3773 3317 viro,
3810 3251 3992 3305 fidens

2402 3356 2471 3409 de
2503 3353 2787 3407 beneficio.
2835 3351 3005 3405 llomo
3038 3348 3130 3402 Dei
3158 3348 3208 3400 in
3239 3360 3332 3399 sua
3356 3346 3491 3400 cella
3513 3345 3755 3412 deputat,
3780 3355 3832 3397 et
3862 3360 3991 3396 cum

2403 3461 2510 3498 uno
2535 3443 2761 3497 diacono
2812 3440 3051 3495 residere
3091 3436 3244 3505 jubet
3290 3434 3577 3489 inclusum.
3604 3434 3738 3487 Tum
3770 3435 3995 3498 aiixius,

2400 3548 2453 3592 et
2476 3538 2721 3604 jejuuaus
2767 3534 3031 3597 minister,
3080 3530 3204 3597 quid
3250 3528 3470 3590 fareret,
3522 3527 3789 3595 excogitat
3820 3527 3989 3590 trepio

2401 3631 2520 3691 dus,
2556 3629 2696 3681 unde
2743 3634 3023 3679 curaretur
3053 3624 3317 3677 infirmus.
3348 3622 3551 3675 Idcirco
3592 3620 3995 3673 febricitantem

2406 3720 2599 3783 virum,
2627 3717 2718 3771 Dei
2744 3715 2907 3780 servi,
2948 3713 2965 3752 ί
2996 3714 3225 3768 racbeua
3250 3714 3483 3781 undique
3504 3710 3819 3763 obvolutum
3839 3726 3999 3764 eom-

2405 3816 2549 3881 ponit
2578 3810 2695 3877 ejus
2719 3809 2773 3862 in
2802 3807 3016 3861 lectulo.
3081 3804 3279 3858 I'Latletn
3313 3817 3525 3871 quoque
3550 3803 3640 3855 die
3663 3810 3804 3854 tactu
3826 3802 4003 3853 vestis

2406 3902 2627 3965 nobilis,
2667 3899 2821 3970 quasi
2862 3899 3063 3965 impetu
3096 3895 3355 3956 fluminis,
3400 3895 3471 3947 ita
3512 3902 3789 3961 quartana:
3826 3890 4004 3944 febris

2408 3996 2543 4063 ignis
2583 3991 2757 4046 omnis
2792 3989 3091 4044 exstinctus
3122 3998 3228 4041 est.
3266 3987 3327 4039 Et
3357 3984 3617 4038 redeunte
3644 3984 3709 4035 de
3741 3981 4005 4051 prandio,

2408 4094 2645 4140 reserato
2688 4082 2957 4143 cubiculo,
3010 4094 3172 4132 sanus
3220 4072 3758 4138 surrexitelectulo,
3807 4076 4007 4124 exsul.

2413 4187 2557 4231 tante
2589 4178 2831 4228 ministro
2860 4186 2956 4240 pro
2987 4169 3233 4224 sanitatis
3278 4168 3523 4236 praemio,
3577 4174 3704 4218 tunc
3752 4162 3856 4216 sibi
3915 4179 4007 4217 re-

2410 4269 2587 4324 soluto
2612 4265 2836 4335 jejunio.
2869 4264 2957 4318 Sic
2982 4272 3125 4317 tactu
3156 4260 3296 4313 beati
3326 4259 3491 4313 vestis
3528 4257 3758 4312 salutem
3800 4270 4005 4323 opera-

2416 4378 2498 4419 tus
2530 4371 2610 4414 est
2631 4362 2843 4410 absens.

2487 4451 2577 4504 45.
2614 4450 2977 4515 Exsequamur
3020 4443 3223 4497 itineris
3258 4441 3461 4511 accepti
3494 4440 3778 4495 viaticum.
3808 4438 4007 4508 Itaque

806 4622 833 4649 ⁸
868 4611 1209 4665 Fortunatus,
1260 4617 1441 4666 supra,
1474 4614 1620 4652 num.
1659 4597 1752 4660 26,
1803 4595 2129 4666 mentionem
2183 4592 2306 4645 fecit
2339 4584 2387 4646 D
2418 4585 2759 4666 nunesaneti
2792 4579 3040 4666 Germani
3093 4576 3363 4666 Prater'i‘sis
3422 4577 3472 4627 in
3523 4572 3781 4666 suburliio
3833 4572 3997 4627 Pari-

739 4664 1038 4744 VicitVovi,
1072 4664 1228 4741 quem
1258 4664 1403 4741 juitta
1438 4669 1667 4744 Parisios
1702 4671 1857 4720 locat.
1896 4667 1987 4744 Ille
2020 4664 2157 4744 idem
2190 4679 2305 4744 run-

736 4733 1038 4807 niuoiesse'
1072 4733 1274 4799 videtur
1316 4744 1452 4807 apud
1489 4740 1747 4793 Biturieas
1777 4754 1805 4789 a
1835 4736 2067 4805 quodam
2099 4733 2302 4787 Gallico

739 4806 1090 4891 parapltraste
1139 4806 1416 4882 perperam
1463 4810 1741 4891 quasi-tus,
1788 4823 1907 4861 eum
1954 4806 2103 4891 solita
2128 4820 2250 4855 cura
2278 4819 2306 4854 a

738 4876 926 4947 sancio
954 4876 1573 4954 (iermano:v‘tsttaretor.
1622 4878 1811 4954 ‘Fuerit
1857 4876 2083 4954 proinde
2118 4878 2311 4927 mulier

743 4945 830 5019 illa
853 4945 1207 5016 rBitnrtcens‘is
1236 4948 1505 5014 dimeeSts,
1540 4951 1633 5003 sed
1665 4962 1999 5013 nequaquam
2048 4945 2308 5012 Novigeu-

746 5052 881 5097 tum,
916 5033 995 5083 vel
1032 5029 1189 5081 Vicus
1230 5026 1408 5097 Novus
1444 5022 1610 5074 sancti
1642 5019 1917 5097 (ilodoaldi
1955 5019 2120 5097 vicus,
2156 5021 2313 5082 vulgo

743 5087 1112 5161 Sunii-Clonii,
1135 5097 1261 5149 olim
1284 5094 1631 5159 Novigeutum
1654 5091 1946 5161 dicebatur.
1968 5087 2107 5161 vero
2130 5098 2313 5161 tamen

744 5156 920 5229 sutile
946 5184 1025 5225 εει
1058 5156 1195 5220 bime
1223 5166 1393 5218 locum
1420 5156 1884 5228 interpretandum
1915 5160 1982 5211 de
2014 5156 2308 5225 Novigeuto

745 5247 899 5299 silva:
952 5238 1269 5294 \‘inccnensi
1318 5234 1655 5299 (I'ittcennes)
1704 5230 1966 5296 proximo,
1999 5242 2027 5280 a
2058 5244 2161 5293 quo
2212 5242 2315 5277 non

750 5318 905 5379 longe
931 5313 1084 5365 distat
1136 5308 1270 5362 Villa
1316 5298 1455 5358 Nova
1502 5304 1663 5357 sancti
1710 5299 1915 5369 Georgii
1963 5298 2320 5353 communiter

749 5390 1033 5451 appellata.

829 5458 889 5507 Iit
945 5466 1116 5504 tamen
1167 5449 1464 5501 Germanus
1510 5444 1895 5510 liittnigonsem
1947 5454 2131 5506 pagum
2180 5452 2321 5503 sa-pe

753 5531 901 5578 adire
946 5524 1170 5578 Solebat,
1222 5526 1448 5570 testante
1488 5517 1672 5578 Grch
1704 5512 2000 5565 'I'uronensi
2034 5523 2315 5574 episeopo,

758 5597 809 5648 in
857 5596 951 5647 Lb.
994 5594 1061 5645 de
1114 5590 1289 5643 Gloria
1320 5588 1710 5642 confessurus-it.
1740 5599 1859 5644 cap.
1894 5586 1958 5632 tio
1992 5592 2040 5631 et
2070 5581 2159 5632 lii.
2196 5580 2321 5631 Item

760 5672 1191 5717 Andecaveuseni
1219 5674 1406 5730 pagum
1431 5672 1495 5709 ex
1522 5656 1678 5709 dictis
1706 5655 1755 5708 in
1789 5655 1898 5707 Vita
1925 5654 2089 5705 sancti
2124 5650 2322 5703 Albini.

758 5736 945 5789 MABIL.

888 5807 993 5859 ΑΙ..
1032 5804 1077 5864 irt
1111 5800 1283 5854 .EN’I'.

835 5889 849 5912 ε
911 5862 1130 5928 Basilica
1167 5884 1359 5924 Mttt"l.t§
1408 5869 1612 5928 Cruris,
1658 5869 1784 5919 alias
1824 5875 1987 5917 sancti
2042 5862 2319 5922 \incentii,

2416 4660 2599 4714 stensi.
2653 4659 2791 4721 Lege
2834 4654 3006 4704 Vitam
3052 4649 3216 4702 sani-ti
3261 4647 3803 4721 Droetoverabbitis,
3840 4660 4001 4696 num.

2420 4731 2498 4784 15.
2536 4714 2953 4783 Αηιτιιιιῖρηςιιιιιι
2998 4719 3364 4786 interpretatio
3393 4729 3475 4770 est
3507 4717 3556 4786 id
3587 4714 3728 4786 quod
3760 4715 3813 4765 in
3846 4730 3999 4767 non-

2418 4802 2575 4854 nullis
2602 4799 2725 4852 Mss.
2755 4796 3027 4859 Editisque
3051 4784 3196 4843 libris
3218 4789 3429 4859 additur
3456 4805 3469 4838 :
3495 4784 3561 4838 In
3589 4784 3830 4859 suburbio
3859 4786 3998 4855 ejus-

2414 4875 2527 4925 dem
2556 4868 2771 4923 civit:.tis
2805 4856 3039 4932 positum.
3088 4862 3273 4914 Mante.
3337 4858 3413 4912 De
3463 4858 3561 4911 bac
3612 4856 3835 4909 basilica
3900 4872 4000 4911 nos

2417 4946 2563 5011 plura
2591 4942 2653 4990 ad
2684 4953 2795 4990 cur.
2825 4934 2911 5011 Hi,
2940 4933 2974 4985 I.
3006 4948 3061 5011 lt:

2486 5012 2509 5049 ά
2545 5011 2781 5069 llradeia,
2828 5006 2981 5072 vulgo
3030 4998 3577 5054 Brie-Comle—Robert
3627 4996 3679 5048 in
3718 4997 4003 5060 provincia

2420 5084 2536 5137 ητις)
2564 5100 2576 5139 ;
2604 5080 2696 5134 sed
2728 5069 2937 5130 dubitat
2965 5073 3314 5133 Castellauus,
3346 5084 3413 5121 an
3442 5085 3545 5120 non
3578 5069 3753 5139 potius
3778 5070 3881 5133 legi
3905 5070 4005 5119 de-

2419 5155 2539 5207 beat
2570 5137 2850 5207 Bundeins,
2881 5157 2935 5198 ut
2962 5146 3026 5195 sit
3064 5142 3280 5204 Boitdis,
3310 5140 3519 5193 duabus
3544 5144 3609 5192 ab
3642 5137 3777 5191 urbe
3805 5140 4009 5193 leucis.

2419 5224 2710 5281 atttiuuitus
2748 5216 2989 5283 Vurtgeie.
3025 5214 3294 5267 Boccaso.

2495 5306 2516 5331 ε
2554 5294 2692 5353 Uol.,
2722 5289 2962 5342 traditur.

2499 5363 2516 5401 ί
2557 5362 2653 5415 Alii
2683 5350 2947 5412 scribunt
3000 5353 3276 5415 Rurhanw,
3334 5350 3755 5412 sed-utrumque
3796 5360 3953 5403 recte
3980 5366 4010 5403 τι

2425 5437 2588 5489 verbo
2618 5448 2789 5498 graeco
2818 5429 2964 5500 ῥάκη,
2993 5426 3131 5492 quod
3177 5422 3819 5500 divulsionessignificat.
3850 5418 4013 5474 Unde

2428 5488 2699 5565 liticltatta,
2756 5488 2872 5554 \ilts
2916 5488 2969 5550 et
3011 5488 3191 5548 lacera
3244 5494 3428 5565 veSIis,
3488 5488 3698 5565 Vo_s_sio,
3747 5489 3818 5565 de
3849 5491 4015 5545 Vitns

2428 5578 2627 5632 Seruo,
2660 5560 2887 5625 videtur.
2919 5566 3023 5621 Sed
3062 5567 3237 5625 aptior
3264 5564 3386 5617 ltuic
3409 5564 3524 5616 loco
3557 5560 3793 5613 Memrdi
3827 5564 4013 5615 nostri

2432 5631 2813 5708 interpretatio,
2850 5642 2899 5692 iu
2926 5638 3190 5691 CotiCord.
3226 5636 3422 5703 ιιι-ειη..
3450 5647 3569 5700 pag.
3600 5632 3751 5708 9i}._
3773 5631 3863 5708 ubi
3907 5632 4016 5684 lfa-

2432 5702 2623 5768 clmnus
2643 5731 2733 5782 pro
2749 5714 3003 5765 lectorum
3025 5702 3373 5782 ouerimentis
3394 5702 3791 5782 usurpataébbi
3823 5714 4018 5757 tamen

2437 5789 2603 5838 Vo-su
2644 5772 2916 5847 'expositio
2960 5779 3201 5848 quadrat,
3250 5786 3305 5829 ιιι
3354 5780 3405 5828 in
3450 5776 3539 5826 lib.
3573 5789 3608 5827 ιι
3635 5772 3767 5827 Vitae
3801 5788 4019 5825 saneta-

2440 5856 2789 5923 liadt'gtttidis.
2827 5871 2874 5907 tt.
2912 5853 2962 5904 ι.
2998 5851 3183 5904 Μιιειτ..
