  <div class='ocr_page' id='page_1' title='image "/cluster/home/n/w/nwhite01/storage/ocr_20150623/88-89/uc1.31175000868714/241.png"; bbox 0 0 4192 6548; ppageno 0'>
   <div class='ocr_carea' id='block_1_1' title="bbox 695 422 794 477">
    <p class='ocr_par' dir='ltr' id='par_1_1' title="bbox 695 422 794 477">
     <span class='ocr_line' id='line_1_1' title="bbox 695 422 794 477; baseline 0.04 -4"><span class='ocrx_word' id='word_1_1' title='bbox 695 422 794 477; x_wconf 72' lang='grc' dir='ltr'>ιη</span> 
     </span>
    </p>
   </div>
   <div class='ocr_carea' id='block_1_2' title="bbox 1407 399 3254 472">
    <p class='ocr_par' dir='ltr' id='par_1_2' title="bbox 1407 399 3254 472">
     <span class='ocr_line' id='line_1_2' title="bbox 1407 399 3254 472; baseline -0.009 0"><span class='ocrx_word' id='word_1_2' title='bbox 1407 416 1726 472; x_wconf 69' lang='lat' dir='ltr'><strong>VLNANTII</strong></span> <span class='ocrx_word' id='word_1_3' title='bbox 1768 413 1924 469; x_wconf 72' lang='lat' dir='ltr'><strong>lION.</strong></span> <span class='ocrx_word' id='word_1_4' title='bbox 1967 411 2175 468; x_wconf 73' lang='lat' dir='ltr'><strong>CLEM.</strong></span> <span class='ocrx_word' id='word_1_5' title='bbox 2218 404 2616 464; x_wconf 71' lang='grc' dir='ltr'><strong>ιιόιιτυΝΑτι</strong></span> <span class='ocrx_word' id='word_1_6' title='bbox 2650 403 2935 462; x_wconf 64' lang='grc' dir='ltr'>οριᾳιιυιι</span> <span class='ocrx_word' id='word_1_7' title='bbox 2975 402 3151 461; x_wconf 75' lang='lat' dir='ltr'><strong>PARS</strong></span> <span class='ocrx_word' id='word_1_8' title='bbox 3191 399 3254 457; x_wconf 87' lang='lat' dir='ltr'><strong>ll.</strong></span> 
     </span>
    </p>
   </div>
   <div class='ocr_carea' id='block_1_3' title="bbox 3873 399 3978 454">
    <p class='ocr_par' dir='ltr' id='par_1_3' title="bbox 3873 399 3978 454">
     <span class='ocr_line' id='line_1_3' title="bbox 3873 399 3978 454; baseline 0.019 -2"><span class='ocrx_word' id='word_1_9' title='bbox 3873 399 3978 454; x_wconf 63' lang='grc' dir='ltr'><strong>ιτς</strong></span> 
     </span>
    </p>
   </div>
   <div class='ocr_carea' id='block_1_4' title="bbox 697 511 2296 604">
    <p class='ocr_par' dir='ltr' id='par_1_4' title="bbox 697 527 2275 604">
     <span class='ocr_line' id='line_1_4' title="bbox 697 527 2275 604; baseline -0.006 -16"><span class='ocrx_word' id='word_1_10' title='bbox 697 535 970 604; x_wconf 67' lang='lat' dir='ltr'><strong>geminato</strong></span> <span class='ocrx_word' id='word_1_11' title='bbox 1003 534 1290 603; x_wconf 72' lang='lat' dir='ltr'><strong>praeconio.</strong></span> <span class='ocrx_word' id='word_1_12' title='bbox 1322 542 1382 588; x_wconf 90' lang='lat' dir='ltr'><strong>ut</strong></span> <span class='ocrx_word' id='word_1_13' title='bbox 1408 546 1504 586; x_wconf 91' lang='lat' dir='ltr'><strong>nec</strong></span> <span class='ocrx_word' id='word_1_14' title='bbox 1554 531 1876 596; x_wconf 75' lang='lat' dir='ltr'><strong>calcaretur,</strong></span> <span class='ocrx_word' id='word_1_15' title='bbox 1909 539 1962 583; x_wconf 88' lang='lat' dir='ltr'><strong>et</strong></span> <span class='ocrx_word' id='word_1_16' title='bbox 2003 527 2088 582; x_wconf 88' lang='lat' dir='ltr'><strong>sui</strong></span> <span class='ocrx_word' id='word_1_17' title='bbox 2118 537 2275 580; x_wconf 85' lang='lat' dir='ltr'><strong>casus</strong></span> 
     </span>
    </p>
   </div>
   <div class='ocr_carea' id='block_1_5' title="bbox 2403 511 3979 604">
    <p class='ocr_par' dir='ltr' id='par_1_5' title="bbox 2410 511 3979 585">
     <span class='ocr_line' id='line_1_5' title="bbox 2410 511 3979 585; baseline -0.003 -12"><span class='ocrx_word' id='word_1_18' title='bbox 2410 519 2485 573; x_wconf 90' lang='lat' dir='ltr'><strong>iit.</strong></span> <span class='ocrx_word' id='word_1_19' title='bbox 2519 519 2618 585; x_wconf 86' lang='lat' dir='ltr'><strong>Qui</strong></span> <span class='ocrx_word' id='word_1_20' title='bbox 2664 519 2766 574; x_wconf 89' lang='lat' dir='ltr'><strong>iter</strong></span> <span class='ocrx_word' id='word_1_21' title='bbox 2793 533 2948 572; x_wconf 88' lang='lat' dir='ltr'><strong>suum</strong></span> <span class='ocrx_word' id='word_1_22' title='bbox 3001 515 3308 584; x_wconf 77' lang='lat' dir='ltr'><strong>egrediens,</strong></span> <span class='ocrx_word' id='word_1_23' title='bbox 3350 511 3695 567; x_wconf 87' lang='lat' dir='ltr'><strong>mansionem</strong></span> <span class='ocrx_word' id='word_1_24' title='bbox 3744 513 3800 568; x_wconf 84' lang='lat' dir='ltr'><strong>in</strong></span> <span class='ocrx_word' id='word_1_25' title='bbox 3856 513 3979 568; x_wconf 85' lang='lat' dir='ltr'><strong>villa</strong></span> 
     </span>
    </p>
   </div>
   <div class='ocr_carea' id='block_1_6' title="bbox 699 620 2281 696">
    <p class='ocr_par' dir='ltr' id='par_1_6' title="bbox 699 620 2281 696">
     <span class='ocr_line' id='line_1_6' title="bbox 699 620 2281 696; baseline -0.006 -13"><span class='ocrx_word' id='word_1_26' title='bbox 699 630 899 685; x_wconf 88' lang='lat' dir='ltr'><strong>indicio</strong></span> <span class='ocrx_word' id='word_1_27' title='bbox 928 628 1249 685; x_wconf 81' lang='lat' dir='ltr'><strong>multifarius</strong></span> <span class='ocrx_word' id='word_1_28' title='bbox 1267 628 1452 683; x_wconf 79' lang='lat' dir='ltr'><strong>aniles</strong></span> <span class='ocrx_word' id='word_1_29' title='bbox 1483 625 1634 682; x_wconf 82' lang='lat' dir='ltr'><strong>ﬁeret</strong></span> <span class='ocrx_word' id='word_1_30' title='bbox 1660 626 1896 696; x_wconf 77' lang='lat' dir='ltr'><strong>sanguis,</strong></span> <span class='ocrx_word' id='word_1_31' title='bbox 1916 637 2037 678; x_wconf 91' lang='lat' dir='ltr'><strong>reus</strong></span> <span class='ocrx_word' id='word_1_32' title='bbox 2067 620 2281 691; x_wconf 76' lang='lat' dir='ltr'><strong>sangui-</strong></span> 
     </span>
    </p>
   </div>
   <div class='ocr_carea' id='block_1_7' title="bbox 699 738 852 777">
    <p class='ocr_par' dir='ltr' id='par_1_7' title="bbox 699 738 852 777">
     <span class='ocr_line' id='line_1_7' title="bbox 699 738 852 777; baseline -0.007 0"><span class='ocrx_word' id='word_1_33' title='bbox 699 738 852 777; x_wconf 89' lang='lat' dir='ltr'><strong>num.</strong></span> 
     </span>
    </p>
   </div>
   <div class='ocr_carea' id='block_1_8' title="bbox 771 801 2277 877">
    <p class='ocr_par' dir='ltr' id='par_1_8' title="bbox 771 801 2277 877">
     <span class='ocr_line' id='line_1_8' title="bbox 771 801 2277 877; baseline -0.007 -11"><span class='ocrx_word' id='word_1_34' title='bbox 771 811 862 866; x_wconf 72' lang='grc' dir='ltr'><strong>ει.</strong></span> <span class='ocrx_word' id='word_1_35' title='bbox 896 810 1155 866; x_wconf 86' lang='lat' dir='ltr'><strong>Producat</strong></span> <span class='ocrx_word' id='word_1_36' title='bbox 1185 817 1208 844; x_wconf 72' lang='grc'><strong><em>⁸</em></strong></span> <span class='ocrx_word' id='word_1_37' title='bbox 1237 823 1403 877; x_wconf 77' lang='lat' dir='ltr'><strong>pagus</strong></span> <span class='ocrx_word' id='word_1_38' title='bbox 1437 807 1740 864; x_wconf 78' lang='lat' dir='ltr'><strong>Oximensis</strong></span> <span class='ocrx_word' id='word_1_39' title='bbox 1770 807 1912 860; x_wconf 89' lang='lat' dir='ltr'><strong>inter</strong></span> <span class='ocrx_word' id='word_1_40' title='bbox 1934 812 2113 860; x_wconf 83' lang='lat' dir='ltr'><strong>nostra</strong></span> <span class='ocrx_word' id='word_1_41' title='bbox 2137 801 2277 872; x_wconf 92' lang='lat' dir='ltr'><strong>quod</strong></span> 
     </span>
    </p>
   </div>
   <div class='ocr_carea' id='block_1_9' title="bbox 699 895 2282 970">
    <p class='ocr_par' dir='ltr' id='par_1_9' title="bbox 699 895 2282 970">
     <span class='ocr_line' id='line_1_9' title="bbox 699 895 2282 970; baseline -0.005 -14"><span class='ocrx_word' id='word_1_42' title='bbox 699 919 860 957; x_wconf 89' lang='lat' dir='ltr'><strong>suum</strong></span> <span class='ocrx_word' id='word_1_43' title='bbox 912 914 1034 970; x_wconf 91' lang='lat' dir='ltr'><strong>est,</strong></span> <span class='ocrx_word' id='word_1_44' title='bbox 1084 917 1153 958; x_wconf 88' lang='lat' dir='ltr'><strong>ne</strong></span> <span class='ocrx_word' id='word_1_45' title='bbox 1183 913 1434 958; x_wconf 90' lang='lat' dir='ltr'><strong>teneatur</strong></span> <span class='ocrx_word' id='word_1_46' title='bbox 1483 904 1534 955; x_wconf 92' lang='lat' dir='ltr'><strong>in</strong></span> <span class='ocrx_word' id='word_1_47' title='bbox 1567 903 1796 954; x_wconf 86' lang='lat' dir='ltr'><strong>obscuro</strong></span> <span class='ocrx_word' id='word_1_48' title='bbox 1845 895 2142 964; x_wconf 79' lang='lat' dir='ltr'><strong>posteritati</strong></span> <span class='ocrx_word' id='word_1_49' title='bbox 2195 908 2282 948; x_wconf 87' lang='lat' dir='ltr'><strong>res</strong></span> 
     </span>
    </p>
   </div>
   <div class='ocr_carea' id='block_1_10' title="bbox 699 989 2282 1063">
    <p class='ocr_par' dir='ltr' id='par_1_10' title="bbox 699 989 2282 1063">
     <span class='ocr_line' id='line_1_10' title="bbox 699 989 2282 1063; baseline -0.005 -14"><span class='ocrx_word' id='word_1_50' title='bbox 699 995 939 1049; x_wconf 87' lang='lat' dir='ltr'><strong>luminis.</strong></span> <span class='ocrx_word' id='word_1_51' title='bbox 969 994 1248 1063; x_wconf 81' lang='lat' dir='ltr'><strong>Siquidem</strong></span> <span class='ocrx_word' id='word_1_52' title='bbox 1297 995 1377 1048; x_wconf 91' lang='lat' dir='ltr'><strong>vir</strong></span> <span class='ocrx_word' id='word_1_53' title='bbox 1404 992 1774 1046; x_wconf 87' lang='lat' dir='ltr'><strong>sanctissimus</strong></span> <span class='ocrx_word' id='word_1_54' title='bbox 1805 992 1869 1050; x_wconf 89' lang='lat' dir='ltr'><strong>ad</strong></span> <span class='ocrx_word' id='word_1_55' title='bbox 1899 989 1926 1028; x_wconf 68' lang='grc' dir='ltr'>δ</span> <span class='ocrx_word' id='word_1_56' title='bbox 1957 990 2132 1041; x_wconf 90' lang='lat' dir='ltr'><strong>villam</strong></span> <span class='ocrx_word' id='word_1_57' title='bbox 2177 989 2282 1042; x_wconf 87' lang='lat' dir='ltr'><strong>Ta-</strong></span> 
     </span>
    </p>
   </div>
   <div class='ocr_carea' id='block_1_11' title="bbox 699 1083 2279 1148">
    <p class='ocr_par' dir='ltr' id='par_1_11' title="bbox 699 1083 2279 1148">
     <span class='ocr_line' id='line_1_11' title="bbox 699 1083 2279 1148; baseline -0.002 -8"><span class='ocrx_word' id='word_1_58' title='bbox 699 1087 948 1141; x_wconf 81' lang='lat' dir='ltr'><strong>siliacum</strong></span> <span class='ocrx_word' id='word_1_59' title='bbox 977 1101 1100 1140; x_wconf 92' lang='lat' dir='ltr'><strong>eum</strong></span> <span class='ocrx_word' id='word_1_60' title='bbox 1131 1086 1454 1140; x_wconf 88' lang='lat' dir='ltr'><strong>declinasset</strong></span> <span class='ocrx_word' id='word_1_61' title='bbox 1480 1085 1696 1146; x_wconf 91' lang='lat' dir='ltr'><strong>itinere,</strong></span> <span class='ocrx_word' id='word_1_62' title='bbox 1721 1084 1944 1138; x_wconf 74' lang='lat' dir='ltr'><strong>offertur</strong></span> <span class='ocrx_word' id='word_1_63' title='bbox 1985 1083 2033 1136; x_wconf 87' lang='lat' dir='ltr'><strong>ei</strong></span> <span class='ocrx_word' id='word_1_64' title='bbox 2066 1084 2279 1148; x_wconf 81' lang='lat' dir='ltr'><strong>mulier,</strong></span> 
     </span>
    </p>
   </div>
   <div class='ocr_carea' id='block_1_12' title="bbox 701 1176 2278 1248">
    <p class='ocr_par' dir='ltr' id='par_1_12' title="bbox 701 1176 2278 1248">
     <span class='ocr_line' id='line_1_12' title="bbox 701 1176 2278 1248; baseline -0.003 -15"><span class='ocrx_word' id='word_1_65' title='bbox 701 1179 788 1233; x_wconf 90' lang='lat' dir='ltr'><strong>cui</strong></span> <span class='ocrx_word' id='word_1_66' title='bbox 819 1179 1012 1248; x_wconf 76' lang='lat' dir='ltr'><strong>duplex</strong></span> <span class='ocrx_word' id='word_1_67' title='bbox 1047 1181 1263 1233; x_wconf 85' lang='lat' dir='ltr'><strong>morbus</strong></span> <span class='ocrx_word' id='word_1_68' title='bbox 1283 1186 1420 1240; x_wconf 86' lang='lat' dir='ltr'><strong>erat,</strong></span> <span class='ocrx_word' id='word_1_69' title='bbox 1445 1177 1568 1231; x_wconf 90' lang='lat' dir='ltr'><strong>inde</strong></span> <span class='ocrx_word' id='word_1_70' title='bbox 1600 1187 1856 1240; x_wconf 87' lang='lat' dir='ltr'><strong>vetustas,</strong></span> <span class='ocrx_word' id='word_1_71' title='bbox 1889 1176 2010 1228; x_wconf 87' lang='lat' dir='ltr'><strong>hinc</strong></span> <span class='ocrx_word' id='word_1_72' title='bbox 2042 1177 2278 1231; x_wconf 60' lang='lat' dir='ltr'><strong>caecitas.</strong></span> 
     </span>
    </p>
   </div>
   <div class='ocr_carea' id='block_1_13' title="bbox 703 1269 2284 1338">
    <p class='ocr_par' dir='ltr' id='par_1_13' title="bbox 703 1269 2284 1338">
     <span class='ocr_line' id='line_1_13' title="bbox 703 1269 2284 1338; baseline -0.006 -9"><span class='ocrx_word' id='word_1_73' title='bbox 703 1272 942 1329; x_wconf 78' lang='lat' dir='ltr'><strong>Salutem</strong></span> <span class='ocrx_word' id='word_1_74' title='bbox 987 1272 1260 1338; x_wconf 90' lang='lat' dir='ltr'><strong>deprecari</strong></span> <span class='ocrx_word' id='word_1_75' title='bbox 1292 1273 1470 1327; x_wconf 71' lang='lat' dir='ltr'><strong>verbis</strong></span> <span class='ocrx_word' id='word_1_76' title='bbox 1515 1270 1864 1324; x_wconf 86' lang='lat' dir='ltr'><strong>trementibus</strong></span> <span class='ocrx_word' id='word_1_77' title='bbox 1892 1269 2132 1335; x_wconf 78' lang='lat' dir='ltr'><strong>ini-oepit,</strong></span> <span class='ocrx_word' id='word_1_78' title='bbox 2183 1286 2284 1338; x_wconf 74' lang='lat' dir='ltr'><strong>qua</strong></span> 
     </span>
    </p>
   </div>
   <div class='ocr_carea' id='block_1_14' title="bbox 703 1359 2284 1433">
    <p class='ocr_par' dir='ltr' id='par_1_14' title="bbox 703 1359 2284 1433">
     <span class='ocr_line' id='line_1_14' title="bbox 703 1359 2284 1433; baseline -0.006 -14"><span class='ocrx_word' id='word_1_79' title='bbox 703 1363 1097 1433; x_wconf 80' lang='lat' dir='ltr'><strong>supplicatione</strong></span> <span class='ocrx_word' id='word_1_80' title='bbox 1125 1375 1302 1424; x_wconf 75' lang='lat' dir='ltr'><strong>motus</strong></span> <span class='ocrx_word' id='word_1_81' title='bbox 1332 1363 1477 1416; x_wconf 88' lang='lat' dir='ltr'><strong>senis</strong></span> <span class='ocrx_word' id='word_1_82' title='bbox 1530 1363 1789 1423; x_wconf 77' lang='lat' dir='ltr'><strong>mulieris,</strong></span> <span class='ocrx_word' id='word_1_83' title='bbox 1829 1369 1878 1412; x_wconf 91' lang='lat' dir='ltr'><strong>et</strong></span> <span class='ocrx_word' id='word_1_84' title='bbox 1909 1359 2126 1423; x_wconf 80' lang='lat' dir='ltr'><strong>debilis,</strong></span> <span class='ocrx_word' id='word_1_85' title='bbox 2159 1373 2284 1411; x_wconf 87' lang='lat' dir='ltr'><strong>ora-</strong></span> 
     </span>
    </p>
   </div>
   <div class='ocr_carea' id='block_1_15' title="bbox 711 1453 2283 1520">
    <p class='ocr_par' dir='ltr' id='par_1_15' title="bbox 711 1453 2283 1520">
     <span class='ocr_line' id='line_1_15' title="bbox 711 1453 2283 1520; baseline 0 -16"><span class='ocrx_word' id='word_1_86' title='bbox 711 1457 857 1510; x_wconf 89' lang='lat' dir='ltr'><strong>tione</strong></span> <span class='ocrx_word' id='word_1_87' title='bbox 885 1455 1237 1520; x_wconf 76' lang='lat' dir='ltr'><strong>przrcedente,</strong></span> <span class='ocrx_word' id='word_1_88' title='bbox 1262 1455 1381 1508; x_wconf 89' lang='lat' dir='ltr'><strong>oleo</strong></span> <span class='ocrx_word' id='word_1_89' title='bbox 1403 1455 1704 1520; x_wconf 83' lang='lat' dir='ltr'><strong>superfuso,</strong></span> <span class='ocrx_word' id='word_1_90' title='bbox 1740 1453 1972 1507; x_wconf 72' lang='lat' dir='ltr'><strong>lucerna:</strong></span> <span class='ocrx_word' id='word_1_91' title='bbox 2001 1456 2283 1506; x_wconf 91' lang='lat' dir='ltr'><strong>oculorum</strong></span> 
     </span>
    </p>
   </div>
   <div class='ocr_carea' id='block_1_16' title="bbox 707 1542 2290 1610">
    <p class='ocr_par' dir='ltr' id='par_1_16' title="bbox 707 1542 2290 1610">
     <span class='ocr_line' id='line_1_16' title="bbox 707 1542 2290 1610; baseline 0.001 -15"><span class='ocrx_word' id='word_1_92' title='bbox 707 1543 939 1596; x_wconf 81' lang='lat' dir='ltr'><strong>reddunt</strong></span> <span class='ocrx_word' id='word_1_93' title='bbox 963 1542 1181 1598; x_wconf 90' lang='lat' dir='ltr'><strong>luminis</strong></span> <span class='ocrx_word' id='word_1_94' title='bbox 1211 1543 1408 1607; x_wconf 79' lang='lat' dir='ltr'><strong>radios,</strong></span> <span class='ocrx_word' id='word_1_95' title='bbox 1439 1552 1492 1596; x_wconf 91' lang='lat' dir='ltr'><strong>et</strong></span> <span class='ocrx_word' id='word_1_96' title='bbox 1512 1543 1648 1595; x_wconf 89' lang='lat' dir='ltr'><strong>datis</strong></span> <span class='ocrx_word' id='word_1_97' title='bbox 1669 1542 2033 1610; x_wconf 84' lang='lat' dir='ltr'><strong>specularibus</strong></span> <span class='ocrx_word' id='word_1_98' title='bbox 2057 1542 2290 1596; x_wconf 69' lang='lat' dir='ltr'><strong>tenebrat</strong></span> 
     </span>
    </p>
   </div>
   <div class='ocr_carea' id='block_1_17' title="bbox 708 1634 2285 1705">
    <p class='ocr_par' dir='ltr' id='par_1_17' title="bbox 708 1634 2285 1705">
     <span class='ocr_line' id='line_1_17' title="bbox 708 1634 2285 1705; baseline 0.001 -18"><span class='ocrx_word' id='word_1_99' title='bbox 708 1634 977 1702; x_wconf 75' lang='lat' dir='ltr'><strong>fugerunt.</strong></span> <span class='ocrx_word' id='word_1_100' title='bbox 1029 1636 1143 1705; x_wconf 87' lang='lat' dir='ltr'><strong>Qua</strong></span> <span class='ocrx_word' id='word_1_101' title='bbox 1194 1636 1510 1700; x_wconf 88' lang='lat' dir='ltr'><strong>illuminata,</strong></span> <span class='ocrx_word' id='word_1_102' title='bbox 1545 1636 1654 1688; x_wconf 88' lang='lat' dir='ltr'><strong>Deo</strong></span> <span class='ocrx_word' id='word_1_103' title='bbox 1705 1635 1990 1689; x_wconf 86' lang='lat' dir='ltr'><strong>reddentes</strong></span> <span class='ocrx_word' id='word_1_104' title='bbox 2037 1635 2285 1702; x_wconf 73' lang='lat' dir='ltr'><strong>gloriam,</strong></span> 
     </span>
    </p>
   </div>
   <div class='ocr_carea' id='block_1_18' title="bbox 705 1726 2286 1796">
    <p class='ocr_par' dir='ltr' id='par_1_18' title="bbox 705 1726 2286 1796">
     <span class='ocr_line' id='line_1_18' title="bbox 705 1726 2286 1796; baseline 0.004 -17"><span class='ocrx_word' id='word_1_105' title='bbox 705 1738 804 1792; x_wconf 78' lang='lat' dir='ltr'><strong>per</strong></span> <span class='ocrx_word' id='word_1_106' title='bbox 823 1741 985 1796; x_wconf 89' lang='lat' dir='ltr'><strong>quem</strong></span> <span class='ocrx_word' id='word_1_107' title='bbox 1014 1726 1254 1784; x_wconf 80' lang='lat' dir='ltr'><strong>Christus</strong></span> <span class='ocrx_word' id='word_1_108' title='bbox 1280 1736 1556 1794; x_wconf 82' lang='lat' dir='ltr'><strong>Operatur,</strong></span> <span class='ocrx_word' id='word_1_109' title='bbox 1581 1737 1819 1782; x_wconf 85' lang='lat' dir='ltr'><strong>astantes</strong></span> <span class='ocrx_word' id='word_1_110' title='bbox 1858 1727 2032 1783; x_wconf 86' lang='lat' dir='ltr'><strong>sancti</strong></span> <span class='ocrx_word' id='word_1_111' title='bbox 2063 1727 2286 1785; x_wconf 87' lang='lat' dir='ltr'><strong>Germa-</strong></span> 
     </span>
    </p>
   </div>
   <div class='ocr_carea' id='block_1_19' title="bbox 707 1816 1479 1886">
    <p class='ocr_par' dir='ltr' id='par_1_19' title="bbox 707 1816 1479 1886">
     <span class='ocr_line' id='line_1_19' title="bbox 707 1816 1479 1886; baseline 0.003 -16"><span class='ocrx_word' id='word_1_112' title='bbox 707 1816 764 1870; x_wconf 86' lang='lat' dir='ltr'><strong>ni</strong></span> <span class='ocrx_word' id='word_1_113' title='bbox 795 1817 1081 1886; x_wconf 79' lang='lat' dir='ltr'><strong>prteconati</strong></span> <span class='ocrx_word' id='word_1_114' title='bbox 1110 1827 1234 1873; x_wconf 90' lang='lat' dir='ltr'><strong>sunt</strong></span> <span class='ocrx_word' id='word_1_115' title='bbox 1261 1819 1479 1874; x_wconf 89' lang='lat' dir='ltr'><strong>merita.</strong></span> 
     </span>
    </p>
   </div>
   <div class='ocr_carea' id='block_1_20' title="bbox 2383 604 3979 679">
    <p class='ocr_par' dir='ltr' id='par_1_20' title="bbox 2383 604 3979 679">
     <span class='ocr_line' id='line_1_20' title="bbox 2383 604 3979 679; baseline -0.003 -17"><span class='ocrx_word' id='word_1_116' title='bbox 2383 625 2486 679; x_wconf 90' lang='lat' dir='ltr'><strong>qua</strong></span> <span class='ocrx_word' id='word_1_117' title='bbox 2516 608 2769 679; x_wconf 60' lang='lat' dir='ltr'><strong>pracdicta</strong></span> <span class='ocrx_word' id='word_1_118' title='bbox 2798 609 2993 663; x_wconf 88' lang='lat' dir='ltr'><strong>mulier</strong></span> <span class='ocrx_word' id='word_1_119' title='bbox 3031 606 3308 661; x_wconf 81' lang='lat' dir='ltr'><strong>habitabat</strong></span> <span class='ocrx_word' id='word_1_120' title='bbox 3336 604 3588 659; x_wconf 90' lang='lat' dir='ltr'><strong>obtinuit.</strong></span> <span class='ocrx_word' id='word_1_121' title='bbox 3620 606 3792 671; x_wconf 85' lang='lat' dir='ltr'><strong>Quam</strong></span> <span class='ocrx_word' id='word_1_122' title='bbox 3816 608 3979 658; x_wconf 60' lang='lat' dir='ltr'><strong>mari.</strong></span> 
     </span>
    </p>
   </div>
   <div class='ocr_carea' id='block_1_21' title="bbox 2385 695 3976 768">
    <p class='ocr_par' dir='ltr' id='par_1_21' title="bbox 2385 695 3976 768">
     <span class='ocr_line' id='line_1_21' title="bbox 2385 695 3976 768; baseline -0.004 -10"><span class='ocrx_word' id='word_1_123' title='bbox 2385 711 2472 758; x_wconf 86' lang='lat' dir='ltr'><strong>tus</strong></span> <span class='ocrx_word' id='word_1_124' title='bbox 2492 704 2775 768; x_wconf 78' lang='lat' dir='ltr'><strong>allocutus,</strong></span> <span class='ocrx_word' id='word_1_125' title='bbox 2801 711 2859 755; x_wconf 95' lang='lat' dir='ltr'><strong>ut</strong></span> <span class='ocrx_word' id='word_1_126' title='bbox 2883 702 3022 755; x_wconf 90' lang='lat' dir='ltr'><strong>sicut</strong></span> <span class='ocrx_word' id='word_1_127' title='bbox 3047 700 3162 763; x_wconf 82' lang='lat' dir='ltr'><strong>alii,</strong></span> <span class='ocrx_word' id='word_1_128' title='bbox 3195 707 3250 752; x_wconf 86' lang='lat' dir='ltr'><strong>et</strong></span> <span class='ocrx_word' id='word_1_129' title='bbox 3269 698 3370 766; x_wconf 85' lang='lat' dir='ltr'><strong>ipsi</strong></span> <span class='ocrx_word' id='word_1_130' title='bbox 3396 697 3464 750; x_wconf 90' lang='lat' dir='ltr'><strong>ad</strong></span> <span class='ocrx_word' id='word_1_131' title='bbox 3501 696 3765 766; x_wconf 89' lang='lat' dir='ltr'><strong>reliquias</strong></span> <span class='ocrx_word' id='word_1_132' title='bbox 3788 695 3976 752; x_wconf 85' lang='lat' dir='ltr'><strong>domui</strong></span> 
     </span>
    </p>
   </div>
   <div class='ocr_carea' id='block_1_22' title="bbox 2386 788 3977 859">
    <p class='ocr_par' dir='ltr' id='par_1_22' title="bbox 2386 788 3977 859">
     <span class='ocr_line' id='line_1_22' title="bbox 2386 788 3977 859; baseline -0.004 -10"><span class='ocrx_word' id='word_1_133' title='bbox 2386 794 2640 849; x_wconf 86' lang='lat' dir='ltr'><strong>Germani</strong></span> <span class='ocrx_word' id='word_1_134' title='bbox 2669 801 3035 849; x_wconf 84' lang='lat' dir='ltr'><strong>occurrerent.</strong></span> <span class='ocrx_word' id='word_1_135' title='bbox 3077 792 3210 858; x_wconf 61' lang='lat' dir='ltr'><strong>Quae</strong></span> <span class='ocrx_word' id='word_1_136' title='bbox 3235 791 3492 859; x_wconf 79' lang='lat' dir='ltr'><strong>despexit</strong></span> <span class='ocrx_word' id='word_1_137' title='bbox 3535 804 3635 857; x_wconf 87' lang='lat' dir='ltr'><strong>pro</strong></span> <span class='ocrx_word' id='word_1_138' title='bbox 3658 803 3725 842; x_wconf 89' lang='lat' dir='ltr'><strong>eo</strong></span> <span class='ocrx_word' id='word_1_139' title='bbox 3755 788 3900 854; x_wconf 90' lang='lat' dir='ltr'><strong>quod</strong></span> <span class='ocrx_word' id='word_1_140' title='bbox 3928 788 3977 844; x_wconf 90' lang='lat' dir='ltr'><strong>ei</strong></span> 
     </span>
    </p>
   </div>
   <div class='ocr_carea' id='block_1_23' title="bbox 2384 880 3978 952">
    <p class='ocr_par' dir='ltr' id='par_1_23' title="bbox 2384 880 3978 952">
     <span class='ocr_line' id='line_1_23' title="bbox 2384 880 3978 952; baseline -0.005 -10"><span class='ocrx_word' id='word_1_141' title='bbox 2384 897 2601 942; x_wconf 88' lang='lat' dir='ltr'><strong>sanctus</strong></span> <span class='ocrx_word' id='word_1_142' title='bbox 2655 887 2737 939; x_wconf 89' lang='lat' dir='ltr'><strong>vir</strong></span> <span class='ocrx_word' id='word_1_143' title='bbox 2786 885 3213 952; x_wconf 86' lang='lat' dir='ltr'><strong>redemptionem</strong></span> <span class='ocrx_word' id='word_1_144' title='bbox 3249 897 3356 936; x_wconf 93' lang='lat' dir='ltr'><strong>non</strong></span> <span class='ocrx_word' id='word_1_145' title='bbox 3383 883 3626 936; x_wconf 79' lang='lat' dir='ltr'><strong>dederat.</strong></span> <span class='ocrx_word' id='word_1_146' title='bbox 3658 880 3770 935; x_wconf 74' lang='lat' dir='ltr'><strong>Sed</strong></span> <span class='ocrx_word' id='word_1_147' title='bbox 3796 885 3978 935; x_wconf 84' lang='lat' dir='ltr'><strong>statim</strong></span> 
     </span>
    </p>
   </div>
   <div class='ocr_carea' id='block_1_24' title="bbox 2386 974 3984 1047">
    <p class='ocr_par' dir='ltr' id='par_1_24' title="bbox 2386 974 3984 1047">
     <span class='ocr_line' id='line_1_24' title="bbox 2386 974 3984 1047; baseline -0.005 -14"><span class='ocrx_word' id='word_1_148' title='bbox 2386 979 2439 1033; x_wconf 85' lang='lat' dir='ltr'><strong>in</strong></span> <span class='ocrx_word' id='word_1_149' title='bbox 2470 981 2587 1033; x_wconf 92' lang='lat' dir='ltr'><strong>loco</strong></span> <span class='ocrx_word' id='word_1_150' title='bbox 2619 993 2726 1047; x_wconf 93' lang='lat' dir='ltr'><strong>quo</strong></span> <span class='ocrx_word' id='word_1_151' title='bbox 2754 978 2928 1039; x_wconf 87' lang='lat' dir='ltr'><strong>stetit,</strong></span> <span class='ocrx_word' id='word_1_152' title='bbox 2960 975 3100 1030; x_wconf 86' lang='lat' dir='ltr'><strong>velut</strong></span> <span class='ocrx_word' id='word_1_153' title='bbox 3121 974 3222 1027; x_wconf 76' lang='lat' dir='ltr'><strong>lixa</strong></span> <span class='ocrx_word' id='word_1_154' title='bbox 3254 974 3459 1040; x_wconf 89' lang='lat' dir='ltr'><strong>stipite,</strong></span> <span class='ocrx_word' id='word_1_155' title='bbox 3489 987 3737 1040; x_wconf 77' lang='lat' dir='ltr'><strong>gressum</strong></span> <span class='ocrx_word' id='word_1_156' title='bbox 3765 986 3984 1026; x_wconf 80' lang='lat' dir='ltr'><strong>morere</strong></span> 
     </span>
    </p>
   </div>
   <div class='ocr_carea' id='block_1_25' title="bbox 2388 1062 3986 1134">
    <p class='ocr_par' dir='ltr' id='par_1_25' title="bbox 2388 1062 3986 1134">
     <span class='ocr_line' id='line_1_25' title="bbox 2388 1062 3986 1134; baseline -0.005 -11"><span class='ocrx_word' id='word_1_157' title='bbox 2388 1084 2491 1123; x_wconf 91' lang='lat' dir='ltr'><strong>non</strong></span> <span class='ocrx_word' id='word_1_158' title='bbox 2521 1069 2727 1134; x_wconf 89' lang='lat' dir='ltr'><strong>potuit;</strong></span> <span class='ocrx_word' id='word_1_159' title='bbox 2760 1067 3116 1134; x_wconf 88' lang='lat' dir='ltr'><strong>manibusque</strong></span> <span class='ocrx_word' id='word_1_160' title='bbox 3145 1065 3440 1118; x_wconf 82' lang='lat' dir='ltr'><strong>contractis</strong></span> <span class='ocrx_word' id='word_1_161' title='bbox 3471 1063 3536 1114; x_wconf 89' lang='lat' dir='ltr'><strong>ad</strong></span> <span class='ocrx_word' id='word_1_162' title='bbox 3567 1062 3828 1126; x_wconf 71' lang='lat' dir='ltr'><strong>reliquias</strong></span> <span class='ocrx_word' id='word_1_163' title='bbox 3855 1078 3986 1115; x_wconf 58' lang='lat' dir='ltr'><strong>san-</strong></span> 
     </span>
    </p>
   </div>
   <div class='ocr_carea' id='block_1_26' title="bbox 2387 1153 3987 1226">
    <p class='ocr_par' dir='ltr' id='par_1_26' title="bbox 2387 1153 3987 1226">
     <span class='ocr_line' id='line_1_26' title="bbox 2387 1153 3987 1226; baseline -0.006 -12"><span class='ocrx_word' id='word_1_164' title='bbox 2387 1163 2480 1223; x_wconf 88' lang='lat' dir='ltr'><strong>cti,</strong></span> <span class='ocrx_word' id='word_1_165' title='bbox 2511 1175 2670 1214; x_wconf 90' lang='lat' dir='ltr'><strong>manu</strong></span> <span class='ocrx_word' id='word_1_166' title='bbox 2702 1157 2880 1212; x_wconf 91' lang='lat' dir='ltr'><strong>mariti</strong></span> <span class='ocrx_word' id='word_1_167' title='bbox 2913 1165 3126 1226; x_wconf 88' lang='lat' dir='ltr'><strong>portata</strong></span> <span class='ocrx_word' id='word_1_168' title='bbox 3155 1165 3260 1209; x_wconf 92' lang='lat' dir='ltr'><strong>est.</strong></span> <span class='ocrx_word' id='word_1_169' title='bbox 3288 1153 3429 1209; x_wconf 89' lang='lat' dir='ltr'><strong>Inter</strong></span> <span class='ocrx_word' id='word_1_170' title='bbox 3479 1153 3616 1216; x_wconf 74' lang='lat' dir='ltr'><strong>hmc,</strong></span> <span class='ocrx_word' id='word_1_171' title='bbox 3651 1153 3780 1206; x_wconf 87' lang='lat' dir='ltr'><strong>dicti</strong></span> <span class='ocrx_word' id='word_1_172' title='bbox 3811 1154 3987 1212; x_wconf 67' lang='lat' dir='ltr'><strong>timui-</strong></span> 
     </span>
    </p>
   </div>
   <div class='ocr_carea' id='block_1_27' title="bbox 2390 1244 3985 1315">
    <p class='ocr_par' dir='ltr' id='par_1_27' title="bbox 2390 1244 3985 1315">
     <span class='ocr_line' id='line_1_27' title="bbox 2390 1244 3985 1315; baseline -0.003 -14"><span class='ocrx_word' id='word_1_173' title='bbox 2390 1263 2528 1315; x_wconf 82' lang='lat' dir='ltr'><strong>teus,</strong></span> <span class='ocrx_word' id='word_1_174' title='bbox 2547 1250 2838 1303; x_wconf 84' lang='lat' dir='ltr'><strong>miserante</strong></span> <span class='ocrx_word' id='word_1_175' title='bbox 2869 1247 2957 1315; x_wconf 89' lang='lat' dir='ltr'><strong>pio</strong></span> <span class='ocrx_word' id='word_1_176' title='bbox 2977 1246 3114 1312; x_wconf 91' lang='lat' dir='ltr'><strong>viro,</strong></span> <span class='ocrx_word' id='word_1_177' title='bbox 3146 1245 3304 1298; x_wconf 83' lang='lat' dir='ltr'><strong>saluti</strong></span> <span class='ocrx_word' id='word_1_178' title='bbox 3341 1244 3559 1298; x_wconf 90' lang='lat' dir='ltr'><strong>reducta</strong></span> <span class='ocrx_word' id='word_1_179' title='bbox 3585 1253 3689 1309; x_wconf 88' lang='lat' dir='ltr'><strong>est,</strong></span> <span class='ocrx_word' id='word_1_180' title='bbox 3713 1245 3985 1297; x_wconf 76' lang='lat' dir='ltr'><strong>conﬁtens</strong></span> 
     </span>
    </p>
   </div>
   <div class='ocr_carea' id='block_1_28' title="bbox 2389 1338 3982 1409">
    <p class='ocr_par' dir='ltr' id='par_1_28' title="bbox 2389 1338 3982 1409">
     <span class='ocr_line' id='line_1_28' title="bbox 2389 1338 3982 1409; baseline -0.001 -15"><span class='ocrx_word' id='word_1_181' title='bbox 2389 1341 2504 1409; x_wconf 85' lang='lat' dir='ltr'><strong>ejus</strong></span> <span class='ocrx_word' id='word_1_182' title='bbox 2536 1341 2794 1408; x_wconf 88' lang='lat' dir='ltr'><strong>despectu</strong></span> <span class='ocrx_word' id='word_1_183' title='bbox 2822 1340 2927 1394; x_wconf 84' lang='lat' dir='ltr'><strong>sibi</strong></span> <span class='ocrx_word' id='word_1_184' title='bbox 2962 1339 3306 1408; x_wconf 85' lang='lat' dir='ltr'><strong>repentinum</strong></span> <span class='ocrx_word' id='word_1_185' title='bbox 3330 1338 3626 1390; x_wconf 87' lang='lat' dir='ltr'><strong>accessisse</strong></span> <span class='ocrx_word' id='word_1_186' title='bbox 3658 1338 3982 1406; x_wconf 88' lang='lat' dir='ltr'><strong>periculum.</strong></span> 
     </span>
    </p>
   </div>
   <div class='ocr_carea' id='block_1_29' title="bbox 2463 1431 3980 1499">
    <p class='ocr_par' dir='ltr' id='par_1_29' title="bbox 2463 1431 3980 1499">
     <span class='ocr_line' id='line_1_29' title="bbox 2463 1431 3980 1499; baseline -0.001 -13"><span class='ocrx_word' id='word_1_187' title='bbox 2463 1431 2550 1488; x_wconf 87' lang='lat'><strong>58.</strong></span> <span class='ocrx_word' id='word_1_188' title='bbox 2585 1434 2646 1486; x_wconf 82' lang='lat' dir='ltr'><strong>Et</strong></span> <span class='ocrx_word' id='word_1_189' title='bbox 2679 1433 2955 1499; x_wconf 86' lang='lat' dir='ltr'><strong>quoniam,</strong></span> <span class='ocrx_word' id='word_1_190' title='bbox 3005 1446 3104 1485; x_wconf 90' lang='lat' dir='ltr'><strong>suo</strong></span> <span class='ocrx_word' id='word_1_191' title='bbox 3135 1431 3349 1494; x_wconf 89' lang='lat' dir='ltr'><strong>merito,</strong></span> <span class='ocrx_word' id='word_1_192' title='bbox 3381 1431 3589 1484; x_wconf 89' lang='lat' dir='ltr'><strong>semina</strong></span> <span class='ocrx_word' id='word_1_193' title='bbox 3653 1432 3851 1482; x_wconf 85' lang='lat' dir='ltr'><strong>salutis</strong></span> <span class='ocrx_word' id='word_1_194' title='bbox 3883 1446 3980 1494; x_wconf 86' lang='lat' dir='ltr'><strong>per</strong></span> 
     </span>
    </p>
   </div>
   <div class='ocr_carea' id='block_1_30' title="bbox 2391 1523 3991 1594">
    <p class='ocr_par' dir='ltr' id='par_1_30' title="bbox 2391 1523 3991 1594">
     <span class='ocr_line' id='line_1_30' title="bbox 2391 1523 3991 1594; baseline 0 -18"><span class='ocrx_word' id='word_1_195' title='bbox 2391 1540 2614 1594; x_wconf 68' lang='lat' dir='ltr'><strong>quaeque</strong></span> <span class='ocrx_word' id='word_1_196' title='bbox 2645 1525 2759 1580; x_wconf 90' lang='lat' dir='ltr'><strong>loca</strong></span> <span class='ocrx_word' id='word_1_197' title='bbox 2811 1525 3052 1590; x_wconf 82' lang='lat' dir='ltr'><strong>dispersa</strong></span> <span class='ocrx_word' id='word_1_198' title='bbox 3086 1533 3232 1590; x_wconf 88' lang='lat' dir='ltr'><strong>sunt,</strong></span> <span class='ocrx_word' id='word_1_199' title='bbox 3291 1523 3520 1593; x_wconf 80' lang='lat' dir='ltr'><strong>contigit</strong></span> <span class='ocrx_word' id='word_1_200' title='bbox 3563 1533 3620 1576; x_wconf 85' lang='lat' dir='ltr'><strong>ut</strong></span> <span class='ocrx_word' id='word_1_201' title='bbox 3654 1524 3991 1576; x_wconf 78' lang='lat' dir='ltr'><strong>venerabilis</strong></span> 
     </span>
    </p>
   </div>
   <div class='ocr_carea' id='block_1_31' title="bbox 2396 1610 3985 1678">
    <p class='ocr_par' dir='ltr' id='par_1_31' title="bbox 2396 1610 3985 1678">
     <span class='ocr_line' id='line_1_31' title="bbox 2396 1610 3985 1678; baseline -0.003 -8"><span class='ocrx_word' id='word_1_202' title='bbox 2396 1616 2673 1678; x_wconf 81' lang='lat' dir='ltr'><strong>Flameris,</strong></span> <span class='ocrx_word' id='word_1_203' title='bbox 2705 1613 2838 1668; x_wconf 90' lang='lat' dir='ltr'><strong>abba</strong></span> <span class='ocrx_word' id='word_1_204' title='bbox 2865 1613 2932 1667; x_wconf 89' lang='lat' dir='ltr'><strong>de</strong></span> <span class='ocrx_word' id='word_1_205' title='bbox 2967 1623 2990 1651; x_wconf 84' lang='grc' dir='ltr'><strong>ο</strong></span> <span class='ocrx_word' id='word_1_206' title='bbox 3022 1610 3240 1666; x_wconf 79' lang='lat' dir='ltr'><strong>Conone</strong></span> <span class='ocrx_word' id='word_1_207' title='bbox 3289 1612 3586 1674; x_wconf 80' lang='lat' dir='ltr'><strong>Turonico,</strong></span> <span class='ocrx_word' id='word_1_208' title='bbox 3636 1627 3802 1665; x_wconf 78' lang='lat' dir='ltr'><strong>manu</strong></span> <span class='ocrx_word' id='word_1_209' title='bbox 3835 1613 3985 1666; x_wconf 86' lang='lat' dir='ltr'><strong>beati</strong></span> 
     </span>
    </p>
   </div>
   <div class='ocr_carea' id='block_1_32' title="bbox 2393 1703 3989 1774">
    <p class='ocr_par' dir='ltr' id='par_1_32' title="bbox 2393 1703 3989 1774">
     <span class='ocr_line' id='line_1_32' title="bbox 2393 1703 3989 1774; baseline -0.003 -13"><span class='ocrx_word' id='word_1_210' title='bbox 2393 1707 2645 1761; x_wconf 84' lang='lat' dir='ltr'><strong>Germani</strong></span> <span class='ocrx_word' id='word_1_211' title='bbox 2666 1706 3022 1774; x_wconf 79' lang='lat' dir='ltr'><strong>subscriptam</strong></span> <span class='ocrx_word' id='word_1_212' title='bbox 3051 1705 3346 1773; x_wconf 87' lang='lat' dir='ltr'><strong>accepisset</strong></span> <span class='ocrx_word' id='word_1_213' title='bbox 3366 1703 3677 1772; x_wconf 82' lang='lat' dir='ltr'><strong>epistolam.</strong></span> <span class='ocrx_word' id='word_1_214' title='bbox 3727 1704 3832 1768; x_wconf 86' lang='lat' dir='ltr'><strong>Qui</strong></span> <span class='ocrx_word' id='word_1_215' title='bbox 3858 1719 3989 1757; x_wconf 71' lang='lat' dir='ltr'><strong>cum</strong></span> 
     </span>
    </p>
   </div>
   <div class='ocr_carea' id='block_1_33' title="bbox 2393 1794 3988 1864">
    <p class='ocr_par' dir='ltr' id='par_1_33' title="bbox 2393 1794 3988 1864">
     <span class='ocr_line' id='line_1_33' title="bbox 2393 1794 3988 1864; baseline -0.001 -14"><span class='ocrx_word' id='word_1_216' title='bbox 2393 1812 2546 1851; x_wconf 86' lang='lat' dir='ltr'><strong>suum</strong></span> <span class='ocrx_word' id='word_1_217' title='bbox 2584 1796 2908 1851; x_wconf 90' lang='lat' dir='ltr'><strong>monachum</strong></span> <span class='ocrx_word' id='word_1_218' title='bbox 2945 1809 3041 1864; x_wconf 89' lang='lat' dir='ltr'><strong>per</strong></span> <span class='ocrx_word' id='word_1_219' title='bbox 3068 1796 3205 1849; x_wconf 83' lang='lat' dir='ltr'><strong>duos</strong></span> <span class='ocrx_word' id='word_1_220' title='bbox 3225 1808 3417 1861; x_wconf 87' lang='lat' dir='ltr'><strong>annos,</strong></span> <span class='ocrx_word' id='word_1_221' title='bbox 3445 1794 3687 1848; x_wconf 76' lang='lat' dir='ltr'><strong>febribus</strong></span> <span class='ocrx_word' id='word_1_222' title='bbox 3708 1795 3988 1848; x_wconf 81' lang='lat' dir='ltr'><strong>decuban-</strong></span> 
     </span>
    </p>
   </div>
   <div class='ocr_carea' id='block_1_34' title="bbox 788 1889 3988 1980">
    <p class='ocr_par' dir='ltr' id='par_1_34' title="bbox 788 1889 3988 1980">
     <span class='ocr_line' id='line_1_34' title="bbox 788 1889 3988 1980; baseline -0.002 -29"><span class='ocrx_word' id='word_1_223' title='bbox 788 1909 878 1963; x_wconf 77' lang='lat'><strong>55,</strong></span> <span class='ocrx_word' id='word_1_224' title='bbox 927 1909 1305 1964; x_wconf 69' lang='grc' dir='ltr'><strong>υῑηυηιρηηιιί</strong></span> <span class='ocrx_word' id='word_1_225' title='bbox 1335 1917 1461 1964; x_wconf 68' lang='lat' dir='ltr'><strong>sum</strong></span> <span class='ocrx_word' id='word_1_226' title='bbox 1501 1910 1695 1972; x_wconf 50' lang='lat' dir='ltr'><strong>morbi.</strong></span> <span class='ocrx_word' id='word_1_227' title='bbox 1729 1919 1784 1964; x_wconf 76' lang='grc' dir='ltr'>υι</span> <span class='ocrx_word' id='word_1_228' title='bbox 1825 1911 2146 1980; x_wconf 63' lang='grc' dir='ltr'><strong>ρτωάίοεωτ</strong></span> <span class='ocrx_word' id='word_1_229' title='bbox 2174 1910 2292 1966; x_wconf 66' lang='lat' dir='ltr'><strong>fons</strong></span> <span class='ocrx_word' id='word_1_230' title='bbox 2326 1889 2372 1949; x_wconf 89' lang='lat' dir='ltr'><strong>B</strong></span> <span class='ocrx_word' id='word_1_231' title='bbox 2400 1903 2528 1962; x_wconf 90' lang='lat' dir='ltr'><strong>tem,</strong></span> <span class='ocrx_word' id='word_1_232' title='bbox 2551 1895 2619 1950; x_wconf 90' lang='lat' dir='ltr'><strong>ad</strong></span> <span class='ocrx_word' id='word_1_233' title='bbox 2652 1893 2900 1949; x_wconf 88' lang='lat' dir='ltr'><strong>lectulum</strong></span> <span class='ocrx_word' id='word_1_234' title='bbox 2925 1890 3696 1958; x_wconf 79' lang='lat' dir='ltr'><strong>visitaret,requiritinﬁrmus</strong></span> <span class='ocrx_word' id='word_1_235' title='bbox 3716 1890 3862 1944; x_wconf 85' lang='lat' dir='ltr'><strong>unde</strong></span> <span class='ocrx_word' id='word_1_236' title='bbox 3886 1907 3988 1946; x_wconf 78' lang='lat' dir='ltr'><strong>ve-</strong></span> 
     </span>
    </p>
   </div>
   <div class='ocr_carea' id='block_1_35' title="bbox 697 1999 2292 2072">
    <p class='ocr_par' dir='ltr' id='par_1_35' title="bbox 697 1999 2292 2072">
     <span class='ocr_line' id='line_1_35' title="bbox 697 1999 2292 2072; baseline 0.001 -17"><span class='ocrx_word' id='word_1_237' title='bbox 697 2001 926 2055; x_wconf 80' lang='lat' dir='ltr'><strong>medici.</strong></span> <span class='ocrx_word' id='word_1_238' title='bbox 986 2000 1280 2071; x_wconf 80' lang='lat' dir='ltr'><strong>Daningus,</strong></span> <span class='ocrx_word' id='word_1_239' title='bbox 1339 2001 1541 2056; x_wconf 82' lang='lat' dir='ltr'><strong>Ardulli</strong></span> <span class='ocrx_word' id='word_1_240' title='bbox 1594 1999 1754 2066; x_wconf 85' lang='lat' dir='ltr'><strong>titius,</strong></span> <span class='ocrx_word' id='word_1_241' title='bbox 1784 2002 1852 2056; x_wconf 90' lang='lat' dir='ltr'><strong>ita</strong></span> <span class='ocrx_word' id='word_1_242' title='bbox 1876 2003 2072 2072; x_wconf 89' lang='lat' dir='ltr'><strong>capite,</strong></span> <span class='ocrx_word' id='word_1_243' title='bbox 2101 2004 2292 2068; x_wconf 92' lang='lat' dir='ltr'><strong>oculis,</strong></span> 
     </span>
    </p>
   </div>
   <div class='ocr_carea' id='block_1_36' title="bbox 712 2089 2293 2160">
    <p class='ocr_par' dir='ltr' id='par_1_36' title="bbox 712 2089 2293 2160">
     <span class='ocr_line' id='line_1_36' title="bbox 712 2089 2293 2160; baseline 0.003 -16"><span class='ocrx_word' id='word_1_244' title='bbox 712 2099 769 2144; x_wconf 85' lang='lat' dir='ltr'><strong>et</strong></span> <span class='ocrx_word' id='word_1_245' title='bbox 789 2090 915 2144; x_wconf 93' lang='lat' dir='ltr'><strong>totis</strong></span> <span class='ocrx_word' id='word_1_246' title='bbox 946 2089 1200 2160; x_wconf 84' lang='lat' dir='ltr'><strong>hydropis</strong></span> <span class='ocrx_word' id='word_1_247' title='bbox 1221 2091 1406 2144; x_wconf 90' lang='lat' dir='ltr'><strong>morbo</strong></span> <span class='ocrx_word' id='word_1_248' title='bbox 1429 2100 1613 2146; x_wconf 90' lang='lat' dir='ltr'><strong>tensus</strong></span> <span class='ocrx_word' id='word_1_249' title='bbox 1644 2101 1761 2146; x_wconf 85' lang='lat' dir='ltr'><strong>crat</strong></span> <span class='ocrx_word' id='word_1_250' title='bbox 1791 2094 2104 2157; x_wconf 86' lang='lat' dir='ltr'><strong>visceribus.</strong></span> <span class='ocrx_word' id='word_1_251' title='bbox 2152 2103 2212 2149; x_wconf 88' lang='lat' dir='ltr'><strong>ut</strong></span> <span class='ocrx_word' id='word_1_252' title='bbox 2243 2097 2293 2148; x_wconf 93' lang='lat' dir='ltr'><strong>in</strong></span> 
     </span>
    </p>
   </div>
   <div class='ocr_carea' id='block_1_37' title="bbox 714 2181 2299 2252">
    <p class='ocr_par' dir='ltr' id='par_1_37' title="bbox 714 2181 2299 2252">
     <span class='ocr_line' id='line_1_37' title="bbox 714 2181 2299 2252; baseline 0.003 -16"><span class='ocrx_word' id='word_1_253' title='bbox 714 2182 852 2236; x_wconf 77' lang='lat' dir='ltr'><strong>utris</strong></span> <span class='ocrx_word' id='word_1_254' title='bbox 879 2182 1278 2236; x_wconf 90' lang='lat' dir='ltr'><strong>similitudinem</strong></span> <span class='ocrx_word' id='word_1_255' title='bbox 1309 2181 1458 2250; x_wconf 87' lang='lat' dir='ltr'><strong>quasi</strong></span> <span class='ocrx_word' id='word_1_256' title='bbox 1484 2191 1625 2236; x_wconf 91' lang='lat' dir='ltr'><strong>totus</strong></span> <span class='ocrx_word' id='word_1_257' title='bbox 1648 2194 1836 2237; x_wconf 88' lang='lat' dir='ltr'><strong>venter</strong></span> <span class='ocrx_word' id='word_1_258' title='bbox 1854 2195 2016 2247; x_wconf 84' lang='lat' dir='ltr'><strong>esset,</strong></span> <span class='ocrx_word' id='word_1_259' title='bbox 2050 2195 2299 2252; x_wconf 80' lang='lat' dir='ltr'><strong>penetra-</strong></span> 
     </span>
    </p>
   </div>
   <div class='ocr_carea' id='block_1_38' title="bbox 716 2272 2297 2341">
    <p class='ocr_par' dir='ltr' id='par_1_38' title="bbox 716 2272 2297 2341">
     <span class='ocr_line' id='line_1_38' title="bbox 716 2272 2297 2341; baseline 0.004 -16"><span class='ocrx_word' id='word_1_260' title='bbox 716 2272 784 2326; x_wconf 89' lang='lat' dir='ltr'><strong>tis</strong></span> <span class='ocrx_word' id='word_1_261' title='bbox 809 2273 1074 2335; x_wconf 79' lang='lat' dir='ltr'><strong>vitalibus,</strong></span> <span class='ocrx_word' id='word_1_262' title='bbox 1124 2273 1268 2327; x_wconf 83' lang='lat' dir='ltr'><strong>velut</strong></span> <span class='ocrx_word' id='word_1_263' title='bbox 1315 2273 1536 2336; x_wconf 76' lang='lat' dir='ltr'><strong>vitrum,</strong></span> <span class='ocrx_word' id='word_1_264' title='bbox 1590 2273 1894 2341; x_wconf 85' lang='lat' dir='ltr'><strong>perluceret</strong></span> <span class='ocrx_word' id='word_1_265' title='bbox 1935 2275 2124 2330; x_wconf 84' lang='lat' dir='ltr'><strong>inlecta</strong></span> <span class='ocrx_word' id='word_1_266' title='bbox 2159 2278 2297 2332; x_wconf 89' lang='lat' dir='ltr'><strong>cutis</strong></span> 
     </span>
    </p>
   </div>
   <div class='ocr_carea' id='block_1_39' title="bbox 716 2365 2294 2434">
    <p class='ocr_par' dir='ltr' id='par_1_39' title="bbox 716 2365 2294 2434">
     <span class='ocr_line' id='line_1_39' title="bbox 716 2365 2294 2434; baseline 0.004 -18"><span class='ocrx_word' id='word_1_267' title='bbox 716 2365 1203 2432; x_wconf 74' lang='lat' dir='ltr'><strong>intrittsecus.Qui,</strong></span> <span class='ocrx_word' id='word_1_268' title='bbox 1228 2381 1255 2417; x_wconf 91' lang='lat' dir='ltr'><strong>a</strong></span> <span class='ocrx_word' id='word_1_269' title='bbox 1280 2365 1502 2420; x_wconf 88' lang='lat' dir='ltr'><strong>medicis</strong></span> <span class='ocrx_word' id='word_1_270' title='bbox 1529 2366 1868 2434; x_wconf 82' lang='lat' dir='ltr'><strong>desperatus.</strong></span> <span class='ocrx_word' id='word_1_271' title='bbox 1900 2369 1965 2422; x_wconf 91' lang='lat' dir='ltr'><strong>ad</strong></span> <span class='ocrx_word' id='word_1_272' title='bbox 1993 2369 2132 2424; x_wconf 87' lang='lat' dir='ltr'><strong>beati</strong></span> <span class='ocrx_word' id='word_1_273' title='bbox 2164 2385 2294 2424; x_wconf 83' lang='lat' dir='ltr'><strong>con-</strong></span> 
     </span>
    </p>
   </div>
   <div class='ocr_carea' id='block_1_40' title="bbox 720 2455 2298 2525">
    <p class='ocr_par' dir='ltr' id='par_1_40' title="bbox 720 2455 2298 2525">
     <span class='ocr_line' id='line_1_40' title="bbox 720 2455 2298 2525; baseline 0.004 -16"><span class='ocrx_word' id='word_1_274' title='bbox 720 2455 856 2525; x_wconf 77' lang='lat' dir='ltr'><strong>fugit</strong></span> <span class='ocrx_word' id='word_1_275' title='bbox 879 2465 1114 2510; x_wconf 78' lang='lat' dir='ltr'><strong>extrema</strong></span> <span class='ocrx_word' id='word_1_276' title='bbox 1164 2468 1308 2512; x_wconf 83' lang='lat' dir='ltr'><strong>sorte</strong></span> <span class='ocrx_word' id='word_1_277' title='bbox 1338 2457 1660 2511; x_wconf 85' lang='lat' dir='ltr'><strong>remedium.</strong></span> <span class='ocrx_word' id='word_1_278' title='bbox 1715 2460 1885 2525; x_wconf 88' lang='lat' dir='ltr'><strong>Quem</strong></span> <span class='ocrx_word' id='word_1_279' title='bbox 1917 2474 2036 2513; x_wconf 79' lang='lat' dir='ltr'><strong>mox</strong></span> <span class='ocrx_word' id='word_1_280' title='bbox 2065 2462 2298 2516; x_wconf 79' lang='lat' dir='ltr'><strong>vestibus</strong></span> 
     </span>
    </p>
   </div>
   <div class='ocr_carea' id='block_1_41' title="bbox 719 2548 2298 2624">
    <p class='ocr_par' dir='ltr' id='par_1_41' title="bbox 719 2548 2298 2624">
     <span class='ocr_line' id='line_1_41' title="bbox 719 2548 2298 2624; baseline 0.004 -22"><span class='ocrx_word' id='word_1_281' title='bbox 719 2561 963 2611; x_wconf 76' lang='lat' dir='ltr'><strong>exutum,</strong></span> <span class='ocrx_word' id='word_1_282' title='bbox 991 2558 1043 2602; x_wconf 90' lang='lat' dir='ltr'><strong>et</strong></span> <span class='ocrx_word' id='word_1_283' title='bbox 1065 2548 1232 2604; x_wconf 88' lang='lat' dir='ltr'><strong>sacris</strong></span> <span class='ocrx_word' id='word_1_284' title='bbox 1263 2549 1506 2603; x_wconf 90' lang='lat' dir='ltr'><strong>manibus</strong></span> <span class='ocrx_word' id='word_1_285' title='bbox 1559 2560 1893 2618; x_wconf 89' lang='lat' dir='ltr'><strong>perunctum,</strong></span> <span class='ocrx_word' id='word_1_286' title='bbox 1946 2551 2298 2624; x_wconf 82' lang='lat' dir='ltr'><strong>Itydropisiu-</strong></span> 
     </span>
    </p>
   </div>
   <div class='ocr_carea' id='block_1_42' title="bbox 718 2641 2298 2712">
    <p class='ocr_par' dir='ltr' id='par_1_42' title="bbox 718 2641 2298 2712">
     <span class='ocr_line' id='line_1_42' title="bbox 718 2641 2298 2712; baseline 0.007 -18"><span class='ocrx_word' id='word_1_287' title='bbox 718 2641 900 2696; x_wconf 87' lang='lat' dir='ltr'><strong>clusus</strong></span> <span class='ocrx_word' id='word_1_288' title='bbox 945 2642 1116 2712; x_wconf 89' lang='lat' dir='ltr'><strong>liquor</strong></span> <span class='ocrx_word' id='word_1_289' title='bbox 1157 2643 1363 2712; x_wconf 89' lang='lat' dir='ltr'><strong>liquore</strong></span> <span class='ocrx_word' id='word_1_290' title='bbox 1403 2647 1736 2700; x_wconf 77' lang='lat' dir='ltr'><strong>consumitur</strong></span> <span class='ocrx_word' id='word_1_291' title='bbox 1765 2655 1819 2702; x_wconf 89' lang='lat' dir='ltr'><strong>et</strong></span> <span class='ocrx_word' id='word_1_292' title='bbox 1840 2663 1975 2712; x_wconf 84' lang='lat' dir='ltr'><strong>aqua</strong></span> <span class='ocrx_word' id='word_1_293' title='bbox 2030 2649 2298 2706; x_wconf 81' lang='lat' dir='ltr'><strong>inlusione</strong></span> 
     </span>
    </p>
   </div>
   <div class='ocr_carea' id='block_1_43' title="bbox 717 2731 2294 2795">
    <p class='ocr_par' dir='ltr' id='par_1_43' title="bbox 717 2731 2294 2795">
     <span class='ocr_line' id='line_1_43' title="bbox 717 2731 2294 2795; baseline 0.009 -14"><span class='ocrx_word' id='word_1_294' title='bbox 717 2731 823 2786; x_wconf 86' lang='lat' dir='ltr'><strong>olei</strong></span> <span class='ocrx_word' id='word_1_295' title='bbox 852 2731 1169 2787; x_wconf 88' lang='lat' dir='ltr'><strong>desiccatur.</strong></span> <span class='ocrx_word' id='word_1_296' title='bbox 1199 2735 1287 2790; x_wconf 86' lang='lat' dir='ltr'><strong>Sic</strong></span> <span class='ocrx_word' id='word_1_297' title='bbox 1318 2736 1476 2788; x_wconf 88' lang='lat' dir='ltr'><strong>modo</strong></span> <span class='ocrx_word' id='word_1_298' title='bbox 1497 2735 1795 2790; x_wconf 85' lang='lat' dir='ltr'><strong>admirabili</strong></span> <span class='ocrx_word' id='word_1_299' title='bbox 1844 2753 1940 2792; x_wconf 87' lang='lat' dir='ltr'><strong>nec</strong></span> <span class='ocrx_word' id='word_1_300' title='bbox 1975 2739 2172 2795; x_wconf 84' lang='lat' dir='ltr'><strong>humor</strong></span> <span class='ocrx_word' id='word_1_301' title='bbox 2217 2743 2294 2794; x_wconf 81' lang='lat' dir='ltr'><strong>l&#39;o-</strong></span> 
     </span>
    </p>
   </div>
   <div class='ocr_carea' id='block_1_44' title="bbox 719 2822 2298 2895">
    <p class='ocr_par' dir='ltr' id='par_1_44' title="bbox 719 2822 2298 2895">
     <span class='ocr_line' id='line_1_44' title="bbox 719 2822 2298 2895; baseline 0.007 -19"><span class='ocrx_word' id='word_1_302' title='bbox 719 2822 793 2876; x_wconf 85' lang='lat' dir='ltr'><strong>ris</strong></span> <span class='ocrx_word' id='word_1_303' title='bbox 822 2837 1066 2891; x_wconf 79' lang='lat' dir='ltr'><strong>egressus</strong></span> <span class='ocrx_word' id='word_1_304' title='bbox 1091 2833 1194 2888; x_wconf 90' lang='lat' dir='ltr'><strong>est,</strong></span> <span class='ocrx_word' id='word_1_305' title='bbox 1222 2839 1322 2879; x_wconf 85' lang='lat' dir='ltr'><strong>nec</strong></span> <span class='ocrx_word' id='word_1_306' title='bbox 1352 2826 1493 2880; x_wconf 85' lang='lat' dir='ltr'><strong>intus</strong></span> <span class='ocrx_word' id='word_1_307' title='bbox 1520 2826 1741 2895; x_wconf 75' lang='lat' dir='ltr'><strong>languor</strong></span> <span class='ocrx_word' id='word_1_308' title='bbox 1768 2837 2008 2884; x_wconf 84' lang='lat' dir='ltr'><strong>retentus</strong></span> <span class='ocrx_word' id='word_1_309' title='bbox 2037 2841 2140 2893; x_wconf 87' lang='lat' dir='ltr'><strong>est,</strong></span> <span class='ocrx_word' id='word_1_310' title='bbox 2178 2842 2298 2888; x_wconf 89' lang='lat' dir='ltr'><strong>arte</strong></span> 
     </span>
    </p>
   </div>
   <div class='ocr_carea' id='block_1_45' title="bbox 721 2916 1944 2984">
    <p class='ocr_par' dir='ltr' id='par_1_45' title="bbox 721 2916 1944 2984">
     <span class='ocr_line' id='line_1_45' title="bbox 721 2916 1944 2984; baseline 0.007 -19"><span class='ocrx_word' id='word_1_311' title='bbox 721 2916 1046 2984; x_wconf 64' lang='lat' dir='ltr'><strong>pratdieabili</strong></span> <span class='ocrx_word' id='word_1_312' title='bbox 1079 2917 1360 2972; x_wconf 83' lang='lat' dir='ltr'><strong>humorem</strong></span> <span class='ocrx_word' id='word_1_313' title='bbox 1392 2933 1456 2971; x_wconf 78' lang='lat' dir='ltr'><strong>ex</strong></span> <span class='ocrx_word' id='word_1_314' title='bbox 1490 2919 1713 2972; x_wconf 90' lang='lat' dir='ltr'><strong>humore</strong></span> <span class='ocrx_word' id='word_1_315' title='bbox 1734 2920 1944 2974; x_wconf 87' lang='lat' dir='ltr'><strong>siccari.</strong></span> 
     </span>
    </p>
   </div>
   <div class='ocr_carea' id='block_1_46' title="bbox 792 3007 2300 3070">
    <p class='ocr_par' dir='ltr' id='par_1_46' title="bbox 792 3007 2300 3070">
     <span class='ocr_line' id='line_1_46' title="bbox 792 3007 2300 3070; baseline 0.004 -6"><span class='ocrx_word' id='word_1_316' title='bbox 792 3007 883 3064; x_wconf 83' lang='lat'><strong>56.</strong></span> <span class='ocrx_word' id='word_1_317' title='bbox 915 3010 1042 3064; x_wconf 93' lang='lat' dir='ltr'><strong>Item</strong></span> <span class='ocrx_word' id='word_1_318' title='bbox 1066 3026 1185 3064; x_wconf 91' lang='lat' dir='ltr'><strong>cum</strong></span> <span class='ocrx_word' id='word_1_319' title='bbox 1211 3010 1276 3064; x_wconf 90' lang='lat' dir='ltr'><strong>ad</strong></span> <span class='ocrx_word' id='word_1_320' title='bbox 1308 3011 1582 3065; x_wconf 87' lang='lat' dir='ltr'><strong>basilicam</strong></span> <span class='ocrx_word' id='word_1_321' title='bbox 1607 3011 2032 3067; x_wconf 85' lang='lat' dir='ltr'><strong>beatissimorum</strong></span> <span class='ocrx_word' id='word_1_322' title='bbox 2063 3013 2300 3070; x_wconf 90' lang='lat' dir='ltr'><strong>Cervasii</strong></span> 
     </span>
    </p>
   </div>
   <div class='ocr_carea' id='block_1_47' title="bbox 717 3100 2300 3170">
    <p class='ocr_par' dir='ltr' id='par_1_47' title="bbox 717 3100 2300 3170">
     <span class='ocr_line' id='line_1_47' title="bbox 717 3100 2300 3170; baseline 0.005 -16"><span class='ocrx_word' id='word_1_323' title='bbox 717 3108 778 3154; x_wconf 86' lang='lat' dir='ltr'><strong>et</strong></span> <span class='ocrx_word' id='word_1_324' title='bbox 805 3100 1028 3156; x_wconf 78' lang='lat' dir='ltr'><strong>Protasii</strong></span> <span class='ocrx_word' id='word_1_325' title='bbox 1052 3101 1359 3170; x_wconf 78' lang='lat' dir='ltr'><strong>vigilaturus</strong></span> <span class='ocrx_word' id='word_1_326' title='bbox 1387 3102 1684 3166; x_wconf 86' lang='lat' dir='ltr'><strong>accederet,</strong></span> <span class='ocrx_word' id='word_1_327' title='bbox 1715 3103 1928 3170; x_wconf 87' lang='lat' dir='ltr'><strong>quidam</strong></span> <span class='ocrx_word' id='word_1_328' title='bbox 1950 3119 2124 3159; x_wconf 74' lang='lat' dir='ltr'><strong>crccus</strong></span> <span class='ocrx_word' id='word_1_329' title='bbox 2148 3107 2300 3162; x_wconf 87' lang='lat' dir='ltr'><strong>insti-</strong></span> 
     </span>
    </p>
   </div>
   <div class='ocr_carea' id='block_1_48' title="bbox 722 3189 2306 3268">
    <p class='ocr_par' dir='ltr' id='par_1_48' title="bbox 722 3189 2306 3268">
     <span class='ocr_line' id='line_1_48' title="bbox 722 3189 2306 3268; baseline 0.006 -23"><span class='ocrx_word' id='word_1_330' title='bbox 722 3193 812 3256; x_wconf 89' lang='lat' dir='ltr'><strong>tit,</strong></span> <span class='ocrx_word' id='word_1_331' title='bbox 865 3189 1289 3246; x_wconf 86' lang='lat' dir='ltr'><strong>misericordiam</strong></span> <span class='ocrx_word' id='word_1_332' title='bbox 1332 3190 1629 3260; x_wconf 91' lang='lat' dir='ltr'><strong>postulans.</strong></span> <span class='ocrx_word' id='word_1_333' title='bbox 1665 3191 1763 3246; x_wconf 89' lang='lat' dir='ltr'><strong>Cui</strong></span> <span class='ocrx_word' id='word_1_334' title='bbox 1809 3195 1890 3247; x_wconf 93' lang='lat' dir='ltr'><strong>vir</strong></span> <span class='ocrx_word' id='word_1_335' title='bbox 1925 3195 2013 3250; x_wconf 90' lang='lat' dir='ltr'><strong>Dei</strong></span> <span class='ocrx_word' id='word_1_336' title='bbox 2050 3201 2306 3268; x_wconf 77' lang='lat' dir='ltr'><strong>prteccpit</strong></span> 
     </span>
    </p>
   </div>
   <div class='ocr_carea' id='block_1_49' title="bbox 724 3283 2306 3357">
    <p class='ocr_par' dir='ltr' id='par_1_49' title="bbox 724 3283 2306 3357">
     <span class='ocr_line' id='line_1_49' title="bbox 724 3283 2306 3357; baseline 0.003 -17"><span class='ocrx_word' id='word_1_337' title='bbox 724 3285 867 3340; x_wconf 88' lang='lat' dir='ltr'><strong>inter</strong></span> <span class='ocrx_word' id='word_1_338' title='bbox 919 3283 1090 3338; x_wconf 88' lang='lat' dir='ltr'><strong>altare</strong></span> <span class='ocrx_word' id='word_1_339' title='bbox 1112 3294 1167 3338; x_wconf 87' lang='lat' dir='ltr'><strong>et</strong></span> <span class='ocrx_word' id='word_1_340' title='bbox 1214 3293 1518 3338; x_wconf 83' lang='lat' dir='ltr'><strong>sanctorum</strong></span> <span class='ocrx_word' id='word_1_341' title='bbox 1551 3283 1802 3352; x_wconf 82' lang='lat' dir='ltr'><strong>reliquias</strong></span> <span class='ocrx_word' id='word_1_342' title='bbox 1825 3285 2130 3354; x_wconf 88' lang='lat' dir='ltr'><strong>utjaceret.</strong></span> <span class='ocrx_word' id='word_1_343' title='bbox 2189 3290 2306 3357; x_wconf 92' lang='lat' dir='ltr'><strong>Quo</strong></span> 
     </span>
    </p>
   </div>
   <div class='ocr_carea' id='block_1_50' title="bbox 725 3375 2305 3452">
    <p class='ocr_par' dir='ltr' id='par_1_50' title="bbox 725 3375 2305 3452">
     <span class='ocr_line' id='line_1_50' title="bbox 725 3375 2305 3452; baseline 0.007 -25"><span class='ocrx_word' id='word_1_344' title='bbox 725 3383 964 3442; x_wconf 86' lang='lat' dir='ltr'><strong>peracto,</strong></span> <span class='ocrx_word' id='word_1_345' title='bbox 1024 3376 1196 3443; x_wconf 91' lang='lat' dir='ltr'><strong>primo</strong></span> <span class='ocrx_word' id='word_1_346' title='bbox 1237 3375 1468 3429; x_wconf 90' lang='lat' dir='ltr'><strong>diluculo</strong></span> <span class='ocrx_word' id='word_1_347' title='bbox 1522 3391 1644 3430; x_wconf 80' lang='lat' dir='ltr'><strong>mox</strong></span> <span class='ocrx_word' id='word_1_348' title='bbox 1674 3392 1835 3442; x_wconf 85' lang='lat' dir='ltr'><strong>super</strong></span> <span class='ocrx_word' id='word_1_349' title='bbox 1884 3380 2069 3433; x_wconf 92' lang='lat' dir='ltr'><strong>oculos</strong></span> <span class='ocrx_word' id='word_1_350' title='bbox 2098 3381 2305 3452; x_wconf 79' lang='lat' dir='ltr'><strong>signum</strong></span> 
     </span>
    </p>
   </div>
   <div class='ocr_carea' id='block_1_51' title="bbox 721 3465 2305 3529">
    <p class='ocr_par' dir='ltr' id='par_1_51' title="bbox 721 3465 2305 3529">
     <span class='ocr_line' id='line_1_51' title="bbox 721 3465 2305 3529; baseline 0.005 -8"><span class='ocrx_word' id='word_1_351' title='bbox 721 3465 901 3521; x_wconf 78' lang='lat' dir='ltr'><strong>crucis</strong></span> <span class='ocrx_word' id='word_1_352' title='bbox 948 3465 1144 3529; x_wconf 89' lang='lat' dir='ltr'><strong>intulit,</strong></span> <span class='ocrx_word' id='word_1_353' title='bbox 1171 3465 1258 3519; x_wconf 80' lang='lat' dir='ltr'><strong>lus</strong></span> <span class='ocrx_word' id='word_1_354' title='bbox 1281 3465 1497 3520; x_wconf 86' lang='lat' dir='ltr'><strong>eﬂ&#39;ulsit.</strong></span> <span class='ocrx_word' id='word_1_355' title='bbox 1532 3465 1598 3520; x_wconf 85' lang='lat' dir='ltr'><strong>Et</strong></span> <span class='ocrx_word' id='word_1_356' title='bbox 1643 3475 1784 3521; x_wconf 89' lang='lat' dir='ltr'><strong>totus</strong></span> <span class='ocrx_word' id='word_1_357' title='bbox 1812 3468 1962 3524; x_wconf 89' lang='lat' dir='ltr'><strong>labor</strong></span> <span class='ocrx_word' id='word_1_358' title='bbox 1989 3471 2180 3528; x_wconf 87' lang='lat' dir='ltr'><strong>medici</strong></span> <span class='ocrx_word' id='word_1_359' title='bbox 2211 3489 2305 3529; x_wconf 84' lang='lat' dir='ltr'><strong>cu-</strong></span> 
     </span>
    </p>
   </div>
   <div class='ocr_carea' id='block_1_52' title="bbox 728 3557 1623 3627">
    <p class='ocr_par' dir='ltr' id='par_1_52' title="bbox 728 3557 1623 3627">
     <span class='ocr_line' id='line_1_52' title="bbox 728 3557 1623 3627; baseline -0.003 -14"><span class='ocrx_word' id='word_1_360' title='bbox 728 3574 866 3620; x_wconf 88' lang='lat' dir='ltr'><strong>ram.</strong></span> <span class='ocrx_word' id='word_1_361' title='bbox 900 3557 1094 3614; x_wconf 89' lang='lat' dir='ltr'><strong>virtute</strong></span> <span class='ocrx_word' id='word_1_362' title='bbox 1123 3559 1319 3621; x_wconf 87' lang='lat' dir='ltr'><strong>crucis,</strong></span> <span class='ocrx_word' id='word_1_363' title='bbox 1345 3558 1623 3627; x_wconf 86' lang='lat' dir='ltr'><strong>impendit.</strong></span> 
     </span>
    </p>
   </div>
   <div class='ocr_carea' id='block_1_53' title="bbox 800 3651 2308 3725">
    <p class='ocr_par' dir='ltr' id='par_1_53' title="bbox 800 3651 2308 3725">
     <span class='ocr_line' id='line_1_53' title="bbox 800 3651 2308 3725; baseline 0.007 -19"><span class='ocrx_word' id='word_1_364' title='bbox 800 3654 892 3707; x_wconf 86' lang='lat'><strong>57.</strong></span> <span class='ocrx_word' id='word_1_365' title='bbox 937 3651 1126 3708; x_wconf 79' lang='lat' dir='ltr'><strong>Mulier</strong></span> <span class='ocrx_word' id='word_1_366' title='bbox 1150 3652 1218 3708; x_wconf 86' lang='lat' dir='ltr'><strong>de</strong></span> <span class='ocrx_word' id='word_1_367' title='bbox 1244 3653 1554 3714; x_wconf 83' lang='lat' dir='ltr'><strong>Osimense.</strong></span> <span class='ocrx_word' id='word_1_368' title='bbox 1590 3663 1775 3721; x_wconf 83' lang='lat' dir='ltr'><strong>petens</strong></span> <span class='ocrx_word' id='word_1_369' title='bbox 1823 3656 2242 3725; x_wconf 87' lang='lat' dir='ltr'><strong>redemptionem</strong></span> <span class='ocrx_word' id='word_1_370' title='bbox 2281 3677 2308 3715; x_wconf 89' lang='lat' dir='ltr'><strong>a</strong></span> 
     </span>
    </p>
   </div>
   <div class='ocr_carea' id='block_1_54' title="bbox 728 3745 2293 3813">
    <p class='ocr_par' dir='ltr' id='par_1_54' title="bbox 728 3745 2293 3813">
     <span class='ocr_line' id='line_1_54' title="bbox 728 3745 2293 3813; baseline 0.004 -13"><span class='ocrx_word' id='word_1_371' title='bbox 728 3755 918 3800; x_wconf 85' lang='lat' dir='ltr'><strong>sancto</strong></span> <span class='ocrx_word' id='word_1_372' title='bbox 937 3745 1074 3808; x_wconf 91' lang='lat' dir='ltr'><strong>viro,</strong></span> <span class='ocrx_word' id='word_1_373' title='bbox 1097 3759 1200 3813; x_wconf 89' lang='lat' dir='ltr'><strong>qua</strong></span> <span class='ocrx_word' id='word_1_374' title='bbox 1219 3753 1385 3806; x_wconf 86' lang='lat' dir='ltr'><strong>sorte,</strong></span> <span class='ocrx_word' id='word_1_375' title='bbox 1417 3745 1549 3797; x_wconf 85' lang='lat' dir='ltr'><strong>nihil</strong></span> <span class='ocrx_word' id='word_1_376' title='bbox 1575 3749 1818 3810; x_wconf 85' lang='lat' dir='ltr'><strong>accipere</strong></span> <span class='ocrx_word' id='word_1_377' title='bbox 1848 3751 2060 3804; x_wconf 90' lang='lat' dir='ltr'><strong>meruit.</strong></span> <span class='ocrx_word' id='word_1_378' title='bbox 2091 3751 2293 3806; x_wconf 89' lang='lat' dir='ltr'><strong>Dehinc</strong></span> 
     </span>
    </p>
   </div>
   <div class='ocr_carea' id='block_1_55' title="bbox 734 3828 2308 3905">
    <p class='ocr_par' dir='ltr' id='par_1_55' title="bbox 734 3828 2308 3905">
     <span class='ocr_line' id='line_1_55' title="bbox 734 3828 2308 3905; baseline 0.003 -20"><span class='ocrx_word' id='word_1_379' title='bbox 734 3832 1046 3885; x_wconf 83' lang='lat' dir='ltr'><strong>Britannum</strong></span> <span class='ocrx_word' id='word_1_380' title='bbox 1083 3828 1452 3899; x_wconf 82' lang='lat' dir='ltr'><strong>presbyterum</strong></span> <span class='ocrx_word' id='word_1_381' title='bbox 1485 3842 1582 3896; x_wconf 92' lang='lat' dir='ltr'><strong>pro</strong></span> <span class='ocrx_word' id='word_1_382' title='bbox 1626 3829 1936 3886; x_wconf 84' lang='lat' dir='ltr'><strong>inﬁrmitate</strong></span> <span class='ocrx_word' id='word_1_383' title='bbox 1961 3836 2186 3890; x_wconf 87' lang='lat' dir='ltr'><strong>rectoris</strong></span> <span class='ocrx_word' id='word_1_384' title='bbox 2215 3853 2308 3905; x_wconf 84' lang='lat' dir='ltr'><strong>pa-</strong></span> 
     </span>
    </p>
   </div>
   <div class='ocr_carea' id='block_1_56' title="bbox 741 3919 2311 3998">
    <p class='ocr_par' dir='ltr' id='par_1_56' title="bbox 741 3919 2311 3998">
     <span class='ocr_line' id='line_1_56' title="bbox 741 3919 2311 3998; baseline 0.002 -22"><span class='ocrx_word' id='word_1_385' title='bbox 741 3921 861 3988; x_wconf 69' lang='lat' dir='ltr'><strong>tria:</strong></span> <span class='ocrx_word' id='word_1_386' title='bbox 886 3935 998 3975; x_wconf 67' lang='lat' dir='ltr'><strong>sua:</strong></span> <span class='ocrx_word' id='word_1_387' title='bbox 1029 3919 1457 3975; x_wconf 84' lang='lat' dir='ltr'><strong>benedictionem</strong></span> <span class='ocrx_word' id='word_1_388' title='bbox 1505 3921 1743 3988; x_wconf 68' lang='lat' dir='ltr'><strong>prmdicti</strong></span> <span class='ocrx_word' id='word_1_389' title='bbox 1773 3932 1828 3977; x_wconf 89' lang='lat' dir='ltr'><strong>et</strong></span> <span class='ocrx_word' id='word_1_390' title='bbox 1849 3924 2102 3994; x_wconf 83' lang='lat' dir='ltr'><strong>reliquias</strong></span> <span class='ocrx_word' id='word_1_391' title='bbox 2145 3941 2311 3998; x_wconf 77' lang='lat' dir='ltr'><strong>expe-</strong></span> 
     </span>
    </p>
   </div>
   <div class='ocr_carea' id='block_1_57' title="bbox 816 4091 2314 4166">
    <p class='ocr_par' dir='ltr' id='par_1_57' title="bbox 816 4091 2314 4166">
     <span class='ocr_line' id='line_1_57' title="bbox 816 4091 2314 4166; baseline 0.001 -15"><span class='ocrx_word' id='word_1_392' title='bbox 816 4109 846 4136; x_wconf 70' lang='grc' dir='ltr'><strong>ι</strong></span> <span class='ocrx_word' id='word_1_393' title='bbox 880 4098 1050 4166; x_wconf 77' lang='lat' dir='ltr'><strong>Pagns</strong></span> <span class='ocrx_word' id='word_1_394' title='bbox 1078 4094 1404 4154; x_wconf 73' lang='lat' dir='ltr'><strong>Osimensis.</strong></span> <span class='ocrx_word' id='word_1_395' title='bbox 1436 4091 1724 4166; x_wconf 75' lang='lat' dir='ltr'><strong>comitatus</strong></span> <span class='ocrx_word' id='word_1_396' title='bbox 1754 4095 1906 4166; x_wconf 86' lang='lat' dir='ltr'><strong>titulo</strong></span> <span class='ocrx_word' id='word_1_397' title='bbox 1939 4097 2204 4164; x_wconf 90' lang='lat' dir='ltr'><strong>quondam</strong></span> <span class='ocrx_word' id='word_1_398' title='bbox 2231 4099 2314 4152; x_wconf 86' lang='lat' dir='ltr'><strong>in-</strong></span> 
     </span>
    </p>
   </div>
   <div class='ocr_carea' id='block_1_58' title="bbox 735 4162 2313 4237">
    <p class='ocr_par' dir='ltr' id='par_1_58' title="bbox 735 4162 2313 4237">
     <span class='ocr_line' id='line_1_58' title="bbox 735 4162 2313 4237; baseline -0.001 -14"><span class='ocrx_word' id='word_1_399' title='bbox 735 4171 926 4237; x_wconf 76' lang='lat' dir='ltr'><strong>signis.</strong></span> <span class='ocrx_word' id='word_1_400' title='bbox 951 4162 1028 4223; x_wconf 64' lang='lat' dir='ltr'><strong>Sic</strong></span> <span class='ocrx_word' id='word_1_401' title='bbox 1056 4169 1232 4222; x_wconf 89' lang='lat' dir='ltr'><strong>dictus</strong></span> <span class='ocrx_word' id='word_1_402' title='bbox 1260 4167 1328 4219; x_wconf 85' lang='lat' dir='ltr'><strong>ab</strong></span> <span class='ocrx_word' id='word_1_403' title='bbox 1375 4164 1573 4237; x_wconf 74' lang='lat' dir='ltr'><strong>Osimo</strong></span> <span class='ocrx_word' id='word_1_404' title='bbox 1603 4162 1859 4218; x_wconf 75' lang='lat' dir='ltr'><strong>Neustria:</strong></span> <span class='ocrx_word' id='word_1_405' title='bbox 1891 4162 2108 4234; x_wconf 81' lang='lat' dir='ltr'><strong>oppido,</strong></span> <span class='ocrx_word' id='word_1_406' title='bbox 2158 4172 2313 4231; x_wconf 73' lang='lat' dir='ltr'><strong>vulgo</strong></span> 
     </span>
    </p>
   </div>
   <div class='ocr_carea' id='block_1_59' title="bbox 741 4235 2316 4308">
    <p class='ocr_par' dir='ltr' id='par_1_59' title="bbox 741 4235 2316 4308">
     <span class='ocr_line' id='line_1_59' title="bbox 741 4235 2316 4308; baseline -0.001 -16"><span class='ocrx_word' id='word_1_407' title='bbox 741 4235 985 4308; x_wconf 74' lang='lat' dir='ltr'><strong>&quot;gestae,</strong></span> <span class='ocrx_word' id='word_1_408' title='bbox 1016 4241 1154 4308; x_wconf 69' lang='lat' dir='ltr'><strong>inter</strong></span> <span class='ocrx_word' id='word_1_409' title='bbox 1183 4237 1342 4308; x_wconf 68' lang='lat' dir='ltr'><strong>Diva:_</strong></span> <span class='ocrx_word' id='word_1_410' title='bbox 1372 4243 1428 4308; x_wconf 90' lang='lat' dir='ltr'><strong>et</strong></span> <span class='ocrx_word' id='word_1_411' title='bbox 1454 4235 1610 4308; x_wconf 71' lang='lat' dir='ltr'><strong>Orum</strong></span> <span class='ocrx_word' id='word_1_412' title='bbox 1647 4237 1922 4288; x_wconf 89' lang='lat' dir='ltr'><strong>lluviurum</strong></span> <span class='ocrx_word' id='word_1_413' title='bbox 1953 4238 2121 4308; x_wconf 82' lang='lat' dir='ltr'><strong>initia</strong></span> <span class='ocrx_word' id='word_1_414' title='bbox 2153 4240 2316 4292; x_wconf 80' lang='lat' dir='ltr'><strong>enuti-</strong></span> 
     </span>
    </p>
   </div>
   <div class='ocr_carea' id='block_1_60' title="bbox 745 4305 2308 4374">
    <p class='ocr_par' dir='ltr' id='par_1_60' title="bbox 745 4305 2308 4374">
     <span class='ocr_line' id='line_1_60' title="bbox 745 4305 2308 4374; baseline 0.001 -12"><span class='ocrx_word' id='word_1_415' title='bbox 745 4305 921 4368; x_wconf 74' lang='lat' dir='ltr'><strong>nétur.</strong></span> <span class='ocrx_word' id='word_1_416' title='bbox 943 4325 1076 4374; x_wconf 73' lang='lat' dir='ltr'><strong>pago</strong></span> <span class='ocrx_word' id='word_1_417' title='bbox 1111 4305 1344 4362; x_wconf 81' lang='lat' dir='ltr'><strong>Uticensi</strong></span> <span class='ocrx_word' id='word_1_418' title='bbox 1374 4307 1440 4359; x_wconf 91' lang='lat' dir='ltr'><strong>ab</strong></span> <span class='ocrx_word' id='word_1_419' title='bbox 1467 4306 1682 4363; x_wconf 65' lang='lat' dir='ltr'><strong>Otueute</strong></span> <span class='ocrx_word' id='word_1_420' title='bbox 1708 4306 2089 4362; x_wconf 88' lang='lat' dir='ltr'><strong>conterminus.</strong></span> <span class='ocrx_word' id='word_1_421' title='bbox 2117 4308 2308 4363; x_wconf 64' lang='lat' dir='ltr'><strong>blame.</strong></span> 
     </span>
    </p>
   </div>
   <div class='ocr_carea' id='block_1_61' title="bbox 807 4378 1252 4432">
    <p class='ocr_par' dir='ltr' id='par_1_61' title="bbox 807 4378 1252 4432">
     <span class='ocr_line' id='line_1_61' title="bbox 807 4378 1252 4432; baseline -0.011 1"><span class='ocrx_word' id='word_1_422' title='bbox 807 4379 834 4417; x_wconf 72' lang='grc' dir='ltr'>δ</span> <span class='ocrx_word' id='word_1_423' title='bbox 871 4378 1252 4432; x_wconf 82' lang='lat' dir='ltr'><strong>Ville-Taillac.</strong></span> 
     </span>
    </p>
   </div>
   <div class='ocr_carea' id='block_1_62' title="bbox 811 4444 1530 4516">
    <p class='ocr_par' dir='ltr' id='par_1_62' title="bbox 811 4444 1530 4516">
     <span class='ocr_line' id='line_1_62' title="bbox 811 4444 1530 4516; baseline -0.006 -15"><span class='ocrx_word' id='word_1_424' title='bbox 811 4463 832 4485; x_wconf 67' lang='grc' dir='ltr'><em>ε</em></span> <span class='ocrx_word' id='word_1_425' title='bbox 869 4449 1068 4502; x_wconf 76' lang='lat' dir='ltr'><strong>Cliinon</strong></span> <span class='ocrx_word' id='word_1_426' title='bbox 1097 4463 1260 4516; x_wconf 87' lang='lat' dir='ltr'><strong>supra</strong></span> <span class='ocrx_word' id='word_1_427' title='bbox 1279 4444 1530 4516; x_wconf 77' lang='lat' dir='ltr'><strong>Ligerim.</strong></span> 
     </span>
    </p>
   </div>
   <div class='ocr_carea' id='block_1_63' title="bbox 807 4515 1740 4588">
    <p class='ocr_par' dir='ltr' id='par_1_63' title="bbox 807 4515 1740 4588">
     <span class='ocr_line' id='line_1_63' title="bbox 807 4515 1740 4588; baseline 0.005 -18"><span class='ocrx_word' id='word_1_428' title='bbox 807 4518 834 4556; x_wconf 76' lang='grc' dir='ltr'><strong><em>ἀ</em></strong></span> <span class='ocrx_word' id='word_1_429' title='bbox 867 4519 1091 4588; x_wconf 65' lang='lat' dir='ltr'><strong>(.‘haroy,</strong></span> <span class='ocrx_word' id='word_1_430' title='bbox 1123 4519 1174 4572; x_wconf 92' lang='lat' dir='ltr'><strong>iu</strong></span> <span class='ocrx_word' id='word_1_431' title='bbox 1200 4527 1367 4571; x_wconf 88' lang='lat' dir='ltr'><strong>tractu</strong></span> <span class='ocrx_word' id='word_1_432' title='bbox 1396 4515 1740 4576; x_wconf 79' lang='lat' dir='ltr'><strong>Wastinensi.</strong></span> 
     </span>
    </p>
   </div>
   <div class='ocr_carea' id='block_1_64' title="bbox 813 4587 1086 4658">
    <p class='ocr_par' dir='ltr' id='par_1_64' title="bbox 813 4587 1086 4658">
     <span class='ocr_line' id='line_1_64' title="bbox 813 4587 1086 4658; baseline -0.004 -15"><span class='ocrx_word' id='word_1_433' title='bbox 813 4599 837 4626; x_wconf 79' lang='grc'><strong><em>⁸</em></strong></span> <span class='ocrx_word' id='word_1_434' title='bbox 860 4587 1086 4658; x_wconf 76' lang='lat' dir='ltr'><strong>Cheiiry.</strong></span> 
     </span>
    </p>
   </div>
   <div class='ocr_carea' id='block_1_65' title="bbox 813 4656 2307 4722">
    <p class='ocr_par' dir='ltr' id='par_1_65' title="bbox 813 4656 2307 4722">
     <span class='ocr_line' id='line_1_65' title="bbox 813 4656 2307 4722; baseline -0.002 -7"><span class='ocrx_word' id='word_1_435' title='bbox 813 4659 832 4698; x_wconf 71' lang='grc' dir='ltr'>ί</span> <span class='ocrx_word' id='word_1_436' title='bbox 871 4656 1112 4722; x_wconf 68' lang='lat' dir='ltr'><strong>Legenda</strong></span> <span class='ocrx_word' id='word_1_437' title='bbox 1147 4656 1385 4722; x_wconf 54' lang='lat' dir='ltr'><strong>palatio</strong></span> <span class='ocrx_word' id='word_1_438' title='bbox 1424 4657 1494 4711; x_wconf 91' lang='lat' dir='ltr'><strong>cl.</strong></span> <span class='ocrx_word' id='word_1_439' title='bbox 1521 4659 1886 4713; x_wconf 78' lang='lat' dir='ltr'><strong>Mabilloniiac</strong></span> <span class='ocrx_word' id='word_1_440' title='bbox 1937 4673 2061 4711; x_wconf 49' lang='lat' dir='ltr'><strong>sate.</strong></span> <span class='ocrx_word' id='word_1_441' title='bbox 2089 4676 2102 4712; x_wconf 89' lang='grc' dir='ltr'><strong>ι</strong></span> <span class='ocrx_word' id='word_1_442' title='bbox 2129 4657 2256 4713; x_wconf 87' lang='lat' dir='ltr'><strong>Ben.</strong></span> <span class='ocrx_word' id='word_1_443' title='bbox 2291 4698 2307 4722; x_wconf 89' lang='lat'><strong>,</strong></span> 
     </span>
    </p>
   </div>
   <div class='ocr_carea' id='block_1_66' title="bbox 741 4728 2315 4794">
    <p class='ocr_par' dir='ltr' id='par_1_66' title="bbox 741 4728 2315 4794">
     <span class='ocr_line' id='line_1_66' title="bbox 741 4728 2315 4794; baseline -0.003 -8"><span class='ocrx_word' id='word_1_444' title='bbox 741 4747 888 4786; x_wconf 91' lang='lat' dir='ltr'><strong>num.</strong></span> <span class='ocrx_word' id='word_1_445' title='bbox 918 4732 1041 4792; x_wconf 83' lang='lat' dir='ltr'><strong>lOl,</strong></span> <span class='ocrx_word' id='word_1_446' title='bbox 1066 4729 1153 4782; x_wconf 90' lang='lat' dir='ltr'><strong>ubi</strong></span> <span class='ocrx_word' id='word_1_447' title='bbox 1183 4728 1392 4794; x_wconf 69' lang='lat' dir='ltr'><strong>quatrit,</strong></span> <span class='ocrx_word' id='word_1_448' title='bbox 1417 4743 1483 4780; x_wconf 85' lang='lat' dir='ltr'><strong>an</strong></span> <span class='ocrx_word' id='word_1_449' title='bbox 1527 4735 1696 4784; x_wconf 82' lang='lat' dir='ltr'><strong>oleum</strong></span> <span class='ocrx_word' id='word_1_450' title='bbox 1716 4731 1783 4783; x_wconf 82' lang='lat' dir='ltr'><strong>ad</strong></span> <span class='ocrx_word' id='word_1_451' title='bbox 1821 4729 2068 4783; x_wconf 73' lang='lat' dir='ltr'><strong>unctionis</strong></span> <span class='ocrx_word' id='word_1_452' title='bbox 2119 4733 2315 4783; x_wconf 74' lang='lat' dir='ltr'><strong>Sacra-</strong></span> 
     </span>
    </p>
   </div>
   <div class='ocr_carea' id='block_1_67' title="bbox 741 4799 2313 4870">
    <p class='ocr_par' dir='ltr' id='par_1_67' title="bbox 741 4799 2313 4870">
     <span class='ocr_line' id='line_1_67' title="bbox 741 4799 2313 4870; baseline -0.001 -16"><span class='ocrx_word' id='word_1_453' title='bbox 741 4812 966 4854; x_wconf 81' lang='lat' dir='ltr'><strong>mentum</strong></span> <span class='ocrx_word' id='word_1_454' title='bbox 999 4799 1549 4870; x_wconf 28' lang='lat' dir='ltr'><strong>consecratwtttillud</strong></span> <span class='ocrx_word' id='word_1_455' title='bbox 1573 4803 1741 4870; x_wconf 83' lang='lat' dir='ltr'><strong>ipsum</strong></span> <span class='ocrx_word' id='word_1_456' title='bbox 1785 4801 1954 4870; x_wconf 77' lang='lat' dir='ltr'><strong>fuerit,</strong></span> <span class='ocrx_word' id='word_1_457' title='bbox 1987 4800 2120 4866; x_wconf 85' lang='lat' dir='ltr'><strong>quod</strong></span> <span class='ocrx_word' id='word_1_458' title='bbox 2150 4801 2313 4852; x_wconf 80' lang='lat' dir='ltr'><strong>sancti</strong></span> 
     </span>
    </p>
   </div>
   <div class='ocr_carea' id='block_1_68' title="bbox 741 4867 2310 4939">
    <p class='ocr_par' dir='ltr' id='par_1_68' title="bbox 741 4867 2310 4939">
     <span class='ocr_line' id='line_1_68' title="bbox 741 4867 2310 4939; baseline -0.002 -14"><span class='ocrx_word' id='word_1_459' title='bbox 741 4875 796 4926; x_wconf 87' lang='lat' dir='ltr'><strong>in</strong></span> <span class='ocrx_word' id='word_1_460' title='bbox 825 4870 1068 4924; x_wconf 83' lang='lat' dir='ltr'><strong>curandis</strong></span> <span class='ocrx_word' id='word_1_461' title='bbox 1102 4867 1480 4936; x_wconf 77' lang='lat' dir='ltr'><strong>infirmitatibus</strong></span> <span class='ocrx_word' id='word_1_462' title='bbox 1521 4869 1760 4927; x_wconf 75' lang='lat' dir='ltr'><strong>adhibere</strong></span> <span class='ocrx_word' id='word_1_463' title='bbox 1785 4867 1920 4927; x_wconf 83' lang='lat' dir='ltr'><strong>soliti</strong></span> <span class='ocrx_word' id='word_1_464' title='bbox 1940 4872 2098 4938; x_wconf 74' lang='lat' dir='ltr'><strong>fuisse</strong></span> <span class='ocrx_word' id='word_1_465' title='bbox 2126 4871 2310 4939; x_wconf 73' lang='lat' dir='ltr'><strong>legun-</strong></span> 
     </span>
    </p>
   </div>
   <div class='ocr_carea' id='block_1_69' title="bbox 745 4954 848 5004">
    <p class='ocr_par' dir='ltr' id='par_1_69' title="bbox 745 4954 848 5004">
     <span class='ocr_line' id='line_1_69' title="bbox 745 4954 848 5004; baseline -0.01 -10"><span class='ocrx_word' id='word_1_466' title='bbox 745 4954 848 5004; x_wconf 74' lang='lat' dir='ltr'><strong>tur.</strong></span> 
     </span>
    </p>
   </div>
   <div class='ocr_carea' id='block_1_70' title="bbox 817 5010 1218 5073">
    <p class='ocr_par' dir='ltr' id='par_1_70' title="bbox 817 5010 1218 5073">
     <span class='ocr_line' id='line_1_70' title="bbox 817 5010 1218 5073; baseline -0.005 -7"><span class='ocrx_word' id='word_1_467' title='bbox 817 5021 842 5058; x_wconf 73' lang='lat'><strong>8</strong></span> <span class='ocrx_word' id='word_1_468' title='bbox 869 5013 978 5073; x_wconf 79' lang='lat' dir='ltr'><strong>AL,</strong></span> <span class='ocrx_word' id='word_1_469' title='bbox 1003 5010 1218 5064; x_wconf 65' lang='lat' dir='ltr'><strong>illttsler.</strong></span> 
     </span>
    </p>
   </div>
   <div class='ocr_carea' id='block_1_71' title="bbox 817 5081 1171 5136">
    <p class='ocr_par' dir='ltr' id='par_1_71' title="bbox 817 5081 1171 5136">
     <span class='ocr_line' id='line_1_71' title="bbox 817 5081 1171 5136; baseline -0.011 0"><span class='ocrx_word' id='word_1_470' title='bbox 817 5081 842 5119; x_wconf 65' lang='grc' dir='ltr'>δ</span> <span class='ocrx_word' id='word_1_471' title='bbox 880 5082 1171 5136; x_wconf 80' lang='lat' dir='ltr'><strong>lncurreas.</strong></span> 
     </span>
    </p>
   </div>
   <div class='ocr_carea' id='block_1_72' title="bbox 830 5149 2314 5215">
    <p class='ocr_par' dir='ltr' id='par_1_72' title="bbox 830 5149 2314 5215">
     <span class='ocr_line' id='line_1_72' title="bbox 830 5149 2314 5215; baseline -0.004 -8"><span class='ocrx_word' id='word_1_472' title='bbox 830 5153 850 5193; x_wconf 74' lang='grc' dir='ltr'>ί</span> <span class='ocrx_word' id='word_1_473' title='bbox 888 5153 1102 5207; x_wconf 87' lang='lat' dir='ltr'><strong>Phrasis</strong></span> <span class='ocrx_word' id='word_1_474' title='bbox 1132 5151 1403 5215; x_wconf 81' lang='lat' dir='ltr'><strong>inusitata,</strong></span> <span class='ocrx_word' id='word_1_475' title='bbox 1435 5161 1490 5206; x_wconf 87' lang='lat' dir='ltr'><strong>et</strong></span> <span class='ocrx_word' id='word_1_476' title='bbox 1515 5152 1805 5206; x_wconf 81' lang='lat' dir='ltr'><strong>Fortunato</strong></span> <span class='ocrx_word' id='word_1_477' title='bbox 1830 5149 2130 5215; x_wconf 80' lang='lat' dir='ltr'><strong>peculiaris.</strong></span> <span class='ocrx_word' id='word_1_478' title='bbox 2161 5149 2227 5200; x_wconf 90' lang='lat' dir='ltr'><strong>ab</strong></span> <span class='ocrx_word' id='word_1_479' title='bbox 2251 5164 2314 5201; x_wconf 75' lang='lat' dir='ltr'><strong>eo</strong></span> 
     </span>
    </p>
   </div>
   <div class='ocr_carea' id='block_1_73' title="bbox 751 5221 2314 5282">
    <p class='ocr_par' dir='ltr' id='par_1_73' title="bbox 751 5221 2314 5282">
     <span class='ocr_line' id='line_1_73' title="bbox 751 5221 2314 5282; baseline -0.004 -5"><span class='ocrx_word' id='word_1_480' title='bbox 751 5227 943 5280; x_wconf 70' lang='lat' dir='ltr'><strong>iterum</strong></span> <span class='ocrx_word' id='word_1_481' title='bbox 992 5223 1043 5275; x_wconf 88' lang='lat' dir='ltr'><strong>itt</strong></span> <span class='ocrx_word' id='word_1_482' title='bbox 1076 5222 1172 5274; x_wconf 88' lang='lat' dir='ltr'><strong>lib.</strong></span> <span class='ocrx_word' id='word_1_483' title='bbox 1205 5238 1219 5275; x_wconf 90' lang='grc' dir='ltr'><strong>ι</strong></span> <span class='ocrx_word' id='word_1_484' title='bbox 1270 5221 1399 5273; x_wconf 65' lang='lat' dir='ltr'><strong>Vitae</strong></span> <span class='ocrx_word' id='word_1_485' title='bbox 1427 5231 1623 5276; x_wconf 70' lang='lat' dir='ltr'><strong>sauctze</strong></span> <span class='ocrx_word' id='word_1_486' title='bbox 1659 5222 2020 5282; x_wconf 65' lang='lat' dir='ltr'><strong>llzidegundis,</strong></span> <span class='ocrx_word' id='word_1_487' title='bbox 2053 5235 2198 5271; x_wconf 85' lang='lat' dir='ltr'><strong>nutu.</strong></span> <span class='ocrx_word' id='word_1_488' title='bbox 2232 5221 2314 5281; x_wconf 76' lang='lat' dir='ltr'><strong>l-l,</strong></span> 
     </span>
    </p>
   </div>
   <div class='ocr_carea' id='block_1_74' title="bbox 755 5290 2320 5361">
    <p class='ocr_par' dir='ltr' id='par_1_74' title="bbox 755 5290 2320 5361">
     <span class='ocr_line' id='line_1_74' title="bbox 755 5290 2320 5361; baseline -0.006 -11"><span class='ocrx_word' id='word_1_489' title='bbox 755 5292 1150 5361; x_wconf 82' lang='lat' dir='ltr'><strong>usurpata,&#39;sed</strong></span> <span class='ocrx_word' id='word_1_490' title='bbox 1177 5291 1453 5358; x_wconf 89' lang='lat' dir='ltr'><strong>utrobique</strong></span> <span class='ocrx_word' id='word_1_491' title='bbox 1484 5294 1533 5345; x_wconf 91' lang='lat' dir='ltr'><strong>in</strong></span> <span class='ocrx_word' id='word_1_492' title='bbox 1560 5294 1704 5346; x_wconf 83' lang='lat' dir='ltr'><strong>libris</strong></span> <span class='ocrx_word' id='word_1_493' title='bbox 1737 5292 1903 5344; x_wconf 77' lang='lat' dir='ltr'><strong>Ediiis</strong></span> <span class='ocrx_word' id='word_1_494' title='bbox 1924 5290 2320 5361; x_wconf 60' lang='lat' dir='ltr'><strong>depravatal‘m.</strong></span> 
     </span>
    </p>
   </div>
   <div class='ocr_carea' id='block_1_75' title="bbox 750 5359 2316 5420">
    <p class='ocr_par' dir='ltr' id='par_1_75' title="bbox 750 5359 2316 5420">
     <span class='ocr_line' id='line_1_75' title="bbox 750 5359 2316 5420; baseline -0.004 -2"><span class='ocrx_word' id='word_1_495' title='bbox 750 5359 987 5418; x_wconf 84' lang='lat' dir='ltr'><strong>dissitne.</strong></span> <span class='ocrx_word' id='word_1_496' title='bbox 1006 5365 1083 5416; x_wconf 86' lang='lat' dir='ltr'><strong>llu</strong></span> <span class='ocrx_word' id='word_1_497' title='bbox 1105 5378 1167 5414; x_wconf 82' lang='lat' dir='ltr'><strong>nc</strong></span> <span class='ocrx_word' id='word_1_498' title='bbox 1183 5362 1355 5415; x_wconf 89' lang='lat' dir='ltr'><strong>locum</strong></span> <span class='ocrx_word' id='word_1_499' title='bbox 1368 5363 1550 5415; x_wconf 81' lang='lat' dir='ltr'><strong>Surius</strong></span> <span class='ocrx_word' id='word_1_500' title='bbox 1566 5363 1916 5414; x_wconf 67' lang='lat' dir='ltr'><strong>recentiorum</strong></span> <span class='ocrx_word' id='word_1_501' title='bbox 1940 5359 2316 5420; x_wconf 74' lang='lat' dir='ltr'><strong>exemplarium</strong></span> 
     </span>
    </p>
   </div>
   <div class='ocr_carea' id='block_1_76' title="bbox 754 5429 2322 5503">
    <p class='ocr_par' dir='ltr' id='par_1_76' title="bbox 754 5429 2322 5503">
     <span class='ocr_line' id='line_1_76' title="bbox 754 5429 2322 5503; baseline -0.006 -15"><span class='ocrx_word' id='word_1_502' title='bbox 754 5438 910 5489; x_wconf 82' lang='lat' dir='ltr'><strong>Iidem</strong></span> <span class='ocrx_word' id='word_1_503' title='bbox 929 5443 1144 5487; x_wconf 85' lang='lat' dir='ltr'><strong>secutus</strong></span> <span class='ocrx_word' id='word_1_504' title='bbox 1159 5432 1224 5484; x_wconf 81' lang='lat' dir='ltr'><strong>ita</strong></span> <span class='ocrx_word' id='word_1_505' title='bbox 1241 5432 1446 5503; x_wconf 78' lang='lat' dir='ltr'><strong>exhibet</strong></span> <span class='ocrx_word' id='word_1_506' title='bbox 1461 5451 1471 5483; x_wconf 91' lang='lat'><strong>:</strong></span> <span class='ocrx_word' id='word_1_507' title='bbox 1489 5432 1686 5503; x_wconf 78' lang='lat' dir='ltr'><strong>Vigiliis</strong></span> <span class='ocrx_word' id='word_1_508' title='bbox 1701 5433 1748 5484; x_wconf 88' lang='lat' dir='ltr'><strong>in</strong></span> <span class='ocrx_word' id='word_1_509' title='bbox 1767 5430 2128 5484; x_wconf 81' lang='lat' dir='ltr'><strong>honoresancti</strong></span> <span class='ocrx_word' id='word_1_510' title='bbox 2147 5429 2322 5481; x_wconf 61' lang='lat' dir='ltr'><strong>eodem</strong></span> 
     </span>
    </p>
   </div>
   <div class='ocr_carea' id='block_1_77' title="bbox 751 5502 2323 5565">
    <p class='ocr_par' dir='ltr' id='par_1_77' title="bbox 751 5502 2323 5565">
     <span class='ocr_line' id='line_1_77' title="bbox 751 5502 2323 5565; baseline -0.006 -6"><span class='ocrx_word' id='word_1_511' title='bbox 751 5508 804 5559; x_wconf 83' lang='lat' dir='ltr'><strong>in</strong></span> <span class='ocrx_word' id='word_1_512' title='bbox 822 5505 1045 5558; x_wconf 69' lang='lat' dir='ltr'><strong>oraIm-io</strong></span> <span class='ocrx_word' id='word_1_513' title='bbox 1061 5503 1235 5556; x_wconf 79' lang='lat' dir='ltr'><strong>devote</strong></span> <span class='ocrx_word' id='word_1_514' title='bbox 1255 5502 1536 5565; x_wconf 82' lang='lat' dir='ltr'><strong>celebratis,</strong></span> <span class='ocrx_word' id='word_1_515' title='bbox 1551 5518 1609 5553; x_wconf 91' lang='lat' dir='ltr'><strong>ac</strong></span> <span class='ocrx_word' id='word_1_516' title='bbox 1626 5507 1798 5561; x_wconf 84' lang='lat' dir='ltr'><strong>missa,</strong></span> <span class='ocrx_word' id='word_1_517' title='bbox 1822 5503 1883 5552; x_wconf 74' lang='lat' dir='ltr'><strong>de</strong></span> <span class='ocrx_word' id='word_1_518' title='bbox 1903 5510 2125 5564; x_wconf 73' lang='lat' dir='ltr'><strong>prrcsent-</strong></span> <span class='ocrx_word' id='word_1_519' title='bbox 2147 5509 2323 5550; x_wconf 84' lang='lat' dir='ltr'><strong>curata</strong></span> 
     </span>
    </p>
   </div>
   <div class='ocr_carea' id='block_1_78' title="bbox 753 5569 2322 5640">
    <p class='ocr_par' dir='ltr' id='par_1_78' title="bbox 753 5569 2322 5640">
     <span class='ocr_line' id='line_1_78' title="bbox 753 5569 2322 5640; baseline -0.006 -11"><span class='ocrx_word' id='word_1_520' title='bbox 753 5586 844 5628; x_wconf 80' lang='lat' dir='ltr'><strong>est.</strong></span> <span class='ocrx_word' id='word_1_521' title='bbox 872 5576 1099 5627; x_wconf 80' lang='lat' dir='ltr'><strong>Omnino</strong></span> <span class='ocrx_word' id='word_1_522' title='bbox 1132 5587 1260 5626; x_wconf 79' lang='lat' dir='ltr'><strong>vero</strong></span> <span class='ocrx_word' id='word_1_523' title='bbox 1282 5573 1668 5640; x_wconf 84' lang='lat' dir='ltr'><strong>c\etnplaribus</strong></span> <span class='ocrx_word' id='word_1_524' title='bbox 1701 5569 1994 5625; x_wconf 68' lang='lat' dir='ltr'><strong>veterrimis</strong></span> <span class='ocrx_word' id='word_1_525' title='bbox 2016 5570 2064 5618; x_wconf 86' lang='lat' dir='ltr'><strong>in</strong></span> <span class='ocrx_word' id='word_1_526' title='bbox 2091 5578 2322 5621; x_wconf 70' lang='lat' dir='ltr'><strong>nostram</strong></span> 
     </span>
    </p>
   </div>
   <div class='ocr_carea' id='block_1_79' title="bbox 757 5641 2325 5705">
    <p class='ocr_par' dir='ltr' id='par_1_79' title="bbox 757 5641 2325 5705">
     <span class='ocr_line' id='line_1_79' title="bbox 757 5641 2325 5705; baseline -0.007 -5"><span class='ocrx_word' id='word_1_527' title='bbox 757 5647 1037 5700; x_wconf 79' lang='lat' dir='ltr'><strong>lectioni-tn</strong></span> <span class='ocrx_word' id='word_1_528' title='bbox 1103 5642 1436 5702; x_wconf 82' lang='lat' dir='ltr'><strong>coeuntibus.</strong></span> <span class='ocrx_word' id='word_1_529' title='bbox 1494 5642 1956 5695; x_wconf 73' lang='lat' dir='ltr'><strong>subscribendum.</strong></span> <span class='ocrx_word' id='word_1_530' title='bbox 2009 5641 2141 5704; x_wconf 81' lang='lat' dir='ltr'><strong>Quid</strong></span> <span class='ocrx_word' id='word_1_531' title='bbox 2199 5653 2325 5705; x_wconf 81' lang='lat' dir='ltr'><strong>ergo</strong></span> 
     </span>
    </p>
   </div>
   <div class='ocr_carea' id='block_1_80' title="bbox 761 5711 2325 5780">
    <p class='ocr_par' dir='ltr' id='par_1_80' title="bbox 761 5711 2325 5780">
     <span class='ocr_line' id='line_1_80' title="bbox 761 5711 2325 5780; baseline -0.005 -11"><span class='ocrx_word' id='word_1_532' title='bbox 761 5717 914 5769; x_wconf 77' lang='lat' dir='ltr'><strong>missa</strong></span> <span class='ocrx_word' id='word_1_533' title='bbox 943 5713 1218 5766; x_wconf 81' lang='lat' dir='ltr'><strong>revocata?</strong></span> <span class='ocrx_word' id='word_1_534' title='bbox 1247 5712 1446 5780; x_wconf 58' lang='lat' dir='ltr'><strong>Nempe</strong></span> <span class='ocrx_word' id='word_1_535' title='bbox 1475 5715 1587 5765; x_wconf 65' lang='lat' dir='ltr'><strong>dies</strong></span> <span class='ocrx_word' id='word_1_536' title='bbox 1639 5713 1803 5765; x_wconf 80' lang='lat' dir='ltr'><strong>festus</strong></span> <span class='ocrx_word' id='word_1_537' title='bbox 1831 5725 2002 5780; x_wconf 73' lang='lat' dir='ltr'><strong>annua</strong></span> <span class='ocrx_word' id='word_1_538' title='bbox 2063 5711 2325 5780; x_wconf 79' lang='lat' dir='ltr'><strong>vertigine</strong></span> 
     </span>
    </p>
   </div>
   <div class='ocr_carea' id='block_1_81' title="bbox 765 5777 2326 5844">
    <p class='ocr_par' dir='ltr' id='par_1_81' title="bbox 765 5777 2326 5844">
     <span class='ocr_line' id='line_1_81' title="bbox 765 5777 2326 5844; baseline -0.006 -4"><span class='ocrx_word' id='word_1_539' title='bbox 765 5800 1062 5840; x_wconf 84' lang='lat' dir='ltr'><strong>recurrens.</strong></span> <span class='ocrx_word' id='word_1_540' title='bbox 1093 5783 1237 5835; x_wconf 83' lang='lat' dir='ltr'><strong>I’atet</strong></span> <span class='ocrx_word' id='word_1_541' title='bbox 1267 5798 1327 5834; x_wconf 78' lang='lat' dir='ltr'><strong>ex</strong></span> <span class='ocrx_word' id='word_1_542' title='bbox 1355 5777 1505 5835; x_wconf 72' lang='lat' dir='ltr'><strong>conc.</strong></span> <span class='ocrx_word' id='word_1_543' title='bbox 1541 5783 1940 5844; x_wconf 73' lang='lat' dir='ltr'><strong>Pistensis,eap.</strong></span> <span class='ocrx_word' id='word_1_544' title='bbox 1973 5779 2023 5832; x_wconf 80' lang='grc'><strong>5.</strong></span> <span class='ocrx_word' id='word_1_545' title='bbox 2062 5777 2326 5831; x_wconf 74' lang='lat' dir='ltr'><strong>Comitum</strong></span> 
     </span>
    </p>
   </div>
   <div class='ocr_carea' id='block_1_82' title="bbox 763 5850 2324 5923">
    <p class='ocr_par' dir='ltr' id='par_1_82' title="bbox 763 5850 2324 5923">
     <span class='ocr_line' id='line_1_82' title="bbox 763 5850 2324 5923; baseline -0.003 -18"><span class='ocrx_word' id='word_1_546' title='bbox 763 5857 946 5923; x_wconf 65' lang='lat' dir='ltr'><strong>th‘lM</strong></span> <span class='ocrx_word' id='word_1_547' title='bbox 973 5855 1322 5906; x_wconf 57' lang='lat' dir='ltr'><strong>constituimus</strong></span> <span class='ocrx_word' id='word_1_548' title='bbox 1375 5861 1424 5904; x_wconf 85' lang='lat' dir='ltr'><strong>nl</strong></span> <span class='ocrx_word' id='word_1_549' title='bbox 1460 5870 1613 5922; x_wconf 72' lang='lat' dir='ltr'><strong>usque</strong></span> <span class='ocrx_word' id='word_1_550' title='bbox 1635 5855 1700 5903; x_wconf 74' lang='lat' dir='ltr'><strong>ad</strong></span> <span class='ocrx_word' id='word_1_551' title='bbox 1734 5854 1936 5903; x_wconf 64' lang='lat' dir='ltr'><strong>nt‘smm</strong></span> <span class='ocrx_word' id='word_1_552' title='bbox 1973 5853 2127 5901; x_wconf 60' lang='lat' dir='ltr'><strong>Icarii</strong></span> <span class='ocrx_word' id='word_1_553' title='bbox 2159 5850 2324 5902; x_wconf 71' lang='lat' dir='ltr'><strong>licini-</strong></span> 
     </span>
    </p>
   </div>
   <div class='ocr_carea' id='block_1_83' title="bbox 2398 1980 3990 2055">
    <p class='ocr_par' dir='ltr' id='par_1_83' title="bbox 2398 1980 3990 2055">
     <span class='ocr_line' id='line_1_83' title="bbox 2398 1980 3990 2055; baseline -0.003 -15"><span class='ocrx_word' id='word_1_554' title='bbox 2398 1987 2560 2040; x_wconf 86' lang='lat' dir='ltr'><strong>nisset</strong></span> <span class='ocrx_word' id='word_1_555' title='bbox 2593 1985 2802 2055; x_wconf 79' lang='lat' dir='ltr'><strong>pagina.</strong></span> <span class='ocrx_word' id='word_1_556' title='bbox 2836 1981 3135 2050; x_wconf 78' lang='lat' dir='ltr'><strong>Respondit</strong></span> <span class='ocrx_word' id='word_1_557' title='bbox 3178 1981 3336 2044; x_wconf 90' lang='lat' dir='ltr'><strong>abba,</strong></span> <span class='ocrx_word' id='word_1_558' title='bbox 3384 1995 3414 2032; x_wconf 88' lang='lat' dir='ltr'><strong>a</strong></span> <span class='ocrx_word' id='word_1_559' title='bbox 3463 1981 3667 2033; x_wconf 92' lang='lat' dir='ltr'><strong>domno</strong></span> <span class='ocrx_word' id='word_1_560' title='bbox 3707 1980 3990 2035; x_wconf 86' lang='lat' dir='ltr'><strong>Germano</strong></span> 
     </span>
    </p>
   </div>
   <div class='ocr_carea' id='block_1_84' title="bbox 2397 2071 3990 2141">
    <p class='ocr_par' dir='ltr' id='par_1_84' title="bbox 2397 2071 3990 2141">
     <span class='ocr_line' id='line_1_84' title="bbox 2397 2071 3990 2141; baseline -0.004 -10"><span class='ocrx_word' id='word_1_561' title='bbox 2397 2078 2498 2131; x_wconf 88' lang='lat' dir='ltr'><strong>sibi</strong></span> <span class='ocrx_word' id='word_1_562' title='bbox 2529 2076 2690 2130; x_wconf 82' lang='lat' dir='ltr'><strong>fuisse</strong></span> <span class='ocrx_word' id='word_1_563' title='bbox 2707 2075 2984 2129; x_wconf 90' lang='lat' dir='ltr'><strong>directam.</strong></span> <span class='ocrx_word' id='word_1_564' title='bbox 3017 2074 3186 2140; x_wconf 92' lang='lat' dir='ltr'><strong>Quam</strong></span> <span class='ocrx_word' id='word_1_565' title='bbox 3219 2072 3369 2141; x_wconf 90' lang='lat' dir='ltr'><strong>petiit</strong></span> <span class='ocrx_word' id='word_1_566' title='bbox 3393 2071 3498 2125; x_wconf 89' lang='lat' dir='ltr'><strong>sibi</strong></span> <span class='ocrx_word' id='word_1_567' title='bbox 3532 2072 3757 2140; x_wconf 80' lang='lat' dir='ltr'><strong>porrigi.</strong></span> <span class='ocrx_word' id='word_1_568' title='bbox 3787 2072 3888 2137; x_wconf 87' lang='lat' dir='ltr'><strong>Qui</strong></span> <span class='ocrx_word' id='word_1_569' title='bbox 3920 2074 3990 2126; x_wconf 88' lang='lat' dir='ltr'><strong>de</strong></span> 
     </span>
    </p>
   </div>
   <div class='ocr_carea' id='block_1_85' title="bbox 2398 2166 3995 2236">
    <p class='ocr_par' dir='ltr' id='par_1_85' title="bbox 2398 2166 3995 2236">
     <span class='ocr_line' id='line_1_85' title="bbox 2398 2166 3995 2236; baseline -0.002 -14"><span class='ocrx_word' id='word_1_570' title='bbox 2398 2169 2788 2236; x_wconf 86' lang='lat' dir='ltr'><strong>subscriptione</strong></span> <span class='ocrx_word' id='word_1_571' title='bbox 2826 2166 2942 2235; x_wconf 89' lang='lat' dir='ltr'><strong>ejus</strong></span> <span class='ocrx_word' id='word_1_572' title='bbox 2989 2167 3165 2233; x_wconf 76' lang='lat' dir='ltr'><strong>lingua</strong></span> <span class='ocrx_word' id='word_1_573' title='bbox 3221 2166 3506 2234; x_wconf 78' lang='lat' dir='ltr'><strong>detergens</strong></span> <span class='ocrx_word' id='word_1_574' title='bbox 3559 2166 3995 2226; x_wconf 86' lang='lat' dir='ltr'><strong>litteram.salus</strong></span> 
     </span>
    </p>
   </div>
   <div class='ocr_carea' id='block_1_86' title="bbox 2399 2257 4001 2326">
    <p class='ocr_par' dir='ltr' id='par_1_86' title="bbox 2399 2257 4001 2326">
     <span class='ocr_line' id='line_1_86' title="bbox 2399 2257 4001 2326; baseline -0.001 -12"><span class='ocrx_word' id='word_1_575' title='bbox 2399 2261 2674 2315; x_wconf 87' lang='lat' dir='ltr'><strong>descendit</strong></span> <span class='ocrx_word' id='word_1_576' title='bbox 2704 2261 2759 2312; x_wconf 89' lang='lat' dir='ltr'><strong>in</strong></span> <span class='ocrx_word' id='word_1_577' title='bbox 2783 2261 3081 2322; x_wconf 86' lang='lat' dir='ltr'><strong>viscera,et</strong></span> <span class='ocrx_word' id='word_1_578' title='bbox 3105 2258 3388 2311; x_wconf 88' lang='lat' dir='ltr'><strong>atramenti</strong></span> <span class='ocrx_word' id='word_1_579' title='bbox 3414 2257 3618 2326; x_wconf 90' lang='lat' dir='ltr'><strong>pictura</strong></span> <span class='ocrx_word' id='word_1_580' title='bbox 3649 2267 3840 2312; x_wconf 89' lang='lat' dir='ltr'><strong>cuncta</strong></span> <span class='ocrx_word' id='word_1_581' title='bbox 3873 2259 4001 2313; x_wconf 88' lang='lat' dir='ltr'><strong>vicit</strong></span> 
     </span>
    </p>
   </div>
   <div class='ocr_carea' id='block_1_87' title="bbox 2401 2348 3990 2420">
    <p class='ocr_par' dir='ltr' id='par_1_87' title="bbox 2401 2348 3990 2420">
     <span class='ocr_line' id='line_1_87' title="bbox 2401 2348 3990 2420; baseline 0.001 -18"><span class='ocrx_word' id='word_1_582' title='bbox 2401 2359 2687 2420; x_wconf 79' lang='lat' dir='ltr'><strong>ungueuta.</strong></span> <span class='ocrx_word' id='word_1_583' title='bbox 2710 2350 2859 2404; x_wconf 83' lang='lat' dir='ltr'><strong>Unde</strong></span> <span class='ocrx_word' id='word_1_584' title='bbox 2881 2349 3232 2418; x_wconf 85' lang='lat' dir='ltr'><strong>approbatum</strong></span> <span class='ocrx_word' id='word_1_585' title='bbox 3254 2357 3358 2412; x_wconf 85' lang='lat' dir='ltr'><strong>est,</strong></span> <span class='ocrx_word' id='word_1_586' title='bbox 3381 2348 3634 2415; x_wconf 79' lang='lat' dir='ltr'><strong>languido</strong></span> <span class='ocrx_word' id='word_1_587' title='bbox 3649 2361 3990 2415; x_wconf 77' lang='lat' dir='ltr'><strong>recuperato,</strong></span> 
     </span>
    </p>
   </div>
   <div class='ocr_carea' id='block_1_88' title="bbox 2402 2439 3997 2510">
    <p class='ocr_par' dir='ltr' id='par_1_88' title="bbox 2402 2439 3997 2510">
     <span class='ocr_line' id='line_1_88' title="bbox 2402 2439 3997 2510; baseline 0.001 -14"><span class='ocrx_word' id='word_1_588' title='bbox 2402 2451 2459 2496; x_wconf 90' lang='lat' dir='ltr'><strong>ut</strong></span> <span class='ocrx_word' id='word_1_589' title='bbox 2488 2442 2728 2496; x_wconf 87' lang='lat' dir='ltr'><strong>dicamus</strong></span> <span class='ocrx_word' id='word_1_590' title='bbox 2755 2441 3137 2507; x_wconf 85' lang='lat' dir='ltr'><strong>communiter,</strong></span> <span class='ocrx_word' id='word_1_591' title='bbox 3169 2440 3237 2495; x_wconf 90' lang='lat' dir='ltr'><strong>de</strong></span> <span class='ocrx_word' id='word_1_592' title='bbox 3261 2439 3430 2494; x_wconf 78' lang='lat' dir='ltr'><strong>sancti</strong></span> <span class='ocrx_word' id='word_1_593' title='bbox 3461 2439 3861 2510; x_wconf 82' lang='lat' dir='ltr'><strong>subscriptione</strong></span> <span class='ocrx_word' id='word_1_594' title='bbox 3891 2444 3997 2497; x_wconf 87' lang='lat' dir='ltr'><strong>sibi</strong></span> 
     </span>
    </p>
   </div>
   <div class='ocr_carea' id='block_1_89' title="bbox 2400 2535 2897 2590">
    <p class='ocr_par' dir='ltr' id='par_1_89' title="bbox 2400 2535 2897 2590">
     <span class='ocr_line' id='line_1_89' title="bbox 2400 2535 2897 2590; baseline -0.008 0"><span class='ocrx_word' id='word_1_595' title='bbox 2400 2535 2625 2590; x_wconf 82' lang='lat' dir='ltr'><strong>salutem</strong></span> <span class='ocrx_word' id='word_1_596' title='bbox 2658 2535 2897 2588; x_wconf 77' lang='lat' dir='ltr'><strong>linxisse.</strong></span> 
     </span>
    </p>
   </div>
   <div class='ocr_carea' id='block_1_90' title="bbox 2473 2620 3994 2680">
    <p class='ocr_par' dir='ltr' id='par_1_90' title="bbox 2473 2620 3994 2680">
     <span class='ocr_line' id='line_1_90' title="bbox 2473 2620 3994 2680; baseline 0 -2"><span class='ocrx_word' id='word_1_597' title='bbox 2473 2628 2561 2680; x_wconf 62' lang='lat' dir='ltr'><strong>si).</strong></span> <span class='ocrx_word' id='word_1_598' title='bbox 2623 2626 2823 2680; x_wconf 85' lang='lat' dir='ltr'><strong>Dehinc</strong></span> <span class='ocrx_word' id='word_1_599' title='bbox 2849 2639 2970 2679; x_wconf 90' lang='lat' dir='ltr'><strong>cum</strong></span> <span class='ocrx_word' id='word_1_600' title='bbox 3003 2623 3068 2676; x_wconf 88' lang='lat' dir='ltr'><strong>ad</strong></span> <span class='ocrx_word' id='word_1_601' title='bbox 3098 2620 3122 2660; x_wconf 74' lang='grc' dir='ltr'><em>δ</em></span> <span class='ocrx_word' id='word_1_602' title='bbox 3151 2623 3458 2678; x_wconf 82' lang='lat' dir='ltr'><strong>Carnonam</strong></span> <span class='ocrx_word' id='word_1_603' title='bbox 3499 2624 3794 2678; x_wconf 86' lang='lat' dir='ltr'><strong>Castellum</strong></span> <span class='ocrx_word' id='word_1_604' title='bbox 3831 2639 3994 2678; x_wconf 85' lang='lat' dir='ltr'><strong>acce-</strong></span> 
     </span>
    </p>
   </div>
   <div class='ocr_carea' id='block_1_91' title="bbox 2403 2715 3991 2784">
    <p class='ocr_par' dir='ltr' id='par_1_91' title="bbox 2403 2715 3991 2784">
     <span class='ocr_line' id='line_1_91' title="bbox 2403 2715 3991 2784; baseline -0.002 -14"><span class='ocrx_word' id='word_1_605' title='bbox 2403 2719 2571 2781; x_wconf 77' lang='lat' dir='ltr'><strong>deret,</strong></span> <span class='ocrx_word' id='word_1_606' title='bbox 2602 2717 2814 2784; x_wconf 89' lang='lat' dir='ltr'><strong>quidam</strong></span> <span class='ocrx_word' id='word_1_607' title='bbox 2838 2731 2896 2769; x_wconf 90' lang='lat' dir='ltr'><strong>se</strong></span> <span class='ocrx_word' id='word_1_608' title='bbox 2922 2715 2970 2768; x_wconf 90' lang='lat' dir='ltr'><strong>ei</strong></span> <span class='ocrx_word' id='word_1_609' title='bbox 3005 2715 3200 2779; x_wconf 77' lang='lat' dir='ltr'><strong>ingerit</strong></span> <span class='ocrx_word' id='word_1_610' title='bbox 3239 2730 3398 2767; x_wconf 89' lang='lat' dir='ltr'><strong>manu</strong></span> <span class='ocrx_word' id='word_1_611' title='bbox 3429 2724 3714 2768; x_wconf 89' lang='lat' dir='ltr'><strong>contracta</strong></span> <span class='ocrx_word' id='word_1_612' title='bbox 3772 2715 3991 2781; x_wconf 83' lang='lat' dir='ltr'><strong>debilis,</strong></span> 
     </span>
    </p>
   </div>
   <div class='ocr_carea' id='block_1_92' title="bbox 2404 2803 3997 2874">
    <p class='ocr_par' dir='ltr' id='par_1_92' title="bbox 2404 2803 3997 2874">
     <span class='ocr_line' id='line_1_92' title="bbox 2404 2803 3997 2874; baseline -0.001 -15"><span class='ocrx_word' id='word_1_613' title='bbox 2404 2823 2499 2874; x_wconf 90' lang='lat' dir='ltr'><strong>pro</strong></span> <span class='ocrx_word' id='word_1_614' title='bbox 2528 2822 2592 2859; x_wconf 90' lang='lat' dir='ltr'><strong>eo</strong></span> <span class='ocrx_word' id='word_1_615' title='bbox 2623 2805 2760 2870; x_wconf 84' lang='lat' dir='ltr'><strong>quod</strong></span> <span class='ocrx_word' id='word_1_616' title='bbox 2793 2806 2878 2858; x_wconf 90' lang='lat' dir='ltr'><strong>die</strong></span> <span class='ocrx_word' id='word_1_617' title='bbox 2906 2803 3184 2858; x_wconf 84' lang='lat' dir='ltr'><strong>Dominico</strong></span> <span class='ocrx_word' id='word_1_618' title='bbox 3211 2803 3406 2872; x_wconf 88' lang='lat' dir='ltr'><strong>aliquid</strong></span> <span class='ocrx_word' id='word_1_619' title='bbox 3430 2814 3686 2870; x_wconf 90' lang='lat' dir='ltr'><strong>operatus</strong></span> <span class='ocrx_word' id='word_1_620' title='bbox 3703 2805 3793 2856; x_wconf 91' lang='lat' dir='ltr'><strong>sit.</strong></span> <span class='ocrx_word' id='word_1_621' title='bbox 3823 2805 3997 2868; x_wconf 83' lang='lat' dir='ltr'><strong>Quem</strong></span> 
     </span>
    </p>
   </div>
   <div class='ocr_carea' id='block_1_93' title="bbox 2405 2892 3996 2966">
    <p class='ocr_par' dir='ltr' id='par_1_93' title="bbox 2405 2892 3996 2966">
     <span class='ocr_line' id='line_1_93' title="bbox 2405 2892 3996 2966; baseline 0.001 -20"><span class='ocrx_word' id='word_1_622' title='bbox 2405 2895 2723 2966; x_wconf 77' lang='lat' dir='ltr'><strong>pi-zecepitiu</strong></span> <span class='ocrx_word' id='word_1_623' title='bbox 2751 2895 2873 2947; x_wconf 89' lang='lat' dir='ltr'><strong>villa</strong></span> <span class='ocrx_word' id='word_1_624' title='bbox 2909 2903 2931 2932; x_wconf 71' lang='grc' dir='ltr'><strong>ε</strong></span> <span class='ocrx_word' id='word_1_625' title='bbox 2966 2892 3190 2948; x_wconf 89' lang='lat' dir='ltr'><strong>Cariaco</strong></span> <span class='ocrx_word' id='word_1_626' title='bbox 3243 2904 3363 2961; x_wconf 91' lang='lat' dir='ltr'><strong>post</strong></span> <span class='ocrx_word' id='word_1_627' title='bbox 3407 2909 3469 2948; x_wconf 90' lang='lat' dir='ltr'><strong>se</strong></span> <span class='ocrx_word' id='word_1_628' title='bbox 3521 2894 3996 2950; x_wconf 64' lang='lat' dir='ltr'><strong>festiuumoccur-</strong></span> 
     </span>
    </p>
   </div>
   <div class='ocr_carea' id='block_1_94' title="bbox 2406 2983 3996 3054">
    <p class='ocr_par' dir='ltr' id='par_1_94' title="bbox 2406 2983 3996 3054">
     <span class='ocr_line' id='line_1_94' title="bbox 2406 2983 3996 3054; baseline -0.001 -14"><span class='ocrx_word' id='word_1_629' title='bbox 2406 3002 2546 3040; x_wconf 90' lang='lat' dir='ltr'><strong>rere.</strong></span> <span class='ocrx_word' id='word_1_630' title='bbox 2577 2985 2695 3052; x_wconf 90' lang='lat' dir='ltr'><strong>Quo</strong></span> <span class='ocrx_word' id='word_1_631' title='bbox 2726 2984 3037 3050; x_wconf 80' lang='lat' dir='ltr'><strong>accedente,</strong></span> <span class='ocrx_word' id='word_1_632' title='bbox 3079 2983 3203 3038; x_wconf 88' lang='lat' dir='ltr'><strong>dum</strong></span> <span class='ocrx_word' id='word_1_633' title='bbox 3232 2983 3426 3054; x_wconf 76' lang='lat' dir='ltr'><strong>digitos</strong></span> <span class='ocrx_word' id='word_1_634' title='bbox 3452 2985 3574 3053; x_wconf 87' lang='lat' dir='ltr'><strong>ejus</strong></span> <span class='ocrx_word' id='word_1_635' title='bbox 3599 3001 3760 3038; x_wconf 85' lang='lat' dir='ltr'><strong>sacro</strong></span> <span class='ocrx_word' id='word_1_636' title='bbox 3793 3002 3996 3054; x_wconf 84' lang='lat' dir='ltr'><strong>perun-</strong></span> 
     </span>
    </p>
   </div>
   <div class='ocr_carea' id='block_1_95' title="bbox 2405 3074 3999 3146">
    <p class='ocr_par' dir='ltr' id='par_1_95' title="bbox 2405 3074 3999 3146">
     <span class='ocr_line' id='line_1_95' title="bbox 2405 3074 3999 3146; baseline 0 -16"><span class='ocrx_word' id='word_1_637' title='bbox 2405 3085 2553 3146; x_wconf 79' lang='lat' dir='ltr'><strong>geret</strong></span> <span class='ocrx_word' id='word_1_638' title='bbox 2583 3075 2600 3114; x_wconf 74' lang='grc' dir='ltr'>ῐ</span> <span class='ocrx_word' id='word_1_639' title='bbox 2635 3079 2778 3142; x_wconf 89' lang='lat' dir='ltr'><strong>oleo,</strong></span> <span class='ocrx_word' id='word_1_640' title='bbox 2805 3074 2982 3130; x_wconf 87' lang='lat' dir='ltr'><strong>subito</strong></span> <span class='ocrx_word' id='word_1_641' title='bbox 3008 3075 3146 3128; x_wconf 79' lang='lat' dir='ltr'><strong>siCca</strong></span> <span class='ocrx_word' id='word_1_642' title='bbox 3201 3075 3380 3142; x_wconf 83' lang='lat' dir='ltr'><strong>palma</strong></span> <span class='ocrx_word' id='word_1_643' title='bbox 3397 3075 3685 3130; x_wconf 89' lang='lat' dir='ltr'><strong>revirescit</strong></span> <span class='ocrx_word' id='word_1_644' title='bbox 3705 3093 3772 3130; x_wconf 76' lang='lat' dir='ltr'><strong>ex</strong></span> <span class='ocrx_word' id='word_1_645' title='bbox 3799 3079 3999 3132; x_wconf 87' lang='lat' dir='ltr'><strong>altera.</strong></span> 
     </span>
    </p>
   </div>
   <div class='ocr_carea' id='block_1_96' title="bbox 2409 3166 4002 3231">
    <p class='ocr_par' dir='ltr' id='par_1_96' title="bbox 2409 3166 4002 3231">
     <span class='ocr_line' id='line_1_96' title="bbox 2409 3166 4002 3231; baseline -0.003 -5"><span class='ocrx_word' id='word_1_646' title='bbox 2409 3170 2634 3226; x_wconf 81' lang='lat' dir='ltr'><strong>Astricta</strong></span> <span class='ocrx_word' id='word_1_647' title='bbox 2661 3169 2800 3222; x_wconf 89' lang='lat' dir='ltr'><strong>cutis</strong></span> <span class='ocrx_word' id='word_1_648' title='bbox 2821 3166 3054 3230; x_wconf 83' lang='lat' dir='ltr'><strong>ossibus,</strong></span> <span class='ocrx_word' id='word_1_649' title='bbox 3087 3167 3476 3223; x_wconf 77' lang='lat' dir='ltr'><strong>intercurrente</strong></span> <span class='ocrx_word' id='word_1_650' title='bbox 3501 3166 3753 3231; x_wconf 81' lang='lat' dir='ltr'><strong>humore,</strong></span> <span class='ocrx_word' id='word_1_651' title='bbox 3786 3170 4002 3222; x_wconf 80' lang='lat' dir='ltr'><strong>relaxa-</strong></span> 
     </span>
    </p>
   </div>
   <div class='ocr_carea' id='block_1_97' title="bbox 2334 3236 4003 3325">
    <p class='ocr_par' dir='ltr' id='par_1_97' title="bbox 2334 3236 4003 3325">
     <span class='ocr_line' id='line_1_97' title="bbox 2334 3236 4003 3325; baseline 0 -12"><span class='ocrx_word' id='word_1_652' title='bbox 2334 3236 2380 3298; x_wconf 75' lang='lat' dir='ltr'><strong>C</strong></span> <span class='ocrx_word' id='word_1_653' title='bbox 2413 3262 2485 3313; x_wconf 90' lang='lat' dir='ltr'><strong>vit</strong></span> <span class='ocrx_word' id='word_1_654' title='bbox 2533 3259 2805 3319; x_wconf 89' lang='lat' dir='ltr'><strong>articulos,</strong></span> <span class='ocrx_word' id='word_1_655' title='bbox 2846 3257 3108 3323; x_wconf 76' lang='lat' dir='ltr'><strong>iunctura:</strong></span> <span class='ocrx_word' id='word_1_656' title='bbox 3138 3272 3270 3325; x_wconf 90' lang='lat' dir='ltr'><strong>pene</strong></span> <span class='ocrx_word' id='word_1_657' title='bbox 3324 3257 3612 3324; x_wconf 76' lang='lat' dir='ltr'><strong>disjuncta:</strong></span> <span class='ocrx_word' id='word_1_658' title='bbox 3639 3260 4003 3314; x_wconf 80' lang='lat' dir='ltr'><strong>retenduntur</strong></span> 
     </span>
    </p>
   </div>
   <div class='ocr_carea' id='block_1_98' title="bbox 2411 3347 3997 3418">
    <p class='ocr_par' dir='ltr' id='par_1_98' title="bbox 2411 3347 3997 3418">
     <span class='ocr_line' id='line_1_98' title="bbox 2411 3347 3997 3418; baseline 0.001 -14"><span class='ocrx_word' id='word_1_659' title='bbox 2411 3353 2462 3404; x_wconf 90' lang='lat' dir='ltr'><strong>in</strong></span> <span class='ocrx_word' id='word_1_660' title='bbox 2489 3351 2700 3418; x_wconf 80' lang='lat' dir='ltr'><strong>digitos,</strong></span> <span class='ocrx_word' id='word_1_661' title='bbox 2731 3347 2951 3401; x_wconf 83' lang='lat' dir='ltr'><strong>ariditas</strong></span> <span class='ocrx_word' id='word_1_662' title='bbox 2982 3348 3228 3401; x_wconf 79' lang='lat' dir='ltr'><strong>dlllltll&#39;lI-l</strong></span> <span class='ocrx_word' id='word_1_663' title='bbox 3258 3347 3458 3402; x_wconf 82' lang='lat' dir='ltr'><strong>suﬂ‘usa</strong></span> <span class='ocrx_word' id='word_1_664' title='bbox 3485 3352 3786 3404; x_wconf 84' lang='lat' dir='ltr'><strong>rellorescit</strong></span> <span class='ocrx_word' id='word_1_665' title='bbox 3816 3353 3874 3404; x_wconf 92' lang='lat' dir='ltr'><strong>in</strong></span> <span class='ocrx_word' id='word_1_666' title='bbox 3907 3367 3997 3406; x_wconf 76' lang='lat' dir='ltr'><strong>ve-</strong></span> 
     </span>
    </p>
   </div>
   <div class='ocr_carea' id='block_1_99' title="bbox 2411 3439 4010 3508">
    <p class='ocr_par' dir='ltr' id='par_1_99' title="bbox 2411 3439 4010 3508">
     <span class='ocr_line' id='line_1_99' title="bbox 2411 3439 4010 3508; baseline 0.001 -14"><span class='ocrx_word' id='word_1_667' title='bbox 2411 3456 2498 3505; x_wconf 89' lang='lat' dir='ltr'><strong>na,</strong></span> <span class='ocrx_word' id='word_1_668' title='bbox 2521 3441 2808 3508; x_wconf 87' lang='lat' dir='ltr'><strong>statimque</strong></span> <span class='ocrx_word' id='word_1_669' title='bbox 2858 3439 3081 3493; x_wconf 87' lang='lat' dir='ltr'><strong>vulnere</strong></span> <span class='ocrx_word' id='word_1_670' title='bbox 3110 3439 3290 3492; x_wconf 84' lang='lat' dir='ltr'><strong>clausa</strong></span> <span class='ocrx_word' id='word_1_671' title='bbox 3342 3439 3562 3494; x_wconf 73' lang='lat' dir='ltr'><strong>dextera</strong></span> <span class='ocrx_word' id='word_1_672' title='bbox 3617 3441 3760 3496; x_wconf 88' lang='lat' dir='ltr'><strong>inter</strong></span> <span class='ocrx_word' id='word_1_673' title='bbox 3808 3459 4010 3496; x_wconf 84' lang='lat' dir='ltr'><strong>manus</strong></span> 
     </span>
    </p>
   </div>
   <div class='ocr_carea' id='block_1_100' title="bbox 2411 3529 3398 3587">
    <p class='ocr_par' dir='ltr' id='par_1_100' title="bbox 2411 3529 3398 3587">
     <span class='ocr_line' id='line_1_100' title="bbox 2411 3529 3398 3587; baseline -0.003 0"><span class='ocrx_word' id='word_1_674' title='bbox 2411 3532 2600 3587; x_wconf 90' lang='lat' dir='ltr'><strong>medici</strong></span> <span class='ocrx_word' id='word_1_675' title='bbox 2629 3547 2756 3583; x_wconf 90' lang='lat' dir='ltr'><strong>sana</strong></span> <span class='ocrx_word' id='word_1_676' title='bbox 2794 3530 3034 3583; x_wconf 89' lang='lat' dir='ltr'><strong>redditur</strong></span> <span class='ocrx_word' id='word_1_677' title='bbox 3061 3540 3116 3584; x_wconf 89' lang='lat' dir='ltr'><strong>et</strong></span> <span class='ocrx_word' id='word_1_678' title='bbox 3135 3529 3398 3584; x_wconf 86' lang='lat' dir='ltr'><strong>disteusa.</strong></span> 
     </span>
    </p>
   </div>
   <div class='ocr_carea' id='block_1_101' title="bbox 2483 3618 4008 3682">
    <p class='ocr_par' dir='ltr' id='par_1_101' title="bbox 2483 3618 4008 3682">
     <span class='ocr_line' id='line_1_101' title="bbox 2483 3618 4008 3682; baseline 0 -7"><span class='ocrx_word' id='word_1_679' title='bbox 2483 3620 2571 3675; x_wconf 82' lang='lat'><strong>60.</strong></span> <span class='ocrx_word' id='word_1_680' title='bbox 2605 3621 2810 3674; x_wconf 82' lang='lat' dir='ltr'><strong>Accidit</strong></span> <span class='ocrx_word' id='word_1_681' title='bbox 2836 3629 2893 3672; x_wconf 91' lang='lat' dir='ltr'><strong>ut</strong></span> <span class='ocrx_word' id='word_1_682' title='bbox 2914 3630 3132 3674; x_wconf 85' lang='lat' dir='ltr'><strong>sanctus</strong></span> <span class='ocrx_word' id='word_1_683' title='bbox 3161 3618 3240 3672; x_wconf 90' lang='lat' dir='ltr'><strong>vir</strong></span> <span class='ocrx_word' id='word_1_684' title='bbox 3271 3634 3519 3673; x_wconf 84' lang='lat' dir='ltr'><strong>remeans</strong></span> <span class='ocrx_word' id='word_1_685' title='bbox 3560 3619 3629 3673; x_wconf 90' lang='lat' dir='ltr'><strong>de</strong></span> <span class='ocrx_word' id='word_1_686' title='bbox 3663 3620 4008 3682; x_wconf 67' lang='lat' dir='ltr'><strong>Natum-tito.</strong></span> 
     </span>
    </p>
   </div>
   <div class='ocr_carea' id='block_1_102' title="bbox 2412 3709 4012 3778">
    <p class='ocr_par' dir='ltr' id='par_1_102' title="bbox 2412 3709 4012 3778">
     <span class='ocr_line' id='line_1_102' title="bbox 2412 3709 4012 3778; baseline -0.001 -10"><span class='ocrx_word' id='word_1_687' title='bbox 2412 3712 2628 3768; x_wconf 90' lang='lat' dir='ltr'><strong>domum</strong></span> <span class='ocrx_word' id='word_1_688' title='bbox 2676 3709 2938 3765; x_wconf 77' lang='lat' dir='ltr'><strong>Nunniclii</strong></span> <span class='ocrx_word' id='word_1_689' title='bbox 2972 3720 2996 3756; x_wconf 68' lang='grc' dir='ltr'><em>ε</em></span> <span class='ocrx_word' id='word_1_690' title='bbox 3055 3709 3278 3762; x_wconf 82' lang='lat' dir='ltr'><strong>illustris</strong></span> <span class='ocrx_word' id='word_1_691' title='bbox 3311 3709 3606 3764; x_wconf 86' lang='lat' dir='ltr'><strong>illustraret</strong></span> <span class='ocrx_word' id='word_1_692' title='bbox 3639 3710 3896 3778; x_wconf 78' lang='lat' dir='ltr'><strong>vestigio.</strong></span> <span class='ocrx_word' id='word_1_693' title='bbox 3936 3712 4012 3766; x_wconf 81' lang='lat' dir='ltr'><strong>De</strong></span> 
     </span>
    </p>
   </div>
   <div class='ocr_carea' id='block_1_103' title="bbox 2411 3799 4012 3872">
    <p class='ocr_par' dir='ltr' id='par_1_103' title="bbox 2411 3799 4012 3872">
     <span class='ocr_line' id='line_1_103' title="bbox 2411 3799 4012 3872; baseline 0 -15"><span class='ocrx_word' id='word_1_694' title='bbox 2411 3803 2562 3872; x_wconf 91' lang='lat' dir='ltr'><strong>cujus</strong></span> <span class='ocrx_word' id='word_1_695' title='bbox 2589 3812 2756 3868; x_wconf 85' lang='lat' dir='ltr'><strong>veste,</strong></span> <span class='ocrx_word' id='word_1_696' title='bbox 2801 3811 3043 3855; x_wconf 87' lang='lat' dir='ltr'><strong>matrona</strong></span> <span class='ocrx_word' id='word_1_697' title='bbox 3070 3811 3222 3869; x_wconf 81' lang='lat' dir='ltr'><strong>rapto</strong></span> <span class='ocrx_word' id='word_1_698' title='bbox 3259 3799 3487 3854; x_wconf 79' lang='lat' dir='ltr'><strong>f-deliter</strong></span> <span class='ocrx_word' id='word_1_699' title='bbox 3517 3801 3629 3864; x_wconf 80' lang='lat' dir='ltr'><strong>lilo,</strong></span> <span class='ocrx_word' id='word_1_700' title='bbox 3663 3803 3916 3855; x_wconf 76' lang='lat' dir='ltr'><strong>recondit</strong></span> <span class='ocrx_word' id='word_1_701' title='bbox 3960 3807 4012 3857; x_wconf 87' lang='lat' dir='ltr'><strong>in</strong></span> 
     </span>
    </p>
   </div>
   <div class='ocr_carea' id='block_1_104' title="bbox 2411 3888 4013 3962">
    <p class='ocr_par' dir='ltr' id='par_1_104' title="bbox 2411 3888 4013 3962">
     <span class='ocr_line' id='line_1_104' title="bbox 2411 3888 4013 3962; baseline -0.004 -11"><span class='ocrx_word' id='word_1_702' title='bbox 2411 3895 2668 3961; x_wconf 80' lang='lat' dir='ltr'><strong>oratorio,</strong></span> <span class='ocrx_word' id='word_1_703' title='bbox 2708 3909 2826 3962; x_wconf 74' lang='lat' dir='ltr'><strong>qua:</strong></span> <span class='ocrx_word' id='word_1_704' title='bbox 2851 3892 3210 3948; x_wconf 83' lang='lat' dir='ltr'><strong>valetudinem</strong></span> <span class='ocrx_word' id='word_1_705' title='bbox 3243 3888 3270 3928; x_wconf 72' lang='grc'>⁵</span> <span class='ocrx_word' id='word_1_706' title='bbox 3303 3893 3533 3957; x_wconf 92' lang='lat' dir='ltr'><strong>irruens,</strong></span> <span class='ocrx_word' id='word_1_707' title='bbox 3570 3893 3768 3962; x_wconf 78' lang='lat' dir='ltr'><strong>vigiliis</strong></span> <span class='ocrx_word' id='word_1_708' title='bbox 3800 3895 3854 3946; x_wconf 87' lang='lat' dir='ltr'><strong>in</strong></span> <span class='ocrx_word' id='word_1_709' title='bbox 3911 3895 4013 3946; x_wconf 84' lang='lat' dir='ltr'><strong>Im-</strong></span> 
     </span>
    </p>
   </div>
   <div class='ocr_carea' id='block_1_105' title="bbox 2415 3982 4012 4052">
    <p class='ocr_par' dir='ltr' id='par_1_105' title="bbox 2415 3982 4012 4052">
     <span class='ocr_line' id='line_1_105' title="bbox 2415 3982 4012 4052; baseline -0.002 -10"><span class='ocrx_word' id='word_1_710' title='bbox 2415 4001 2544 4042; x_wconf 89' lang='lat' dir='ltr'><strong>nore</strong></span> <span class='ocrx_word' id='word_1_711' title='bbox 2571 3987 2736 4040; x_wconf 89' lang='lat' dir='ltr'><strong>sancti</strong></span> <span class='ocrx_word' id='word_1_712' title='bbox 2759 3986 3067 4040; x_wconf 89' lang='lat' dir='ltr'><strong>solemuiter</strong></span> <span class='ocrx_word' id='word_1_713' title='bbox 3089 3984 3391 4049; x_wconf 89' lang='lat' dir='ltr'><strong>celebratis,</strong></span> <span class='ocrx_word' id='word_1_714' title='bbox 3426 3982 3440 4021; x_wconf 78' lang='grc' dir='ltr'><strong>ί</strong></span> <span class='ocrx_word' id='word_1_715' title='bbox 3464 4000 3528 4039; x_wconf 90' lang='lat' dir='ltr'><strong>ac</strong></span> <span class='ocrx_word' id='word_1_716' title='bbox 3546 4001 3710 4040; x_wconf 65' lang='lat' dir='ltr'><strong>Inl$&quot;a</strong></span> <span class='ocrx_word' id='word_1_717' title='bbox 3731 4000 4012 4052; x_wconf 83' lang='lat' dir='ltr'><strong>revocata,</strong></span> 
     </span>
    </p>
   </div>
   <div class='ocr_carea' id='block_1_106' title="bbox 2415 4095 4015 4169">
    <p class='ocr_par' dir='ltr' id='par_1_106' title="bbox 2415 4095 4015 4169">
     <span class='ocr_line' id='line_1_106' title="bbox 2415 4095 4015 4169; baseline -0.001 -17"><span class='ocrx_word' id='word_1_718' title='bbox 2415 4099 2526 4169; x_wconf 82' lang='lat' dir='ltr'><strong>gii,</strong></span> <span class='ocrx_word' id='word_1_719' title='bbox 2577 4102 2671 4152; x_wconf 83' lang='lat' dir='ltr'><strong>hoc</strong></span> <span class='ocrx_word' id='word_1_720' title='bbox 2699 4106 2771 4151; x_wconf 72' lang='lat' dir='ltr'><strong>est</strong></span> <span class='ocrx_word' id='word_1_721' title='bbox 2803 4095 3064 4150; x_wconf 76' lang='lat' dir='ltr'><strong>Kalendas</strong></span> <span class='ocrx_word' id='word_1_722' title='bbox 3111 4099 3291 4151; x_wconf 82' lang='lat' dir='ltr'><strong>Octob.</strong></span> <span class='ocrx_word' id='word_1_723' title='bbox 3343 4099 3565 4167; x_wconf 81' lang='lat' dir='ltr'><strong>spatium</strong></span> <span class='ocrx_word' id='word_1_724' title='bbox 3618 4099 3837 4152; x_wconf 80' lang='lat' dir='ltr'><strong>habeant</strong></span> <span class='ocrx_word' id='word_1_725' title='bbox 3891 4101 4015 4164; x_wconf 85' lang='lat' dir='ltr'><strong>illi,</strong></span> 
     </span>
    </p>
   </div>
   <div class='ocr_carea' id='block_1_107' title="bbox 2413 4169 4018 4238">
    <p class='ocr_par' dir='ltr' id='par_1_107' title="bbox 2413 4169 4018 4238">
     <span class='ocr_line' id='line_1_107' title="bbox 2413 4169 4018 4238; baseline 0.001 -16"><span class='ocrx_word' id='word_1_726' title='bbox 2413 4172 2501 4238; x_wconf 73' lang='lat' dir='ltr'><strong>qui</strong></span> <span class='ocrx_word' id='word_1_727' title='bbox 2538 4171 2591 4221; x_wconf 86' lang='lat' dir='ltr'><strong>in</strong></span> <span class='ocrx_word' id='word_1_728' title='bbox 2635 4170 2745 4222; x_wconf 81' lang='lat' dir='ltr'><strong>istis</strong></span> <span class='ocrx_word' id='word_1_729' title='bbox 2822 4169 3128 4231; x_wconf 70' lang='lat' dir='ltr'><strong>tenuioribus</strong></span> <span class='ocrx_word' id='word_1_730' title='bbox 3183 4171 3307 4222; x_wconf 84' lang='lat' dir='ltr'><strong>istas</strong></span> <span class='ocrx_word' id='word_1_731' title='bbox 3362 4169 3776 4233; x_wconf 78' lang='lat' dir='ltr'><strong>deprtedatianes</strong></span> <span class='ocrx_word' id='word_1_732' title='bbox 3827 4182 3882 4223; x_wconf 83' lang='lat' dir='ltr'><strong>et</strong></span> <span class='ocrx_word' id='word_1_733' title='bbox 3909 4176 4018 4223; x_wconf 70' lang='lat' dir='ltr'><strong>alia</strong></span> 
     </span>
    </p>
   </div>
   <div class='ocr_carea' id='block_1_108' title="bbox 2416 4239 4019 4308">
    <p class='ocr_par' dir='ltr' id='par_1_108' title="bbox 2416 4239 4019 4308">
     <span class='ocr_line' id='line_1_108' title="bbox 2416 4239 4019 4308; baseline 0.001 -16"><span class='ocrx_word' id='word_1_734' title='bbox 2416 4241 2683 4308; x_wconf 74' lang='lat' dir='ltr'><strong>malefacta</strong></span> <span class='ocrx_word' id='word_1_735' title='bbox 2729 4239 3060 4292; x_wconf 84' lang='lat' dir='ltr'><strong>criminaliter</strong></span> <span class='ocrx_word' id='word_1_736' title='bbox 3115 4249 3161 4292; x_wconf 84' lang='lat' dir='ltr'><strong>ct</strong></span> <span class='ocrx_word' id='word_1_737' title='bbox 3215 4241 3412 4306; x_wconf 77' lang='lat' dir='ltr'><strong>publice</strong></span> <span class='ocrx_word' id='word_1_738' title='bbox 3465 4240 3733 4308; x_wconf 78' lang='lat' dir='ltr'><strong>fecerunt,</strong></span> <span class='ocrx_word' id='word_1_739' title='bbox 3785 4253 3840 4292; x_wconf 81' lang='lat' dir='ltr'><strong>ut</strong></span> <span class='ocrx_word' id='word_1_740' title='bbox 3895 4243 4019 4294; x_wconf 80' lang='lat' dir='ltr'><strong>inde</strong></span> 
     </span>
    </p>
   </div>
   <div class='ocr_carea' id='block_1_109' title="bbox 2416 4309 4018 4379">
    <p class='ocr_par' dir='ltr' id='par_1_109' title="bbox 2416 4309 4018 4379">
     <span class='ocr_line' id='line_1_109' title="bbox 2416 4309 4018 4379; baseline 0 -16"><span class='ocrx_word' id='word_1_741' title='bbox 2416 4313 2554 4379; x_wconf 83' lang='lat' dir='ltr'><strong>apud</strong></span> <span class='ocrx_word' id='word_1_742' title='bbox 2607 4310 2918 4372; x_wconf 77' lang='lat' dir='ltr'><strong>hominum,</strong></span> <span class='ocrx_word' id='word_1_743' title='bbox 2960 4319 3026 4379; x_wconf 18' lang='lat' dir='ltr'><strong>eti</strong></span> <span class='ocrx_word' id='word_1_744' title='bbox 3051 4309 3189 4374; x_wconf 85' lang='lat' dir='ltr'><strong>apud</strong></span> <span class='ocrx_word' id='word_1_745' title='bbox 3259 4326 3341 4361; x_wconf 78' lang='lat' dir='ltr'><strong>eos</strong></span> <span class='ocrx_word' id='word_1_746' title='bbox 3407 4309 3591 4378; x_wconf 80' lang='lat' dir='ltr'><strong>quibus</strong></span> <span class='ocrx_word' id='word_1_747' title='bbox 3641 4311 4018 4376; x_wconf 74' lang='lat' dir='ltr'><strong>malefeceiuut</strong></span> 
     </span>
    </p>
   </div>
   <div class='ocr_carea' id='block_1_110' title="bbox 2417 4378 4018 4448">
    <p class='ocr_par' dir='ltr' id='par_1_110' title="bbox 2417 4378 4018 4448">
     <span class='ocr_line' id='line_1_110' title="bbox 2417 4378 4018 4448; baseline 0 -15"><span class='ocrx_word' id='word_1_748' title='bbox 2417 4398 2468 4433; x_wconf 87' lang='lat' dir='ltr'><strong>se</strong></span> <span class='ocrx_word' id='word_1_749' title='bbox 2531 4381 2819 4448; x_wconf 76' lang='lat' dir='ltr'><strong>paciﬁcent.</strong></span> <span class='ocrx_word' id='word_1_750' title='bbox 2887 4379 2937 4431; x_wconf 92' lang='lat' dir='ltr'><strong>In</strong></span> <span class='ocrx_word' id='word_1_751' title='bbox 2989 4378 3218 4442; x_wconf 82' lang='lat' dir='ltr'><strong>Capitul.</strong></span> <span class='ocrx_word' id='word_1_752' title='bbox 3281 4381 3372 4431; x_wconf 73' lang='grc' dir='ltr'><strong>Ην.</strong></span> <span class='ocrx_word' id='word_1_753' title='bbox 3431 4396 3490 4441; x_wconf 86' lang='grc' dir='ltr'><strong>ιι,</strong></span> <span class='ocrx_word' id='word_1_754' title='bbox 3555 4393 3676 4446; x_wconf 86' lang='lat' dir='ltr'><strong>cap.</strong></span> <span class='ocrx_word' id='word_1_755' title='bbox 3723 4383 3804 4443; x_wconf 83' lang='grc'>10,</span> <span class='ocrx_word' id='word_1_756' title='bbox 3846 4382 4018 4433; x_wconf 62' lang='lat' dir='ltr'><strong>(Lito-</strong></span> 
     </span>
    </p>
   </div>
   <div class='ocr_carea' id='block_1_111' title="bbox 2419 4449 4021 4518">
    <p class='ocr_par' dir='ltr' id='par_1_111' title="bbox 2419 4449 4021 4518">
     <span class='ocr_line' id='line_1_111' title="bbox 2419 4449 4021 4518; baseline 0 -14"><span class='ocrx_word' id='word_1_757' title='bbox 2419 4453 2499 4504; x_wconf 90' lang='lat' dir='ltr'><strong>lus</strong></span> <span class='ocrx_word' id='word_1_758' title='bbox 2542 4451 2614 4505; x_wconf 84' lang='grc' dir='ltr'><strong>Μ.</strong></span> <span class='ocrx_word' id='word_1_759' title='bbox 2666 4458 2891 4502; x_wconf 71' lang='lat' dir='ltr'><strong>moneta:</strong></span> <span class='ocrx_word' id='word_1_760' title='bbox 2929 4450 3275 4518; x_wconf 67' lang='lat' dir='ltr'><strong>emendanda:</strong></span> <span class='ocrx_word' id='word_1_761' title='bbox 3317 4449 3562 4502; x_wconf 89' lang='lat' dir='ltr'><strong>concedit</strong></span> <span class='ocrx_word' id='word_1_762' title='bbox 3595 4453 3821 4515; x_wconf 72' lang='lat' dir='ltr'><strong>spatium</strong></span> <span class='ocrx_word' id='word_1_763' title='bbox 3857 4469 4021 4518; x_wconf 65' lang='lat' dir='ltr'><strong>usque</strong></span> 
     </span>
    </p>
   </div>
   <div class='ocr_carea' id='block_1_112' title="bbox 2319 4517 4019 4587">
    <p class='ocr_par' dir='ltr' id='par_1_112' title="bbox 2319 4517 4019 4587">
     <span class='ocr_line' id='line_1_112' title="bbox 2319 4517 4019 4587; baseline 0.002 -14"><span class='ocrx_word' id='word_1_764' title='bbox 2319 4567 2358 4587; x_wconf 15' lang='grc' dir='ltr'>,ί</span> <span class='ocrx_word' id='word_1_765' title='bbox 2419 4525 2486 4573; x_wconf 89' lang='lat' dir='ltr'><strong>a.l</strong></span> <span class='ocrx_word' id='word_1_766' title='bbox 2533 4523 2736 4571; x_wconf 77' lang='lat' dir='ltr'><strong>tttissitm</strong></span> <span class='ocrx_word' id='word_1_767' title='bbox 2767 4520 2926 4570; x_wconf 85' lang='lat' dir='ltr'><strong>sancti</strong></span> <span class='ocrx_word' id='word_1_768' title='bbox 2958 4517 3194 4581; x_wconf 81' lang='lat' dir='ltr'><strong>Martini,</strong></span> <span class='ocrx_word' id='word_1_769' title='bbox 3236 4530 3280 4570; x_wconf 85' lang='lat' dir='ltr'><strong>et</strong></span> <span class='ocrx_word' id='word_1_770' title='bbox 3325 4534 3441 4586; x_wconf 85' lang='lat' dir='ltr'><strong>cap.</strong></span> <span class='ocrx_word' id='word_1_771' title='bbox 3473 4521 3566 4583; x_wconf 72' lang='lat'><strong>‘20,</strong></span> <span class='ocrx_word' id='word_1_772' title='bbox 3622 4521 3879 4587; x_wconf 85' lang='lat' dir='ltr'><strong>pontibus</strong></span> <span class='ocrx_word' id='word_1_773' title='bbox 3932 4539 4019 4576; x_wconf 79' lang='lat' dir='ltr'><strong>re-</strong></span> 
     </span>
    </p>
   </div>
   <div class='ocr_carea' id='block_1_113' title="bbox 2344 4586 4017 4657">
    <p class='ocr_par' dir='ltr' id='par_1_113' title="bbox 2344 4586 4017 4657">
     <span class='ocr_line' id='line_1_113' title="bbox 2344 4586 4017 4657; baseline -0.001 -12"><span class='ocrx_word' id='word_1_774' title='bbox 2344 4586 2392 4646; x_wconf 81' lang='grc' dir='ltr'>υ</span> <span class='ocrx_word' id='word_1_775' title='bbox 2421 4591 2712 4643; x_wconf 83' lang='lat' dir='ltr'><strong>sarciendis</strong></span> <span class='ocrx_word' id='word_1_776' title='bbox 2741 4596 2805 4640; x_wconf 85' lang='lat' dir='ltr'><strong>ad</strong></span> <span class='ocrx_word' id='word_1_777' title='bbox 2848 4589 3052 4640; x_wconf 84' lang='lat' dir='ltr'><strong>missam</strong></span> <span class='ocrx_word' id='word_1_778' title='bbox 3079 4591 3237 4642; x_wconf 82' lang='lat' dir='ltr'><strong>sanrti</strong></span> <span class='ocrx_word' id='word_1_779' title='bbox 3262 4590 3496 4641; x_wconf 77' lang='lat' dir='ltr'><strong>Audt&#39;ew.</strong></span> <span class='ocrx_word' id='word_1_780' title='bbox 3542 4591 3598 4642; x_wconf 73' lang='lat' dir='ltr'><strong>Si</strong></span> <span class='ocrx_word' id='word_1_781' title='bbox 3626 4586 3630 4587; x_wconf 19' lang='grc' dir='ltr'><em>ν</em></span> <span class='ocrx_word' id='word_1_782' title='bbox 3656 4592 3814 4657; x_wconf 78' lang='lat' dir='ltr'><strong>igitur</strong></span> <span class='ocrx_word' id='word_1_783' title='bbox 3847 4594 4017 4646; x_wconf 83' lang='lat' dir='ltr'><strong>missa</strong></span> 
     </span>
    </p>
   </div>
   <div class='ocr_carea' id='block_1_114' title="bbox 2419 4657 4018 4725">
    <p class='ocr_par' dir='ltr' id='par_1_114' title="bbox 2419 4657 4018 4725">
     <span class='ocr_line' id='line_1_114' title="bbox 2419 4657 4018 4725; baseline 0.001 -13"><span class='ocrx_word' id='word_1_784' title='bbox 2419 4659 2585 4713; x_wconf 81' lang='lat' dir='ltr'><strong>salicti</strong></span> <span class='ocrx_word' id='word_1_785' title='bbox 2638 4658 2899 4724; x_wconf 75' lang='lat' dir='ltr'><strong>Reitiigii,</strong></span> <span class='ocrx_word' id='word_1_786' title='bbox 2934 4659 3102 4711; x_wconf 84' lang='lat' dir='ltr'><strong>sancti</strong></span> <span class='ocrx_word' id='word_1_787' title='bbox 3159 4657 3402 4723; x_wconf 81' lang='lat' dir='ltr'><strong>Martini,</strong></span> <span class='ocrx_word' id='word_1_788' title='bbox 3445 4661 3616 4712; x_wconf 81' lang='lat' dir='ltr'><strong>sincti</strong></span> <span class='ocrx_word' id='word_1_789' title='bbox 3650 4661 3887 4712; x_wconf 67' lang='lat' dir='ltr'><strong>Andreae</strong></span> <span class='ocrx_word' id='word_1_790' title='bbox 3919 4680 4018 4725; x_wconf 82' lang='lat' dir='ltr'><strong>pro</strong></span> 
     </span>
    </p>
   </div>
   <div class='ocr_carea' id='block_1_115' title="bbox 2413 4729 4020 4794">
    <p class='ocr_par' dir='ltr' id='par_1_115' title="bbox 2413 4729 4020 4794">
     <span class='ocr_line' id='line_1_115' title="bbox 2413 4729 4020 4794; baseline 0.002 -14"><span class='ocrx_word' id='word_1_791' title='bbox 2413 4731 2500 4784; x_wconf 90' lang='lat' dir='ltr'><strong>die</strong></span> <span class='ocrx_word' id='word_1_792' title='bbox 2553 4732 2680 4794; x_wconf 83' lang='lat' dir='ltr'><strong>ipsis</strong></span> <span class='ocrx_word' id='word_1_793' title='bbox 2725 4730 2900 4781; x_wconf 80' lang='lat' dir='ltr'><strong>dicato</strong></span> <span class='ocrx_word' id='word_1_794' title='bbox 2937 4730 3192 4785; x_wconf 87' lang='lat' dir='ltr'><strong>sumitur.</strong></span> <span class='ocrx_word' id='word_1_795' title='bbox 3227 4739 3284 4780; x_wconf 91' lang='lat' dir='ltr'><strong>ut</strong></span> <span class='ocrx_word' id='word_1_796' title='bbox 3329 4743 3396 4781; x_wconf 79' lang='lat' dir='ltr'><strong>es</strong></span> <span class='ocrx_word' id='word_1_797' title='bbox 3459 4729 3591 4780; x_wconf 85' lang='lat' dir='ltr'><strong>locis</strong></span> <span class='ocrx_word' id='word_1_798' title='bbox 3621 4730 3871 4781; x_wconf 75' lang='lat' dir='ltr'><strong>adductis</strong></span> <span class='ocrx_word' id='word_1_799' title='bbox 3905 4749 4020 4783; x_wconf 58' lang='lat' dir='ltr'><strong>tua-</strong></span> 
     </span>
    </p>
   </div>
   <div class='ocr_carea' id='block_1_116' title="bbox 2421 4800 4017 4866">
    <p class='ocr_par' dir='ltr' id='par_1_116' title="bbox 2421 4800 4017 4866">
     <span class='ocr_line' id='line_1_116' title="bbox 2421 4800 4017 4866; baseline 0.001 -13"><span class='ocrx_word' id='word_1_800' title='bbox 2421 4803 2666 4853; x_wconf 82' lang='lat' dir='ltr'><strong>nilestum</strong></span> <span class='ocrx_word' id='word_1_801' title='bbox 2695 4810 2796 4857; x_wconf 86' lang='lat' dir='ltr'><strong>est.</strong></span> <span class='ocrx_word' id='word_1_802' title='bbox 2820 4810 2963 4851; x_wconf 86' lang='lat' dir='ltr'><strong>recte</strong></span> <span class='ocrx_word' id='word_1_803' title='bbox 2983 4800 3122 4851; x_wconf 87' lang='lat' dir='ltr'><strong>etad</strong></span> <span class='ocrx_word' id='word_1_804' title='bbox 3145 4807 3343 4851; x_wconf 75' lang='lat' dir='ltr'><strong>textum</strong></span> <span class='ocrx_word' id='word_1_805' title='bbox 3377 4801 3618 4866; x_wconf 78' lang='lat' dir='ltr'><strong>apposite</strong></span> <span class='ocrx_word' id='word_1_806' title='bbox 3653 4800 4017 4855; x_wconf 77' lang='lat' dir='ltr'><strong>Fortunatmn</strong></span> 
     </span>
    </p>
   </div>
   <div class='ocr_carea' id='block_1_117' title="bbox 2418 4869 4022 4938">
    <p class='ocr_par' dir='ltr' id='par_1_117' title="bbox 2418 4869 4022 4938">
     <span class='ocr_line' id='line_1_117' title="bbox 2418 4869 4022 4938; baseline 0.001 -16"><span class='ocrx_word' id='word_1_807' title='bbox 2418 4872 2501 4923; x_wconf 84' lang='lat' dir='ltr'><strong>hic</strong></span> <span class='ocrx_word' id='word_1_808' title='bbox 2548 4871 2613 4921; x_wconf 89' lang='lat' dir='ltr'><strong>de</strong></span> <span class='ocrx_word' id='word_1_809' title='bbox 2652 4870 3012 4921; x_wconf 84' lang='lat' dir='ltr'><strong>anniversario</strong></span> <span class='ocrx_word' id='word_1_810' title='bbox 3053 4869 3133 4938; x_wconf 90' lang='lat' dir='ltr'><strong>(ut</strong></span> <span class='ocrx_word' id='word_1_811' title='bbox 3166 4869 3476 4936; x_wconf 84' lang='lat' dir='ltr'><strong>loquuntur)</strong></span> <span class='ocrx_word' id='word_1_812' title='bbox 3527 4870 3646 4922; x_wconf 70' lang='lat' dir='ltr'><strong>testi</strong></span> <span class='ocrx_word' id='word_1_813' title='bbox 3670 4871 3840 4922; x_wconf 72' lang='lat' dir='ltr'><strong>Sancti</strong></span> <span class='ocrx_word' id='word_1_814' title='bbox 3870 4870 4022 4924; x_wconf 83' lang='lat' dir='ltr'><strong>Ger-</strong></span> 
     </span>
    </p>
   </div>
   <div class='ocr_carea' id='block_1_118' title="bbox 2418 4940 4019 5003">
    <p class='ocr_par' dir='ltr' id='par_1_118' title="bbox 2418 4940 4019 5003">
     <span class='ocr_line' id='line_1_118' title="bbox 2418 4940 4019 5003; baseline -0.001 -10"><span class='ocrx_word' id='word_1_815' title='bbox 2418 4941 2556 4993; x_wconf 83' lang='lat' dir='ltr'><strong>Inani</strong></span> <span class='ocrx_word' id='word_1_816' title='bbox 2576 4955 2788 4991; x_wconf 67' lang='lat' dir='ltr'><strong>rei-orsu</strong></span> <span class='ocrx_word' id='word_1_817' title='bbox 2826 4940 3156 5003; x_wconf 83' lang='lat' dir='ltr'><strong>interpretari</strong></span> <span class='ocrx_word' id='word_1_818' title='bbox 3198 4940 3352 5001; x_wconf 85' lang='lat' dir='ltr'><strong>licet,</strong></span> <span class='ocrx_word' id='word_1_819' title='bbox 3378 4953 3476 4991; x_wconf 90' lang='lat' dir='ltr'><strong>nec</strong></span> <span class='ocrx_word' id='word_1_820' title='bbox 3499 4940 3657 4990; x_wconf 89' lang='lat' dir='ltr'><strong>aliter</strong></span> <span class='ocrx_word' id='word_1_821' title='bbox 3689 4942 3923 4992; x_wconf 80' lang='lat' dir='ltr'><strong>fortasse</strong></span> <span class='ocrx_word' id='word_1_822' title='bbox 3951 4945 4019 4993; x_wconf 69' lang='lat' dir='ltr'><strong>li-</strong></span> 
     </span>
    </p>
   </div>
   <div class='ocr_carea' id='block_1_119' title="bbox 2417 5009 4021 5064">
    <p class='ocr_par' dir='ltr' id='par_1_119' title="bbox 2417 5009 4021 5064">
     <span class='ocr_line' id='line_1_119' title="bbox 2417 5009 4021 5064; baseline -0.006 -2"><span class='ocrx_word' id='word_1_823' title='bbox 2417 5019 2522 5064; x_wconf 76' lang='lat' dir='ltr'><strong>cet.</strong></span> <span class='ocrx_word' id='word_1_824' title='bbox 2557 5011 2689 5062; x_wconf 82' lang='lat' dir='ltr'><strong>Cum</strong></span> <span class='ocrx_word' id='word_1_825' title='bbox 2713 5009 2852 5062; x_wconf 92' lang='lat' dir='ltr'><strong>enim</strong></span> <span class='ocrx_word' id='word_1_826' title='bbox 2883 5010 2948 5061; x_wconf 88' lang='lat' dir='ltr'><strong>de</strong></span> <span class='ocrx_word' id='word_1_827' title='bbox 2985 5018 3324 5061; x_wconf 73' lang='lat' dir='ltr'><strong>sacrosancto</strong></span> <span class='ocrx_word' id='word_1_828' title='bbox 3354 5009 3531 5059; x_wconf 74' lang='lat' dir='ltr'><strong>missa:</strong></span> <span class='ocrx_word' id='word_1_829' title='bbox 3553 5009 3816 5062; x_wconf 63' lang='lat' dir='ltr'><strong>sacriliciu</strong></span> <span class='ocrx_word' id='word_1_830' title='bbox 3851 5011 3899 5062; x_wconf 70' lang='lat' dir='ltr'><strong>is</strong></span> <span class='ocrx_word' id='word_1_831' title='bbox 3923 5027 4021 5063; x_wconf 77' lang='lat' dir='ltr'><strong>an-</strong></span> 
     </span>
    </p>
   </div>
   <div class='ocr_carea' id='block_1_120' title="bbox 2419 5078 4013 5147">
    <p class='ocr_par' dir='ltr' id='par_1_120' title="bbox 2419 5078 4013 5147">
     <span class='ocr_line' id='line_1_120' title="bbox 2419 5078 4013 5147; baseline -0.001 -14"><span class='ocrx_word' id='word_1_832' title='bbox 2419 5089 2534 5133; x_wconf 84' lang='lat' dir='ltr'><strong>ctor</strong></span> <span class='ocrx_word' id='word_1_833' title='bbox 2562 5090 2690 5144; x_wconf 65' lang='lat' dir='ltr'><strong>agit,</strong></span> <span class='ocrx_word' id='word_1_834' title='bbox 2719 5095 2818 5130; x_wconf 89' lang='lat' dir='ltr'><strong>non</strong></span> <span class='ocrx_word' id='word_1_835' title='bbox 2840 5080 3039 5130; x_wconf 72' lang='lat' dir='ltr'><strong>recedit</strong></span> <span class='ocrx_word' id='word_1_836' title='bbox 3058 5079 3331 5130; x_wconf 72' lang='lat' dir='ltr'><strong>:ibttsituto</strong></span> <span class='ocrx_word' id='word_1_837' title='bbox 3355 5078 3600 5145; x_wconf 74' lang='lat' dir='ltr'><strong>loquendi</strong></span> <span class='ocrx_word' id='word_1_838' title='bbox 3628 5095 3798 5139; x_wconf 81' lang='lat' dir='ltr'><strong>litore,</strong></span> <span class='ocrx_word' id='word_1_839' title='bbox 3818 5095 4013 5147; x_wconf 66' lang='lat' dir='ltr'><strong>supra,</strong></span> 
     </span>
    </p>
   </div>
   <div class='ocr_carea' id='block_1_121' title="bbox 2421 5147 4014 5215">
    <p class='ocr_par' dir='ltr' id='par_1_121' title="bbox 2421 5147 4014 5215">
     <span class='ocr_line' id='line_1_121' title="bbox 2421 5147 4014 5215; baseline 0.001 -14"><span class='ocrx_word' id='word_1_840' title='bbox 2421 5165 2565 5207; x_wconf 88' lang='lat' dir='ltr'><strong>num.</strong></span> <span class='ocrx_word' id='word_1_841' title='bbox 2601 5148 2690 5200; x_wconf 69' lang='grc'><strong>45.</strong></span> <span class='ocrx_word' id='word_1_842' title='bbox 2725 5151 2784 5200; x_wconf 75' lang='lat' dir='ltr'><strong>Et</strong></span> <span class='ocrx_word' id='word_1_843' title='bbox 2815 5158 2986 5200; x_wconf 81' lang='lat' dir='ltr'><strong>tamen</strong></span> <span class='ocrx_word' id='word_1_844' title='bbox 3021 5147 3266 5215; x_wconf 63' lang='lat' dir='ltr'><strong>Gri-gon,</strong></span> <span class='ocrx_word' id='word_1_845' title='bbox 3313 5147 3513 5200; x_wconf 88' lang='lat' dir='ltr'><strong>Turou.</strong></span> <span class='ocrx_word' id='word_1_846' title='bbox 3546 5148 3736 5213; x_wconf 86' lang='lat' dir='ltr'><strong>episc.,</strong></span> <span class='ocrx_word' id='word_1_847' title='bbox 3783 5150 3854 5200; x_wconf 85' lang='lat' dir='ltr'><strong>de</strong></span> <span class='ocrx_word' id='word_1_848' title='bbox 3924 5153 4014 5204; x_wconf 67' lang='lat' dir='ltr'><strong>(il.</strong></span> 
     </span>
    </p>
   </div>
   <div class='ocr_carea' id='block_1_122' title="bbox 2421 5219 4019 5284">
    <p class='ocr_par' dir='ltr' id='par_1_122' title="bbox 2421 5219 4019 5284">
     <span class='ocr_line' id='line_1_122' title="bbox 2421 5219 4019 5284; baseline 0 -10"><span class='ocrx_word' id='word_1_849' title='bbox 2421 5219 2571 5274; x_wconf 78' lang='lat' dir='ltr'><strong>Mart.</strong></span> <span class='ocrx_word' id='word_1_850' title='bbox 2599 5260 2613 5280; x_wconf 85' lang='lat'><strong>,</strong></span> <span class='ocrx_word' id='word_1_851' title='bbox 2641 5219 2730 5271; x_wconf 87' lang='lat' dir='ltr'><strong>lib.</strong></span> <span class='ocrx_word' id='word_1_852' title='bbox 2766 5233 2814 5279; x_wconf 85' lang='grc' dir='ltr'><strong>ι,</strong></span> <span class='ocrx_word' id='word_1_853' title='bbox 2859 5234 2978 5284; x_wconf 81' lang='lat' dir='ltr'><strong>cap.</strong></span> <span class='ocrx_word' id='word_1_854' title='bbox 3011 5219 3098 5278; x_wconf 75' lang='lat' dir='ltr'><strong>5t,</strong></span> <span class='ocrx_word' id='word_1_855' title='bbox 3143 5220 3246 5270; x_wconf 87' lang='lat' dir='ltr'><strong>alio</strong></span> <span class='ocrx_word' id='word_1_856' title='bbox 3288 5232 3445 5269; x_wconf 88' lang='lat' dir='ltr'><strong>sensu</strong></span> <span class='ocrx_word' id='word_1_857' title='bbox 3477 5221 3722 5270; x_wconf 87' lang='lat' dir='ltr'><strong>eamdem</strong></span> <span class='ocrx_word' id='word_1_858' title='bbox 3767 5221 4019 5284; x_wconf 80' lang='lat' dir='ltr'><strong>pbrasim</strong></span> 
     </span>
    </p>
   </div>
   <div class='ocr_carea' id='block_1_123' title="bbox 2423 5287 4013 5354">
    <p class='ocr_par' dir='ltr' id='par_1_123' title="bbox 2423 5287 4013 5354">
     <span class='ocr_line' id='line_1_123' title="bbox 2423 5287 4013 5354; baseline 0 -11"><span class='ocrx_word' id='word_1_859' title='bbox 2423 5306 2678 5354; x_wconf 76' lang='lat' dir='ltr'><strong>usurpare</strong></span> <span class='ocrx_word' id='word_1_860' title='bbox 2728 5292 2934 5339; x_wconf 86' lang='lat' dir='ltr'><strong>videtur</strong></span> <span class='ocrx_word' id='word_1_861' title='bbox 2958 5329 2970 5346; x_wconf 84' lang='lat'><strong>,</strong></span> <span class='ocrx_word' id='word_1_862' title='bbox 3005 5295 3088 5340; x_wconf 85' lang='lat' dir='ltr'><strong>ulu</strong></span> <span class='ocrx_word' id='word_1_863' title='bbox 3137 5287 3203 5340; x_wconf 79' lang='lat' dir='ltr'><strong>de</strong></span> <span class='ocrx_word' id='word_1_864' title='bbox 3236 5296 3405 5338; x_wconf 84' lang='lat' dir='ltr'><strong>matre</strong></span> <span class='ocrx_word' id='word_1_865' title='bbox 3435 5302 3596 5353; x_wconf 71' lang='lat' dir='ltr'><strong>agens</strong></span> <span class='ocrx_word' id='word_1_866' title='bbox 3630 5303 3748 5339; x_wconf 89' lang='lat' dir='ltr'><strong>eam</strong></span> <span class='ocrx_word' id='word_1_867' title='bbox 3780 5293 4013 5344; x_wconf 71' lang='lat' dir='ltr'><strong>ccefitus</strong></span> 
     </span>
    </p>
   </div>
   <div class='ocr_carea' id='block_1_124' title="bbox 2423 5358 4022 5422">
    <p class='ocr_par' dir='ltr' id='par_1_124' title="bbox 2423 5358 4022 5422">
     <span class='ocr_line' id='line_1_124' title="bbox 2423 5358 4022 5422; baseline 0.001 -12"><span class='ocrx_word' id='word_1_868' title='bbox 2423 5361 2743 5411; x_wconf 83' lang='lat' dir='ltr'><strong>admonitam</strong></span> <span class='ocrx_word' id='word_1_869' title='bbox 2771 5360 2929 5410; x_wconf 64' lang='lat' dir='ltr'><strong>fuisse</strong></span> <span class='ocrx_word' id='word_1_870' title='bbox 2977 5358 3128 5421; x_wconf 84' lang='lat' dir='ltr'><strong>dicit,</strong></span> <span class='ocrx_word' id='word_1_871' title='bbox 3155 5369 3210 5408; x_wconf 91' lang='lat' dir='ltr'><strong>ut</strong></span> <span class='ocrx_word' id='word_1_872' title='bbox 3238 5359 3301 5409; x_wconf 83' lang='lat' dir='ltr'><strong>ad</strong></span> <span class='ocrx_word' id='word_1_873' title='bbox 3335 5359 3706 5422; x_wconf 78' lang='lat' dir='ltr'><strong>depellendum</strong></span> <span class='ocrx_word' id='word_1_874' title='bbox 3743 5362 3916 5422; x_wconf 86' lang='lat' dir='ltr'><strong>pestis</strong></span> <span class='ocrx_word' id='word_1_875' title='bbox 3942 5363 4022 5412; x_wconf 64' lang='lat' dir='ltr'><strong>in.</strong></span> 
     </span>
    </p>
   </div>
   <div class='ocr_carea' id='block_1_125' title="bbox 2423 5428 4021 5497">
    <p class='ocr_par' dir='ltr' id='par_1_125' title="bbox 2423 5428 4021 5497">
     <span class='ocr_line' id='line_1_125' title="bbox 2423 5428 4021 5497; baseline 0.002 -17"><span class='ocrx_word' id='word_1_876' title='bbox 2423 5431 2673 5497; x_wconf 71' lang='lat' dir='ltr'><strong>guinati-Je</strong></span> <span class='ocrx_word' id='word_1_877' title='bbox 2708 5430 2996 5493; x_wconf 78' lang='lat' dir='ltr'><strong>perieulum</strong></span> <span class='ocrx_word' id='word_1_878' title='bbox 3030 5430 3079 5479; x_wconf 90' lang='lat' dir='ltr'><strong>in</strong></span> <span class='ocrx_word' id='word_1_879' title='bbox 3112 5429 3284 5493; x_wconf 66' lang='lat' dir='ltr'><strong>vigilia</strong></span> <span class='ocrx_word' id='word_1_880' title='bbox 3323 5430 3493 5497; x_wconf 66' lang='lat' dir='ltr'><strong>Sttttcli</strong></span> <span class='ocrx_word' id='word_1_881' title='bbox 3526 5428 3740 5488; x_wconf 67' lang='lat' dir='ltr'><strong>Benigui</strong></span> <span class='ocrx_word' id='word_1_882' title='bbox 3796 5430 4021 5496; x_wconf 77' lang='lat' dir='ltr'><strong>vigilias</strong></span> 
     </span>
    </p>
   </div>
   <div class='ocr_carea' id='block_1_126' title="bbox 2425 5495 4023 5564">
    <p class='ocr_par' dir='ltr' id='par_1_126' title="bbox 2425 5495 4023 5564">
     <span class='ocr_line' id='line_1_126' title="bbox 2425 5495 4023 5564; baseline 0.001 -13"><span class='ocrx_word' id='word_1_883' title='bbox 2425 5495 2640 5559; x_wconf 65' lang='lat' dir='ltr'><strong>ageret.</strong></span> <span class='ocrx_word' id='word_1_884' title='bbox 2693 5516 2754 5550; x_wconf 84' lang='lat' dir='ltr'><strong>ae</strong></span> <span class='ocrx_word' id='word_1_885' title='bbox 2789 5500 2978 5550; x_wconf 81' lang='lat' dir='ltr'><strong>missas</strong></span> <span class='ocrx_word' id='word_1_886' title='bbox 3027 5509 3323 5550; x_wconf 81' lang='lat' dir='ltr'><strong>revocaret.</strong></span> <span class='ocrx_word' id='word_1_887' title='bbox 3386 5495 3531 5549; x_wconf 81' lang='lat' dir='ltr'><strong>Vade</strong></span> <span class='ocrx_word' id='word_1_888' title='bbox 3574 5506 3621 5548; x_wconf 88' lang='lat' dir='ltr'><strong>et</strong></span> <span class='ocrx_word' id='word_1_889' title='bbox 3651 5497 3802 5564; x_wconf 72' lang='lat' dir='ltr'><strong>vigila</strong></span> <span class='ocrx_word' id='word_1_890' title='bbox 3855 5495 4023 5552; x_wconf 76' lang='lat' dir='ltr'><strong>totam</strong></span> 
     </span>
    </p>
   </div>
   <div class='ocr_carea' id='block_1_127' title="bbox 2426 5567 4024 5628">
    <p class='ocr_par' dir='ltr' id='par_1_127' title="bbox 2426 5567 4024 5628">
     <span class='ocr_line' id='line_1_127' title="bbox 2426 5567 4024 5628; baseline 0.002 -8"><span class='ocrx_word' id='word_1_891' title='bbox 2426 5579 2618 5620; x_wconf 72' lang='lat' dir='ltr'><strong>tlut‘li&#39;llt</strong></span> <span class='ocrx_word' id='word_1_892' title='bbox 2651 5570 2700 5619; x_wconf 90' lang='lat' dir='ltr'><strong>in</strong></span> <span class='ocrx_word' id='word_1_893' title='bbox 2740 5568 2949 5625; x_wconf 80' lang='lat' dir='ltr'><strong>honore.</strong></span> <span class='ocrx_word' id='word_1_894' title='bbox 2979 5584 3036 5617; x_wconf 89' lang='lat' dir='ltr'><strong>ac</strong></span> <span class='ocrx_word' id='word_1_895' title='bbox 3084 5584 3261 5620; x_wconf 76' lang='lat' dir='ltr'><strong>revoca</strong></span> <span class='ocrx_word' id='word_1_896' title='bbox 3306 5567 3486 5619; x_wconf 81' lang='lat' dir='ltr'><strong>missas</strong></span> <span class='ocrx_word' id='word_1_897' title='bbox 3512 5609 3525 5628; x_wconf 85' lang='lat'><strong>,</strong></span> <span class='ocrx_word' id='word_1_898' title='bbox 3576 5577 3620 5618; x_wconf 83' lang='lat' dir='ltr'><strong>et</strong></span> <span class='ocrx_word' id='word_1_899' title='bbox 3654 5567 3960 5622; x_wconf 69' lang='lat' dir='ltr'><strong>libet-aberis</strong></span> <span class='ocrx_word' id='word_1_900' title='bbox 3991 5587 4024 5623; x_wconf 75' lang='grc' dir='ltr'><strong>α</strong></span> 
     </span>
    </p>
   </div>
   <div class='ocr_carea' id='block_1_128' title="bbox 2429 5638 4022 5705">
    <p class='ocr_par' dir='ltr' id='par_1_128' title="bbox 2429 5638 4022 5705">
     <span class='ocr_line' id='line_1_128' title="bbox 2429 5638 4022 5705; baseline -0.001 -16"><span class='ocrx_word' id='word_1_901' title='bbox 2429 5647 2597 5703; x_wconf 64' lang='lat' dir='ltr'><strong>plaga.</strong></span> <span class='ocrx_word' id='word_1_902' title='bbox 2644 5640 2773 5690; x_wconf 63' lang='lat' dir='ltr'><strong>Mm</strong></span> <span class='ocrx_word' id='word_1_903' title='bbox 2815 5649 2869 5690; x_wconf 92' lang='lat' dir='ltr'><strong>et</strong></span> <span class='ocrx_word' id='word_1_904' title='bbox 2915 5638 3074 5705; x_wconf 76' lang='lat' dir='ltr'><strong>Greg.</strong></span> <span class='ocrx_word' id='word_1_905' title='bbox 3147 5639 3319 5689; x_wconf 65' lang='lat' dir='ltr'><strong>misse</strong></span> <span class='ocrx_word' id='word_1_906' title='bbox 3384 5638 3798 5690; x_wconf 76' lang='lat' dir='ltr'><strong>celebrationem</strong></span> <span class='ocrx_word' id='word_1_907' title='bbox 3850 5643 4022 5693; x_wconf 82' lang='lat' dir='ltr'><strong>etiam</strong></span> 
     </span>
    </p>
   </div>
   <div class='ocr_carea' id='block_1_129' title="bbox 2427 5706 4024 5776">
    <p class='ocr_par' dir='ltr' id='par_1_129' title="bbox 2427 5706 4024 5776">
     <span class='ocr_line' id='line_1_129' title="bbox 2427 5706 4024 5776; baseline -0.001 -13"><span class='ocrx_word' id='word_1_908' title='bbox 2427 5709 2572 5763; x_wconf 56' lang='lat' dir='ltr'><strong>luitis</strong></span> <span class='ocrx_word' id='word_1_909' title='bbox 2623 5711 2833 5773; x_wconf 77' lang='lat' dir='ltr'><strong>adoptat</strong></span> <span class='ocrx_word' id='word_1_910' title='bbox 2868 5709 3103 5776; x_wconf 64' lang='lat' dir='ltr'><strong>ejusdem</strong></span> <span class='ocrx_word' id='word_1_911' title='bbox 3157 5707 3272 5760; x_wconf 73' lang='grc' dir='ltr'>ιιυει</span> <span class='ocrx_word' id='word_1_912' title='bbox 3304 5723 3354 5760; x_wconf 83' lang='lat' dir='ltr'><strong>c.</strong></span> <span class='ocrx_word' id='word_1_913' title='bbox 3385 5706 3455 5761; x_wconf 77' lang='lat'><strong>75</strong></span> <span class='ocrx_word' id='word_1_914' title='bbox 3482 5748 3494 5766; x_wconf 88' lang='lat'><strong>.</strong></span> <span class='ocrx_word' id='word_1_915' title='bbox 3542 5711 3583 5759; x_wconf 83' lang='lat' dir='ltr'><strong>si</strong></span> <span class='ocrx_word' id='word_1_916' title='bbox 3613 5710 3697 5772; x_wconf 82' lang='lat' dir='ltr'><strong>qui</strong></span> <span class='ocrx_word' id='word_1_917' title='bbox 3728 5724 3868 5759; x_wconf 80' lang='lat' dir='ltr'><strong>mnu:</strong></span> <span class='ocrx_word' id='word_1_918' title='bbox 3930 5714 4024 5774; x_wconf 64' lang='lat' dir='ltr'><strong>[rio</strong></span> 
     </span>
    </p>
   </div>
   <div class='ocr_carea' id='block_1_130' title="bbox 2428 5778 4019 5847">
    <p class='ocr_par' dir='ltr' id='par_1_130' title="bbox 2428 5778 4019 5847">
     <span class='ocr_line' id='line_1_130' title="bbox 2428 5778 4019 5847; baseline 0.001 -17"><span class='ocrx_word' id='word_1_919' title='bbox 2428 5782 2660 5847; x_wconf 71' lang='lat' dir='ltr'><strong>qorilii&#39;i,</strong></span> <span class='ocrx_word' id='word_1_920' title='bbox 2731 5783 2928 5845; x_wconf 68' lang='lat' dir='ltr'><strong>inquit.</strong></span> <span class='ocrx_word' id='word_1_921' title='bbox 2981 5781 3032 5830; x_wconf 72' lang='lat' dir='ltr'><strong>tn</strong></span> <span class='ocrx_word' id='word_1_922' title='bbox 3062 5780 3170 5846; x_wconf 78' lang='lat' dir='ltr'><strong>ejus</strong></span> <span class='ocrx_word' id='word_1_923' title='bbox 3202 5778 3389 5831; x_wconf 76' lang='lat' dir='ltr'><strong>honore</strong></span> <span class='ocrx_word' id='word_1_924' title='bbox 3437 5779 3614 5830; x_wconf 76' lang='lat' dir='ltr'><strong>missas</strong></span> <span class='ocrx_word' id='word_1_925' title='bbox 3671 5778 3848 5830; x_wconf 63' lang='lat' dir='ltr'><strong>devote</strong></span> <span class='ocrx_word' id='word_1_926' title='bbox 3885 5787 4019 5833; x_wconf 75' lang='lat' dir='ltr'><strong>cele—</strong></span> 
     </span>
    </p>
   </div>
   <div class='ocr_carea' id='block_1_131' title="bbox 2430 5850 2936 5910">
    <p class='ocr_par' dir='ltr' id='par_1_131' title="bbox 2430 5850 2936 5910">
     <span class='ocr_line' id='line_1_131' title="bbox 2430 5850 2936 5910; baseline 0 -10"><span class='ocrx_word' id='word_1_927' title='bbox 2430 5859 2567 5902; x_wconf 70' lang='lat' dir='ltr'><strong>brent</strong></span> <span class='ocrx_word' id='word_1_928' title='bbox 2592 5891 2602 5910; x_wconf 83' lang='lat'><strong>,</strong></span> <span class='ocrx_word' id='word_1_929' title='bbox 2649 5861 2750 5903; x_wconf 79' lang='lat' dir='ltr'><strong>etc.</strong></span> <span class='ocrx_word' id='word_1_930' title='bbox 2793 5850 2936 5903; x_wconf 71' lang='lat' dir='ltr'><strong>low.</strong></span> 
     </span>
    </p>
   </div>
  </div>
