4192 6586
125 445 218 500 ΠΒ

1057 437 1212 492 νιτΑ
1252 439 1309 493 S.
1355 433 1666 491 GERMANI
1711 433 2140 492 PAIlISIENSIS
2181 433 2506 491 EPISCOPI.

3301 440 3403 496 476

122 562 180 614 de
194 557 634 627 praesenticnrata
651 551 845 607 est.lta
870 551 1332 605 beatissimusnon
1346 548 1518 602 solum
1546 560 1705 600 manu
1735 548 1785 605 Α
1819 545 1962 599 lante
2003 547 2125 616 igne
2161 588 2176 612 ,
2219 547 2399 601 fumus
2449 546 2632 616 egredi
2656 547 2799 602 visus
2823 557 2977 604 estut
3001 553 3204 607 cunctis
3230 553 3392 608 clare-

121 651 319 705 sanavit
359 649 502 716 quod
543 645 736 716 tetigit,
782 645 876 700 sed
919 643 1221 696 nominatus
1266 655 1425 694 curas
1480 639 1693 707 sparsit.

187 739 506 801 61.Attila,
557 736 636 790 vir
680 737 918 799 illuster,
1000 749 1064 786 ac
1136 730 1328 798 regalis
1395 729 1528 782 aulae
1601 729 1700 780 do-

124 833 410 892 mesticus,
437 843 700 883 corruens
729 828 781 880 in
836 827 1064 892 balneo,
1111 824 1240 878 laaso
1285 821 1526 892 graviter
1575 819 1698 872 bra-

120 923 236 977 cliio
265 931 662 987 computrnerat
694 920 806 986 ipsa
844 928 950 970 tota
982 931 1172 968 manus
1198 915 1265 967 ab
1290 920 1533 966 humero.
1577 912 1699 975 Qui,

121 1013 327 1066 medico
381 1012 649 1072 adhibito,
705 1011 832 1063 dum
901 1024 1084 1062 curam
1141 1009 1302 1059 vellet
1354 1004 1701 1072 impendere,

121 1117 268 1169 rupta
303 1119 432 1156 vena
468 1103 727 1154 vi~cerum
753 1141 767 1163 ,
803 1116 938 1167 pene
964 1098 1138 1152 Omnis
1169 1097 1220 1150 in
1269 1106 1540 1148 momento
1586 1096 1705 1146 vita:

121 1212 336 1264 sanguis
390 1194 592 1248 effusus
647 1202 748 1247 est.
804 1193 1091 1246 Nuntiatur
1149 1189 1384 1258 pontifici
1437 1186 1705 1238 hominem

120 1301 234 1341 esse
280 1286 332 1337 in
391 1286 606 1344 funere,
653 1282 861 1350 pietatis
925 1280 1154 1344 impulsu
1215 1277 1451 1330 occurrit
1493 1278 1702 1339 senior,

123 1395 278 1444 quem
335 1375 588 1445 Iacrymis
649 1375 1042 1426 conclamatum
1097 1373 1212 1423 sine
1271 1370 1373 1422 ulla
1400 1384 1493 1436 spe
1542 1368 1710 1420 oculis

120 1468 314 1522 clausis
344 1480 661 1533 Oppressum
694 1464 894 1517 invenit
919 1464 1248 1529 espositim.
1281 1459 1449 1524 Cujus
1486 1459 1567 1510 vix
1613 1456 1698 1509 ad-

122 1560 291 1628 aperit
325 1561 501 1611 lances
527 1572 648 1610 cum
680 1555 884 1606 culti-lli
937 1552 1238 1613 manubrio,
1288 1550 1533 1601 oratione
1567 1546 1712 1615 ptius

121 1651 239 1703 data
274 1649 452 1702 intulit
486 1647 534 1701 ci
582 1647 632 1698 in
666 1661 758 1698 ore
793 1643 1062 1711 paululum
1097 1656 1246 1710 aqme
1281 1640 1483 1707 frigida:
1509 1638 1710 1703 semel,

122 1742 394 1805 secundo,
453 1740 535 1794 vel
584 1744 760 1793 tertio.
796 1737 1012 1790 Interim
1066 1744 1390 1803 eXSpectans
1419 1733 1540 1801 quis
1573 1740 1715 1785 esset

122 1831 192 1887 rei
219 1833 438 1894 exitus,
491 1829 696 1884 assedit
753 1829 894 1880 circa
948 1826 1228 1878 lectulum.
1275 1824 1566 1877 'l‘ransacta
1601 1819 1710 1874 fere

1809 638 1979 702 fieret,
2007 641 2182 706 ejecto
2217 639 2564 704 insidiatore,
2598 641 2880 695 mulierem
2910 655 3077 711 usque
3100 651 3222 699 tunc
3248 645 3397 700 illum

1809 730 1968 784 saluti
2002 746 2113 784 sua:
2143 746 2470 800 repugnasse
2502 746 2596 800 per
2625 733 2891 787 obsidem.
2927 733 3077 788 Tunc
3102 744 3396 790 exonerata

1807 821 2007 876 inimici
2025 821 2190 886 fasce,
2211 825 2502 890 respirans,
2524 823 2765 877 confessa
2785 834 2867 878 est
2883 840 3152 894 nunquam
3175 840 3236 880 se
3257 827 3401 894 prius

1807 915 1998 968 faciem
2025 915 2162 968 beati
2189 916 2284 967 viri
2311 917 2543 981 potuisse
2558 918 2893 980 conspicere.
2917 920 3027 983 Qua
3052 927 3267 982 petente
3291 959 3306 983 ,
3336 933 3399 973 ac

1811 1018 2083 1073 precante,
2115 1006 2254 1059 eflici
2279 1006 2580 1059 Christiana
2612 1022 2732 1060 cum
2760 1010 2975 1074 propria
3004 1016 3165 1062 domo
3188 1023 3405 1077 prorno-

1810 1101 1934 1162 ruit,
1967 1109 2022 1182 et
2066 1101 2214 1167 quasi
2271 1099 2446 1166 capite
2486 1098 2718 1162 subdito,
2767 1099 3014 1168 exemplo
3059 1101 3215 1169 ejus,
3247 1100 3404 1155 tnulti

1810 1187 2120 1242 JUtlmurntn
2151 1190 2394 1242 conversi
2430 1200 2580 1241 sunt.

1884 1279 1975 1330 (ili.
2024 1279 2188 1332 De«et
2234 1279 2318 1331 hic
2368 1280 2495 1333 illud
2531 1280 2726 1345 inseri,
2777 1282 3010 1349 qualiter
3064 1283 3402 1352 peregrinula

1816 1371 1890 1423 sit
1915 1381 2164 1424 revoczita
2193 1369 2280 1422 lux
2317 1373 2477 1423 oculi.
2503 1372 2684 1439 Itaque
2711 1388 2938 1440 pergens
2957 1376 3407 1443 Augustudunum

1821 1479 1915 1532 pro
1944 1463 2283 1517 ordinatione
2316 1474 2336 1500 °
2358 1463 2565 1533 Syagrii
2589 1465 2846 1534 episcopi,
2877 1466 2979 1519 huc
3008 1468 3144 1520 inter
3170 1470 3405 1538 reliquos

1827 1557 1973 1610 cives
2004 1556 2347 1609 Florentinus
2373 1555 2581 1608 illuster
2612 1572 2709 1623 pro
2739 1571 3005 1610 consensu
3048 1556 3266 1612 delatus
3294 1567 3406 1624 est,

1823 1648 2030 1703 habens
2087 1663 2296 1700 na:vum
2345 1649 2395 1699 in
2443 1646 2638 1713 oculo,
2673 1649 3286 1721 speciositatiderogans
3311 1650 3412 1704 ali-

1817 1742 2164 1809 quantulum,
2215 1755 2281 1793 ne
2312 1739 2514 1794 ﬂorens
2566 1741 2854 1796 haberetur
2883 1741 2936 1796 in
2969 1743 3134 1796 vultu.
3190 1743 3398 1798 Interea

1822 1831 1948 1884 dum
1983 1830 2166 1886 Iaudes
2198 1831 2566 1884 acclamantur
2592 1833 2844 1902 episcopo
2872 1873 2886 1897 ,
2918 1848 2949 1886 a
2988 1833 3216 1903 quodam
3250 1835 3412 1904 igno-

122 1924 287 1988 hora,
348 1922 591 1976 redivivo
622 1917 856 1987 singultu
886 1917 1226 1970 exanimatus
1278 1913 1620 1976 concutitur,
1654 1927 1715 1966 ac
1749 1901 1793 1962 Β
1825 1934 1976 1980 mute
2037 1941 2102 1978 ex
2173 1925 2464 1990 improviso
2517 1901 2808 1992 peremit“,
2857 1901 3046 1980 eode,“
3103 1927 3157 1980 in
3206 1901 3408 1994 acino.

121 2015 299 2069 mollis
341 2023 489 2066 motu
540 2009 811 2064 anhelitus
843 2018 1097 2062 evocatus
1129 2005 1424 2060 reducitur.
1461 2003 1715 2057 Fautium

123 2114 365 2170 meatus,
399 2104 659 2157 relaxatis
692 2101 985 2154 visceribus
1013 2141 1028 2166 ,
1061 2099 1251 2166 spiritu
1276 2100 1675 2150 intercurrente
1704 2134 1717 2155 ,

123 2200 437 2262 reducitur,
490 2197 742 2266 paulatim
795 2195 1224 2255 convalescens,
1284 2191 1389 2242 vita
1423 2190 1490 2242 de
1544 2197 1720 2240 morte

122 2292 433 2345 revertitur.
470 2289 672 2342 Dehinc
692 2287 844 2356 quasi
867 2286 933 2339 de
952 2299 1144 2352 sopore
1187 2281 1593 2349 expergefactus
1640 2279 1720 2331 in-

124 2394 363 2449 terrogat
411 2383 477 2437 ad
547 2390 710 2449 caput
758 2380 875 2445 ejus
929 2382 1048 2443 quis
1104 2375 1244 2427 fuit?
1305 2375 1509 2427 Adesse
1567 2371 1720 2423 dom-

122 2492 250 2530 num
280 2476 614 2531 Germanum
647 2489 674 2524 a
708 2467 1182 2525 circumstantibus
1223 2465 1436 2518 dicitur.
1480 2463 1721 2515 Pestnlat

123 2583 346 2621 manum
377 2567 546 2618 sancti
592 2563 691 2616 sibi
741 2564 1020 2630 dignanter
1051 2557 1289 2626 porrigi,
1347 2554 1417 2607 ita
1467 2553 1722 2619 incipiens

119 2657 367 2728 olluqui':
402 2658 608 2712 Domnc
635 2699 648 2719 ,
680 2665 732 2709 tu
763 2670 848 2707 me
887 2652 1148 2707 revocasti
1183 2651 1340 2717 longo
1381 2653 1596 2700 euntem
1632 2641 1721 2696 iti-

122 2770 276 2808 nere.
337 2753 639 2820 Statimque
705 2747 902 2801 obtnlit
958 2744 1235 2798 sacculum
1298 2742 1510 2808 plenum
1565 2752 1725 2805 pecu-

121 2853 206 2903 nia
258 2861 316 2904 et
365 2849 600 2902 balteum
633 2845 798 2912 ampli
853 2843 1145 2911 ronderis,
1202 2853 1338 2904 quos
1396 2836 1723 2905 pauperibus

118 2952 377 3009 erogaret
400 2979 415 3002 ,
450 2937 754 2991 mercedem
788 2936 909 2989 vita:
929 2975 942 2998 ,
968 2935 1052 2988 vel
1083 2933 1289 3001 gratim.

189 3032 286 3086 62.
313 3031 550 3099 Pergens
568 3030 1014 3095 Augustudunum
1067 3022 1145 3076 vir
1175 3031 1392 3076 sanctus
1438 3018 1726 3086 Ilotagiaco

115 3125 249 3179 dum
302 3117 872 3192 pervenit,'coinperit
906 3117 972 3169 ab
1005 3115 1230 3170 Alibone
1275 3111 1534 3180 quosdam
1556 3121 1729 3163 retruo

120 3232 216 3270 sos
243 3218 298 3269 in
318 3230 561 3269 Carcere.
586 3213 742 3281 Igitur
763 3225 856 3277 pro
872 3208 1242 3270 alisiilvendis,
1269 3205 1491 3269 supplex
1515 3245 1529 3266 ,
1559 3203 1722 3254 tribu-

119 3321 194 3359 no
252 3303 541 3370 suggerit,
579 3301 670 3354 sed
707 3302 794 3352 ille
822 3300 986 3351 durus
1018 3312 1123 3349 non
1171 3297 1379 3347 annuit.
1418 3292 1552 3346 IIinc
1588 3292 1722 3359 ipse,

110 3409 283 3451 cauto
349 3395 613 3456 consilio,
666 3393 790 3445 dum
823 3391 950 3442 dicit
983 3404 1041 3443 se
1098 3403 1349 3456 campum
1402 3386 1728 3446 circumire,

109 3493 294 3545 currit
320 3490 548 3542 devotus
567 3487 631 3539 ad
653 3499 946 3539 carcerem.
969 3483 1150 3550 Itaque
1171 3483 1233 3533 ad
1262 3479 1588 3533 exorandum
1607 3494 1732 3547 pro-

111 3586 353 3639 volutus
387 3581 680 3642 sternitur,
719 3579 896 3646 ibique
947 3587 1185 3644 tempore
1223 3583 1485 3628 nocturno
1530 3581 1732 3625 catena:

109 3679 400 3732 discussae
433 3684 600 3738 sunt,
633 3671 836 3725 validus
863 3668 1115 3723 tormenti
1170 3669 1311 3735 rigor
1341 3666 1405 3717 ad
1439 3665 1732 3732 fragmenta

107 3770 420 3837 redigitur.
458 3766 586 3820 Sera
605 3765 783 3832 gravis
808 3761 1049 3828 illiditur,
1072 3760 1236 3828 postis
1253 3758 1473 3811 cardine
1494 3758 1730 3822 vellitur,

111 3863 314 3915 feralis
364 3873 554 3913 carcer
602 3855 916 3918 recluditur,
939 3851 1174 3907 damnati
1227 3853 1291 3905 all
1339 3852 1526 3904 vitales
1577 3864 1734 3903 auras

104 3949 269 4017 quasi
301 3949 536 4003 redeunt
560 3946 628 4000 de
645 3946 911 4014 sepulcro.
932 3946 1005 3997 Ita
1031 3944 1087 3996 lit
1102 3954 1157 3995 ut
1178 3944 1225 3998 ei
1252 3943 1735 4010 Ilotagiaco,tnatu-

105 4046 224 4096 tino
251 4055 536 4110 tempore,
559 4039 787 4106 ingressi
806 4044 1155 4090 occurrerent
1178 4051 1192 4099 ;
1216 4045 1267 4087 et
1297 4036 1384 4102 qui
1412 4041 1600 4085 sancto
1629 4046 1734 4086 non

105 4137 388 4205 praestitit
410 4148 508 4202 pro
522 4131 782 4185 absolutis
807 4129 934 4192 reis,
960 4128 1207 4180 tribunus
1236 4140 1357 4180 reus
1379 4127 1602 4180 effectus
1631 4134 1732 4178 est.

176 4228 280 4282 63.
322 4228 504 4295 Igitur
552 4234 865 4275 cunctorum
915 4221 1072 4272 salnti
1123 4234 1337 4286 semper
1397 4219 1600 4270 instans
1629 4217 1736 4271 sol-

96 4321 293 4375 licitus
313 4359 330 4382 ,
369 4331 502 4371 eum
529 4320 554 4346 ⁸
578 4314 846 4367 Bituricas
875 4310 1196 4364 accessisset
1252 4324 1349 4378 pro
1400 4311 1738 4364 ordinatione

96 4414 123 4452 δ
163 4416 385 4470 Felicis
422 4408 702 4478 episcopi,
749 4406 1077 4475 prazdicante
1105 4404 1388 4458 sacerdote
1417 4447 1431 4472 ,
1465 4403 1736 4472 Sigericus

93 4511 337 4578 quidam
370 4503 605 4559 Judzeus
634 4541 648 4564 ,
703 4501 823 4554 fidei
859 4507 1202 4552 sacramento
1248 4506 1504 4565 percepto
1528 4537 1542 4559 ,
1597 4511 1734 4548 con-

1754 3259 1802 3323 C

1823 2019 2118 2086 evulsoque
2149 2018 2215 2070 de
2245 2019 2360 2072 loco
2392 2019 2556 2084 cmpit
2585 2032 2744 2086 supra
2777 2019 3045 2073 maxillam
3078 2019 3242 2072 dubio
3277 2034 3409 2087 pen-

1824 2109 1951 2164 dere
1973 2125 2091 2163 cum
2140 2109 2283 2162 visu.
2315 2109 2413 2176 Qui
2461 2124 2623 2162 cnrsu
2675 2124 3020 2178 praapropero
3074 2109 3139 2162 ad
3193 2109 3414 2164 beatum

1827 2202 2161 2254 Germanum
2194 2216 2313 2252 cum
2367 2201 2604 2254 clamore
2657 2201 3040 2267 prosequitur,
3083 2199 3248 2253 multa
3303 2202 3420 2268 ipse

1824 2295 2198 2359 concrepitans
2225 2334 2238 2356 ,
2274 2303 2328 2344 nt
2363 2292 2504 2361 loqui
2546 2291 2686 2346 solet
2715 2291 3015 2345 calamitas.
3057 2293 3206 2346 Tunc
3236 2292 3420 2348 sancti

1825 2386 2077 2440 Germani
2109 2400 2269 2437 manu
2301 2385 2482 2436 lumen
2513 2383 2563 2436 in
2594 2384 2766 2436 locum
2802 2383 3074 2436 reducitur
3098 2424 3112 2447 ,
3167 2392 3224 2436 et
3254 2384 3319 2436 ab
3347 2396 3414 2438 eo

1827 2481 1890 2535 ad
1918 2481 2127 2534 beatum
2156 2476 2182 2515 ά
2215 2477 2666 2549 Symphorianum
2728 2476 2997 2544 dirigitur.
3028 2475 3128 2540 Qui
3162 2489 3256 2543 pro
3301 2475 3419 2543 ipso

1827 2575 2009 2628 tandiu
2041 2572 2232 2641 vigiliis
2265 2571 2474 2634 institit,
2497 2570 2668 2623 donec
2700 2570 2928 2622 amissus
2957 2569 3162 2631 oculus,
3193 2579 3418 2637 purgata

1831 2666 2054 2735 pristina
2104 2665 2308 2717 macula
2342 2705 2355 2727 ,
2385 2663 2567 2717 addito
2623 2662 2911 2725 beneficio,
2943 2661 3196 2730 integrior
3235 2660 3418 2714 reddi-

1831 2768 1915 2813 tur
1940 2799 1953 2819 ,
1989 2771 2042 2812 et
2074 2757 2264 2811 melius
2296 2757 2434 2812 redit
2467 2766 2584 2825 post
2612 2757 2832 2810 vulnera
2856 2795 2869 2817 ,
2911 2770 3067 2823 quam
3092 2755 3234 2823 quod
3270 2764 3423 2810 natus

1831 2851 2002 2904 fuerat
2045 2865 2138 2916 per
2188 2860 2454 2901 naturam.
2504 2848 2604 2912 Qui
2669 2857 2692 2884 ο
2758 2847 3100 2901 Florentinus
3165 2847 3422 2917 deinceps

1835 2939 1853 2976 ι
1881 2941 2185 2994 Matascone
2223 2939 2501 2993 ordinatus
2531 2948 2614 2992 est
2639 2939 2942 3006 episcOpns.

1902 3030 1990 3084 65.
2036 3031 2243 3096 Quanta
2275 3045 2402 3084 vero
2431 3029 2591 3084 fuerit
2620 3031 2788 3082 virtus
2810 3029 2927 3096 ejus
2958 3029 3236 3099 signaculi,
3269 3029 3427 3083 adest

1834 3124 1974 3179 inter
2003 3125 2208 3192 reliqua
2243 3137 2329 3177 res
2361 3123 2462 3176 ista
2495 3121 2820 3182 testimonii,
2853 3137 2972 3188 quae
3005 3121 3320 3190 producitur
3367 3122 3420 3176 in

1833 3217 2098 3283 sequenti.
2138 3216 2272 3269 Cum
2320 3215 2388 3269 de
2427 3215 2646 3268 basilica
2686 3213 2853 3266 sancti
2886 3212 3095 3266 Martini
3137 3211 3203 3266 ad
3245 3212 3424 3266 villam

1839 3320 2036 3364 sanctas
2081 3308 2326 3363 ecclesia:
2379 3315 2405 3354 ι
2460 3305 2752 3361 Severiaco
2800 3313 3131 3368 recurreret,
3184 3302 3428 3372 adjungit

1839 3403 1889 3456 in
1915 3402 2116 3456 itinere
2165 3400 2448 3465 quemdam
2482 3400 2786 3453 Amantium
2814 3397 3100 3468 juvenem,
3141 3414 3298 3464 quem
3331 3399 3428 3453 deo

1839 3493 2125 3562 prehendit
2151 3507 2180 3544 a
2209 3490 2411 3545 Judaeis
2456 3490 2575 3543 duci
2609 3505 2804 3543 nexum
2850 3490 2901 3542 in
2935 3489 3142 3543 ferreis.
3176 3488 3427 3556 Requiri-

1838 3593 1922 3636 tur
1950 3583 2074 3651 quid
2107 3581 2318 3636 fecerit.
2370 3581 2511 3635 Puer
2559 3579 2872 3649 respondit,
2905 3581 3170 3634 veraciter
3218 3580 3288 3633 ob
3319 3579 3424 3635 hoc

1801 3723 1807 3730 .
1837 3675 1962 3730 duci
1992 3676 2045 3730 in
2074 3673 2334 3736 vinculis,
2366 3674 2492 3742 quia
2523 3686 2582 3726 se
2611 3680 2882 3726 recusaret
2911 3669 3114 3739 legibus
3144 3670 3300 3725 subdi
3331 3670 3429 3724 Ju-

1838 3770 2023 3824 daicis.
2058 3768 2209 3822 Tunc
2238 3765 2648 3820 dissimulabant
2687 3780 2810 3818 cum
2839 3764 2990 3818 clave
3018 3761 3188 3818 «ιιιόωὶ
3218 3762 3428 3816 vincula

1840 3861 1964 3916 ferri
2007 3873 2270 3915 reserare.
2324 3859 2488 3913 Facto
2534 3871 2563 3909 a
2592 3865 2780 3910 sancto
2831 3857 2946 3911 viro
2989 3856 3221 3926 desuper
3250 3853 3429 3911 crucis

1839 3951 2140 4022 signaculo,
2169 3965 2291 4004 mox
2321 3947 2448 4003 ferri
2479 3963 2598 4002 sera
2631 3947 2923 4001 revellitur.

1909 4047 2000 4102 66.
2043 4045 2226 4099 Itidem
2275 4059 2395 4098 cum
2425 4042 2658 4096 I‘arisios
2705 4042 2772 4095 ad
2802 4040 3075 4096 basilicam
3121 4048 3432 4095 sanctorum

1837 4136 2081 4193 Gervasii
2112 4147 2168 4191 et
2201 4133 2425 4189 Protasii
2450 4172 2464 4196 ,
2523 4133 2714 4186 orandi
2741 4146 2932 4198 causa,
2979 4131 3321 4200 procederet,
3349 4132 3436 4201 ja-

1846 4228 1964 4280 nuis
1993 4225 2260 4280 obseratis
2286 4225 2562 4294 ingressus
2592 4223 2663 4276 illi
2694 4231 2918 4290 negatus
2939 4231 3042 4276 cst.
3075 4221 3229 4277 Tunc
3252 4222 3432 4291 requi-

1841 4321 1959 4376 sitis
1985 4322 2255 4385 clavibus,
2310 4335 2410 4374 nec
2459 4317 2591 4383 ipsis
2619 4315 2981 4385 aperientibus
3005 4357 3019 4381 ,
3063 4316 3142 4370 sic
3173 4313 3437 4370 reseravit

1843 4414 2116 4482 pessulum
2137 4451 2151 4476 ,
2186 4412 2327 4465 facto
2351 4408 2527 4465 crucis
2554 4409 2848 4477 signaculo.
2880 4407 3076 4475 Stupor
3103 4407 3311 4462 animos
3354 4409 3437 4462 in-

1842 4507 1980 4558 vasit
2017 4503 2268 4573 praesenti
2320 4502 2578 4556 miraculo
2602 4540 2618 4565 ,
2671 4497 2868 4568 aperiri
2917 4499 2986 4552 de
3015 4499 3211 4553 virtute
3235 4538 3249 4563 ,
3290 4497 3434 4567 quod

97 4619 304 4657 versus
351 4609 474 4661 est,
523 4596 728 4650 habens
752 4595 802 4650 in
821 4594 1099 4648 Judaismo
1129 4595 1484 4648 Mammonam
1522 4591 1735 4645 nomine
1764 4622 1818 4684 Β
1843 4599 1994 4654 clave
2021 4597 2157 4651 duce
2187 4611 2290 4648 non
2323 4593 2518 4664 potuit.
2571 4591 2698 4647 Ilaac
2725 4603 2942 4661 quoque
2966 4589 3271 4644 veneranda
3296 4604 3436 4658 pra-

93 4697 444 4764 conjugeni.
480 4691 614 4754 Quae
643 4703 763 4740 cum
799 4688 864 4739 de
893 4687 1251 4741 conversione
1281 4701 1379 4741 nec
1408 4685 1734 4738 mentionem

94 4787 396 4854 reciperet
427 4823 447 4848 ,
479 4791 535 4835 et
567 4795 663 4848 per
691 4778 886 4832 missos
917 4779 1059 4832 beati
1116 4777 1390 4832 admonita
1423 4780 1696 4845 refugeret
1721 4815 1736 4840 ,

92 4877 242 4932 facta
279 4877 360 4929 ab
395 4889 475 4927 eo
509 4870 722 4938 vigilia,
745 4869 937 4922 doctor
987 4869 1100 4938 ipse
1150 4870 1422 4936 profectus
1469 4879 1574 4921 est.
1607 4870 1738 4933 Qua:

98 4986 232 5024 cum
270 4970 523 5020 beatum
577 4966 748 5016 virum
784 4977 882 5016 nec
913 4963 1027 5015 visu
1058 4963 1216 5015 vellet
1266 4963 1540 5016 intendere
1563 5003 1578 5024 ,
1615 4977 1738 5014 ean-

93 5075 212 5115 tato
243 5072 433 5114 cursu
494 5053 689 5116 tertiae,
712 5067 924 5106 manum
961 5051 1383 5115 suampontifcx
1409 5054 1473 5104 ad
1500 5053 1739 5105 mulieris

90 5153 347 5208 frontem
441 5148 737 5213 dignanter
801 5144 1078 5211 admovit,
1147 5144 1364 5212 pietatis
1427 5159 1488 5196 ex
1552 5157 1737 5209 opere.

93 5243 302 5300 Statim
340 5257 372 5292 a
410 5234 895 5292 circumstantibus
924 5235 989 5288 de
1020 5233 1258 5288 mulieris
1278 5234 1496 5287 naribus
1523 5233 1738 5288 scintil-

170 5409 196 5435 ⁸
233 5397 531 5464 Bmirges.
686 5463 694 5464 ί
756 5462 776 5464 _
863 5462 904 5464 Α
1241 5425 1244 5429 .

169 5471 196 5508 δ
236 5460 425 5522 Felix.
446 5463 729 5515 successit
755 5462 1015 5516 Probiano
1068 5464 1119 5515 in
1169 5461 1298 5514 sede
1329 5460 1641 5514 Bituricemi
1675 5460 1738 5512 aii

92 5560 185 5595 an.
224 5541 369 5594 568.
415 5536 568 5588 Vide
619 5549 738 5598 qua!
788 5534 856 5587 de
918 5535 1094 5589 Felice
1147 5535 1382 5586 diximus
1417 5533 1466 5584 in
1503 5534 1642 5584 notis
1674 5532 1736 5584 ad

91 5629 272 5669 carm.
311 5611 395 5663 25
437 5609 477 5658 Ι.
522 5603 557 5655 5
588 5609 684 5668 Up.
725 5602 872 5659 Fort.

172 5698 194 5724 ε
237 5679 484 5736 Videsis
526 5691 648 5743 qua:
679 5676 744 5728 de
764 5675 988 5746 Syagrio
1017 5674 1390 5728 adnotavimus
1432 5673 1494 5726 ad
1532 5689 1648 5743 cap.
1679 5675 1730 5737 6,

94 5757 187 5811 Ili).
216 5771 272 5808 v.

171 5829 197 5864 ά
232 5822 481 5881 Scilicet
515 5816 588 5870 ad
618 5818 929 5872 memoriam
963 5817 1128 5870 sancti
1163 5815 1570 5885 Symphoriani,
1601 5831 1738 5869 mar-

97 5901 232 5968 tyris
273 5889 612 5951 Ednensis,
641 5887 796 5955 Cujus
842 5893 970 5946 Acta
1003 5890 1163 5943 habes
1223 5891 1360 5942 inter
1408 5889 1536 5940 Acta
1597 5889 1727 5941 sine.

1843 4699 1995 4746 sente
2022 4705 2106 4742 me
2129 4694 2274 4756 gesta
2305 4693 2452 4740 sunt.

1915 4781 2004 4836 67.
2050 4780 2113 4832 Et
2141 4778 2266 4847 quia
2311 4777 2470 4831 beato
2521 4775 2638 4829 viro
2669 4773 2873 4830 nullum
2900 4773 3107 4830 obstitit
3131 4774 3434 4841 metallum,

1842 4881 1962 4926 eum
1997 4870 2155 4937 ligna,
2189 4879 2340 4930 saxa,
2367 4864 2688 4916 ferramenta
2720 4872 2846 4915 ante
2876 4861 3051 4929 ipsum
3085 4861 3260 4916 soluta
3288 4869 3433 4922 sunt,

1843 4961 2032 5014 accidit
2062 4973 2163 5012 una
2191 4957 2399 5011 dierum
2451 4953 2668 5008 Parisiis
2698 4953 3001 5006 orationem
3029 4967 3150 5006 cum
3185 4951 3338 5006 daret
3365 4949 3434 5005 ad

1844 5054 2037 5106 Ostium
2067 5051 2324 5114 carceris,
2354 5047 2599 5114 sequenti
2630 5055 2786 5101 nocte
2814 5045 2975 5100 trusis
3004 5054 3224 5113 apparet
3255 5045 3434 5099 lumen

1846 5144 1895 5198 in
1928 5158 2163 5197 carcere.
2205 5142 2359 5194 Visus
2383 5148 2468 5194 est
2492 5139 2572 5193 eis
2597 5140 2889 5192 admonere
2913 5135 3054 5206 quod
3086 5136 3350 5198 foderent,
3378 5144 3435 5188 ut

1846 5235 1974 5290 foris
2005 5233 2378 5303 procederent.
2411 5233 2511 5298 Qui
2543 5231 2877 5286 dicentesad
2923 5229 3149 5284 invicem
3174 5228 3429 5283 domnum

1846 5401 2066 5461 martyr.
2101 5390 2163 5442 ad
2198 5407 2284 5444 an.
2321 5387 2709 5461 circiterrl80.

1920 5469 1942 5496 ο
1983 5453 2178 5515 ilenset
2209 5462 2472 5522 Cointins,
2506 5460 2569 5510 ad
2602 5473 2689 5512 an.
2727 5457 2852 5521 6‘23,
2889 5458 3028 5512 hunc
3067 5453 3428 5509 Florentinnm

1843 5535 2171 5587 Sttccessis‘se
2197 5533 2429 5584 Eusebio
2473 5533 2523 5581 in
2557 5530 2685 5583 sede
2714 5529 3088 5583 Matisconensi
3117 5527 3278 5596 paulo
3312 5534 3432 5596 post

1843 5619 1994 5656 conc.
2029 5605 2305 5657 Matiscon.
2333 5618 2391 5665 ll,
2422 5602 2592 5656 celeb.
2625 5615 2713 5654 an.
2741 5599 2864 5654 585.

1921 5673 1938 5711 ί
1985 5674 2190 5728 ΑΙὰτοη.

1919 5755 1943 5791 κ
1986 5746 2111 5799 Mss.
2147 5743 2316 5798 Bonif.
2364 5752 2418 5798 et
2462 5745 2759 5809 Antuerp.,
2806 5741 2870 5794 ad
2916 5739 3198 5809 quamdam
3251 5738 3429 5796 villam

1844 5816 2190 5873 Severiacam
2223 5816 2370 5880 olim,
2402 5815 2556 5884 vulgo
2585 5814 2790 5883 Sivray.
2828 5813 3098 5867 Bonna.
