4192 6576
742 450 845 505 1⁸15

1430 437 1747 497 Vh‘lANTll
1792 438 1949 494 "ON.
1990 435 2199 492 CLEM.
2242 429 2643 489 FORTUNATI
2684 431 2963 487 OPERUM
3008 429 3184 487 PARS
3226 432 3285 488 11.

3918 430 4021 489 478

749 569 1068 619 omnm"...
1095 577 1152 615 η
1185 561 1378 615 vim,”
1402 600 1416 622 ,
1449 566 1500 612 ει
1530 557 1677 621 signa
1711 553 1901 622 [iuguli
1930 552 2190 607 referunt.
2223 548 2316 602 ln-
2352 552 2393 608 Α
2428 546 2673 600 minister
2695 559 2801 612 quo
2830 544 2948 599 loco
2973 545 3145 599 sancti
3176 544 3388 601 tenebat
3416 545 3701 609 baculum,
3732 544 3847 601 illic
3868 558 4023 600 onero

745 668 894 712 ventu
927 665 1073 708 costa
1097 655 1162 706 de
1195 650 1395 718 pecude
1419 689 1433 711 .
1488 647 1745 702 fodientes
1784 654 2035 699 amarent
2065 642 2317 707 lapidem,

740 759 795 801 et
825 748 1080 814 pra-dicto
1109 745 1277 796 amico
1310 742 1397 795 Dei
1431 747 1724 793 occurrunt
1746 738 1808 790 ad
1838 738 2120 791 ecclesiam
2147 745 2319 789 matu-

746 845 859 896 lino
904 851 1177 903 tempore.
1229 852 1349 889 cum
1382 835 1579 888 rediret
1604 832 1667 882 ad
1703 831 1969 897 requiem.
2020 830 2109 881 Sic
2138 829 2313 880 multis

738 947 896 985 causa
929 931 1117 984 Salutis
1144 927 1238 979 fuit
1282 928 1456 992 imago
1480 922 1762 986 pontilici‘,
1811 930 1864 974 et
1893 920 1956 971 ad
1991 920 2156 972 ticem
2182 916 2319 969 beati

742 1022 881 1079 Petri
907 1061 923 1086 ,
956 1020 1101 1073 dedit
1133 1019 1298 1071 nostri
1326 1015 1620 1070 sacerdotis
1651 1015 1763 1081 ipsa
1800 1011 1965 1074 figura
1993 1009 2246 1063 remedia.

808 1114 897 1169 G8.
945 1115 1018 1167 De
1047 1115 1190 1178 hinc,
1219 1112 1321 1165 illis
1348 1108 1570 1175 ereptis,
1597 1108 1843 1160 tribunus
1870 1102 2101 1155 civitatis
2130 1100 2321 1154 srevirc

737 1208 901 1274 cmpit
948 1206 997 1258 in
1032 1204 1269 1268 milites,
1315 1200 1576 1267 deputans
1625 1210 1812 1249 eorum
1860 1191 2027 1246 fuisse
2057 1192 2324 1259 negligen-

741 1302 904 1362 tiam,
933 1297 1073 1364 qttinl
1109 1297 1220 1347 viro
1267 1294 1603 1346 sanctissimo
1646 1290 1933 1356 deputatur
1980 1285 2043 1339 ad
2076 1285 2322 1351 gloriam.

740 1393 1007 1444 Cunversa
1042 1389 1093 1440 in
1125 1386 1375 1439 custodes
1403 1383 1675 1436 iracundia
1701 1380 1898 1450 judicis
1921 1418 1936 1441 ,
1964 1376 2051 1445 qui
2082 1374 2327 1427 solebant

740 1496 1040 1541 asservare.
1068 1478 1285 1531 tradidit
1329 1474 1627 1527 servandos
1670 1473 1720 1523 in
1750 1483 1965 1523 carcere
1988 1507 2002 1529 .
2054 1476 2108 1521 et
2133 1465 2326 1519 ablatis

738 1573 979 1626 clavibus
1002 1570 1163 1639 judex
1197 1569 1251 1620 lit
1278 1574 1460 1619 custos
1490 1562 1821 1617 custodibus.
1851 1558 2064 1612 Interim
2091 1558 2171 1609 vir
2202 1557 2324 1609 bea-

741 1675 826 1720 tus
870 1665 1135 1717 tribunum
1186 1669 1344 1713 vocat
1394 1657 1460 1710 ad
1513 1653 1814 1724 prandium.
1875 1652 1951 1704 Ac
1978 1650 2102 1702 dum
2127 1647 2328 1715 pariter

742 1756 991 1809 cederent
1039 1754 1089 1805 itt
1122 1752 1310 1803 eodem
1337 1746 1581 1801 convivio
1607 1786 1622 1810 ,
1656 1743 1720 1797 ad
1754 1755 1993 1795 mensam
2027 1738 2198 1793 sabeli
2227 1736 2326 1790 viri

739 1854 1030 1902 occurrunt
1078 1853 1136 1900 et
1169 1844 1265 1909 ipsi
1290 1841 1377 1909 qui
1411 1839 1621 1893 fuerant
1650 1836 1794 1889 missi
1826 1851 1922 1904 pro
1953 1836 2056 1887 reis
2106 1836 2155 1886 in
2182 1846 2327 1886 com-

2423 649 2683 704 gumeutts
2716 636 2980 703 pendebat
3010 637 3265 699 religatus
3294 652 3456 693 aereo
3482 637 3701 693 vinculo
3725 680 3742 704 ,
3785 643 3847 694 et
3871 640 4023 709 quasi

2423 727 2586 781 clavis
2616 725 2775 779 affixo
2807 726 3090 781 tenebatur
3124 730 3365 797 vestigio.

2495 816 2581 870 73.
2629 817 2690 869 Et
2715 819 2834 884 quia
2866 830 3055 872 sancto
3086 821 3197 872 viro
3241 835 3387 887 smpe
3418 820 3621 875 inimici
3656 819 4026 876 tendebantur

2424 910 2631 963 insidia:
2657 949 2672 973 ,
2707 921 2761 963 ut
2791 921 2878 963 aut
2912 928 3080 977 equus
3108 914 3314 981 lapsum
3357 915 3686 979 incurreret,
3723 915 3805 969 vel
3841 930 4025 969 ramus

2426 1009 2631 1061 arboris
2661 1018 2938 1073 tangeret,
2973 1021 3061 1063 aut
3092 1027 3229 1077 aqua
3257 1010 3409 1065 vallis
3440 1012 3520 1064 vel
3562 1012 3765 1080 glacies
3799 1011 4019 1079 perien-

2429 1102 2534 1153 lutu
2565 1112 2842 1165 generaret
2873 1143 2887 1166 ,
2923 1117 3045 1155 mox
3082 1104 3172 1171 qui
3210 1112 3301 1156 aut
3331 1103 3513 1172 quanti
3544 1113 3635 1155 aut
3662 1104 3905 1167 qualiter
3939 1113 4023 1157 to-

2430 1204 2538 1246 ttttn
2599 1208 2961 1263 eucrgumena
3022 1191 3257 1259 factum,
3314 1210 3474 1248 omne
3523 1192 3933 1249 confitebantur
3970 1201 4026 1249 et

2428 1302 2732 1341 numerum.
2788 1284 2921 1340 Cum
2952 1301 3081 1339 vero
3109 1288 3298 1355 pedem
3348 1284 3560 1341 efferret
3602 1286 3671 1340 de
3699 1286 3868 1339 domo
3894 1326 3910 1350 ,
3941 1286 4027 1340 vel

2426 1379 2670 1441 ecclesia,
2699 1380 2909 1431 videres
2936 1391 3139 1447 Strages
3178 1380 3479 1433 daemonum
3523 1388 3649 1434 ante
3681 1379 3814 1431 tanti
3847 1376 4027 1447 ponti-

2428 1472 2540 1527 ficis
2574 1489 2635 1526 ac
2662 1473 3066 1537 triontphatoris
3099 1472 3371 1526 obtutum.
3414 1472 3693 1526 Cadebant
3721 1472 3870 1524 circa
3903 1485 4030 1524 san-

2428 1565 2496 1619 cti
2525 1566 2842 1620 catervatim
2887 1566 3106 1634 vestigia
3158 1563 3385 1618 diversis
3436 1564 3610 1618 modis
3656 1562 3852 1618 effusa.
3903 1562 4032 1617 flre

2431 1668 2599 1723 muta,
2635 1656 2722 1708 illa
2747 1657 3065 1732 clamantia;
3115 1655 3203 1710 illa
3238 1656 3362 1721 fisa,
3392 1654 3506 1709 haec
3536 1656 3761 1710 lubrica.
3794 1655 3861 1710 Et
3887 1659 4033 1710 velut

2428 1751 2494 1805 ad
2519 1752 2756 1819 judicent
2784 1791 2800 1815 ,
2830 1750 2957 1802 dum
3001 1759 3147 1816 gesta
3179 1750 3441 1803 referrent
3473 1751 3709 1816 propria,
3754 1764 3866 1803 non
3894 1748 4035 1803 effu-

2430 1844 2647 1912 giebant
2700 1852 2990 1896 tormenta.
3022 1841 3124 1894 Sed
3158 1842 3221 1894 ad
3252 1844 3419 1895 sancti
3466 1842 3796 1911 praeconium
3826 1854 4034 1908 quanta

741 1939 896 2009 pede.
949 1934 1136 1991 Claves
1168 1934 1373 1986 balteus
1418 1931 1471 1984 in
1504 1928 1743 1982 mallii)!“
1770 1966 1786 1991 ι
1818 1941 1937 1979 cum
1987 1925 2227 1978 ιτίιιυηιιε
2253 1923 2319 1976 de
2356 1905 2402 1966 Β
2428 1947 2509 1992 est
2538 1937 2649 1989 hinc
2679 1936 2932 1999 laudatio,
2958 1951 3077 1989 cum
3106 1934 3452 1992 iuelTabiliter
3475 1935 3638 1989 multa
3674 1946 3729 1990 et
3761 1934 4035 2006 stupenda

738 2030 938 2095 ereptis
967 2029 1051 2079 vis
1087 2024 1331 2078 crederet
1370 2022 1511 2091 quod
1563 2020 1799 2081 videret,
1826 2030 2121 2086 agnoscens
2158 2029 2217 2067 se
2242 2014 2323 2069 sic

737 2119 1036 2173 custodisse
1067 2116 1313 2170 similiter
1332 2154 1347 2177 ,
1375 2112 1509 2166 sicut
1538 2121 1591 2165 et
1623 2109 1823 2162 milites
1849 2122 2122 2163 carcerein
2149 2146 2164 2171 ,
2198 2106 2321 2160 data

743 2212 977 2267 vicissim
1010 2211 1186 2269 venia.
1219 2207 1370 2272 culpa
1402 2204 1589 2257 transit
1634 2202 1686 2255 itt
1713 2203 1956 2270 gratiam.

812 2301 902 2355 (ἒξ).
932 2300 1125 2353 lnierat
1146 2307 1170 2334 ³
1191 2294 1494 2351 Aurelianis
1521 2293 1699 2347 nobile
1721 2293 1816 2345 viri
1843 2289 2185 2359 praeconium.
2208 2288 2323 2355 Qua

742 2392 809 2446 de
837 2391 1051 2444 civitate
1089 2390 1174 2443 vir
1204 2395 1419 2441 sanctus
1454 2384 1797 2454 progrediens
1828 2383 2199 2434 damnatorum
2232 2394 2323 2430 vo-

743 2500 836 2539 ces
865 2483 1141 2537 exaudivit
1190 2482 1241 2534 in
1287 2494 1538 2541 carcere,
1592 2492 1696 2543 quo
1725 2484 1870 2530 certe
1918 2474 2322 2527 subterraneum

747 2577 1044 2629 habebatur
1071 2572 1420 2635 ergastulum.
1455 2572 1571 2631 Uno
1599 2583 1757 2635 super
1786 2565 2102 2627 ascendens,
2129 2573 2180 2616 et
2211 2577 2325 2629 pro-

744 2676 943 2719 stratus
991 2664 1257 2716 accubans
1284 2702 1299 2723 ,
1349 2661 1645 2713 orationem
1688 2658 1837 2712 dedit
1876 2657 2080 2709 amicus
2127 2654 2324 2707 Christi

744 2774 865 2811 cum
898 2759 1171 2826 lacrymis.
1232 2754 1459 2808 Prorsus
1508 2754 1727 2806 obtentu
1780 2750 1979 2805 oraculi
2024 2749 2326 2815 insequenti

749 2858 909 2903 nocte
937 2862 1153 2901 carcere
1203 2848 1465 2913 patefacto
1512 2844 1577 2895 ad
1610 2843 1884 2896 basilicam
1936 2841 2109 2895 sancti
2140 2839 2326 2892 Aniani

749 2939 1079 3005 confugiunt.
1136 2935 1199 2989 Et
1249 2936 1318 2988 ita
1345 2939 1530 2989 beatus
1567 2935 1803 3001 puttlilex
1832 2931 2077 3002 quamvis
2106 2939 2326 3000 praeter-

749 3034 924 3087 eundo
955 3040 1073 3098 post
1100 3045 1158 3084 se
1185 3030 1398 3098 reliquit
1425 3027 1753 3093 sulfragium.

820 3125 911 3179 70.
952 3124 1066 3177 Non
1100 3123 1364 3174 fastidiunt
1416 3120 1483 3173 sit
1512 3120 1697 3172 audire
1744 3117 1885 3185 quod
1926 3116 2166 3171 Christus
2196 3128 2331 3182 prat-

752 3224 861 3270 stat
891 3214 1157 3274 ﬁdelibus,
1183 3213 1308 3266 dum
1343 3212 1719 3265 miraculorum
1752 3210 1907 3263 simul
1944 3209 2107 3262 virtus
2138 3207 2331 3261 crescit

748 3315 803 3360 et
835 3319 1104 3359 numerus.
1154 3302 1335 3367 Itaque
1364 3302 1706 3355 sanctissimo
1734 3300 1967 3354 occurrit
1987 3299 2204 3368 quidam
2233 3298 2331 3351 Pa-

752 3399 929 3462 risiis,
961 3404 1149 3465 cuius,
1189 3397 1337 3464 quasi
1375 3410 1611 3464 pugnus,
1657 3394 2067 3447 extuberaverat
2114 3391 2330 3455 oculus,

756 3501 817 3547 nt
854 3493 1010 3547 etiam
1039 3491 1213 3545 dictus
1237 3498 1484 3558 vergetet
1515 3488 1565 3539 itt
1597 3486 1746 3539 ruina
1780 3495 1901 3551 post
1931 3486 2172 3538 vulnera.
2218 3484 2334 3546 Quo

752 3596 974 3652 rogante
998 3623 1014 3647 ,
1064 3584 1144 3635 vir
1169 3581 1263 3636 Dei
1296 3582 1361 3634 de
1385 3581 1552 3634 saliva
1580 3578 1690 3632 oris
1719 3578 1799 3630 sui
1848 3578 2060 3631 oculum
2102 3575 2335 3629 illinicns

753 3678 1017 3733 medelam
1047 3675 1231 3727 lumini
1277 3673 1543 3728 revocavit
1571 3680 1626 3725 et
1653 3671 1900 3738 gratiam.

827 3767 915 3821 7t.
957 3764 985 3804 ιι
1020 3767 1251 3820 Moverti
1298 3764 1541 3831 qua-dam
1575 3762 1793 3814 l’arisiis
1837 3759 2104 3827 pustulam
2134 3758 2339 3813 habens

754 3862 809 3914 in
850 3859 1088 3921 brachio,
1117 3855 1349 3909 cruciata
1372 3855 1645 3909 doloribus
1666 3894 1681 3918 ,
1714 3867 2003 3907 occurrens
2036 3854 2193 3906 beato
2223 3850 2340 3905 viro

756 3954 866 4021 puri
904 3950 1254 4003 medicamine
1274 3987 1289 4009 ,
1325 3955 1465 4001 tactu
1497 3948 1679 4000 salivzc
1705 3956 1887 3999 curata
1917 3954 2018 3998 est.

834 4040 919 4094 72.
962 4042 1067 4095 Sed
1092 4040 1135 4092 si
1168 4053 1528 4103 exsequamur
1559 4038 1937 4089 miraculorum
1967 4036 2195 4103 singula,
2221 4049 2343 4102 qua:

758 4134 868 4189 suis
896 4134 1059 4202 gestis
1106 4130 1354 4199 prtescnti
1387 4130 1674 4183 floruerunt
1710 4132 1759 4180 in
1791 4130 1927 4191 vita,
1960 4128 2076 4183 lucc
2099 4129 2212 4182 sine
2242 4128 2345 4183 fine

756 4233 884 4279 sunt
914 4235 1110 4289 coepta,
1143 4223 1370 4275 nouerit
1398 4221 1588 4272 modus
1621 4220 1672 4273 itt
1707 4221 1915 4288 pagina.
1947 4219 2078 4287 Quia
2108 4234 2347 4287 quaettn-

764 4333 867 4384 que
893 4314 1158 4384 pontilicis
1204 4314 1543 4367 sectinvertit
1587 4314 1909 4380 praesentia,
1944 4313 2085 4364 nulla
2136 4312 2348 4364 morbo-

767 4424 886 4462 rum
913 4406 1198 4475 generibus
1245 4405 1412 4457 defuit
1442 4403 1704 4456 medicina
1732 4418 1747 4464 ;
1799 4413 1852 4456 et
1881 4411 2076 4466 quanta
2108 4416 2166 4455 se
2194 4402 2351 4455 obtu-

766 4501 937 4550 lcrunt
968 4496 1327 4561 languentium
1361 4493 1602 4559 vulnera,
1637 4494 1826 4544 salutis
1859 4491 1993 4544 fudit
2022 4501 2102 4544 tot
2122 4490 2348 4578 semina,

2426 2028 2495 2083 ab
2524 2043 2589 2080 eo
2621 2026 2811 2080 ﬂerent
2848 2025 2948 2079 sub
2972 2026 3289 2079 momento?

2499 2118 2587 2173 74.
2629 2116 2889 2172 Caeterum
2942 2117 3302 2185 elcemusynis
3351 2124 3606 2182 quantum
3640 2113 3803 2169 fuerit
3846 2114 4036 2182 prodi-

2431 2224 2529 2279 gus
2551 2249 2564 2273 ,
2595 2210 2852 2276 explicari
2899 2223 3002 2261 non
3031 2208 3268 2275 poterit,
3302 2223 3398 2262 nec
3426 2209 3469 2263 si
3504 2210 3668 2262 totius
3706 2208 3896 2277 populi
3923 2222 4032 2262 vox

2433 2301 2485 2355 in
2534 2288 2653 2353 uno
2682 2316 2741 2353 se
2793 2300 3044 2368 glutitn-t.
3096 2297 3195 2365 Qui
3227 2300 3536 2366 frequenter
3586 2308 3879 2352 contentus
3928 2313 4034 2350 una

2430 2394 2638 2457 casula,
2673 2392 2753 2445 vel
2806 2393 3017 2455 tunica,
3067 2390 3322 2459 quidquid
3368 2399 3485 2443 erat
3535 2390 3782 2453 residui,
3817 2391 4027 2443 nudum

2437 2499 2725 2552 pauperem
2770 2482 3050 2545 vestiebat,
3084 2491 3139 2535 ttt
3176 2481 3328 2548 inops
3357 2480 3631 2536 calefieret
3671 2482 3933 2552 largitore
3958 2481 4039 2536 al-

2434 2586 2614 2645 gente.
2675 2575 2880 2642 Quanta
2932 2575 3089 2627 etiam
3147 2574 3308 2628 fuerit
3358 2574 3750 2638 redemptionis
3802 2573 4034 2637 effusio,

2435 2666 2738 2720 nullatenus
2753 2664 3107 2731 explicabitur
3131 2665 3211 2718 vel
3234 2666 3350 2717 loco
3366 2664 3447 2719 vel
3474 2679 3721 2719 numero.
3738 2663 3897 2718 Unde
3915 2675 4039 2717 sunt

2434 2759 2695 2829 euntiguze
2726 2770 2910 2826 gentes
2932 2758 2983 2809 in
3018 2757 3378 2811 testimonium
3406 2802 3421 2824 ,
3450 2757 3715 2827 llispanus
3736 2799 3754 2825 ,
3778 2758 4037 2824 Scottus,

2439 2848 2636 2912 Britto,
2683 2847 2879 2901 Wasco
2902 2888 2917 2912 ,
2959 2849 3101 2900 Saxo
3123 2889 3137 2907 .
3190 2847 3498 2917 Burgundio
3522 2891 3535 2911 ,
3570 2862 3690 2901 cum
3735 2847 3801 2901 ad
3833 2863 4038 2901 nomen

2438 2938 2577 2991 beati
2607 2948 2990 2990 concurrerent
3011 2978 3026 3001 ,
3082 2938 3316 3004 undique
3356 2938 3616 2991 liberandi
3643 2939 3773 3009 jugo
3804 2937 4036 2993 servitii.

2437 3027 2568 3081 Cum
2600 3043 2726 3080 vero
2771 3011 3107 3096 aliquatenus
3154 3026 3280 3081 nihil
3310 3037 3451 3081 esset
3476 3042 3589 3097 pra:
3622 3030 3872 3081 manibus
3895 3070 3911 3092 ,
3947 3028 4041 3081 tri-

2440 3120 2537 3173 stis
2565 3120 2758 3172 sedens
2789 3128 2845 3173 et
2874 3119 3063 3170 anxius
3091 3162 3105 3185 ,
3158 3118 3395 3172 severior
3444 3118 3495 3171 in
3540 3118 3687 3170 vultu
3711 3160 3726 3182 ,
3782 3128 4040 3172 austeros

2439 3220 2554 3263 erat
2580 3210 2831 3278 alloquio.
2863 3209 3014 3263 Tunc
3044 3208 3086 3263 si
3115 3208 3356 3263 fortassis
3401 3208 3468 3261 ab
3496 3209 3676 3277 aliquo
3703 3210 4040 3263 invitaretur

2438 3302 2502 3356 ad
2536 3303 2849 3371 prandium.
2902 3302 3259 3369 compellebat
3318 3302 3575 3357 convivas
3623 3311 3714 3354 aut
3758 3302 4039 3356 ministros

2439 3396 2684 3463 proprios
2707 3432 2723 3458 ,
2756 3402 2813 3446 ut
2838 3393 3178 3447 conferentes
3208 3394 3424 3461 pariter,
3458 3392 3599 3447 unde
3631 3393 3711 3446 vel
3748 3408 3916 3446 unum
3949 3407 4038 3446 ca-

2438 3487 2635 3554 ptivum
2664 3486 2879 3538 servitio
2908 3484 3214 3548 liberarent,
3240 3494 3293 3539 et
3322 3486 3398 3539 sic
3428 3486 3817 3554 aliquantulum
3853 3500 4039 3540 sacer-

2435 3576 2576 3631 dotis
2615 3577 2900 3643 respiraret
2927 3577 3138 3631 animus
3177 3592 3244 3631 ex
3281 3591 3531 3631 mmrore.
3583 3577 3734 3643 Quod
3766 3577 3812 3630 si
3858 3577 4039 3630 Domi-

2440 3682 2541 3723 nus
2568 3667 2764 3736 aliquid
2814 3682 2907 3735 per
2936 3681 3126 3720 manus
3158 3668 3327 3721 sancti
3358 3667 3785 3735 dispensandum
3827 3668 4041 3723 alicun-

2439 3761 2507 3815 de
2535 3759 2787 3829 dirigeret
2807 3803 2822 3828 ,
2854 3774 2978 3814 mox
3024 3761 3075 3813 itt
3104 3758 3293 3828 spiritu
3325 3759 3664 3828 prrevideus,
3697 3762 3896 3815 solitus
3925 3768 4042 3815 erat

2440 3851 2617 3907 dicere
2643 3868 2655 3903 :
2687 3851 2896 3905 Gratias
2932 3866 3151 3922 agamus
3176 3851 3367 3905 divina-
3388 3850 3711 3915 clementiae,
3746 3867 3873 3905 nam
3896 3852 4041 3906 unde

2442 3944 2532 3998 fiat
2562 3944 2878 4012 redemptio,
2909 3944 3374 4015 appropinquavit.
3421 3943 3687 3999 Continuo
3714 3944 3835 3999 sine
3864 3945 4042 3999 ambi-

2442 4020 2639 4107 guitate
2670 4052 2906 4103 prtcsens
2938 4038 3257 4105 probabatur
3298 4037 3539 4091 effectus.
3594 4035 3749 4103 Quod
3781 4037 3918 4091 dum
3950 4053 4042 4093 ac-

2445 4131 2672 4194 cepisset
2698 4128 2750 4181 in
2780 4128 3024 4181 manibus
3044 4169 3059 4193 ,
3090 4128 3324 4183 resoluta
3353 4143 3478 4198 ruga
3506 4128 3719 4194 frontis,
3747 4130 3903 4185 vultu
3934 4132 4036 4185 lto.

2445 4221 2603 4279 rebat
2627 4224 2829 4291 senior,
2858 4238 3046 4293 gressu
3071 4222 3325 4292 pergebat
3345 4222 3593 4289 alacrior,
3626 4223 3805 4294 lingua
3834 4223 4044 4280 fluebat

2446 4314 2748 4385 jucundior,
2779 4325 2835 4368 ut
2865 4315 3114 4370 crederes
3142 4316 3411 4369 hominem
3436 4330 3532 4383 pro
3562 4314 3901 4372 redimendis
3924 4318 4043 4372 aliis

2451 4420 2510 4462 se
2541 4409 2715 4475 ipsum
2745 4408 3017 4461 servitutis
3046 4406 3259 4461 vinculo
3290 4406 3643 4462 liberandum.

2524 4500 2613 4554 75.
2654 4497 2784 4565 Quis
2826 4513 2952 4553 vero
2980 4497 3137 4567 digne
3164 4506 3369 4565 repetat
3411 4508 3608 4567 quanta
3642 4496 3813 4550 virtus
3841 4496 4045 4551 verbo-

764 4588 1002 4656 Namque
1043 4587 1210 4652 prima
1264 4584 1527 4652 pontificis
1574 4598 1964 4652 exsequamur,
2011 4583 2093 4637 vel
2124 4584 2341 4648 ultima,
2370 4611 2422 4671 Β
2455 4606 2571 4644 rum
2603 4590 2670 4643 ab
2697 4604 2791 4644 ore
2831 4588 3107 4643 rotabatur
3130 4626 3147 4653 ,
3180 4602 3297 4642 cum
3333 4587 3647 4656 prmiticaret
3694 4586 3747 4640 in
3778 4586 4042 4654 penulam

763 4696 885 4731 cum
939 4693 1032 4749 per
1062 4677 1281 4729 salivam
1334 4677 1445 4729 oris
1471 4676 1549 4728 sui
1597 4676 1758 4729 multa
1804 4688 1990 4731 curata
2037 4676 2231 4730 fuerint
2259 4678 2342 4731 til-

767 4787 913 4835 cera,
947 4779 1164 4839 purgata
1192 4769 1299 4823 sint
1325 4783 1705 4837 energuntena.
1749 4768 1887 4822 Ante
1914 4782 2072 4835 quem
2104 4768 2343 4835 quamvis

764 4862 970 4917 occulte
1020 4862 1252 4914 venisset
1298 4859 1463 4913 bustis
1503 4859 1736 4929 nequitia
1764 4900 1778 4921 .
1828 4860 2004 4913 statim
2038 4876 2095 4914 se
2124 4859 2345 4914 manife-

761 4951 929 5007 stavit
971 4951 1304 5005 fraudulenta
1353 4950 1556 5003 fallacia
1582 4992 1597 5013 ,
1646 4964 1707 5004 ac
1747 4951 1814 5005 de
1843 4961 2128 5017 conspectu
2173 4952 2342 5006 sancti

763 5040 864 5095 viri
895 5044 1014 5106 quia
1044 5042 1204 5096 celari
1253 5056 1356 5093 non
1403 5048 1679 5109 poterant,
1735 5056 1833 5097 nec
1879 5041 2175 5098 tolerabant
2203 5058 2342 5110 prat-

770 5132 1020 5196 sentiant,
1052 5133 1275 5187 terribili
1323 5132 1524 5185 ululatu
1580 5146 1673 5186 sua
1727 5133 2010 5201 gemebant
2065 5134 2341 5196 incendia,

766 5224 963 5292 passim
1009 5237 1104 5291 per
1149 5224 1261 5277 loca
1300 5223 1571 5277 volitantia
1624 5226 1960 5290 exponebant
1987 5266 2000 5287 ,
2034 5234 2088 5279 et
2117 5226 2344 5279 crimina

770 5313 1020 5380 suspensi
1076 5327 1168 5379 per
1194 5326 1317 5364 acra
1345 5354 1359 5377 ,
1410 5313 1720 5383 frequenter
1750 5330 1846 5369 uec
1874 5315 2181 5383 interrogati
2211 5328 2342 5370 con-

770 5402 1057 5456 fitebantur
1084 5413 1136 5456 et
1166 5403 1401 5457 nomina.
1443 5402 1575 5458 Cum
1608 5419 1751 5473 saepe
1781 5420 1878 5459 suo
1910 5407 2137 5473 impulsu
2163 5421 2344 5462 curre-

768 5497 893 5550 baut
922 5495 987 5549 ad
1020 5505 1256 5551 sanctum
1289 5494 1461 5551 virum
1511 5498 1796 5553 crucianda
1844 5498 2130 5554 daemonia.
2183 5500 2347 5568 Cujus

841 5658 865 5684 ἰ
907 5648 1141 5700 Ot'ldans.

842 5717 865 5753 δ
908 5720 1014 5777 ΑΙ..
1050 5719 1299 5773 Nouerca.

846 5799 865 5821 ε
909 5788 1208 5859 ScriptOres
1232 5791 1433 5858 antiqui
1464 5806 1670 5855 Cursus,
1702 5808 1793 5849 seu
1826 5796 2082 5850 decursus
2111 5798 2345 5859 nomine.

772 5856 946 5909 div-un
979 5858 1170 5925 ofticia,
1203 5866 1313 5916 sive
1347 5856 1503 5916 haras
1528 5865 1605 5924 (ut
1629 5868 1844 5929 vocant)
1873 5871 2152 5921 canonicos
2189 5856 2339 5922 tutel?

2450 4689 2506 4735 ut
2536 4679 2680 4734 omni
2711 4680 3026 4733 litteratum
3059 4688 3369 4733 nasceretur
3416 4688 3607 4746 stupor
3629 4719 3645 4743 ,
3699 4688 3753 4732 et
3785 4679 3945 4732 fieret
3989 4679 4042 4733 in

2448 4785 2731 4825 commune
2760 4771 3032 4839 generalis
3059 4770 3418 4838 compunctio,
3451 4781 3610 4838 atque
3638 4784 3703 4824 ex
3734 4784 3829 4823 ore
3852 4770 4044 4825 dicen-

2448 4863 2514 4916 tis
2543 4861 2793 4917 crederes
2833 4870 2892 4913 ut
2929 4861 3089 4915 verba
3139 4859 3498 4917 formarentur
3543 4860 3611 4914 ab
3639 4860 3831 4928 angelo
3860 4901 3875 4923 ,
3909 4860 4042 4915 dum

2447 4953 2722 5023 plusquam
2756 4952 2915 5005 homo
2944 4952 3250 5021 loqueretur
3298 4952 3583 5007 translatus
3625 4952 3679 5005 in
3710 4954 3912 5005 mentis
3943 4968 4045 5008 ex-

2446 5060 2598 5099 cessu
2624 5087 2639 5109 ,
2672 5058 2790 5098 cum
2815 5085 2832 5111 ,
2880 5043 3085 5097 abrasis
3127 5042 3381 5108 maculis,
3414 5042 3721 5098 sinceritate
3768 5042 4047 5109 dogmatis

2447 5145 2659 5206 pectora
2694 5135 2860 5203 plebis
2885 5144 3101 5204 cogeret
3129 5134 3325 5190 divinis
3351 5133 3637 5204 ell'ragrare
3662 5134 3995 5203 pigmentis?

2519 5227 2609 5281 76.
2649 5228 2751 5293 Qui
2783 5224 3029 5295 equitans
3082 5227 3132 5280 in
3166 5225 3358 5280 itinere
3384 5266 3399 5289 ,
3451 5240 3666 5294 semper
3694 5225 3762 5280 de
3796 5226 3911 5279 Deo
3944 5228 4044 5281 ali-

2448 5320 2572 5390 quid
2600 5329 2689 5372 aut
2722 5320 2882 5373 verbo
2911 5319 3165 5385 contulit,
3192 5329 3281 5373 aut
3313 5319 3574 5382 cantavit,
3596 5329 3618 5357 ε
3643 5334 3860 5373 cursum
3898 5322 4046 5375 nudo

2453 5411 2628 5479 capite
2658 5409 2864 5473 dicens,
2896 5410 2997 5465 etsi
3030 5411 3119 5464 nix
3159 5420 3250 5464 aut
3278 5410 3451 5465 imber
3481 5422 3712 5477 urgeret.
3745 5409 3885 5465 Cum
3912 5430 4045 5467 vero

2454 5504 2600 5556 venit
2629 5502 2692 5555 ad
2725 5516 2964 5555 mensam
2990 5541 3004 5565 ,
3038 5501 3319 5557 confestim
3354 5504 3583 5559 recitatis
3613 5502 3764 5559 ali'uit
3790 5504 4043 5560 minister

2454 5656 2705 5719 ligebanl,
2736 5654 2873 5726 quod
2907 5657 3274 5719 perstilvautur
3299 5657 3538 5726 quotidie
3563 5672 3626 5711 ac
3648 5657 4048 5716 decurrantnr:

2456 5726 2651 5792 liegttla
2698 5725 2863 5779 sancti
2918 5726 3159 5788 Macarii,
3206 5725 3325 5794 cap.
3358 5728 3428 5781 9:
3481 5727 3696 5782 Cursum
3739 5732 4049 5782 monasterii

2452 5812 2604 5863 super
2632 5813 2801 5849 omnia
2830 5798 3051 5855 diliqrs,’
3099 5798 3186 5865 qui
3216 5814 3329 5851 vero
3372 5800 3561 5863 crepitu
3615 5813 3762 5851 orure
3800 5801 4047 5860 voluerit,

2456 5867 2727 5920 uberiorem
2759 5870 2967 5919 int'rit'et
2993 5869 3387 5923 miscricordiam
3419 5868 3625 5921 Christi.
3665 5868 3716 5923 lu
3754 5868 3870 5923 Vita
3911 5887 4046 5923 mss.
