4192 6548
105 379 188 433 ιη
1084 377 1147 431 ΙΝ
1182 376 1391 433 ῪΙΤΑΜ
1421 377 1595 443 SI'ZQU
1609 375 1838 430 ENTESI
1866 375 2330 433 ΡΠᾹΞἉΙΟΧΙΊΊΟ.

3276 381 3378 437 678

104 495 254 551 divina
300 493 588 560 colloquia,
626 500 682 544 ut
711 492 849 544 inter
878 491 981 544 cibi
1013 491 1238 554 fercula,
1269 489 1431 543 animi
1482 501 1662 559 pastus
1695 492 1743 548 Α
1773 485 2150 553 regrederetur
2185 486 2436 554 fatigatos
2467 493 2646 551 etate,
2661 486 2742 539 vel
2767 485 2983 553 frigore,
3005 495 3095 540 aut
3121 488 3266 542 illata
3292 492 3376 544 di-

107 587 337 637 alitneutu
390 583 508 648 plus
539 591 868 635 saturaretur
913 581 1160 635 conviva.
1209 580 1419 634 Nullum
1463 589 1673 647 tempus

103 674 410 737 interpolam
441 690 548 743 quo
580 687 687 727 non
715 683 808 725 aut
833 670 957 727 aliis
983 672 1284 740 prodesset,
1313 681 1402 725 aut
1431 687 1534 725 non
1562 674 1675 738 ipse

102 786 166 837 pr:
190 767 384 820 ἥρωι-ι.

162 861 246 914 77.
288 857 555 923 Quantam
586 871 714 910 vrro
763 856 1069 924 vigiliarum
1112 870 1294 909 curam
1328 869 1544 922 semper
1576 853 1674 906 im-

101 951 362 1018 penderet,
391 947 512 1015 quis
541 959 753 1000 i-nariet
783 987 800 1011 ,
843 958 931 999 aut
963 949 1217 1000 tolera'os
1247 948 1456 1014 algores
1485 947 1676 998 ardore

101 1046 206 1097 lidei
246 1043 524 1110 pra-dicet,
557 1059 676 1095 cum
704 1042 1013 1109 frequenter
1061 1043 1113 1096 iu
1146 1043 1194 1097 le
1216 1044 1361 1104 -ttt|u,
1389 1053 1674 1107 antequam

99 1140 314 1200 reliquus
364 1139 430 1189 de.
455 1151 649 1204 sopore
679 1149 1044 1190 comtnuneret
1081 1153 1384 1206 assurgere,
1418 1136 1678 1204 quinqua-

99 1229 231 1296 ginta
273 1229 526 1293 psalmus,
559 1228 638 1281 vel
670 1225 922 1292 amplius,
957 1226 1257 1280 indi-fessus
1291 1227 1342 1279 in
1368 1227 1569 1292 templo
1595 1226 1675 1280 sui

100 1322 316 1388 pectoris
372 1320 601 1373 Domino
639 1321 991 1374 decantaret?
1033 1321 1136 1374 Sed
1170 1322 1291 1390 quis
1320 1321 1444 1373 illud
1481 1321 1676 1373 furtum

101 1423 122 1449 ⁸
151 1413 267 1468 felix
301 1414 382 1466 vel
413 1414 594 1465 auditu
628 1414 859 1465 si-nscrit
883 1453 899 1476 ,
954 1414 1035 1467 vel
1081 1415 1195 1466 ι·ἰ›ιι
1243 1413 1678 1480 deprehenderit,

101 1518 209 1556 cuin
241 1504 354 1562 ip'sc
385 1504 452 1554 de
485 1503 676 1557 lectulo
708 1502 1015 1570 frequenter
1059 1506 1178 1557 sine
1224 1505 1435 1573 caligis,
1474 1519 1539 1557 ne
1564 1519 1681 1556 sett-

102 1596 278 1649 tiretttr
305 1598 372 1649 ab
398 1597 598 1665 a'iquu,
631 1597 861 1663 perrexit
906 1597 956 1649 in
989 1598 1281 1650 oratoritnn
1305 1637 1319 1658 ,
1358 1598 1560 1648 nullum
1583 1595 1679 1648 sibi

101 1689 305 1754 Cupiens
352 1698 542 1741 testem
585 1686 611 1724 δ
655 1689 706 1740 iit
737 1687 866 1741 illml
920 1688 1120 1740 furtum
1174 1701 1366 1755 pra‘ter
1413 1689 1679 1742 Christum

101 1781 409 1833 occurrere?
432 1781 529 1844 Qui
556 1780 823 1834 celebrata
849 1780 1023 1848 vigilia
1054 1795 1302 1834 remeans
1325 1781 1390 1833 ad
1409 1782 1679 1842 let-Iulum,

1780 592 2053 631 versos-uin
2087 576 2416 646 inquietabat
2445 579 2737 647 suggestio,
2773 587 2864 632 aut
2890 578 2957 631 ab
2990 577 3106 647 ipso
3138 583 3379 652 require-

1783 675 1936 729 batur
1968 675 2054 728 ubi
2089 675 2356 743 pra‘bet'et
2382 673 2691 744 siill‘ragium
2717 715 2732 738 ,
2760 684 2818 728 nt
2844 676 3005 729 etiam
3034 678 3099 728 ad
3133 680 3376 746 requiem

1780 767 1906 821 rt'cli
1949 767 2093 834 auti,
2145 768 2226 819 vel
2261 767 2531 836 paululum
2586 771 2654 820 de
2700 768 2933 836 querelis
2976 770 3372 824 occurrentium

1778 858 2122 918 alﬂ:ctorum.
2160 858 2239 910 vel
2271 874 2586 926 pauperum,
2610 872 2738 910 crux
2771 868 3048 924 pararetur
3081 860 3132 911 iu
3159 860 3377 930 leCtulo,

1780 963 2109 1020 postponens
2141 967 2267 1005 suas
2315 951 2536 1019 injurias
2560 994 2572 1015 ,
2606 966 2673 1004 ne
2701 959 3076 1016 snggeieut-m
3111 964 3381 1021 premeret

1781 1047 1923 1099 illata
1957 1046 2275 1099 necessitas.
2335 1043 2556 1097 Paratus
2585 1060 2680 1110 pro
2713 1044 3076 1097 misericordia
3104 1085 3120 1107 ,
3167 1061 3383 1111 semper

1779 1152 2002 1191 currens
2032 1153 2126 1204 pro
2158 1139 2311 1191 venia
2354 1149 2502 1203 pater
2524 1148 2575 1189 ι·ι
2609 1148 2787 1202 pastor
2823 1137 3028 1206 populi,
3060 1139 3125 1188 ad
3157 1153 3214 1190 se
3241 1139 3375 1190 alie-

1784 1244 1880 1282 nas
1924 1244 2112 1282 causas
2160 1230 2490 1282 transferens
2533 1236 2590 1280 et
2618 1229 2906 1295 querelas,
2958 1238 3047 1282 aut
3098 1244 3195 1297 pro
3227 1237 3378 1296 parte

1782 1322 2078 1390 mitigabat,
2112 1320 2327 1374 dolores
2357 1319 2712 1386 cotupatiene,
2741 1330 2853 1382 aut,
2885 1329 3139 1386 quantum
3174 1327 3376 1387 posset,

1783 1429 1846 1468 cx
1878 1424 1987 1466 toto
2015 1415 2234 1465 curabat
2262 1413 2427 1466 corde
2459 1411 2803 1465 subvenieus.

1856 1503 1924 1559 78
1979 1506 2031 1558 lu
2059 1514 2260 1557 tantum
2292 1519 2398 1573 quo
2423 1519 2505 1568 pie
2531 1505 2701 1557 sacris
2731 1503 3086 1572 atnplil‘tt'atus
3123 1505 3385 1569 provecti3

1785 1594 1904 1660 bus,
1936 1595 2096 1648 etiam
2131 1594 2162 1647 d
2188 1611 2271 1647 ein
2306 1596 2445 1648 beati
2487 1595 2566 1646 sui
2600 1596 2857 1649 transitus
2909 1596 2976 1648 ita
3011 1596 3275 1664 pra'disit,
3330 1604 3386 1651 ut

1784 1689 2082 1744 subdintus.
2119 1695 2253 1743 Ante
2283 1690 2489 1758 aliquos
2519 1688 2636 1742 dies
2668 1705 2788 1742 nam
2819 1705 3012 1743 vocans
3051 1691 3116 1742 ad
3144 1704 3202 1743 se
3233 1699 3385 1743 nuta-

1788 1783 1923 1833 riuut
1980 1797 2156 1841 suum,
2215 1781 2441 1847 imperat
2497 1782 2548 1833 iit
2610 1779 2912 1834 cubiculum
2971 1796 3130 1846 supra
3189 1782 3384 1836 lectum

103 1873 242 1939 quasi
275 1873 406 1924 nihil
440 1872 651 1939 egerit,
700 1881 824 1924 tunc
859 1873 1088 1938 primum
1131 1873 1364 1939 reliquos
1394 1872 1671 1926 excitaret.
1710 1850 1754 1908 Β
1784 1889 1936 1927 suum
1991 1876 2230 1928 scribere
2289 1874 2391 1927 lmc
2439 1874 2845 1935 tantummodo,
2897 1874 3072 1942 quinta
3121 1870 3386 1926 Kalendas

105 1967 299 2032 Quanta
325 1981 450 2019 iero
475 1967 540 2018 ad
576 1965 910 2032 psallendum
942 1965 1038 2017 fuit
1068 1968 1388 2027 Constantia,
1431 1967 1556 2018 dum
1586 1981 1676 2018 vc-

105 2057 173 2110 lut
212 2058 332 2111 ferri
377 2059 554 2123 rigore
586 2057 766 2109 induta
811 2071 938 2108 caro
988 2056 1305 2110 subsisteret
1332 2095 1346 2118 ,
1381 2071 1499 2108 cum
1547 2072 1675 2110 saxa

104 2148 258 2214 frigus
283 2150 617 2203 decrusnii-ct
639 2189 654 2213 ,
681 2159 734 2202 et
754 2164 918 2215 aquas
951 2148 1002 2201 iit
1028 2159 1258 2202 crustam
1287 2149 1556 2202 verteret?
1578 2149 1674 2214 Qui

101 2257 210 2293 cum
238 2241 348 2292 suis
379 2242 670 2294 visceribus
694 2240 972 2293 dimicaret
996 2249 1050 2293 et
1078 2241 1333 2302 vinceret,
1370 2253 1504 2307 pene
1536 2241 1678 2306 seip-

101 2347 210 2386 suut
255 2332 613 2397 obliviscens,
667 2342 722 2383 ut
762 2332 1059 2386 domestico
1093 2342 1358 2384 tormento
1381 2373 1395 2395 ,
1430 2342 1678 2397 superato

99 2438 316 2490 corpore
338 2465 354 2488 ,
405 2426 471 2478 de
502 2439 561 2477 se
589 2423 918 2494 triumphum
965 2423 1015 2477 in
1048 2438 1196 2490 pace,
1244 2425 1415 2478 lactus
1445 2435 1675 2492 martyr,

98 2516 410 2581 acquireret,
459 2524 516 2568 ut
543 2530 602 2570 se
630 2517 958 2568 mutantibus
982 2514 1192 2569 clericis
1219 2555 1234 2579 ,
1261 2525 1282 2552 ο
1315 2516 1430 2569 sine
1475 2517 1672 2569 vicissi-

99 2610 270 2661 tudine
295 2609 408 2675 ipse
436 2608 752 2661 decantandi
779 2606 1140 2660 modulamina
1175 2623 1279 2659 tmn
1316 2607 1509 2659 tiuiret.
1544 2605 1675 2660 Cum

98 2715 225 2769 pene
252 2703 354 2754 huc
386 2700 769 2754 inet-edihiliter
793 2701 990 2754 dicitur
1019 2699 1161 2768 quod
1193 2700 1361 2752 scitur
1386 2718 1396 2752 :
1424 2699 1546 2769 quia
1576 2709 1680 2753 ter-

99 2794 160 2844 tia
210 2792 381 2845 nomis
438 2795 564 2845 liora
615 2792 922 2859 ingrediens
975 2792 1026 2844 iu
1073 2790 1394 2856 ecclesiam,
1445 2807 1549 2843 nou
1598 2801 1682 2845 est

97 2897 336 2951 egressus
365 2884 589 2936 ulterius
620 2883 955 2950 psal'entium
999 2884 1066 2935 ab
1093 2883 1319 2947 ordine,
1346 2882 1540 2946 donec,
1573 2883 1680 2936 cla-

97 2987 331 3030 rescente
378 2976 498 3040 die,
531 2977 848 3031 decantatus
874 2975 1191 3030 solemuiter
1236 2991 1426 3032 cursus
1453 2977 1682 3031 univer-

98 3083 182 3120 sus
227 3082 692 3122 eonsuuiuiaretur
739 3083 803 3120 ex
856 3081 1086 3121 canone.
1132 3066 1264 3120 Cum
1305 3082 1431 3122 vero
1462 3069 1680 3122 domum

1779 1964 2001 2029 lunias;
2051 1965 2148 2018 sed
2204 1964 2565 2018 nescientibus
2615 1967 2863 2017 oumibus
2904 1965 3029 2032 quid
3077 1963 3181 2019 huc
3219 1952 3386 2028 esset,

1784 2071 1898 2127 post
1924 2059 2040 2128 ejus
2070 2068 2288 2113 sanctus
2324 2057 2596 2112 discessus
2639 2058 3002 2111 tuauitestavit
3046 2058 3114 2112 de
3161 2056 3383 2110 saeculo.

1781 2151 1910 2204 Nam
1941 2166 2111 2218 neque
2144 2151 2243 2204 hoc
2276 2149 2529 2203 Dominus
2553 2148 2799 2203 l'.imiliari
2828 2150 3023 2202 aniuue
3046 2149 3386 2202 abscondere

1782 2245 2017 2313 pertulit.
2067 2243 2302 2310 Denique
2332 2241 2519 2296 eadem
2570 2241 2657 2294 die
2687 2250 2805 2309 post
2833 2250 3106 2308 peractum
3141 2240 3384 2301 praelium

1781 2337 1968 2390 beatus
2010 2335 2254 2404 migravit
2300 2335 2364 2386 ad
2415 2333 2713 2387 Christum.
2780 2331 2873 2385 llis
2917 2339 2971 2384 et
3013 2329 3387 2383 consito-libus

1781 2427 1973 2480 studiis
2005 2435 2335 2494 occupatus,
2369 2440 2430 2479 ac
2460 2440 2676 2495 semper
2723 2425 2983 2488 intentus,
3018 2424 3128 2476 tere
3170 2433 3387 2488 octoge-

1783 2518 1962 2572 narius
1995 2534 2086 2585 per
2115 2519 2300 2571 orbi-tn
2333 2517 2588 2570 mirandis
2616 2517 2824 2570 actibus
2855 2515 3204 2570 ascisccndus
3244 2530 3388 2567 tuar-

1785 2613 2008 2682 tyribus,
2032 2611 2292 2679 ap0stolis
2324 2609 2719 2681 aggregandus.
2751 2608 3131 2676 gloriﬁcaudus
3155 2605 3382 2670 meritis,

1782 2705 2120 2758 euronaodus
2171 2704 2221 2756 in
2269 2702 2507 2769 |0pttliS,
2561 2711 2780 2770 ereptus
2831 2714 3096 2768 corporeo
3148 2698 3383 2765 vinculo,

1785 2795 2125 2848 immaculato
2162 2793 2353 2860 spiritu
2405 2792 2571 2846 beatis
2603 2791 2722 2844 lidei
2752 2790 2968 2844 dotibus
3001 2788 3386 2856 perpetualtter

1785 2883 2040 2944 victuros,
2063 2880 2087 2915 “
2115 2886 2285 2933 victor
2310 2879 2545 2933 evolavit
2567 2881 2632 2932 ad
2661 2881 2848 2941 C(clos,
2871 2887 3128 2949 regnante
3156 2877 3382 2930 Domino

1787 2985 1972 3029 nostro
2001 2973 2125 3027 .lesu
2155 2972 2390 3036 Christo,
2425 2971 2509 3025 cui
2533 2981 2614 3025 est
2639 2972 2828 3042 gloria,
2865 2972 3038 3026 honor
3064 2979 3118 3025 et
3144 2977 3386 3040 potestas

1786 3067 1837 3120 itt
1869 3065 2061 3119 satcula
2094 3064 2439 3118 szeculurutn.
2471 3065 2661 3117 Amen.

99 3201 258 3275 sancti
300 3201 544 3257 Serenici
584 3204 790 3259 abbatis
810 3244 826 3268 ,
867 3219 1026 3273 quam
1061 3204 1303 3275 proximo
1331 3206 1531 3258 smenlo
1561 3220 1684 3273 pro-
1713 3213 1758 3275 ς
1788 3202 1988 3256 deberti
2019 3199 2277 3275 Junioris,
2302 3197 2658 3275 Cltristi576)
2686 3207 2731 3250 et
2757 3199 2932 3275 beatus
2958 3196 3243 3275 Germanus
3276 3195 3385 3275 Pa-

99 3273 319 3326 terenius
351 3277 404 3326 itt
430 3276 625 3338 lueem,
656 3278 770 3328 hare
804 3277 1047 3343 leguntur
1075 3292 1088 3326 :
1134 3274 1200 3328 In
1232 3277 1477 3329 orationis
1507 3289 1678 3329 autem

95 3346 256 3395 studio
286 3355 460 3398 tantus
493 3346 640 3398 illum
683 3348 849 3413 fervor
875 3347 1202 3405 accenderat,
1237 3361 1285 3398 ut
1320 3349 1507 3415 absque
1531 3365 1677 3415 pecu-

98 3416 204 3463 liari
233 3418 609 3483 snpplicatone
642 3417 960 3479 Romanum,
992 3434 1078 3468 seu
1103 3416 1452 3479 Gallicanum,
1483 3429 1530 3471 et
1560 3435 1679 3471 sau-

96 3495 282 3536 ctorunt
314 3488 530 3538 l'atrum
561 3486 839 3549 Benedicti,
869 3504 955 3539 seu
981 3485 1284 3540 Culuntlrani
1307 3530 1319 3547 .
1352 3505 1559 3541 cursum
1587 3489 1679 3539 Im-

93 3555 160 3604 iis
205 3557 426 3625 singulis
475 3556 696 3610 Domino
745 3560 1060 3614 decantaret.
1107 3559 1204 3613 Ubi
1258 3561 1514 3627 particula
1564 3577 1677 3625 seu,

97 3627 376 3692 utrobique
423 3632 723 3694 cuipulativa
768 3641 880 3694 est,
932 3645 1029 3682 nec
1057 3644 1244 3683 cursus
1293 3631 1561 3683 Itomauus
1593 3632 1679 3685 hic

97 3697 226 3749 abiis
255 3711 334 3750 est
360 3714 390 3750 a
415 3697 714 3752 Gallicana.
767 3701 894 3751 l\aut
927 3697 1105 3754 Gallos
1134 3701 1260 3752 ulitti
1289 3700 1557 3753 llotnauos
1584 3716 1680 3765 ap-

97 3767 309 3839 [tell-stos
341 3771 394 3822 iu
430 3770 558 3822 Vita:
583 3772 752 3824 sancti
785 3771 1064 3824 Satnsonis
1091 3772 1256 3836 episc.
1287 3773 1518 3837 praefat"
1555 3786 1674 3839 pug.

96 3836 119 3889 1
162 3835 214 3897 5.
245 3839 359 3890 obs:
382 3843 676 3895 rvavitnus.
733 3842 807 3892 lle
829 3855 987 3894 corsu
1017 3835 1220 3895 Gallico
1252 3835 1442 3895 iterum
1478 3835 1680 3895 mentio

96 3908 149 3958 tit
187 3912 235 3961 in
271 3909 389 3963 \t'ita
444 3913 615 3964 sancti
670 3911 918 3965 Walirici
970 3914 1094 3966 abb.
1125 3956 1138 3974 ,
1185 3914 1320 3982 apud
1370 3914 1671 3977 Surium,t

95 3982 289 4042 April.,
325 3998 481 4035 num.
533 3984 618 4036 14.
665 3983 864 4041 Porro.
916 3983 1046 4036 nihil
1101 3985 1198 4035 hac
1251 3999 1380 4037 voce
1433 3986 1678 4038 usitatius

97 4052 224 4113 apud
257 4053 579 4120 Gregorium
611 4053 1018 4116 Turoueusem,
1069 4068 1157 4121 qui
1197 4054 1387 4107 librum
1422 4071 1583 4107 unum
1612 4056 1680 4108 tle

95 4121 331 4193 cursibus
375 4125 760 4180 ecclesiasticis
815 4140 842 4175 a
890 4139 951 4178 se
990 4125 1343 4193 compositum
1391 4126 1445 4180 itt
1489 4126 1588 4179 lib.
1623 4141 1677 4191 χ,

98 4190 225 4244 Ilist.
255 4208 672 4249 cumuiettiorat.
708 4197 929 4250 MABILL.

160 4271 183 4332 ξι
224 4265 334 4328 AL,
351 4267 575 4332 felicem.

161 4331 184 4369 ¹²
225 4331 543 4400 Αιηῑιιηηι.

167 4414 186 4441 ε
232 4406 377 4460 Cleri
415 4407 733 4460 l’arisieusn
776 4423 826 4460 in
865 4408 1140 4473 psallendo
1189 4407 1431 4461 ordinem
1463 4417 1514 4462 et
1540 4407 1681 4460 assi-

104 4474 377 4537 dUiialt'lll,
410 4480 517 4531 sub
547 4478 813 4530 Germano
845 4481 1095 4547 magistro
1119 4495 1182 4534 ac
1211 4480 1347 4534 duce
1373 4520 1388 4543 ,
1419 4487 1682 4548 expressnt

102 4548 333 4601 carmine
366 4548 542 4606 Fort..
579 4549 650 4601 lib
696 4565 750 4613 tl,
785 4563 900 4614 cap.
938 4549 1021 4602 15.

165 4615 189 4653 ⁸
218 4619 291 4671 De
317 4621 495 4671 Sancti
526 4618 773 4672 Germani
817 4623 961 4673 obitu
990 4620 1276 4688 Gregorius
1302 4620 1429 4674 Tur.
1453 4662 1468 4682 ,
1499 4620 1550 4672 in
1586 4619 1677 4672 lib.

94 4701 144 4755 ν,
175 4703 291 4759 cap.
325 4695 380 4758 δ,
409 4694 482 4743 ita
514 4691 699 4745 scribit
732 4708 744 4742 :
778 4689 856 4743 Eo
884 4708 1019 4745 anno
1061 4693 1256 4762 (primo
1284 4694 1487 4746 scilicet
1529 4691 1679 4746 Chil-

1788 3275 2026 3325 r.’siornm
2074 3273 2336 3338 epist‘Opns
2365 3272 2563 3322 transiit
2587 3285 2605 3322 :
2637 3287 2688 3321 tn
2733 3271 2878 3337 cujus
2923 3271 3175 3335 exsequiis
3207 3271 3384 3321 multis

1785 3344 2074 3400 t'irtntibus,
2123 3358 2248 3408 quas
2296 3342 2346 3394 in
2393 3358 2608 3409 corpore
2649 3349 2893 3410 gesserat,
2947 3341 3039 3392 hoc
3077 3339 3384 3410 miraculum

1785 3415 2224 3478 con/irritationem
2261 3413 2398 3479 fecit.
2462 3410 2599 3465 Nam
2648 3409 2945 3463 carcerariis
2987 3409 3386 3462 acclamantibus

1783 3502 1965 3551 corpus
1995 3487 2046 3536 in
2080 3485 2248 3551 platea
2279 3499 2614 3552 nqqravatum
2642 3494 2741 3544 est,
2771 3483 3050 3552 solutisque
3070 3483 3157 3534 eis.
3205 3497 3385 3534 rnrsns

1783 3557 1893 3609 sine
1940 3557 2109 3607 labore
2137 3557 2367 3615 leuatur;
2397 3555 2495 3621 ipsi
2523 3571 2721 3617 quoque
2749 3553 2835 3616 qui
2887 3551 3042 3603 soluti
3082 3553 3285 3618 fuerant
3332 3553 3384 3604 in

1785 3627 2074 3687 obsequium
2105 3627 2298 3694 funeris
2329 3641 2487 3694 usque
2531 3626 2595 3675 ad
2626 3626 2717 3676 bas
2743 3625 2893 3675 licam
2926 3625 2975 3674 iu
3021 3640 3119 3691 qua
3159 3623 3386 3686 sepultus

1785 3708 1856 3750 est
1888 3698 2034 3750 liberi
2058 3707 2412 3759 pervenerunt.
2446 3697 2525 3747 Ad
2547 3697 2834 3764 sepulcrum
2865 3705 3027 3746 autem
3060 3697 3171 3762 ejus
3195 3699 3382 3746 inultas

1768 3770 1988 3823 'virtutes
2032 3767 2249 3819 Domino
2277 3768 2524 3819 tribuente
2552 3773 2808 3818 credentes
2839 3766 3194 3827 experiuntur,
3223 3765 3298 3816 ita
3328 3773 3387 3816 nt

1784 3842 1991 3906 quisque
2013 3840 2054 3891 si
2073 3843 2221 3908 justa
2251 3841 2471 3902 petierit,
2498 3839 2733 3889 velociter
2767 3845 3004 3905 exaptata
3043 3845 3284 3904 reportet.

1781 3913 1896 3978 quis
1925 3906 2091 3962 tamen
2119 3921 2348 3962 strenuus
2395 3908 2603 3960 virtutes
2631 3908 2795 3968 illius,
2826 3923 2951 3978 quas
2983 3908 3034 3958 in
3077 3921 3287 3978 corpore
3307 3906 3384 3971 fc-

1783 3976 1872 4040 cit,
1903 3981 2120 4034 sollicite
2159 3982 2264 4031 vult
2308 3980 2584 4042 inquirere,
2636 3980 2820 4030 librum
2859 3976 2985 4029 Vitit'
3027 3977 3189 4037 illius,
3230 3981 3317 4041 qni
3347 3993 3380 4028 a

1786 4049 2076 4104 Fortunato
2123 4052 2414 4116 presbytero
2443 4051 2752 4107 compositns
2805 4059 2908 4106 est,
2966 4055 3165 4116 legens,
3199 4056 3384 4116 cuncta

1782 4125 2016 4189 reperiet.
2069 4115 2132 4174 Et
2165 4122 2214 4174 iii
2247 4115 2337 4172 tib.
2385 4123 2451 4172 de
2500 4121 2647 4173 ϐιοῖ.
2676 4120 2843 4181 cont,
2895 4115 3025 4184 cap.
3049 4121 3168 4189 fit):
3201 4115 3382 4184 Ingre-

1783 4186 1970 4254 dicnte,
2022 4193 2222 4260 inquit,
2255 4190 2542 4258 Chilperico
2587 4206 2703 4257 rege
2747 4191 2798 4242 in
2829 4191 3003 4242 urbem
3040 4186 3380 4250 Parisiacam,

1785 4264 2024 4331 postridie
2045 4280 2195 4330 quam
2222 4278 2312 4314 rex
2333 4265 2588 4328 ingressus
2628 4274 2698 4331 cst
2730 4261 3005 4319 civitatem,
3037 4261 3378 4330 parulgticns,

1783 4335 1874 4398 qui
1903 4336 1954 4387 iu
1987 4334 2187 4402 porticu
2215 4333 2438 4384 basilica:
2466 4334 2627 4384 sancti
2668 4330 2939 4392 Vincentii,
2978 4334 3031 4382 in
3072 4347 3174 4399 qua
3205 4333 3378 4383 beatus

1784 4405 2069 4458 Germanus
2115 4406 2378 4472 requiescit
2425 4404 2476 4454 in
2524 4418 2758 4465 corpore,
2806 4402 3076 4472 residebat,
3119 4402 3377 4472 dirigitur.

1785 4478 1949 4529 Addit
1977 4477 2276 4536 Aitnonitts,
2312 4475 2362 4526 itt
2395 4475 2487 4526 ιιι».
2523 4489 2574 4526 tlt
2607 4481 2672 4526 de
2696 4474 2846 4526 Gesn.
2881 4471 3096 4534 Frauc.,
3122 4489 3238 4537 cap.
3283 4473 3382 4526 l6:

1787 4546 2089 4611 Quod-cuin
2123 4546 2554 4608 reginuuliatum
2602 4543 2759 4608 l'ot'et,
2807 4559 2994 4608 magna
3045 4560 3164 4594 cuni
3210 4543 3381 4595 devo-

1789 4629 1930 4672 tione
1959 4618 2081 4670 illuc
2108 4619 2418 4677 adveniens,
2453 4627 2507 4668 et
2531 4625 2677 4668 tanto
2703 4614 2919 4683 gavisus
2950 4615 3226 4674 miraculo,
3259 4611 3382 4681 ejus

1786 4689 2114 4758 epitaphium
2135 4685 2374 4740 distichis
2397 4686 2683 4756 rhytltntice
2710 4687 3014 4755 composuit,
3038 4695 3144 4737 etc.
3179 4684 3379 4738 MABIL.

1431 4977 2103 5056 PIUEMONITIO

705 5150 765 5199 ΙΝ
795 5150 990 5200 γιτΑιι
1029 5150 1406 5209 SEQUENTEM
1445 5150 1666 5201 SANCTI
1704 5151 1916 5201 ALBINI
1954 5149 2239 5200 EPISCOI‘I
2278 5149 2779 5201 ANDEGAVENSIS.

169 5298 346 5352 Sancti
402 5293 592 5366 Albini
622 5290 794 5366 Vitam
823 5308 853 5342 a
886 5290 1163 5344 Fortunato
1211 5294 1549 5361 conscriptam
1592 5295 1771 5366 fuisse.
1800 5296 1935 5348 testis
1979 5306 2051 5347 est
2079 5294 2233 5365 Grcg.
2278 5295 2468 5350 anon.
2513 5297 2601 5350 lib.
2636 5298 2697 5348 de
2727 5294 2812 5350 GI.
2843 5299 3084 5366 confess..
3115 5313 3230 5366 cap.
3261 5298 3380 5365 96,.

105 5369 177 5420 bis
204 5371 361 5422 rerbis
397 5385 408 5420 :

452 5384 471 5416 ι
514 5365 737 5418 Albinus
767 5375 941 5415 autem
973 5368 1142 5427 conL,
1189 5366 1340 5435 cujus
1389 5382 1556 5435 nuper
1589 5365 1723 5417 V'itzu
1753 5368 1884 5419 liber
1931 5383 1958 5418 a
2005 5366 2293 5421 Fortunato
2340 5379 2416 5419 est
2450 5368 2782 5426 conscriptus
2833 5365 3227 5435 presI-yteru,s
3269 5381 3376 5424 etc.

103 5438 224 5490 Item
256 5443 305 5492 in
333 5437 582 5508 epistola.
607 5449 721 5508 qua:
742 5437 1094 5508 crcnntfertur
1121 5433 1210 5508 sub
1242 5453 1271 5508 ιι
1311 5453 1339 5484 n
1361 5436 1440 5508 ine
1460 5434 1616 5504 (ἔγρῃ.
1650 5437 1846 5490 Turon.
1872 5482 1881 5498 ,
1914 5439 2100 5505 scripta
2134 5439 2199 5488 ad
2227 5449 2459 5490 sanctum
2501 5437 2827 5502 (brittanum,
2854 5433 3140 5506 pontiﬁcem
3181 5437 3379 5490 Parisi-

98 5527 275 5570 ensem,
305 5503 488 5560 narrat
523 5507 610 5558 ille
650 5503 816 5556 Vitam
850 5507 1028 5578 sancti
1088 5506 1276 5578 Albini,
1301 5522 1331 5578 (ι
1367 5503 1652 5558 Fortunato
1685 5503 2056 5570 concinnatam,
2097 5526 2126 5558 ιι
2152 5526 2204 5560 se
2244 5513 2559 5561 emendatam
2588 5511 2765 5574 fuisse,
2796 5503 2898 5562 sibe
2921 5522 3189 5578 purgatam
3227 5511 3290 5561 ab
3320 5511 3384 5562 iis

105 5584 350 5633 ert-oribus
396 5595 515 5648 (μιαν
563 5575 944 5648 ainnnnensinm
993 5577 1242 5648 imperitia
1294 5577 1343 5627 in
1396 5580 1622 5648 eamdem
1667 5581 1993 5648 irrepserunt.
2044 5581 2146 5632 Sed
2191 5595 2249 5630 ea
2301 5581 2542 5648 epistult,
2587 5580 2853 5632 doctorum
2909 5575 3131 5633 virorum
3180 5580 3371 5648 suifrao

99 5669 125 5710 ρ
149 5655 185 5700 is
233 5646 486 5722 Gregorio
514 5647 798 5700 Turonensi
823 5647 1167 5716 abjudicatnr,
1204 5658 1256 5698 nt
1296 5649 1509 5700 ostendit
1547 5646 1700 5702 Joan.
1735 5647 1995 5702 Luunoius
2026 5651 2077 5702 in
2119 5646 2337 5702 Uisscrt.
2362 5666 2418 5702 ea
2447 5653 2584 5703 dere
2630 5651 2841 5720 scripta,
2868 5662 2911 5704 et
2935 5668 3025 5704 nos
3049 5653 3169 5704 alibi
3198 5646 3365 5704 atlno-

99 5726 322 5776 tubintns.

167 5796 406 5846 Aut-tores
457 5791 706 5844 Historia:
741 5787 912 5841 Litter.
954 5786 1144 5841 Franc.
1175 5789 1461 5842 exis/imam
1486 5806 1599 5841 eam
1630 5789 1800 5842 Vitam
1827 5805 1859 5841 α
1899 5788 2184 5844 Fortunato
2211 5790 2556 5844 elucnbratam
2590 5791 2748 5860 fuisse
2766 5793 2834 5846 ad
2871 5809 2960 5846 an.
3005 5791 3112 5848 530
3153 5793 3377 5848 circiter.

104 5880 205 5912 eum
237 5867 516 5932 lnegortns
544 5862 852 5915 Tui-mmsis
887 5861 933 5911 in
981 5862 1066 5910 lib.
1118 5860 1176 5911 ac
1206 5861 1348 5913 ltlor.
1385 5863 1518 5925 conf.
1565 5862 1637 5924 iut
1682 5860 1960 5929 retulimus]
1997 5864 2219 5922 eiusdem
2272 5867 2582 5925 mentirierit,
2626 5875 2862 5925 tanquam
2909 5880 3080 5915 recens
3123 5865 3286 5915 erlita'.
3327 5860 3381 5913 la
