4192 6550
767 413 863 466 Π9

1462 411 1778 465 νεΝΑΝτιι
1823 410 1977 465 llON.
2021 409 2231 466 CLI-LM.
2278 409 2674 469 FORTL'N.\TI
2715 412 2999 469 OPERUM
3044 412 3222 470 PARS
3262 414 3326 473 ll.

3948 416 4045 473 £80

761 544 913 598 porro
935 529 1063 580 illud
1089 542 1388 598 sttutttopttl
1415 526 1477 579 de
1505 522 1590 579 Gl.
1616 528 1755 594 conf.
1786 541 1885 579 non
1918 523 2079 577 multo
2120 532 2236 577 ante
2264 539 2349 575 an.
2381 522 2484 578 ὅδε
2512 525 2747 595 confecit.
2780 540 2897 578 cum
2925 525 2976 578 in
3009 542 3065 579 eo
3111 526 3174 579 de
3202 527 3380 595 future
3420 522 3765 596 Radcgundis
3790 526 4047 596 loquatur,

760 594 857 653 bitu
890 599 1075 667 functi?
1100 616 1185 667 (tu.
1219 594 1345 649 537.

838 663 1001 722 Porro
1030 670 1070 720 si
1101 666 1407 719 Fortunatus
1436 665 1609 719 Vitam
1651 666 1780 719 benti
1806 665 1978 719 Albini
2010 680 2109 717 non
2141 675 2255 717 ante
2292 680 2484 716 annum
2517 663 2640 727 5‘0,
2674 667 2750 717 vel
2790 665 2914 728 3.77,
2939 667 3268 719 concinnasse
3297 667 3550 719 dicendus
3580 674 3680 728 est,
3711 666 3872 725 plane
3910 683 4046 721 eont-

760 740 1009 802 mentitio,
1032 750 1076 791 et
1107 741 1395 807 apocrypha
1426 738 1667 790 evincitur
1687 754 1843 802 supra
1872 739 2028 788 cita'a
2057 738 2269 803 cpistola
2294 735 2442 799 (iret).
2470 734 2599 807 Tur.
2633 738 2699 788 ad
2728 746 2960 788 sanctum
2988 738 3321 797 Germanum,
3348 738 3647 805 (piatupum
3679 732 4048 804 Parisiensem,

762 827 878 861 cum
910 812 990 860 hic
1018 806 1192 861 eodem
1222 826 1312 859 nn.
1338 808 1442 861 576
1473 810 1757 869 decesserit,
1788 809 2082 859 indiximus
2113 810 2160 856 in
2185 818 2313 857 notis
2344 810 2409 855 od
2430 809 2539 876 ejus
2578 806 2766 858 Virum.
2795 808 2897 872 Qui
2921 808 3052 859 enim
3076 816 3270 875 poterat
3298 811 3364 860 ad
3393 825 3506 860 eum
3529 810 3704 859 adhuc
3726 810 4047 873 superstitem

759 882 1034 947 Gregorius
1064 879 1229 931 Vitam
1260 881 1421 931 saneti
1455 880 1645 941 Albini,
1686 880 1872 930 editam
1915 895 1945 929 tt
1992 876 2293 935 Frrtnnum,
2325 894 2355 927 tt
2382 894 2433 927 se
2464 893 2579 927 vero
2610 878 2926 929 emendatum
2959 879 3193 947 mittere?
3235 879 3347 941 Otto
3380 881 3514 930 circa
3561 882 3724 931 miror
3767 880 3838 931 cl.
3892 878 4049 933 Liruti

760 946 1044 1003 uocantum
1075 952 1380 1005 testimonia.
1413 952 1549 1013 quod
1588 965 1649 1001 ex
1679 955 1970 1016 upocrya'm
1994 953 2203 1015 eptsfuli
2232 947 2465 1015 Gregorii
2496 950 2703 1014 petitur,
2736 949 2951 1011 tle/inire
3000 946 3175 1001 Vitam
3224 953 3388 1002 sancti
3423 950 3594 1001 Albini
3632 949 3994 1002 elucubratam
4018 967 4048 1003 ο

762 1018 1048 1073 Fet'tnnuto
1080 1022 1253 1088 fuisse,
1288 1023 1549 1085 superiore
1576 1018 1807 1073 (ἔνειμα-ἓξ
1832 1022 2060 1078 eiusdem
2091 1034 2105 1069 t
2138 1020 2374 1070 stiuumtu
2408 1021 2768 1081 pm'terntisso.

839 1091 987 1142 Hunc
1016 1102 1185 1142 autem
1227 1091 1383 1142 νιιιυη
1414 1093 1574 1142 sancti
1601 1091 1771 1143 Albini
1801 1109 1829 1139 o
1864 1090 2141 1142 Feitunoto
2189 1094 2447 1158 serp'aut,
2477 1090 2693 1152 rdiutus,
2737 1098 2790 1141 ut
2816 1098 2979 1143 exstat
3024 1092 3210 1143 strrulo
3251 1106 3264 1143 l
3305 1089 3523 1151 Bened.,

3572 1091 3799 1151 primum
3838 1093 3977 1144 edita
4018 1108 4048 1144 α

764 1159 921 1215 Suria
946 1164 1013 1212 nd
1052 1167 1182 1215 diem
1216 1178 1226 1213 ι
1264 1161 1460 1219 Martii,
1489 1172 1594 1214 tum
1624 1179 1654 1212 (ι
1683 1164 1746 1212 ιι.
1782 1160 2081 1212 Molli/Iunio
2110 1161 2176 1210 ad
2206 1163 2308 1211 duo
2338 1170 2501 1210 cetera
2534 1177 2651 1212 nus.
2685 1164 2971 1217 enuntiato.
3005 1172 3050 1213 et
3082 1162 3512 1226 natisgillustrota.
3547 1158 3903 1215 Bollandisttc
3928 1179 4047 1231 quo-

761 1248 859 1297 que
882 1234 1107 1285 eamdrru
1128 1231 1361 1285 exhibent
1386 1233 1453 1285 ad
1494 1232 1625 1285 diem
1650 1249 1661 1285 I
1700 1231 1895 1294 Martii,
1930 1235 2056 1283 notis
2084 1239 2307 1292 auctum,
2341 1247 2367 1283 e
2389 1232 2570 1298 quibus
2598 1232 2873 1284 nonnullus
2900 1234 3251 1301 subjiciam»,
3283 1233 3366 1285 ubi
3398 1244 3751 1302 opportunum
3780 1234 4047 1298 Uidebitur,

762 1306 832 1355 ad
860 1307 1105 1366 maiorem
1132 1310 1297 1357 furem
1327 1304 1457 1357 Vita:
1477 1305 1640 1357 sancti
1670 1305 1840 1355 Albini
1868 1303 2202 1369 adferendam.

765 1475 1086 1491 ——_—

1090 1474 3196 1499 ——-———-——-——-——-——-——-——————-§-—u

1425 1594 1904 1726 VITA'
1988 1596 2626 1724 SANCTI
2722 1599 3356 1731 ALBINI

1902 1826 2517 1889 ANDEGAVENSIS
2562 1829 2937 1892 EPlSCOPl.

924 2067 947 2104 "
979 2082 1547 2154 pnomous
1611 2078 2181 2151 AUCToms.
2378 2064 2424 2123 Α

853 2197 902 2250 1.
932 2197 1165 2258 Memini,
1203 2197 1280 2247 vir
1312 2205 1332 2230 ε
1365 2192 1675 2258 apostolico,
1722 2207 1840 2243 cum
1884 2190 1947 2242 ad
1983 2190 2164 2241 urbem
2195 2202 2352 2257 quam

772 2289 988 2344 Christo
1017 2288 1243 2355 praesule
1275 2286 1455 2343 rcaitis
1480 2284 1668 2339 Vestris
1701 2299 1784 2337 me
1816 2290 2230 2349 pra'senlalurus
2258 2280 2358 2331 0|)-

773 2381 973 2435 tutibus
1011 2380 1381 2439 occurrissizm,
1434 2377 1570 2427 inter
1614 2373 1813 2439 reiiqua
1864 2372 2179 2424 maturitatis
2224 2385 2355 2424 cou-

772 2476 935 2535 aulta,
984 2489 1099 2541 qua-
1150 2486 1308 2525 sensu
1362 2470 1545 2530 divite,
1578 2467 1827 2520 torrentis
1856 2479 2022 2528 more,
2058 2464 2180 2517 mibi
2215 2462 2357 2517 visus

776 2586 836 2623 es
865 2569 1141 2623 inundate.
1173 2568 1330 2621 etiam
1374 2566 1439 2616 de
1486 2564 1846 2617 sacratissimo
1880 2563 1992 2615 viro
2033 2561 2230 2615 domno
2263 2561 2364 2615 Al.

780 2662 907 2715 bino
937 2661 1169 2714 antistite
1202 2674 1295 2709 vos
1335 2657 1526 2710 fecisse
1574 2656 1801 2708 tenuiter
1833 2653 2179 2706 mentionem.
2211 2650 2359 2706 Sicut

779 2753 920 2805 ριιίιη
948 2755 1063 2817 ejus
1091 2751 1193 2804 vita
1220 2748 1745 2804 immarcessibililms
1775 2747 1979 2800 meritis
2011 2746 2206 2800 ﬂorere
2234 2758 2359 2814 pro-

779 2846 933 2896 lmtur
958 2841 1264 2896 coelestibus
1294 2840 1548 2908 impressa
1591 2839 1801 2899 libellis,
1842 2837 1905 2889 ad
1948 2836 2355 2889 aedificationem

779 2937 939 2987 etiam
970 2935 1157 3001 plebis,
1195 2935 1438 2987 Immanis
1464 2934 1621 2985 ctiuln
1672 2933 1772 2985 lixa
1806 2931 2096 2984 mandastis
2130 2939 2186 2983 ut
2228 2944 2360 2983 con-

778 3029 995 3081 deretur
1044 3028 1094 3079 iu
1134 3025 1363 3090 chartis;
1395 3024 1590 3092 duplici
1623 3022 1882 3077 beneficio
1907 3022 2114 3091 populis
2142 3021 2355 3075 consul-

782 3127 855 3170 ttn
874 3117 909 3181 i,
939 3117 1064 3170 dum
1086 3124 1139 3169 et
1168 3118 1217 3169 in
1239 3117 1326 3169 illo
1355 3124 1595 3169 tenerent
1618 3114 1928 3168 admiranda
1952 3129 2069 3183 qua:
2101 3114 2359 3175 colerent,

778 3216 837 3262 et
884 3207 933 3260 iu
989 3222 1048 3262 se
1099 3207 1425 3274 respicerent
1474 3206 1612 3275 quod
1667 3205 2031 3275 unusquisque
2098 3206 2362 3276 sagaciter

778 3297 1113 3362 emendaret,
1149 3297 1197 3350 id
1223 3307 1324 3361 est,
1354 3298 1482 3351 dum
1527 3298 1665 3367 apud
1700 3313 1861 3351 unum
1900 3306 1980 3351 tot
2024 3297 2361 3366 prmdicanda

777 3401 1190 3455 cognoscerent,
1219 3389 1357 3456 apud
1388 3404 1447 3444 se
1473 3404 1716 3443 resecare
1743 3403 1838 3443 sua
1884 3388 2079 3461 singuli
2122 3403 2227 3444 non
2259 3389 2360 3443 dif-

780 3482 1009 3546 ferrent;
1030 3490 1289 3551 quatenus
1313 3491 1417 3534 tam
1442 3482 1595 3536 unica
1625 3481 1763 3537 beati
1787 3482 1881 3536 viri
1912 3481 2120 3549 relatio,
2154 3482 2359 3537 medela

781 3572 987 3643 publica
1022 3575 1172 3626 fieret
1195 3573 1545 3631 audientium.

852 3664 909 3717 2.
961 3665 1263 3733 [intelligens
1309 3680 1436 3719 vero
1477 3664 1730 3719 velociter
1779 3665 2041 3732 fugientes
2090 3681 2119 3719 a
2165 3679 2365 3721 nemo

784 3759 1058 3810 memoria:
1083 3756 1305 3823 subripi,
1336 3754 1496 3809 timeo
1519 3755 1585 3809 de
1606 3756 1710 3809 vita
1739 3756 2061 3810 sanctissimi
2092 3756 2366 3825 negligen-

783 3858 866 3901 ter
910 3849 1105 3914 aliqua,
1137 3849 1244 3899 cito
1278 3850 1520 3913 lapsura,
1566 3848 1813 3917 alligare;
1848 3863 1944 3902 nec
1990 3848 2143 3902 facile
2184 3863 2368 3903 rursus

786 3940 838 3993 iu
871 3941 1103 3991 auiuuun
1138 3939 1297 4007 recipi
1317 3978 1332 4002 ,
1383 3940 1426 3992 si
1455 3940 1618 3992 semel
1649 3940 1906 4007 inciperet
1934 3942 2203 3995 oblivione
2234 3953 2368 3995 tem-

790 4029 936 4096 poris
967 4030 1249 4083 invadente
1287 4030 1526 4083 subduci.
1553 4030 1715 4099 Cujus
1743 4032 1816 4085 rei
1843 4032 2098 4100 impnlsnr
2126 4034 2363 4103 quidam,

789 4118 1037 4174 mandata
1068 4130 1256 4173 vestrae
1298 4119 1636 4173 beatitudinis
1676 4136 1992 4191 exsequens,
2035 4140 2062 4177 a
2114 4142 2199 4179 me
2230 4127 2368 4195 quod

790 4228 1081 4268 annuerem
1110 4213 1398 4282 ﬂagitavit,
1447 4214 1573 4266 illud
1605 4214 1879 4281 adjicieus.
1912 4228 1962 4268 ut
2010 4233 2129 4285 quae
2162 4220 2275 4286 ipse
2304 4222 2371 4276 de

791 4309 955 4375 gestis
1001 4307 1172 4360 sancti
1205 4306 1300 4359 viri
1343 4307 1493 4372 juxta
1546 4306 1699 4359 tidem
1730 4316 2080 4375 compererat,
2112 4326 2211 4380 ego
2260 4313 2373 4377 ipso

794 4400 1099 4453 insinuante
1130 4396 1554 4452 indubitabiliter
1579 4400 1905 4467 propalarem
1930 4417 1944 4465 ;
1973 4404 2024 4455 in
2073 4406 2171 4456 Itoe
2203 4406 2373 4471 magis

797 4493 1137 4558 querelarum
1176 4492 1369 4543 molem
1416 4492 1724 4552 conlicieus,
1758 4508 1821 4545 eo
1870 4494 2007 4561 quod
2040 4510 2154 4563 quae
2186 4494 2377 4562 pra-di-

797 4594 915 4635 etus
948 4582 1031 4633 vir
1061 4582 1267 4634 occulte
1293 4582 1529 4648 quidem,
1558 4582 1649 4634 sed
1691 4583 1844 4651 digna
1878 4586 2079 4648 relatu,
2114 4596 2373 4654 gesserat,

802 4691 896 4741 pro
927 4674 1161 4726 veritatis
1188 4672 1452 4741 indagine,
1482 4675 1571 4726 sed
1598 4690 1695 4728 nec
1720 4676 1784 4727 ad
1808 4675 1922 4745 ejus
1949 4677 2155 4744 singula
2185 4680 2378 4733 meruit

2526 2059 2577 2114 3.
2602 2060 2919 2129 Congratula
2950 2073 3011 2113 ns
3042 2075 3167 2114 vero
3198 2065 3450 2134 relaturo,
3483 2085 3551 2121 eo
3584 2075 3731 2137 quod
3763 2073 3831 2126 de
3869 2076 4063 2127 vestris

2462 2153 2801 2205 nutrimentis
2846 2152 2963 2204 talis
2991 2152 3070 2205 vir
3097 2154 3406 2221 adoleverit,
3454 2161 3545 2227 qui
3601 2162 3900 2225 iniunctam
3956 2166 4053 2216 sibi

2461 2262 2572 2301 rem
2608 2254 2711 2298 tam
2761 2252 2978 2298 strenue
3029 2257 3337 2313 perorat-et,
3386 2260 3435 2303 et
3478 2249 3545 2305 de
3597 2254 3817 2319 proprio
3860 2254 4053 2320 aliquid

2468 2354 2628 2393 causa
2659 2338 2953 2393 venustatis
2984 2355 3080 2392 nec
3112 2338 3535 2409 iucompetenter
3562 2344 3814 2410 offerret,
3861 2348 3991 2409 imo,
4017 2350 4058 2402 si

2464 2434 2611 2497 velit,
2641 2432 2755 2500 ipse
2787 2448 2880 2500 per
2909 2449 2966 2486 se
2994 2434 3131 2498 quod
3159 2436 3371 2487 aliunde
3398 2450 3714 2506 poposcerat
3740 2442 4058 2509 explicaret,

2466 2526 2739 2593 Siquidem
2772 2524 3021 2594 quidquid
3062 2527 3127 2580 de
3159 2527 3247 2580 illo
3276 2528 3504 2595 dicetur,
3538 2534 3736 2586 vestris
3782 2532 3887 2587 hoc
3926 2550 4062 2602 pra:-

2464 2619 2634 2674 coniis
2666 2628 2959 2684 reputatur,
2984 2620 3238 2686 quooiam
3263 2632 3348 2677 est
3375 2623 3624 2676 meritum
3654 2625 3925 2689 magistri,
3951 2625 4063 2679 laus

2463 2708 2729 2777 discipuli,
2764 2717 2817 2761 et
2850 2709 2899 2761 in
2930 2709 3159 2762 ministri
3200 2712 3413 2764 solertia
3445 2725 3566 2765 sunt
3599 2716 3871 2781 pontificis
3899 2730 4063 2770 orna-

2464 2812 2663 2856 menta.
2710 2800 2861 2866 Quod
2911 2815 3029 2854 cum
3088 2817 3185 2870 ego
3240 2819 3372 2856 mea:
3434 2808 3745 2873 exiguitatis
3810 2811 4063 2863 conscius

2463 2899 2721 2963 attingere
2744 2896 3092 2963 trepidarem,
3122 2912 3304 2950 revera
3329 2899 3415 2963 qui
3451 2901 3693 2954 noverim
3724 2901 3828 2954 hoc
3859 2902 4061 2955 debere

2463 2988 2721 3040 committi
2776 2987 2977 3040 exertis
3029 2988 3263 3054 ingenio,
3295 2987 3536 3044 facundis
3581 2991 3820 3060 eloquio,
3854 2993 4066 3047 devotis

2463 3082 2660 3145 officio,
2696 3080 2930 3150 probatis
2956 3081 3117 3151 style,
3149 3082 3235 3150 qui
3270 3091 3394 3136 sunt
3424 3099 3586 3138 sensu
3618 3087 3833 3150 divites,
3871 3088 4065 3140 linum

2466 3184 2580 3227 rota
2637 3181 2921 3237 torrentes,
2956 3171 3209 3227 famulatu
3240 3174 3462 3239 celeres,
3498 3177 3740 3232 carmine
3773 3193 4066 3233 coruscatio

2468 3273 2570 3328 tes,
2621 3278 2741 3317 eum
2786 3271 2909 3317 aute
2941 3264 3183 3329 peritiam
3216 3275 3445 3320 vestram
3492 3266 3605 3335 ipsa
3658 3267 3966 3336 Ciceronis,
4013 3282 4067 3325 ut

2465 3356 2741 3423 suspicor,
2768 3355 2975 3423 eloquia
3023 3365 3302 3412 currerent
3333 3361 3418 3411 vix
3468 3374 3682 3422 secura,
3714 3370 3769 3415 et
3798 3363 3886 3415 cui
3931 3364 4065 3425 apud

2394 3429 2438 3488 Β
2467 3448 2733 3501 Caesarem
2762 3446 2942 3499 Roma:
2988 3445 3155 3502 libere
3189 3448 3335 3502 licuit
3384 3448 3457 3504 uti
3505 3450 3834 3520 Aquitanieo
3860 3453 4063 3523 judier,

2474 3540 2525 3595 in
2556 3538 2726 3593 Gallia
2760 3540 2978 3592 forsitan
3010 3539 3318 3594 formidaret

2540 3652 2593 3706 4.
2617 3649 2751 3716 Quid
2782 3664 2911 3718 ergo
2937 3665 2964 3703 a
2995 3665 3080 3705 me
3106 3646 3242 3703 infra
3275 3649 3555 3704 doctorum
3582 3652 3802 3721 vestigia
3829 3654 4067 3710 latitante

2470 3758 2558 3798 res
2607 3744 2711 3797 alta
2755 3742 3073 3811 requiritur,
3114 3757 3270 3811 quem
3301 3743 3366 3795 ad
3413 3743 3685 3798 scribendi
3736 3747 3942 3800 seriem
3974 3760 4067 3799 nec

2472 3846 2658 3887 natura
2694 3832 2958 3900 proﬂuum
2981 3872 2998 3899 ,
3026 3846 3125 3888 nec
3154 3832 3449 3886 litteratura
3484 3833 3793 3896 facundum,
3826 3850 3930 3889 nec
3959 3837 4067 3903 ipse

2471 3938 2857 3994 usquequaque
2888 3939 3015 3978 usus
3042 3923 3272 3977 reddidit
3298 3923 3645 3993 expeditum?
3664 3940 3790 3979 cum
3810 3928 3918 3981 etsi
3951 3935 4068 3981 voto

2474 4020 2739 4082 traherer,
2769 4018 2846 4074 rvi
2876 4017 3245 4087 magnitudine
3267 4019 3742 4088 deterrerer;quia
3767 4019 4065 4074 radiantem

2472 4113 2657 4174 vitam,
2683 4112 2725 4165 si
2754 4110 2887 4181 pigri
2920 4110 3165 4164 relatoris
3192 4111 3363 4177 impar
3388 4110 3564 4179 lingua
3594 4111 3877 4179 prmdieat,
3910 4113 4068 4165 obso-

2475 4206 2634 4269 letat;
2658 4214 2711 4258 et
2738 4204 2878 4272 quod
2911 4202 3211 4258 illuminare
3249 4202 3467 4268 debuit,
3500 4203 3601 4256 boe
3626 4204 3768 4257 nube
3798 4208 4067 4257 sermonis

2475 4298 2790 4360 abscondit;
2826 4296 2912 4349 ubi
2954 4306 3200 4363 ageretur
3238 4296 3456 4356 rectius,
3489 4296 3532 4350 si
3579 4312 3698 4366 quae
3726 4296 3796 4350 ab
3826 4297 3950 4350 aliis
3980 4314 4071 4365 po-

2475 4390 2645 4448 scitis,
2670 4387 2920 4441 ederetis.
2956 4387 3106 4440 Unde
3134 4395 3308 4440 certus
3338 4384 3579 4455 intelligo
3604 4400 3710 4438 non
3760 4401 3857 4439 vos
3885 4385 4071 4453 hujus-

2479 4480 2618 4534 modi
2647 4482 2892 4548 quopiam
2926 4479 3187 4550 indigere,
3228 4479 3322 4534 sed
3360 4488 3417 4531 ut
3448 4479 3516 4532 de
3564 4480 3862 4547 peregrinis
3894 4490 4075 4533 nostra

2481 4573 2630 4625 vobis
2660 4571 2855 4640 aliquid
2887 4569 2912 4608 ἀ
2947 4572 3186 4625 sislarcia
3218 4584 3321 4625 noli
3355 4580 3596 4641 negaret,
3637 4580 3693 4623 et
3744 4570 3893 4624 velut.
3939 4571 4075 4624 inter

2483 4663 2660 4732 fruges
2690 4664 2922 4716 triticeas
2967 4662 3261 4716 sterilitatis
3312 4677 3446 4715 mea:
3477 4660 3737 4715 bordacea
3769 4675 3827 4715 se
3856 4661 4074 4716 confer-

802 4773 1105 4840 pcrvenire,
1156 4779 1211 4825 et
1256 4772 1425 4838 aliqua
1476 4785 1533 4823 se
1583 4770 1649 4823 de
1695 4770 1922 4839 cognitis
1980 4771 2365 4835 memoraverit1

2484 4764 2620 4807 rent.
2648 4753 2795 4806 Nunc
2834 4752 3013 4822 itaque
3039 4768 3228 4807 causas
3256 4753 3617 4817 ambiguitatis
3646 4752 3696 4805 in
3725 4752 3941 4806 arbitrii
3970 4764 4075 4805 sta-

801 4864 1022 4917 oltlitum
1054 4877 1191 4916 esse.
1231 4862 1281 4914 In
1316 4862 1394 4914 bis
1426 4873 1599 4913 autem
1645 4876 1760 4929 qua:
1793 4859 2032 4915 meminit
2067 4866 2181 4913 sne
2211 4861 2379 4914 umbi-

806 4957 1025 5026 guitate,
1063 4969 1159 5006 suo
1188 4954 1511 5015 testimonio,
1539 4952 1783 5018 populmn
1816 4954 1965 5003 nobis
1996 4953 2169 5003 attulit
2199 4966 2380 5005 assen-

808 5056 1033 5109 tautem,
1074 5061 1191 5097 cum
1224 5054 1367 5098 certe
1407 5045 1473 5098 dc
1502 5044 1618 5109 ejus
1667 5044 1948 5110 prmteritis
1986 5043 2229 5098 dubitare
2276 5059 2378 5098 nou

806 5136 984 5201 liceat,
1013 5136 1098 5203 qui
1132 5144 1379 5203 operatur
1403 5134 1453 5187 in
1485 5132 1702 5203 singulis
1729 5136 1962 5204 quotidie
1990 5136 2234 5190 clariora.

882 5281 903 5303 ι
936 5269 1053 5325 δςιηη
1080 5278 1163 5321 tus
1212 5267 1432 5320 Albinus
1477 5282 1539 5321 ex
1582 5267 1772 5319 abbate
1817 5268 2214 5330 Tincillaeensi,
2261 5270 2375 5323 sive

807 5342 1211 5397 Cinrtllareusi,
1260 5350 1467 5389 ct'eatus
1509 5339 1787 5404 cpiscopus
1839 5340 2267 5401 Amletzaveusis.
2310 5341 2375 5391 ad

811 5428 895 5461 an.
1071 5414 1146 5473 (ut
1176 5410 1400 5459 "\lmlllll
1433 5408 1665 5461 Quintius
1696 5410 1759 5459 ad
1805 5408 1941 5460 hunc
1971 5424 2197 5469 annum,
2230 5426 2374 5462 unm.

814 5482 888 5546 1).
919 5479 1230 5544 subscripsit
1253 5480 1475 5531 eoncdio
1506 5479 1774 5531 Aurelian.
1805 5495 1881 5539 tn,
1918 5496 2003 5531 an.
2040 5481 2162 5540 558,
2204 5489 2256 5531 et
2287 5496 2380 5546 per

813 5553 1114 5615 Sapaulmu
1142 5550 1383 5601 abbatem
1430 5550 1789 5601 Au:el;:tilett~‘i
1834 5565 1884 5610 v,
1915 5565 2057 5601 anno
2090 5550 2212 5602 5".9.
2238 5551 2380 5603 Ubtit

814 5636 938 5673 vero
962 5622 1146 5672 eodem
1177 5634 1335 5678 anno,
1363 5630 1451 5669 aut
1483 5626 1853 5685 subsequente,
1886 5630 1939 5671 ut
1964 5622 2093 5671 infra
2118 5624 2377 5675 dicemuS.

888 5692 910 5727 δ
946 5691 1135 5743 Deerat
1174 5692 1257 5741 bit:
1290 5691 1533 5756 prologtzs
1566 5690 1745 5742 (Lodtci
1778 5693 2180 5743 Autlomaieusi.
2218 5694 2377 5743 ιιυω..

888 5771 910 5798 ⁸
946 5763 1088 5813 hunc
1136 5761 1296 5812 fuisse
1350 5761 1724 5824 Dotnitiattlltll,
1774 5762 2062 5814 secundum
2099 5772 2211 5827 post
2263 5777 2385 5813 san-

818 5840 959 5909 ctum
985 5831 1235 5909 _A|biuum
1263 5832 1311 5883 iu
1343 5830 1469 5909 sede
1494 5832 1857 5909 Andegavensi
1883 5832 2208 5909 episgopum,
2235 5830 2385 5909 faci'c

818 5902 1029 5956 credide
1063 5901 1151 5965 im,
1184 5918 1207 5950 τι
1239 5918 1341 5970 quo
1374 5901 1708 5967 Fortunatus,
1743 5905 1773 5956 l.
1825 5919 1897 5969 ιι,
1948 5901 2114 5967 c."27,
2152 5904 2383 5973 Andcga-

2486 4856 2597 4898 tera
2621 4844 2975 4913 suspendens,
3007 4845 3147 4913 eligo
3178 4846 3407 4899 rusticus
3436 4845 3651 4913 agnosci
3683 4860 3776 4914 per
3814 4846 4073 4900 obedien-

2487 4938 2610 4990 tiam
2656 4938 2843 5002 tuagis,
2871 4953 3027 5005 quam
3060 4936 3338 4991 imlevotus
3367 4936 3505 4992 effici
3537 4952 3629 5006 per
3657 4936 3988 5002 doctrinam,
4022 4950 4079 4993 ut

2487 5026 2636 5094 eujus
2666 5026 2901 5080 fastidire
2931 5026 3172 5096 poteritis
3213 5026 3504 5095 eloquium,
3538 5029 3727 5083 saltem
3756 5031 4077 5097 approbetis

2488 5116 2758 5171 affectum.
2808 5118 2919 5172 lloc
2964 5130 3139 5172 autem
3186 5118 3311 5171 mibi
3356 5118 3603 5175 videlicet
3652 5119 3705 5173 in
3764 5121 3868 5175 boe
3917 5138 4082 5191 opere

2484 5285 2604 5321 vum
2633 5285 2689 5321 se
2721 5270 2881 5322 fuisse.
2910 5269 3184 5323 invitatum
3229 5268 3291 5322 ad
3340 5268 3471 5323 festa
3511 5271 3683 5324 sancti
3716 5270 3903 5325 Albini
3936 5274 4081 5328 cele-

2485 5341 2681 5393 branda
2712 5340 2909 5393 indicat
2939 5343 3017 5395 bis
3048 5342 3285 5394 versibus
3312 5357 3325 5391 :

3958 5413 4083 5463 [line

2554 5481 2578 5517 ἀ
2619 5483 2688 5535 lle
2724 5482 2818 5532 hac
2851 5495 2980 5533 voce.
3030 5481 3263 5532 sistarrin
3294 5482 3408 5545 lege
3443 5479 3594 5534 Dufr.
3645 5482 3697 5535 in
3737 5482 3930 5537 Gloss.
3984 5484 4085 5540 Ea-

2485 5554 2604 5605 dem
2649 5567 2804 5616 porro
2834 5593 2850 5615 ,
2904 5552 2987 5605 vel
3040 5554 3282 5603 sitarchia
3334 5562 3385 5604 et
3424 5553 3631 5605 sitarcia
3679 5555 3969 5621 scribitur,
4022 5572 4079 5609 ac

2488 5624 2645 5674 tnodo
2690 5639 2782 5690 pro
2828 5622 3084 5675 alimento
3119 5624 3231 5683 ipsi»
3258 5662 3272 5683 ,
3335 5628 3495 5675 modo
3531 5638 3628 5691 pro
3675 5625 3899 5677 sacculo
3927 5668 3945 5690 ,
4004 5631 4080 5679 vel

2490 5695 2693 5745 cistella
2718 5733 2733 5756 ,
2783 5708 2881 5758 qua
2913 5691 3014 5744 cibi
3046 5695 3446 5755 deferebantur,
3482 5692 3773 5760 accipitur;
3818 5708 3893 5748 an
3932 5699 4081 5759 quasi

2492 5772 2615 5837 σιτῳ
2659 5764 2923 5837 inpiae-Sea?
2974 5763 3104 5816 llinc
3159 5762 3350 5837 Ugtttio
3371 5763 3528 5837 .luatt.
3562 5767 3629 5818 tle
3657 5764 3826 5819 lanna
3867 5783 3881 5819 :
3918 5768 4083 5821 Situr-

2494 5836 2592 5897 cia,
2629 5834 2815 5901 inquit,
2860 5850 2946 5888 ras
2977 5844 3021 5887 et
3045 5835 3423 5905 repositorium,
3474 5834 3602 5887 sicut
3654 5851 3831 5889 socrus
3866 5848 3917 5890 rt
3945 5855 4081 5905 pera,

2498 5916 2622 5971 etc,
2657 5915 2710 5959 ut
2744 5905 2928 5973 legitur
2960 5906 3095 5972 apud
3131 5904 3371 5959 eumdem
3407 5904 3549 5958 llufr.
