4192 6544
134 393 223 449 ιιι
1044 385 1198 442 VITA
1241 387 1300 442 8.
1349 384 1576 441 ALBINI
1619 384 2148 442 ANDEGAVENSIS
2189 383 2516 441 EPISCOPI.

3305 389 3410 445 ὁδί

130 500 535 573 precarendum
564 507 678 563 est,
711 512 776 552 oe
806 496 870 550 ad
902 511 1059 551 aures
1100 497 1277 566 populi
1311 497 1489 549 minus
1518 494 1714 560 aliquid
1749 500 1794 555 Α
1825 495 2004 550 vitatis
2029 537 2043 560 ,
2077 497 2238 552 talem
2269 512 2329 553 se
2363 497 2497 550 intra
2531 497 2844 554 monasterii
2872 507 3022 568 septa
3056 501 3317 568 tractavit,
3350 515 3410 560 ut

131 594 457 662 intelligibile
487 590 803 660 proferatur.
836 587 1042 644 Idcirco
1088 590 1246 657 igitur
1296 598 1404 642 tota
1437 589 1718 642 medim-ri-

133 698 231 742 tate
251 695 555 747 conti-ntus,
589 683 687 736 etsi
717 681 910 735 relator
957 681 1200 750 ineptus,
1255 690 1362 733 tam
1394 679 1562 734 beata:
1596 679 1718 731 vita:

128 781 288 848 cupio
324 789 475 846 gesta
531 776 762 830 breviter
808 773 1086 836 intimare,
1134 783 1383 841 superest
1436 773 1523 840 qui
1575 773 1720 824 novit

131 873 327 926 mederi
362 879 386 905 ι
419 871 610 938 magis,
645 870 759 936 ipse
789 867 1064 921 ﬂuctuanti
1114 868 1320 937 pagina:
1368 875 1576 936 portum
1609 881 1720 919 sua:

129 962 363 1017 dextera:
389 959 779 1015 Subtninistret.

535 1047 806 1118 VITA
849 1044 1298 1118 INCIPIT.

197 1157 253 1210 5.
287 1157 684 1227 Religiosorum
715 1157 816 1208 vita
839 1159 1371 1223 virorum,quantutn
1404 1164 1484 1210 est
1518 1158 1720 1211 meritis

132 1250 352 1311 cla‘rlor,
387 1263 534 1303 tanto
562 1265 690 1304 voce
712 1250 951 1304 crebrior
985 1255 1323 1318 populorum,
1355 1253 1474 1319 quia
1495 1253 1618 1304 dum
1646 1253 1718 1305 illi

132 1342 394 1393 nniversis
427 1343 683 1394 beneﬁcia
710 1342 947 1395 tribuunt
967 1383 982 1405 ,
1020 1343 1072 1394 in
1100 1358 1252 1394 suam
1281 1343 1490 1396 laudem
1519 1346 1723 1413 linguas

129 1436 366 1487 excitant
389 1435 740 1502 singulormn;
768 1435 829 1486 ad
860 1437 1000 1502 quod
1038 1436 1497 1501 perspicaciSsiinc
1531 1452 1724 1505 propa-

133 1526 348 1579 landnnt
375 1528 476 1577 vita
507 1528 586 1577 vel
619 1537 766 1593 gesni
793 1525 1081 1578 beatissimi
1105 1525 1274 1576 Albini
1299 1527 1627 1580 deducantur
1657 1527 1720 1578 ad

130 1620 384 1672 medium.
415 1621 577 1686 Igitur
593 1622 812 1672 Albinus
835 1618 1170 1683 episcopus,b
1197 1619 1461 1672 \‘eneticai
1494 1620 1722 1686 rigionis

131 1715 342 1766 Oet-ano
377 1713 679 1765 Britannico
721 1713 946 1766 conﬁnis
992 1711 1237 1779 indigena
1266 1753 1280 1773 ,
1325 1730 1429 1765 nott
1464 1724 1484 1750 ε
1519 1714 1724 1769 eximis

133 1805 439 1864 parentibus
464 1805 720 1856 oriundus
747 1845 761 1867 ,
808 1803 914 1856 itno
939 1804 1082 1872 digni
1117 1804 1370 1871 germinis
1408 1805 1717 1872 dignissima

1822 586 1928 654 vel,
1979 586 2026 640 si
2069 587 2282 656 quando
2331 587 2594 654 processit
2635 588 2700 642 ad
2746 589 3036 656 publicum,
3080 601 3223 646 esset
3270 592 3409 649 infra

1821 691 2088 731 carcerem
2116 679 2194 730 sui
2223 679 2400 731 cordis
2421 693 2636 744 semper
2664 680 2932 744 inclusus;
2965 695 3066 735 nec
3085 681 3227 735 aliud
3254 691 3405 738 extra

1821 781 1880 820 se
1913 767 2313 835 respiciendum
2356 769 2587 834 prteluli'.
2612 808 2628 833 ,
2653 783 2808 836 quain
2831 770 3100 825 Christum
3122 811 3137 835 ,
3169 786 3328 840 quem
3357 772 3412 827 in

1823 872 2037 929 pectore
2069 861 2242 914 fidelis
2277 864 2502 928 portitor
2533 862 2807 931 bajdavit.

1892 953 1943 1006 7.
1972 952 2062 1006 llis
2088 953 2246 1022 igitur
2272 953 2466 1008 studiis
2493 965 2786 1024 occupatus
2823 957 2874 1010 iii
2915 965 3113 1013 tantam
3146 971 3268 1014 vna:
3298 958 3410 1015 cla.

1823 1047 2036 1100 ritatem
2065 1051 2307 1114 pervenit
2333 1089 2348 1112 ,
2387 1059 2453 1101 ‘ut
2483 1048 2600 1118 ejus
2626 1050 2877 1104 devotum
2904 1053 3182 1106 servitium
3214 1057 3416 1110 mundo

1825 1138 2081 1192 Dominus
2135 1155 2227 1204 per
2291 1139 2547 1192 miracula
2605 1150 2914 1196 tesmretur.
3001 1140 3238 1210 Denique
3289 1159 3411 1198 cum

1821 1232 1998 1286 adhuc
2026 1234 2278 1299 puerulus
2311 1248 2404 1300 per
2437 1249 2630 1301 pagum
2670 1236 2721 1285 iit
2747 1235 2960 1289 abbatis
2988 1235 3067 1287 sui
3104 1236 3416 1304 proﬁcisce-

1825 1336 1971 1378 retur
1998 1326 2350 1391 obsequium,
2393 1325 2518 1377 dum
2550 1326 2929 1393 applieuissent
2962 1328 3100 1394 apud
3129 1329 3414 1397 quemdam

1825 1415 2094 1469 hominum
2120 1459 2132 1480 ,
2171 1427 2313 1469 tanta
2347 1417 2593 1470 detonuit
2624 1418 2874 1470 violentia
2909 1422 3261 1486 tempestatis,
3296 1431 3416 1471 tan~

1827 1518 2041 1578 tumque
2073 1525 2130 1563 se
2163 1510 2405 1577 pluvialis
2451 1510 2621 1562 itnln-r
2651 1508 2835 1562 effudit
2856 1551 2870 1569 ,
2907 1523 2961 1561 ιιι
2993 1511 3160 1575 ipsam
3191 1512 3408 1562 domum

1827 1619 1922 1656 nec
1963 1617 2058 1655 sua
2090 1613 2226 1655 tecta
2272 1602 2642 1656 defenderent.
2678 1603 2808 1656 Cum
2842 1618 2970 1671 ergo
3005 1620 3113 1672 pra:
3146 1604 3415 1672 magnitu-

1826 1696 1950 1748 dine
1991 1696 2183 1762 pluvite
2231 1710 2354 1748 casa
2389 1712 2484 1764 pro
2515 1711 2709 1763 campo
2737 1709 3049 1762 Constat'et,
3097 1698 3417 1752 madefaCtis

1826 1788 2114 1852 omnibus,
2172 1788 2261 1855 qui
2297 1789 2348 1841 in
2382 1788 2572 1841 eodem
2617 1790 2734 1840 loco
2779 1791 3097 1843 tenebantur
3141 1791 3374 1856 hospitio
3401 1831 3418 1856 ,

131 1900 310 1965 ρωπος
341 1914 621 1966 emergens
649 1939 662 1961 ’
694 1899 856 1950 decus
884 1936 898 1956 ο
934 1899 1074 1959 quod
1121 1898 1346 1967 sumpsi,
1379 1915 1439 1951 ex
1475 1915 1672 1966 genere
1699 1939 1714 1963 ,
1754 1865 1802 1926 Β
1827 1878 1997 1932 solum
2030 1881 2241 1930 beatum
2278 1878 2529 1931 Albinum
2569 1892 2692 1931 tunc
2726 1879 2896 1932 imber
2921 1890 3138 1949 tangere
3160 1881 3412 1948 expavit,

130 1990 298 2043 felicis
330 1991 451 2043 vita:
506 1992 709 2045 meritis
761 1989 1034 2056 ampliavit
1063 2035 1077 2054 ,
1111 1991 1236 2042 dum
1279 1993 1328 2042 in
1382 1990 1470 2042 illo
1497 2003 1550 2042 et
1577 1991 1716 2059 quod

129 2085 454 2150 glor’nﬁcaret
484 2086 728 2138 Christus
771 2086 934 2153 elegit
960 2125 973 2147 ,
1006 2094 1061 2137 et
1088 2085 1227 2152 quod
1255 2089 1531 2137 universus
1564 2100 1718 2138 vene-

129 2187 342 2229 raretur
387 2177 615 2228 mundus
647 2176 860 2228 eﬂulsit.
906 2176 1006 2239 Qui
1047 2175 1186 2229 inter
1224 2176 1338 2240 ipsa
1380 2177 1602 2230 noi‘ella:
1629 2175 1716 2245 ju-

128 2271 362 2320 ventutis
385 2267 603 2319 exordia
634 2275 780 2318 tanto
814 2265 936 2320 fidei
981 2267 1189 2320 fervore
1215 2268 1248 2319 ﬂ
1269 2268 1454 2334 πψτη-ιι
1477 2307 1490 2329 ,
1529 2277 1584 2320 nt
1616 2284 1711 2336 pa-

128 2367 305 2411 rentes
334 2399 350 2422 ,
378 2358 441 2409 ad
473 2373 700 2426 quorum
735 2357 1062 2410 desiderium
1109 2358 1248 2411 solet
1298 2357 1516 2412 infantia
1571 2361 1717 2412 festi-

127 2461 319 2502 nanter
351 2463 630 2503 recurrere
657 2489 670 2512 ,
718 2463 814 2514 pro
861 2449 1124 2502 charitate
1165 2447 1364 2502 Christi
1417 2450 1587 2518 magis
1620 2451 1719 2503 iste

128 2540 426 2593 voluntarie
456 2539 760 2606 reliquisset
785 2577 800 2601 ,
830 2546 920 2602 et,
954 2540 1100 2591 velut
1131 2543 1314 2592 hostes
1343 2541 1569 2600 anitum,
1601 2555 1720 2592 car-

128 2631 276 2684 nales
303 2629 526 2684 aﬂ'ectus
556 2628 581 2665 ά
613 2628 908 2697 effugisset,
938 2629 1168 2682 credens
1197 2629 1296 2683 sibi
1337 2629 1588 2685 sufﬁcere
1613 2672 1627 2694 ,
1669 2633 1713 2684 si

126 2736 344 2775 omnem
375 2729 399 2757 ο
429 2720 769 2774 dilectionem
793 2720 845 2773 in
868 2720 983 2774 soio
1009 2721 1214 2773 ccelesti
1243 2720 1403 2774 Patre
1428 2722 1712 2789 plantaret.

127 2816 246 2868 Mox
277 2812 381 2866 in‘
431 2812 820 2866 Cincillacense
867 2813 1194 2866 monasterio
1237 2823 1379 2866 tanta
1423 2815 1587 2867 animi
1621 2814 1718 2866 hu-

125 2908 358 2961 militate
391 2907 613 2961 Domino
638 2908 927 2974 placiturus
950 2922 1009 2960 se
1036 2907 1296 2971 subdidit,
1327 2911 1578 2973 itt,salva
1604 2922 1716 2960 mo-

126 3013 241 3050 rum
274 2997 581 3060 honestate,
628 2995 756 3049 nihil
794 2997 896 3048 sibi
940 2997 1007 3049 de
1053 2997 1396 3065 ingenuitatis
1441 2997 1716 3064 privilegio

125 3090 423 3142 vindicaret
465 3103 480 3140 :
523 3087 608 3140 ubi
633 3102 794 3156 quem
818 3087 968 3155 origo
998 3088 1188 3140 librum
1212 3089 1421 3154 genuit,
1455 3089 1714 3140 famulum

122 3182 378 3231 voluntas
405 3177 647 3240 addixit,
681 3177 980 3246 intelligens
1011 3177 1182 3248 magis
1211 3192 1335 3232 esse
1358 3178 1627 3232 laudabile
1662 3186 1718 3231 ut

122 3283 310 3321 amore
346 3267 542 3320 Christi
583 3266 832 3320 nobilitas
875 3266 1161 3320 inclinaret
1190 3268 1332 3336 quod
1377 3276 1513 3332 erat,
1560 3283 1718 3337 quam

119 3372 238 3411 cum
273 3359 417 3411 fastu
447 3367 710 3426 quaereret
741 3371 999 3426 apparere
1021 3359 1159 3427 quod
1183 3374 1289 3411 non
1318 3367 1452 3415 erat.

193 3450 249 3502 ϐ.
285 3449 615 3503 Proliciebat
651 3450 879 3517 denique
920 3451 972 3501 in
1019 3464 1083 3502 eo
1115 3449 1518 3503 exercitationis
1547 3453 1721 3518 quoti-

118 3542 293 3594 diana:
315 3555 626 3609 processus,
657 3539 724 3592 ita
745 3551 800 3592 ut
823 3541 958 3592 ultra
977 3556 1035 3593 se
1055 3554 1269 3608 semper
1293 3542 1592 3596 ascendens
1609 3557 1719 3596 tne-

121 3635 238 3686 ritis
263 3676 278 3699 ,
313 3650 422 3686 non
449 3633 678 3699 reliquos
703 3634 961 3696 vinceret,
993 3633 1087 3686 Sed
1121 3633 1356 3686 edomito
1383 3648 1612 3701 corpore
1649 3636 1718 3688 de

119 3725 302 3790 seipso
334 3726 512 3790 potius
542 3723 910 3791 triumpharet.
941 3724 1070 3788 Quis
1109 3724 1248 3776 enim
1280 3724 1530 3791 expediet
1560 3740 1717 3792 quant

120 3816 282 3868 fuerit
312 3817 368 3868 in
397 3815 727 3882 jejunorium
768 3815 1026 3882 parcitate
1069 3813 1388 3883 praecipuus,
1423 3815 1474 3869 in
1513 3817 1720 3883 vigilia-

119 3921 234 3958 ruin
267 3902 631 3961 delectatione
660 3920 954 3974 propensus
982 3946 998 3970 ,
1040 3906 1092 3959 itt
1115 3906 1376 3959 orationis
1404 3906 1719 3962 assiduitate

119 3999 434 4062 laudabilis,
463 3997 516 4050 in
541 3996 902 4051 miserationis
930 4011 1095 4067 opere
1125 3997 1430 4064 Singularis,
1460 4010 1514 4051 ut
1544 4009 1598 4052 et
1627 3999 1720 4050 Ito-

115 4104 253 4148 stem
302 4095 398 4164 qui
435 4093 536 4147 sibi
580 4095 907 4163 repugnabat
952 4096 1356 4163 exstingueret,
1407 4107 1459 4149 et
1491 4097 1632 4149 unde
1660 4113 1719 4150 se

118 4189 295 4240 solum
346 4187 621 4255 afﬂigeret
673 4189 882 4242 eunetis
937 4203 1033 4256 spe
1084 4190 1315 4241 maxima
1369 4189 1723 4242 subveniret?

119 4279 241 4332 Erat
271 4281 434 4334 enim
462 4279 528 4331 ad
570 4279 926 4332 obedientlnm
982 4289 1289 4348 promptus,
1352 4281 1417 4332 ad
1453 4279 1575 4335 vitia
1608 4283 1716 4336 eal-

115 4369 286 4423 cauda
353 4379 626 4432 maturus,
697 4370 768 4422 ita
824 4379 882 4423 nt
936 4370 988 4424 in
1043 4371 1162 4437 ipso
1208 4380 1232 4417 ε
1306 4371 1524 4440 juvenili
1595 4374 1721 4427 tiro-

117 4465 259 4516 cinio
297 4463 416 4530 jam
461 4462 685 4516 senibus
726 4475 871 4518 esset
913 4468 1217 4532 exemplum
1244 4505 1257 4527 ,
1295 4466 1394 4518 hoc
1421 4471 1594 4521 solum
1629 4469 1721 4520 ha-

1829 1969 1951 2038 quia
1987 1970 2073 2022 ubi
2098 1968 2364 2022 ﬂammam
2402 1970 2522 2024 ﬁdei
2548 1972 2748 2034 sensit,
2800 1986 2868 2024 ne
2897 1971 3142 2038 injuriatn
3174 1969 3410 2038 faceret,

1826 2073 1886 2113 se
1911 2069 2055 2127 gutta
2085 2061 2333 2112 detorsit.
2360 2062 2476 2125 Quo
2507 2071 2785 2128 comperto
2805 2103 2818 2125 ,
2864 2059 2888 2097 δ
2919 2064 3264 2117 conscientia:
3293 2079 3419 2117 san-

1826 2154 2011 2216 ctitas,
2048 2169 2166 2220 qua:
2193 2155 2472 2205 celabatur
2505 2152 2555 2204 in
2587 2154 2744 2206 annis
2769 2194 2784 2216 ,
2821 2153 3053 2206 innotuit
3084 2158 3312 2218 meritis,
3347 2170 3416 2210 eo

1826 2244 1967 2310 quod
1999 2244 2049 2294 ιιι
2081 2243 2213 2296 ﬂore
2245 2244 2620 2297 adolescentia-
2652 2243 2865 2298 virtutis
2893 2244 3057 2298 odore
3096 2245 3404 2314 fragiaret.,

1897 2334 1953 2388 8.
1985 2333 2185 2386 Dehinc
2205 2335 2507 2386 C(BiCSllblls
2533 2333 2687 2388 donis
2711 2351 2830 2388 cutn
2853 2345 3010 2388 aztate
3030 2336 3418 2402 crescentibus,

1825 2439 2085 2478 annorum
2117 2428 2326 2479 cirCtter
2370 2427 2580 2493 triginta
2620 2436 2674 2480 et
2701 2427 2932 2496 quinque
2981 2431 3288 2480 monasterii
3322 2445 3419 2480 re-

1825 2535 1941 2579 ctor
1968 2535 2022 2580 et
2050 2527 2164 2591 pius
2197 2537 2343 2594 pater
2371 2528 2601 2595 eligtnr,
2643 2527 2840 2596 quippe
2868 2528 2957 2595 qui
3005 2541 3102 2581 suo
3131 2528 3421 2594 splendore

1824 2618 1889 2671 ad
1917 2633 1977 2672 se
2007 2628 2240 2672 traxerat
2283 2617 2619 2685 dignitatem.
2651 2618 2853 2671 Interea
2881 2620 2979 2672 sub
3020 2621 3258 2686 magistri
3284 2636 3416 2675 cen-

1825 2726 1947 2764 sura
1975 2710 2399 2779 congregationis
2429 2709 2707 2775 disciplina
2757 2710 3032 2774 vernabal,
3067 2711 3178 2777 ubi,
3211 2715 3418 2766 severi-

1827 2811 1934 2856 tate
1983 2802 2243 2864 districta,
2285 2801 2496 2854 licentia
2547 2802 2796 2870 peccandi
2849 2804 3098 2869 perierat.
3155 2801 3422 2860 Fervebat

1823 2910 1950 2962 ergo
1974 2894 2184 2961 pietatis
2221 2893 2461 2955 intuitus,
2489 2891 2792 2945 exsultabat
2816 2891 3073 2958 psallendi
3104 2905 3414 2962 concentus,

1824 2990 2141 3044 coruscabat
2179 2991 2318 3044 inter
2347 2989 2541 3043 fratres
2570 2989 2889 3044 obedientiae
2914 2990 3113 3054 radius,
3148 2993 3419 3060 praecelle-

1827 3085 1913 3136 bat
1944 3095 2143 3136 sanctm
2175 3083 2449 3137 charitatis
2499 3093 2738 3144 ornatus,
2770 3085 2892 3152 quia
2923 3085 3056 3136 sicut
3094 3094 3211 3137 erat
3243 3083 3308 3138 ad
3338 3085 3419 3136 vi-

1748 3214 1792 3273 Ο
1830 3175 1899 3225 tia
1937 3173 2254 3227 eradicanda
2302 3173 2595 3240 sollicitus,
2630 3174 2698 3226 ita
2729 3173 2794 3227 ad
2829 3173 3099 3229 inferendi
3131 3177 3269 3229 dona
3311 3193 3420 3230 ce-

1827 3264 1978 3317 lestia
2005 3265 2445 3331 circumspectus.
2494 3263 2551 3317 ln
2581 3280 2686 3332 quo
2715 3265 2920 3317 abbatis
2949 3267 3128 3319 officio
3155 3268 3294 3321 rexit
3326 3283 3420 3336 per

1827 3353 1843 3392 ί
1878 3355 2110 3422 quinque
2152 3369 2322 3408 annos
2376 3357 2840 3424 congregationem
2883 3356 2984 3411 sibi
3034 3360 3375 3414 commissam
3401 3400 3417 3424 ,

1822 3446 2160 3516 feliciterque
2187 3447 2526 3516 gubernavit.

1893 3539 1946 3593 9.
1976 3539 2038 3592 Et
2061 3541 2178 3609 quia
2213 3541 2341 3593 tanti
2366 3542 2538 3593 meriti
2572 3539 2710 3595 fama
2740 3543 2948 3611 sepulta
2979 3558 3082 3598 non
3115 3545 3289 3609 latuit,
3319 3546 3413 3599 sed

1824 3631 2063 3685 felicibus
2094 3631 2280 3699 pennis
2307 3645 2498 3684 cuncta
2533 3636 2812 3700 pervolans
2863 3638 3160 3701 occupavit,
3192 3639 3416 3706 contigit

1822 3737 1886 3776 eo
1927 3722 2205 3790 temporei
2246 3725 2585 3792 Andegavam
2633 3725 2899 3779 civitatem
2952 3728 3178 3794 pastoris
3222 3730 3416 3798 guber-

1823 3813 2036 3870 natione
2065 3816 2272 3868 audari.
2308 3814 2454 3868 Tunc
2482 3816 2837 3870 universitate
2867 3818 3046 3886 populi
3078 3823 3415 3872 concordan-

1823 3916 1894 3969 te,
1919 3907 2160 3975 quamvis
2189 3920 2253 3958 eo
2282 3905 2592 3960 humilitatis
2631 3907 2811 3960 studio
2855 3909 3156 3974 resistente,
3187 3911 3253 3962 ad
3285 3926 3418 3980 ptui-

1824 3999 2071 4051 tilicalcm
2102 4000 2345 4065 gradum,
2369 3998 2506 4052 duce
2557 3997 2795 4058 Christo,
2844 4004 3231 4056 concordanter
3261 4004 3416 4072 eligi-

1826 4103 1930 4144 tur.
1963 4092 2060 4156 Qui
2099 4091 2356 4142 honorem
2387 4091 2625 4143 debituttt
2659 4091 2942 4145 sacerdotii
2974 4107 3313 4161 consecutus,
3350 4107 3418 4149 ita

1824 4197 1881 4233 se
1911 4183 1960 4233 in
1991 4181 2260 4235 alimoniis
2291 4198 2605 4250 pauperum,
2666 4183 2718 4236 in
2748 4182 3061 4238 defensione
3105 4187 3324 4256 civium,
3363 4189 3414 4242 itt

1825 4275 2128 4327 visitattoue
2161 4275 2544 4341 languentium,
2592 4277 2642 4327 in
2673 4275 3037 4343 redemptione
3064 4279 3291 4345 praebuit
3329 4295 3417 4332 ca-

1827 4365 2112 4433 ptivorum,
2143 4377 2201 4419 ut
2230 4367 2385 4420 beata
2417 4367 2570 4420 unius
2611 4367 2754 4420 actio
2783 4368 3035 4436 generale
3063 4368 3217 4424 ﬂeret
3242 4373 3416 4424 salva-

1824 4468 2105 4522 mentum,
2141 4457 2331 4526 quibus
2369 4473 2432 4512 ex
2485 4457 2675 4512 studiis
2728 4459 2973 4515 cmlestes
3026 4460 3415 4519 fructificarere

116 4555 248 4610 bens
281 4573 408 4610 cuin
440 4558 661 4610 homine
683 4571 967 4611 commune
989 4597 1003 4621 ,
1051 4558 1190 4625 quod
1233 4568 1387 4610 natus
1418 4568 1534 4622 est,
1562 4573 1712 4615 uete-

1827 4549 1878 4602 iti
1903 4565 1968 4604 eo
1995 4550 2239 4604 virtutes.

117 4665 231 4701 rum
263 4659 442 4701 totum
469 4648 638 4700 voluit
663 4662 782 4701 esse
806 4647 1002 4701 Christi
1027 4650 1168 4716 quod
1195 4651 1342 4702 vixit.
1367 4651 1479 4704 Non
1508 4655 1718 4706 oculum

118 4741 410 4806 voluptati,
448 4755 554 4790 non
589 4753 771 4792 aurem
795 4739 1065 4804 ludibriis,
1101 4757 1203 4793 non
1233 4741 1470 4795 animum
1503 4758 1717 4797 accom-

117 4833 342 4886 modans
368 4831 575 4885 levitati
607 4873 620 4894 ,
665 4831 759 4884 sed
791 4847 1004 4899 semper
1033 4847 1090 4887 se
1122 4849 1314 4902 regens
1337 4839 1566 4890 anchora
1600 4854 1720 4907 gra-

236 4956 372 5004 Hinc
400 4959 534 5003 citus
557 4969 833 5004 excurrens
860 4957 1068 5003 Curiatiae
1088 4957 1306 5006 devehor
1330 4959 1452 5007 aula)

300 5019 416 5068 Ἰίιιι
441 5020 659 5065 ιιιιιρριικι
689 5020 909 5076 pert'eror
935 5020 1046 5066 inde
1077 5019 1200 5066 IOCO.

237 5081 370 5130 Hine
398 5084 773 5144 sacergantistrs
797 5089 950 5144 rapuit
975 5094 1052 5126 me
1084 5082 1404 5144 Domitianus,

304 5145 381 5189 Ad
408 5142 570 5189 sancti
596 5143 755 5189 Albini
782 5143 954 5198 gaudia
978 5143 1098 5190 festa
1125 5146 1339 5192 trahens.

116 5225 249 5290 Quin
282 5224 336 5276 in
383 5239 489 5275 ins.
520 5219 654 5273 Cod.
701 5225 966 5295 cscnriali,
1013 5235 1066 5275 nt
1100 5235 1306 5277 notarat
1359 5226 1718 5295 Rosweydns,

117 5306 232 5359 post
263 5297 352 5346 illa
386 5295 582 5365 verba,
635 5302 840 5365 auctore
871 5291 1154 5346 Fortunato
1207 5297 1518 5365 presbytero,
1552 5291 1720 5351 vaddi-

117 5375 222 5416 tum
259 5363 566 5430 legv-batnr,
595 5364 664 5439 od
699 5361 1045 5439 Domitianum
1087 5361 1291 5439 partem,
1327 5361 1388 5419 ei
1416 5370 1548 5422 Uoll.
1585 5367 1722 5439 Lege

117 5446 267 5488 notas
292 5445 436 5486 uost-
457 5449 514 5486 as
542 5433 604 5484 ad
632 5449 797 5486 rario.
827 5434 895 5486 27
931 5437 1021 5490 lib.
1055 5452 1103 5488 ιιι
1143 5437 1290 5490 Fort.

186 5515 208 5538 °
257 5506 493 5564 Formm,
529 5509 700 5553 ma'ts.

189 5576 213 5612 δ
258 5581 332 5628 lle
368 5576 590 5626 Venetis
623 5575 890 5626 lirittanir
921 5574 1191 5629 inferioris
1225 5580 1453 5643 populis,
1487 5595 1701 5631 eorum-

122 5661 222 5711 que
256 5651 399 5699 inter
434 5647 742 5696 Arlltnl’lCth
774 5649 1027 5712 potentia,
1061 5650 1263 5702 consult
1296 5652 1475 5701 (Lmsar
1509 5665 1701 5714 pilll'si,

121 5729 274 5784 atque
315 5737 344 5767 i-.
391 5717 791 5768 recentioribus
826 5717 1064 5781 l’apirttts
1101 5720 1371 5770 Massotttts
1401 5762 1412 5780 ,
1469 5739 1516 5771 ιιι
1553 5725 1703 5773 Λιιιι-

122 5792 252 5856 quit.
311 5789 526 5839 (ἷηιΙιιιξ.
582 5786 718 5838 Urbs
772 5787 1039 5847 pritttarnt,
1090 5801 1399 5856 eptsmipattt
1461 5794 1699 5847 illttstt'i-.

133 5855 327 5910 l'amm
357 5857 566 5910 G-llice
600 5856 914 5922 appellitur.
956 5860 1222 5911 Iit)t.LA\o.

1901 4647 1988 4702 id.
2024 4645 2187 4716 Igitur
2218 4645 2270 4698 in
2301 4645 2516 4700 civitate
2547 4645 2832 4715 Andegava
2854 4687 2870 4713 ,
2913 4661 3034 4702 cum
3082 4648 3131 4702 ei
3170 4649 3413 4716 quadam

1827 4741 2041 4804 tnulier,
2073 4740 2233 4795 Grata
2274 4741 2506 4801 nomine,
2542 4739 2636 4793 sed
2675 4740 2952 4794 debilitate
2981 4751 3271 4797 contractae
3302 4760 3418 4797 ma-

1828 4848 1926 4886 nus
1957 4833 2179 4899 ingrata,
2210 4830 2387 4884 nervis
2402 4832 2830 4898 stupescentibus
2850 4834 3410 4904 occurrisset,siguum

1908 4955 1930 4982 ε
1977 4944 2225 4996 Albertus
2253 4944 2297 4994 le
2327 4941 2505 4995 (ἐγωιά
2527 4983 2543 5007 ,
2601 4945 2650 4997 in
2680 4943 2813 4998 Vitis
2840 4957 3145 5000 sanctorum
3172 4949 3414 5002 Armori-

1827 5031 2033 5076 corum,
2068 5025 2378 5078 prognatum
2417 5015 2604 5086 scribit
2632 5017 2957 5084 (Albinum)
2999 5033 3027 5071 c
3062 5018 3295 5086 familia,
3344 5021 3409 5075 de

1829 5085 2040 5154 Spiueto
2070 5086 2188 5152 furti
2217 5086 2378 5136 dicta.
2416 5084 2683 5139 BOLLANn.

1898 5153 1921 5191 ἀ
1969 5155 2078 5208 Iino
2108 5155 2256 5217 Mss.,
2284 5155 2544 5223 e/fugt'ens.
2581 5157 2847 5209 “neutro.

1902 5235 1924 5261 ε
1965 5227 2150 5278 Sui-ius
2180 5224 2304 5291 legit
2329 5226 2741 5289 delectationem,
2777 5241 2871 5293 pro
2903 5228 3241 5284 dilectionem.

1903 5294 1920 5332 ί
1966 5296 2198 5362 Hujusce
2243 5298 2548 5348 monasterii
2601 5313 2794 5350 nomen
2843 5301 2986 5354 varie
3033 5300 3284 5368 eﬂ'ertnr,
3347 5313 3406 5354 ut

1827 5369 2298 5420 animadvertimus
2320 5381 2382 5421 ex
2410 5368 2662 5422 llrowero
2684 5407 2700 5435 ,
2745 5368 2797 5422 in
2826 5370 2965 5424 notis
2993 5371 3055 5424 ad
3085 5387 3144 5427 c.
3171 5371 3264 5437 27,
3294 5372 3332 5427 ι.
3355 5386 3408 5426 xt

1826 5443 2004 5492 (Iat'm.
2048 5440 2195 5491 Fort.

1899 5519 1921 5556 ε
1966 5511 2090 5562 Mss.
2123 5508 2288 5561 saneti
2320 5508 2587 5564 Maximini
2622 5511 2778 5566 habet
2797 5514 3076 5579 juvenibus
3101 5529 3118 5575 ,'
3147 5513 3251 5568 duo
3277 5512 3403 5580 alia,

1820 5581 2054 5652 jtturnt'lt.
2097 5581 2360 5632 Bonam.

1900 5647 1924 5685 ι·
1959 5652 2144 5702 Snrins
2180 5654 2300 5714 legit
2328 5653 2634 5704 conscientia
2662 5655 2964 5707 sanctitatis.

1907 5721 2138 5772 ih'ttiius
2171 5724 2295 5787 legit
2337 5737 2435 5773 xxv
2486 5739 2675 5785 annos,
2721 5725 2811 5777 sed
2855 5726 3089 5792 quinque
3142 5724 3400 5780 duntaxat

1831 5795 2130 5856 prmlerunt
2161 5796 2262 5843 duo
2295 5809 2422 5845 mss.
2448 5792 2608 5855 Coil.,
2641 5797 2833 5862 quibas
2864 5798 2940 5849 usi
2969 5811 3171 5851 Sumus.
3212 5798 3405 5855 than.

1903 5863 1915 5912 i
1956 5865 2102 5924 Mss”
2134 5864 2434 5930 Andegaris.
2469 5866 2736 5918 liot.t.\.\b.
