4192 6564
747 411 851 466 ωδ

1463 399 1779 456 ΗΣΝᾹΧΤΙΙ
1822 395 1976 451 ΠΟΝ.
2022 394 2228 452 CLESI.
2278 393 2343 446 Γ(

2449 391 2667 447 'UNATI
2707 389 2987 448 OPERUH
3028 387 3207 446 PARS
3251 390 3313 445 ΙΙ.
3941 390 4032 444 181

746 523 922 579 crucis
943 534 1104 591 super
1132 518 1396 574 iullrmam
1439 513 1717 568 dexteram
1746 511 1887 567 fecit.
1924 508 2055 563 lline
2078 521 2329 577 praemor-
2360 511 2403 566 Α
2437 504 2641 559 Albivia
2664 546 2679 568 ,
2718 504 2818 573 pia:
2852 501 3152 557 devotioitis
3182 500 3383 567 studio,
3412 510 3637 555 sanctus
3674 500 3837 555 Pater
3864 514 4037 554 acceso

747 627 851 671 tua:
894 613 1084 683 palma:
1131 609 1277 681 prius
1320 622 1379 662 se
1421 606 1574 660 vivax
1605 612 1757 673 lepor
1799 601 2022 665 infudit;
2075 601 2200 655 item
2245 612 2333 651 se-

746 709 933 777 quenti
964 706 1049 761 die
1079 707 1131 759 in
1159 703 1275 771 ipso
1306 702 1445 766 loco,
1476 712 1532 753 ut
1554 700 1622 753 ab
1651 712 1716 751 eo
1744 696 2067 763 signaretur,
2095 707 2153 747 se
2182 691 2335 745 obtu-

746 802 827 866 lit,
843 816 948 871 quo
970 799 1129 861 facto,
1153 805 1430 863 carperunt
1464 808 1612 847 vena:
1634 804 1760 843 suos
1795 801 2055 842 excursus
2080 798 2333 854 agnosce-

746 908 837 958 re;
880 892 1031 945 tertia
1062 901 1189 942 vero
1226 886 1350 951 die,
1384 885 1468 938 ubi
1515 897 1676 947 super
1713 894 1834 934 eam
1881 878 2112 946 sigillum
2161 872 2335 928 crucis

745 981 1037 1052 impressit,
1069 980 1248 1033 statim
1278 993 1338 1032 se
1364 973 1626 1028 arentium
1673 971 1959 1040 digitorum
2000 968 2084 1021 fila
2117 966 2334 1019 laxave-

746 1080 891 1134 runt.
919 1080 994 1135 et,
1014 1080 1231 1136 recepto
1260 1062 1577 1127 ministerio,
1598 1062 1789 1116 mulier
1818 1062 1869 1115 itt
1894 1056 2091 1113 Christi
2124 1057 2335 1110 nomine

747 1164 985 1219 rediviva
1016 1162 1231 1215 dextera
1262 1173 1320 1211 se
1349 1157 1598 1226 signavit.

819 1253 905 1307 11.
938 1253 1173 1318 Quadam
1203 1250 1339 1316 vice,
1373 1248 1496 1301 dum
1526 1246 1589 1299 ad
1622 1246 1797 1298 vicum
1831 1252 1856 1280 ι
1899 1239 2156 1310 Geginam
2199 1254 2338 1309 prae-

748 1347 951 1401 teriens
1004 1344 1341 1405 access‘sset,
1393 1340 1830 1397 adolescentem,
1890 1330 1917 1368 δ
1972 1330 2337 1384 Alaubattdum

753 1437 990 1504 nomine,
1024 1436 1224 1489 amisso
1252 1436 1372 1486 vita:
1428 1432 1624 1498 reperit
1660 1428 1768 1497 jam
1818 1440 2058 1479 munere.
2102 1424 2336 1477 Audiens

750 1542 931 1586 autem
955 1545 983 1583 a
1015 1530 1322 1596 parentibus
1344 1536 1633 1577 extremam
1662 1519 1758 1573 lilii
1792 1530 2014 1572 mortem
2047 1516 2334 1584 deplorari,

751 1625 1003 1685 occurrit,
1031 1633 1084 1675 ct
1113 1631 1170 1673 ut
1200 1632 1464 1673 mortnutn
1501 1616 1676 1669 vivum
1699 1614 1947 1683 erigeret,
1980 1626 2038 1665 se
2063 1612 2113 1665 in
2142 1610 2340 1663 oratio-

750 1731 873 1770 nem
906 1712 1212 1782 prostravit,
1240 1726 1345 1779 quo
1386 1708 1700 1762 incumbens
1744 1706 1942 1758 diutius
1970 1702 2167 1756 oravit.
2204 1701 2338 1753 Dum

752 1808 1071 1878 pallesceret
1101 1802 1352 1857 sacerdos
1383 1802 1433 1853 in
1470 1798 1705 1867 pulvere,
1736 1796 1929 1847 anima:
1960 1794 2214 1845 vivacitas
2244 1807 2338 1842 ru-

2438 596 2537 662 sit;
2570 597 2658 651 ubi
2689 596 2815 649 dum
2845 593 3057 664 quidam
3080 608 3253 648 caecus
3280 593 3347 646 ab
3373 606 3440 646 eo
3460 606 3621 660 opem
3656 590 4034 645 misericordi:

2440 692 2760 759 postularet,
2809 690 2972 753 cmi-it
3023 690 3185 754 idem,
3216 688 3335 758 quia
3386 689 3587 742 dudum
3628 699 3829 757 captus
3870 688 4036 741 fuerat

2440 780 2779 835 infestatione
2825 779 3075 833 dmrnouii
3101 820 3117 843 ,
3160 780 3401 845 corporis
3443 780 3732 834 vexatione
3778 778 4030 846 torqueri.

2438 875 2586 927 'l‘nnc
2616 873 2667 927 in
2698 873 3017 937 orationem,
3064 874 3147 926 cui
3196 886 3411 940 semper
3440 872 3603 926 animi
3645 882 3837 924 sancta
3871 874 4033 925 inten-

2440 968 2583 1022 tione
2614 968 2853 1029 vacabat,
2902 978 3098 1032 corpus
3144 965 3304 1018 etiam
3349 963 3670 1033 prostravit,
3716 973 4033 1031 raptumque

2442 1062 2616 1113 lumen
2652 1061 2931 1127 pristinum
2957 1055 3185 1112 reddidit
3212 1059 3403 1120 oculis,
3431 1064 3488 1112 et
3528 1065 3739 1123 pestem
3770 1055 4029 1108 immundi

2441 1155 2656 1220 Spiritus
2686 1155 2961 1221 clfngavit.
2992 1154 3037 1207 0
3067 1148 3349 1206 ineffabilis
3390 1150 3557 1220 gratia
3606 1150 3850 1218 pietatis,
3874 1164 3903 1200 a
3934 1163 4029 1216 qua

2440 1247 2564 1297 dum
2594 1244 2889 1297 substantia
2930 1244 3045 1297 sola
3078 1244 3291 1310 petitur,
3340 1242 3532 1310 triplex
3562 1240 3868 1295 remedium
3898 1241 4032 1293 obti-

2442 1353 2635 1392 netur:
2687 1340 2750 1390 Vit
2773 1350 2823 1390 tu
2855 1338 2996 1405 pavit
3037 1352 3286 1405 egenum,
3325 1334 3627 1391 muneravit
3648 1334 3768 1388 visu
3808 1348 4030 1397 cazcum,

2442 1432 2673 1486 reddidit
2700 1431 2927 1484 libertati
2959 1427 3254 1495 captivum!

2519 1524 2602 1579 14.
2644 1524 2876 1591 Itemque
2919 1533 3235 1577 occurrente
3263 1537 3329 1576 eo
3356 1522 3466 1591 regi
3496 1520 3855 1577 Cltildeberto
3888 1520 4036 1576 Pario

2443 1618 2566 1681 siis,
2624 1616 2898 1668 nuntiatur
2941 1615 3182 1681 pontilici
3230 1628 3447 1684 regem,
3494 1612 3797 1667 venationis
3838 1626 4034 1671 causa,

2443 1709 2509 1762 de
2538 1709 2757 1761 civitate
2791 1706 2844 1760 in
2891 1706 3183 1759 crastinum
3229 1720 3350 1760 esse
3389 1704 3779 1759 discessurum.
3824 1704 4041 1757 Mandat

2445 1814 2504 1852 se
2536 1808 2591 1851 ut
2622 1798 2844 1865 dignum
2876 1796 3109 1850 duceret
3135 1795 3581 1864 exspectandum.
3613 1793 3723 1849 Sed
3753 1796 3882 1862 quia
3914 1794 4040 1848 bes-

753 1900 1005 1956 besccbat
1034 1896 1086 1949 in
1116 1909 1361 1962 corpore,
1389 1892 1577 1953 donec,
1615 1888 1821 1956 pulsato
1863 1886 2003 1939 caelo
2024 1924 2038 1947 ,
2069 1883 2330 1952 patefacto

2451 1901 2557 1945 tum
2592 1892 2844 1945 Albinum
2896 1890 3194 1958 corporalis
3238 1889 3518 1944 infirmitas
3563 1890 3923 1958 prmpedivit,
3972 1888 4039 1942 ad

751 1993 1019 2053 Tartaro,
1073 1986 1283 2055 juvenis
1347 1987 1687 2036 revocaretur
1735 1993 1766 2031 a
1824 1977 2041 2037 funere,
2090 1974 2341 2028 sacerdos

750 2099 781 2138 ι
806 2098 982 2153 prece.
1014 2081 1214 2133 Deinle
1240 2092 1361 2130 cum
1392 2084 1415 2113 ε
1444 2075 1689 2129 Asiacum
1717 2068 2094 2124 monasterium
2121 2076 2342 2136 paterna

749 2176 1108 2234 sollicitudine
1155 2172 1441 2232 visitasset,
1498 2168 1735 2235 quidam,
1787 2172 1845 2215 ttt
1892 2162 1939 2215 ei
1985 2169 2340 2220 succurreret,

746 2270 858 2337 jam
905 2266 1007 2320 fide
1053 2264 1399 2323 illuminatus,
1441 2273 1613 2312 czecus
1657 2256 1967 2309 exclamat:
2009 2250 2090 2304 cui
2146 2261 2344 2305 sancta:

750 2361 926 2417 erucis
961 2357 1407 2413 medicamentum
1437 2352 1739 2419 imponens,
1772 2357 1876 2400 tam
1908 2345 2003 2399 fuit
2045 2345 2118 2397 illi
2162 2344 2338 2395 lumen

750 2456 858 2508 cito
898 2454 1160 2517 recipere,
1202 2462 1359 2515 quam
1390 2443 1684 2512 quccsiisse.
1722 2441 1851 2494 Item
1895 2436 2195 2505 Andegavis
2222 2451 2341 2489 cum

752 2545 969 2615 quidam
1024 2540 1265 2596 Maurilio
1319 2536 1514 2591 clausis
1561 2534 1728 2588 oculis
1764 2533 1939 2586 lucem
1984 2531 2084 2589 sibi
2136 2532 2342 2584 restitui

752 2637 1063 2707 postularet,
1088 2646 1197 2685 tum
1227 2628 1463 2700 pontifex
1492 2643 1549 2682 se
1579 2628 1643 2680 ad
1670 2634 1794 2679 nota
1819 2638 1966 2678 arma
1998 2632 2341 2687 convertens,

755 2747 875 2788 mox
919 2738 976 2782 ut
1020 2730 1229 2797 signum
1280 2722 1581 2777 venerabile
1639 2718 1817 2773 crucis
1864 2731 2025 2785 super
2071 2714 2346 2783 palpebras

754 2821 873 2891 ejus
903 2819 1158 2881 extendit,
1191 2816 1335 2867 velut
1376 2812 1568 2865 balista
1602 2806 1908 2870 fortissima,
1946 2804 2232 2872 penetratis
2266 2813 2347 2857 te-

753 2914 953 2973 nebris,
986 2924 1109 2962 crux
1157 2916 1273 2973 post
1311 2919 1369 2957 se
1419 2915 1563 2955 creco
1606 2902 1781 2953 lumen
1816 2898 2038 2952 invexit.
2071 2897 2198 2951 Item
2226 2912 2345 2950 cum

754 3002 1095 3066 llargeliitms
1123 2998 1361 3064 quidam,
1393 2994 1605 3047 circiter
1625 2992 1812 3045 decem
1845 3004 2013 3044 annos
2044 2990 2346 3055 transigens

755 3096 809 3149 in
866 3094 1044 3147 nubilo
1087 3088 1343 3142 catcitatis
1369 3128 1384 3149 ,
1426 3096 1625 3139 tractus
1666 3084 1729 3136 ad
1784 3083 1995 3135 beatum
2038 3081 2345 3149 pontificem

756 3184 1107 3254 pervenisset,
1141 3180 1227 3233 ubi
1254 3181 1461 3247 signum
1504 3174 1791 3228 adoranda:
1819 3171 1995 3225 crucis
2026 3186 2187 3238 super
2223 3186 2349 3223 ocu-

2447 1985 2563 2049 ejus
2605 1984 2946 2051 praesentiam
2994 1983 3287 2050 praedictus
3332 1997 3424 2037 rex
3472 1996 3762 2037 occurrere
3802 1992 4042 2036 matura-

2448 2077 2558 2138 vit;
2594 2077 2681 2141 qui
2714 2074 2886 2128 donec
2928 2088 3023 2143 per
3070 2074 3219 2125 illam
3266 2074 3405 2127 viam
3448 2088 3572 2142 qua:
3601 2073 3667 2126 ad
3697 2073 4041 2127 sacerdotem

2445 2166 2671 2233 ducebat
2700 2163 2953 2228 incessit,
3000 2162 3229 2217 feliciter
3271 2164 3597 2232 properavit.
3626 2162 3765 2217 Cum
3809 2178 3948 2218 vero
3990 2164 4041 2217 in

2448 2256 2717 2320 quoddam
2775 2255 2985 2307 trivium
3038 2255 3407 2323 pervenisset,
3456 2254 3724 2322 velletque
3771 2256 3903 2308 alibi
3949 2256 4043 2307 de-

2448 2348 2625 2409 viare,
2662 2362 2833 2416 equus
2858 2347 3009 2415 ejus,
3044 2361 3105 2399 ac
3147 2347 3191 2401 si
3233 2344 3509 2401 metallum
3552 2346 3747 2411 fusile,
3793 2362 4042 2417 gressum

2448 2453 2668 2491 movere
2700 2453 2805 2491 non
2839 2437 3025 2490 Valuit.
3061 2437 3354 2505 Suspicaus
3385 2452 3477 2493 rex
3507 2439 3720 2507 culpam
3763 2452 3893 2494 esse
3920 2441 4045 2505 equl

2448 2529 2622 2593 magis
2653 2541 2812 2595 quam
2845 2540 3024 2580 cauare
3048 2564 3064 2589 ,
3094 2526 3320 2580 alterum
3350 2526 3453 2580 sibi
3487 2525 3615 2580 fecit
3644 2527 3850 2591 sterni,
3884 2543 4044 2596 quem

2447 2618 2571 2671 dum
2602 2634 2695 2685 per
2729 2620 2901 2685 ipsum
2936 2618 3039 2672 iter
3068 2618 3220 2689 gradi
3254 2620 3642 2687 compelleret,
3686 2635 3751 2675 ac
3793 2622 3843 2675 si
3889 2638 4047 2676 muro

2449 2710 2774 2777 impediente
2800 2750 2815 2773 ,
2853 2724 3025 2763 caesus
3056 2710 3134 2764 ire
3164 2726 3269 2763 non
3309 2712 3497 2766 valuit.
3549 2711 3869 2781 lntelligens
3911 2713 4043 2766 nihil

2449 2802 2746 2870 profecisse
2777 2812 3012 2856 mutasse
3036 2802 3376 2866 vehiculum,
3406 2803 3507 2856 nisi
3535 2812 3766 2859 mutaret
3795 2814 3819 2842 ⁸
3856 2820 4046 2858 occur-

2449 2911 2563 2947 sum
2588 2937 2601 2958 ,
2633 2896 2796 2961 coepit
2824 2896 2890 2947 ab
2928 2909 3066 2962 equo
3106 2896 3317 2948 discere
3356 2895 3497 2961 quod
3544 2895 3709 2949 homo
3752 2904 4047 2963 peccaret,

2446 2997 2498 3041 et
2532 2988 2794 3038 humanus
2829 2985 3135 3039 intellectus
3178 2985 3399 3040 haberet
3426 2985 3566 3053 quod
3599 2999 3771 3053 pecus
3799 2985 4047 3055 corrige-

2450 3090 2548 3131 ret.
2588 3076 2605 3113 ί
2648 3077 2947 3131 θελουειειις
2980 3078 3031 3129 in
3064 3076 3204 3129 viam
3236 3091 3353 3143 qua:
3384 3075 3449 3128 ad
3496 3076 3839 3129 Sacerdotem
3883 3077 4046 3129 duce-

2456 3172 2578 3233 bat,
2624 3184 2685 3223 ea
2717 3170 2876 3235 caepit
2908 3168 3182 3220 alacritate
3222 3166 3561 3230 discurrere,
3610 3181 3674 3218 ac
3714 3164 3800 3229 si,
3828 3178 4047 3234 ereptus

758 3232 841 3254 τω
1192 3232 1197 3233 κ
1301 3232 1330 3247 υ
2095 3232 2105 3238 .
2568 3232 2571 3233 ν
2808 3232 2818 3235 -

757 3281 842 3331 los
868 3274 985 3343 ejus
1015 3271 1271 3335 extendit,
1300 3270 1479 3322 statim
1509 3275 1822 3335 erumpente
1847 3263 2127 3333 sanguine,
2158 3262 2350 3331 effuga'
2380 3232 2427 3294 ο
2458 3264 2524 3317 de
2557 3262 2706 3315 fovea
2730 3303 2745 3327 ,
2781 3260 2954 3328 campi
2988 3260 3161 3312 tttullis
3194 3258 3466 3326 planitiem
3500 3256 3824 3324 recepisset.

759 3370 829 3423 tis
862 3366 1120 3431 tenebris,
1166 3366 1251 3417 lux
1282 3361 1519 3415 intravit.

830 3456 920 3513 1‘3.
950 3456 1079 3510 Illud
1099 3456 1255 3509 etiam
1286 3453 1437 3507 nobis
1466 3460 1547 3506 est
1573 3449 1769 3504 factum
1795 3448 2142 3503 memorabile
2167 3463 2343 3503 recen-

757 3550 1005 3606 sendum.
1047 3547 1179 3601 Cum
1208 3544 1433 3600 illustris
1475 3544 1697 3608 femina,
1733 3540 1943 3597 Ettieria
1974 3543 2211 3608 nomine,
2238 3543 2352 3612 jus-

761 3643 914 3697 sione
939 3640 1081 3710 regia
1123 3643 1499 3707 persequente,
1531 3634 1585 3689 in
1617 3633 1936 3688 Dullacense
1960 3634 2082 3687 villa
2125 3633 2349 3689 militum

760 3735 1000 3791 custodia
1030 3738 1301 3786 teneretur
1339 3729 1579 3791 obsessa,
1611 3734 1735 3780 tunc
1764 3724 1850 3779 ovi
1884 3726 2200 3793 periclitanti
2230 3741 2350 3781 suc-

759 3833 1011 3880 eurrente
1040 3828 1227 3876 sancto
1250 3828 1488 3888 pastore,
1520 3816 1686 3881 solus,
1714 3825 1773 3869 ut
1812 3832 1842 3868 a
1888 3816 2034 3869 nullo
2063 3829 2347 3882 cognosce-

764 3928 937 3981 retur,
967 3914 1034 3968 ad
1096 3913 1264 3982 ipsam
1321 3910 1649 3980 ingreditur;
1692 3922 1798 3975 quo
1825 3908 1978 3971 viso,
2027 3909 2351 3974 amplectens

761 4008 878 4078 ejus
904 4003 1123 4074 vestigia
1146 4004 1331 4073 lugens
1361 4000 1571 4065 mulier,
1604 3998 1917 4051 inlimrebat.
1949 3998 2099 4052 Tunc
2126 3998 2351 4051 infelicis

764 4100 999 4157 custodis
1046 4100 1228 4151 insana
1277 4093 1576 4163 procacitas
1629 4092 1739 4145 vult
1767 4105 1882 4143 eam
1925 4091 2076 4157 quasi
2128 4090 2281 4156 lupus
2322 4105 2349 4142 a

767 4201 918 4248 veste
944 4188 1177 4260 pastoris
1205 4186 1439 4241 evellere
1466 4181 1743 4251 :iujuriam
1774 4181 1856 4233 vir
1885 4191 2097 4234 sanctus
2126 4181 2346 4246 accepit.

768 4287 919 4341 Tune
947 4278 1226 4336 insufflaus
1257 4280 1310 4333 in
1341 4277 1459 4345 ejus
1500 4274 1526 4314 ἀ
1573 4275 1726 4337 facie,
1757 4284 2041 4327 temerator
2064 4273 2352 4327 sacerdotis

767 4374 927 4429 celeri
957 4382 1129 4427 morte
1155 4368 1407 4423 multatus
1432 4377 1533 4422 est.
1570 4366 1701 4419 lliuc
1742 4375 1947 4419 terrore
1976 4373 2227 4433 urgente,
2261 4380 2351 4415 re-

770 4466 902 4535 liqui
933 4462 1284 4518 reverentiam
1314 4458 1613 4513 habuerttnt
1641 4455 1896 4525 pontifici,
1923 4465 1975 4509 et
2015 4457 2167 4508 unius
2196 4470 2349 4522 pmna

769 4558 897 4614 fecit
940 4554 1074 4608 alios
1124 4554 1443 4606 immunesa
1476 4549 1665 4617 culpa;
1715 4561 1812 4600 nec
1861 4547 2005 4615 prius
2053 4560 2081 4597 a
2132 4547 2349 4598 muliere

769 4646 1036 4708 discessit,
1058 4658 1238 4714 quam,
1266 4642 1393 4696 dato
1422 4638 1531 4708 regi
1556 4638 1746 4707 pretio,
1790 4636 1901 4703 ipse
1931 4650 2045 4688 eam
2074 4635 2343 4688 liberaret.

772 4742 862 4796 Sic
891 4751 997 4791 uno
1022 4742 1315 4797 momento,
1347 4740 1403 4785 et
1428 4732 1572 4786 salus
1613 4729 1709 4781 fuit
1736 4726 1982 4795 supplici,
2014 4736 2067 4779 et
2093 4740 2235 4778 mors
2258 4742 2349 4778 ex-

770 4831 902 4887 stitit
925 4825 1312 4897 prcesumptori.

845 4946 932 4999 15.
980 4941 1087 4997 Nec
1131 4938 1184 4994 id
1234 4937 1447 5007 quidem
1491 4944 1572 4990 est
1617 4933 1987 4995 omittendum,
2030 4930 2168 4999 quod
2217 4930 2349 4983 tradi

775 5034 1047 5092 memoria:
1074 5032 1144 5087 sit
1166 5031 1420 5085 votivum.
1460 5028 1517 5082 lu
1543 5028 1739 5091 vicum,
1767 5024 1918 5093 cujus
1940 5032 2019 5076 est
2043 5022 2350 5075 vocabulum

854 5177 878 5205 ⁸
901 5170 997 5224 llic
1025 5167 1171 5219 vicus
1201 5163 1400 5226 Gegina
1444 5161 1650 5215 videtur
1676 5157 1941 5227 designari
1979 5171 2005 5207 a
2044 5154 2202 5227 (ἒν-ες.
2248 5155 2349 5206 'l‘n-

781 5258 903 5298 ron.
930 5240 1023 5293 lib.
1055 5254 1107 5293 Iv
1134 5240 1201 5288 tle
1230 5224 1341 5287 Mir.
1368 5234 1533 5285 sancti
1570 5224 1971 5291 Martinifnum.
2005 5224 2094 5291 H,
2118 5226 2200 5276 ubi
2236 5240 2353 5275 nar-

782 5325 863 5367 rat
884 5310 1021 5375 quod
1048 5328 1065 5359 ι
1093 5304 1454 5373 naudegisilns
1477 5303 1688 5370 quidam
1708 5316 1767 5375 ex
1796 5298 2183 5357 Atulegavensi‘
2206 5298 2352 5346 urbis

786 5367 1070 5440 territorio,
1104 5367 1338 5430 Bamlulli
1385 5367 1541 5437 titius,
1572 5374 1668 5423 vici
1704 5368 1982 5420 Gt-inensis
2022 5368 2145 5440 (vel,
2172 5376 2229 5416 nt
2262 5367 2353 5415 lia-

784 5434 913 5508 iacnt
940 5434 1107 5503 Codd.
1142 5434 1537 5498 ΒιτιΙιινηρριιείς
1572 5454 1624 5495 et
1666 5442 2015 5492 (ζιςιι-οηιοιν..
2070 5434 2351 5508 (Icilii-usis,

787 5505 845 5577 ut
871 5521 1087 5574 adnotat
1137 5518 1205 5568 cl.
1257 5513 1551 5582 Ruinarl.),
1582 5516 1703 5563 dum
1754 5510 1988 5562 liutnuris
2016 5510 2137 5558 smvi
2175 5505 2353 5573 jacnlo

789 5594 1076 5651 sauciatur,
1107 5586 1412 5639 debilitatus
1438 5582 1703 5635 oecubuit.
1745 5600 1761 5631 ο

859 5662 885 5700 δ
917 5662 1038 5714 Sttr.
1050 5698 1065 5722 ,
1092 5655 1472 5709 Halabandunt.

866 5741 886 5767 ε
920 5714 1185 5789 Asiacum,
1218 5727 1371 5788 vulgo
1400 5724 1580 5787 Assa”,
1614 5722 1759 5773 vicus
1800 5728 1881 5771 est
1907 5714 2358 5789 territoriiano—

794 5801 992 5854 nensis.
1017 5784 1200 5851 Plures
1230 5784 1404 5847 tamen
1431 5784 1554 5843 sunt
1599 5794 1696 5843 vici
1732 5790 1883 5856 hujus
1916 5788 2139 5856 nominis
2171 5787 2220 5834 in
2251 5784 2356 5835 't‘u-

796 5872 1029 5927 ronibns.
1047 5865 1490 5921 utanimadvertit
1508 5862 1742 5916 Valesius
1768 5860 1817 5912 in
1843 5857 2022 5910 notitia
2041 5855 2350 5907 Galliarum.

2523 3356 2609 3410 15.
2653 3354 2745 3407 Est
2774 3367 2953 3421 Opera:
2988 3353 3216 3415 pretium
3259 3349 3327 3403 de
3356 3348 3591 3417 quodam
3624 3348 3904 3402 cadavere
3934 3362 4047 3403 rem

2453 3446 2625 3500 vivam
2656 3444 2915 3511 proferre.
2951 3438 3084 3494 Dum
3111 3439 3179 3493 ad
3208 3438 3481 3493 civitatem
3514 3444 3540 3484 ε
3575 3436 3795 3491 Venetis
3822 3439 3945 3507 ipse
3969 3438 4048 3488 vir

2452 3537 2775 3607 apostolicus
2804 3534 3122 3587 accessisset
3140 3572 3156 3596 ,
3185 3545 3323 3586 unus
3363 3529 3433 3584 de
3477 3528 3911 3597 obsequentibus
3935 3528 4046 3596 jam

2452 3642 2743 3683 convesns
2778 3624 3214 3679 adolescentulus
3237 3662 3252 3683 ,
3280 3619 3486 3676 Christi
3515 3618 3744 3674 servitio
3770 3619 4045 3683 subditus,

2451 3739 2609 3793 quem
2647 3734 2741 3786 pro
2772 3719 3028 3788 qualitate
3060 3731 3266 3769 murum
3299 3714 3623 3781 peculiarius
3649 3712 3952 3783 diligebat,
3982 3725 4048 3766 eo

2454 3815 2504 3868 in
2540 3814 2658 3866 loco
2687 3809 2974 3865 defunctus
3000 3819 3082 3862 est
3103 3849 3117 3871 ,
3150 3816 3310 3875 atque
3337 3805 3580 3872 sepultus
3599 3845 3616 3868 ,
3647 3807 3804 3871 cujus
3834 3804 4040 3858 defun-

2454 3906 2523 3959 eti
2558 3914 2674 3971 post
2724 3918 2922 3956 annum
2967 3900 3343 3968 corpusculum
3391 3895 3672 3965 psallendo
3709 3896 3777 3948 ad
3824 3893 4046 3963 propria

2455 3995 2758 4050 revocabat.
2792 3993 2942 4045 Tunc
2973 4000 3279 4043 remorante
3307 4002 3373 4041 eo
3404 4001 3499 4053 pro
3524 4000 3687 4040 causa
3710 4026 3729 4051 ,
3756 3984 4053 4039 voluerunt

2454 4087 2753 4142 servientes
2786 4098 2931 4149 [ll‘tlls
2961 4094 3155 4146 corpus
3188 4092 3405 4131 movere
3447 4091 3607 4145 quam
3650 4075 3913 4129 sacerdos
3952 4089 4052 4129 oc-

2452 4187 2734 4239 curreret;
2778 4175 2869 4229 sed
2912 4186 3058 4227 tanto
3104 4173 3336 4238 pondere
3381 4172 3430 4222 tit
3476 4180 3791 4237 gravatum,
3837 4179 3903 4221 ut
3943 4183 4051 4222 an-

2455 4280 2535 4324 tea
2566 4269 2860 4338 potuisseut
2890 4267 3133 4333 gigantea
3164 4261 3404 4315 membra
3438 4275 3692 4328 prensare
3717 4276 3884 4329 quam
3918 4278 4051 4327 pue-

2455 4361 2553 4415 ruli
2584 4373 2779 4426 corpus
2809 4359 3065 4417 sufferre,
3097 4356 3220 4405 dum
3248 4354 3422 4404 adhuc
3452 4352 3682 4405 cadaver
3712 4354 4049 4419 insepultum

2453 4452 2761 4509 crederetur
2784 4450 2892 4515 jam
2923 4460 3189 4498 marmore
3218 4443 3423 4511 premi,
3451 4456 3572 4495 cum
3604 4456 3702 4495 nec
3733 4446 3858 4509 equi
3893 4459 4049 4512 gres-

2454 4558 2572 4596 suut
2620 4548 2866 4607 poterant
2915 4548 3260 4602 promovere,
3308 4547 3370 4585 ac
3408 4532 3453 4584 si
3502 4532 3673 4599 pulvis
3710 4532 3828 4598 ejus
3877 4533 3949 4585 de
3989 4547 4052 4585 se

2460 4633 2671 4687 vincula
2701 4636 3043 4696 generasset,
3074 4626 3245 4678 donec
3274 4638 3368 4676 eos
3399 4625 3621 4675 antistes
3662 4623 3880 4676 rediens
3920 4638 4049 4677 Ora-

2455 4725 2597 4778 tione
2628 4723 2861 4773 solveret
2888 4757 2903 4779 ,
2936 4730 3068 4785 quos
3104 4726 3311 4767 tacente
3345 4727 3475 4765 tore
3503 4714 3745 4765 couttxit.

2527 4814 2612 4866 16.
2655 4811 2765 4863 lloc
2791 4810 2981 4860 iterum
3012 4821 3112 4857 non
3146 4804 3320 4856 minus
3346 4816 3426 4855 est
3460 4803 3858 4869 praedicandum
3886 4801 3920 4837 ιι
3949 4804 4049 4856 ηιξ-

2454 4909 2713 4963 raculuttt.
2746 4910 2873 4958 tium
2903 4903 2953 4955 in
2986 4901 3367 4953 CincillaceuSe
3398 4898 3725 4949 monasterio
3763 4894 3779 4931 ί
3813 4892 4051 4949 Gentio.

2457 5016 2634 5055 merus
2666 5001 2966 5050 rnonaettns
3009 5003 3152 5045 esset
3198 4990 3471 5043 oculormn
3515 4990 3629 5040 lt.ce
3673 4988 3955 5053 privatus.
3997 4998 4053 5039 et

2458 5141 2581 5193 "me
2614 5137 2719 5188 fere
2750 5149 2811 5186 px
2859 5132 3096 5187 Ruinam,
3133 5129 3183 5177 in
3213 5127 3351 5177 notis
3381 5126 3442 5175 ad
3489 5122 3648 5185 Creg.
3678 5124 3836 5179 Tum,
3877 5124 3974 5176 lili.
4004 5140 4049 5177 tv

2458 5215 2519 5261 rle
2554 5210 2667 5261 Μὶν.
2698 5208 2864 5258 sancti
2917 5200 3141 5260 Martini,
3172 5212 3201 5248 c
3252 5194 3337 5250 15.
3376 5198 3618 5248 Αδίειι-ιιιι»
3646 5206 3819 5245 tamen
3859 5212 4049 5245 turma.

2458 5285 2698 5333 steriutn.
2725 5276 2792 5328 de
2836 5292 2937 5330 uno
2968 5273 3051 5322 inc
3080 5284 3258 5320 sermo
3305 5280 3409 5332 est,
3463 5270 3671 5317 videtur
3714 5266 3764 5315 in
3813 5264 4053 5319 ύεωρεςί

2458 5346 2824 5409 Andegavcnsi
2859 5344 3039 5397 fuisse.

2526 5421 2550 5455 ά
2586 5423 2730 5482 Sun,
2756 5419 2867 5482 [urit
2885 5432 2953 5466 m.

2534 5496 2553 5515 θ
2597 5491 2738 5548 δην..
2774 5497 2816 5537 et
2849 5500 3073 5536 cursum.

2534 5553 2550 5587 ί
2600 5560 2721 5611 filss.
2761 5557 3017 5616 Audotn.,
3048 5554 3315 5619 deﬂectens
3346 5549 3528 5619 int-tia.
3570 5548 3725 5599 liora.

2531 5642 2555 5678 s
2609 5628 2843 5685 mees,
2905 5631 2955 5676 in
3007 5618 3300 5676 Λτιὶιυι-ὴι-ιι.
3362 5618 3461 5671 Ms.
3509 5620 3675 5670 sant-ti
3726 5618 3909 5676 Δια..
3958 5618 4056 5671 Ve-

2463 5706 2604 5754 netis.
2646 5699 2803 5760 Aunl.,
2844 5694 3082 5747 Venetus.
3113 5692 3271 5745 BOLL.
3304 5699 3307 5701 “

2536 5774 2556 5809 ιι
2602 5775 2762 5823 Abest
2792 5758 2894 5819 iter.
2924 5762 3233 5817 utiratntlnttt
3274 5776 3301 5811 a
3333 5760 3501 5811 tribus
3538 5760 3662 5809 Mss.
3701 5758 3985 5812 But.me

2543 5844 2552 5878 ἰ
2587 5840 2797 5905 Legitur
2827 5836 3131 5889 Critontrrus
3157 5841 3208 5882 et
3235 5828 3595 5881 συνησθείη-ιιι.
3631 5831 3700 5881 Ex
3728 5830 3851 5893 ipso
3885 5831 4059 5883 υυιι,
