4192 6548
177 421 277 476 ιεδ

1103 421 1253 476 ῊΓΔ
1294 421 1348 476 S.
1395 418 1614 472 ALBINI
1665 415 2184 474 ,ληυῑςεςΑνεκδιδ
2227 420 2531 476 EPISCOPI

3359 428 3464 485 480

175 549 370 590 annos:
415 543 652 603 tempora
697 548 798 587 una
849 542 1029 586 essent
1076 531 1250 584 noctis
1293 533 1537 585 excitate
1586 540 1760 583 trans-
1796 533 1841 589 Α
1870 528 2146 584 cerdotale
2179 533 2465 586 concilium
2496 549 2508 585 :
2543 532 2653 587 Etsi
2689 534 2753 587 ad
2783 535 3070 604 imperium
3103 547 3332 596 vestrum
3363 559 3466 617 ego

174 643 323 680 cursa
350 668 363 692 ,
401 628 547 693 petiit
580 625 681 679 sibi
714 642 740 678 a
774 637 962 678 Sancto
992 625 1108 676 viro
1151 624 1267 677 fieri
1301 623 1478 676 crucis
1523 623 1766 691 signacu-

174 719 304 774 lum.
358 723 475 785 Quo
522 720 694 781 facto,
745 717 963 771 luminis
1000 718 1175 769 vitalis
1215 715 1470 782 splendor
1516 715 1764 777 intravit,

171 818 251 873 et,
285 811 488 879 fugatis
522 810 796 874 tenebris,
828 808 908 860 sol
940 808 1069 860 olim
1102 807 1413 874 peregrinus
1445 803 1638 856 illuxit.
1675 802 1766 856 Est

176 917 229 960 ct
261 906 362 958 hoc
396 906 535 958 inter
584 903 790 971 reliqua
835 901 1140 955 venerabile
1182 899 1587 953 documentum.
1631 898 1764 952 Cum

172 998 224 1052 in
274 997 494 1051 civitate
540 996 826 1064 Andegava
874 996 1036 1048 turris
1082 1004 1248 1063 porta:
1293 995 1572 1047 cohaerens
1617 994 1765 1046 dam-

170 1091 309 1145 natis
337 1099 481 1144 esset
507 1104 692 1143 carcer
717 1085 904 1142 eﬂecta
924 1129 937 1150 ,
973 1098 1333 1156 przrterennte
1362 1088 1521 1142 beato
1545 1087 1761 1153 Albino,

176 1183 338 1237 fiebat
386 1182 674 1255 insolentia
726 1181 794 1234 de
847 1181 1066 1233 vocibus
1114 1180 1465 1232 inclusorum.
1502 1179 1651 1232 Tunc
1696 1181 1762 1232 ad

164 1273 402 1344 judicent
453 1283 704 1341 precator
747 1271 988 1334 acet-dit,
1036 1280 1096 1324 ut
1141 1285 1233 1325 eos
1267 1271 1479 1338 pietatis
1508 1285 1664 1325 causa
1694 1274 1762 1326 de

167 1368 411 1422 custodia
447 1367 738 1421 relaxaret.
769 1367 922 1431 Quod
954 1382 1076 1420 cum
1112 1367 1202 1419 ille
1227 1380 1357 1420 aure
1387 1367 1545 1419 surda
1577 1365 1758 1420 differ-

166 1469 284 1522 ret,
319 1474 447 1513 mox
483 1459 722 1528 pontifex
755 1459 822 1511 ad
869 1458 1034 1513 Deum
1084 1473 1142 1512 se
1188 1457 1292 1511 lida
1334 1457 1592 1528 petitione
1632 1474 1759 1512 con-

165 1561 401 1616 vertens,
432 1563 540 1605 tam
569 1550 822 1605 familiari
854 1566 983 1606 voce
1013 1552 1310 1621 suggessit,
1340 1552 1471 1606 utin
1505 1553 1622 1605 loco
1652 1567 1759 1619 quo

163 1648 465 1702 orationem
493 1657 710 1700 sanctus
736 1645 950 1711 effudit,
980 1645 1130 1699 mirze
1159 1645 1535 1714 magnitudinis
1562 1660 1757 1700 saxeus

163 1740 398 1807 quadrus
442 1739 696 1793 exsiliens
715 1777 729 1802 ,
764 1747 930 1807 portae
959 1737 1163 1790 aditum
1198 1737 1395 1790 faceret
1424 1739 1714 1791 carceralis
1738 1779 1751 1801 ,

163 1831 287 1898 quia
312 1841 439 1886 ante
471 1830 590 1900 ejus
617 1845 831 1900 precem
859 1831 1184 1884 soliditatem
1207 1845 1354 1882 suam
1381 1831 1514 1898 lapis
1539 1847 1754 1885 servare

1870 621 2082 687 signare
2129 624 2443 690 compellor,
2493 623 2619 677 dum
2670 640 2764 680 vos
2809 643 3025 682 causam
3057 627 3152 684 Dei
3202 639 3464 694 recusatis

1869 711 2195 778 defendere,
2245 714 2361 782 ipse
2413 728 2603 782 patens
2664 725 2746 770 est
2795 720 3084 774 vindicare.
3132 721 3249 788 Quo
3291 723 3462 792 facto,

1868 815 2162 872 antequam
2201 813 2223 842 ε
2256 807 2494 876 eulogias
2527 811 2994 866 escommunicata
3027 829 3254 880 persona
3289 817 3338 871 in
3368 833 3465 875 ore

1868 898 2203 962 susciperet,
2242 897 2268 933 ά
2311 900 2613 967 expiravit;
2646 911 2699 954 et
2745 902 3050 970 priusquam
3083 908 3314 974 portitor
3343 927 3463 978 pero

1872 988 2119 1050 veniret,
2170 1004 2349 1043 sermo
2399 991 2698 1045 sacerdotis
2740 992 3005 1060 obtinuit,
3051 998 3141 1066 qui
3185 1003 3349 1055 etiam
3391 1001 3460 1057 ad

1868 1075 2080 1132 beatum
2108 1079 2402 1134 Cmsaritttn
2433 1082 2802 1138 Arelatensem
2837 1088 3118 1155 pra‘sulem
3148 1107 3242 1161 pro
3268 1094 3457 1151 eadem

1866 1189 2029 1230 causa
2067 1185 2091 1214 ⁸
2128 1178 2527 1232 consultaturus
2555 1181 2790 1234 occurrit

1939 1268 2026 1320 19.
2071 1268 2177 1322 Sed
2219 1269 2342 1337 quia
2387 1268 2506 1339 ejus
2536 1270 2744 1340 singula
2777 1287 2881 1326 non
2910 1274 3147 1330 valemus
3176 1286 3457 1349 retexere,

1867 1358 2097 1413 suflieiat
2127 1360 2194 1415 de
2231 1362 2474 1427 plurimis
2505 1363 2590 1416 vel
2623 1378 2786 1431 pauca
2819 1363 3040 1421 dixisse.
3079 1368 3206 1423 lllud
3241 1387 3459 1443 quoque

1864 1449 2163 1506 beatissimi
2198 1455 2566 1506 testimonium
2601 1456 2904 1510 viventibus
2951 1468 3070 1526 post
3108 1461 3310 1516 obitum
3356 1482 3452 1519 ne-

1862 1546 2156 1597 Cessarium
2189 1544 2463 1599 credimus
2496 1561 2610 1614 prae
2639 1548 2854 1601 cmteris
2885 1551 3261 1615 exitlicandum
3283 1591 3299 1618 ,
3333 1556 3454 1626 quia

1865 1635 1989 1689 licet
2024 1645 2302 1690 teneretur
2329 1639 2571 1692 clausum
2602 1653 2800 1708 corpus
2829 1641 2946 1710 ejus
2979 1643 3030 1696 in
3063 1647 3291 1714 tttmulo,
3316 1657 3455 1701 atta—

1861 1742 1982 1781 meo
2011 1726 2141 1796 justi
2172 1729 2367 1783 anima:
2402 1745 2610 1785 merces
2642 1734 2959 1790 exuberavit
2989 1737 3038 1790 in
3073 1738 3322 1793 fructum.
3357 1741 3456 1810 lgl-

1859 1827 1948 1871 tur
1976 1833 2095 1872 cum
2129 1828 2346 1876 sanctus
2377 1818 2679 1878 Germanus
2721 1822 2737 1861 ί
2771 1824 3214 1884 Parisiacensiam
3246 1833 3455 1898 episco-

165 1939 268 1977 non
317 1922 516 1992 potuit.
574 1923 704 1976 llinc
749 1921 985 1991 egressi,
1016 1922 1164 1990 quasi
1197 1921 1264 1975 de
1296 1926 1542 1988 sepulcro
1571 1925 1745 1978 viven-

1864 1924 1981 1978 pns,
2015 1911 2097 1965 vel
2126 1914 2636 1982 comprovinciales,
2666 1930 2729 1971 ac
2763 1917 2997 1985 pontifex
3028 1932 3308 1976 successor
3337 1925 3453 1992 ejus

163 2026 271 2081 tes,
300 2015 354 2070 itt
390 2016 610 2070 basilica
643 2015 668 2043 '
699 2015 867 2069 sancti
912 2014 1134 2068 Maurilii
1168 2014 1366 2070 domno
1397 2015 1596 2070 Albino
1631 2030 1755 2084 gra-

163 2109 261 2162 tias
291 2108 616 2171 referentes,
646 2121 706 2161 se
736 2107 802 2160 ad
831 2106 948 2175 ejus
977 2107 1198 2176 vestigia
1232 2116 1656 2175 prostraverunt,
1690 2122 1755 2161 eo

159 2199 298 2266 quod
334 2208 614 2266 suspectos
644 2198 713 2252 de
741 2195 934 2252 funere
965 2199 1142 2252 redire
1174 2201 1374 2252 fecerat
1401 2200 1467 2252 ad
1501 2199 1749 2253 salutem.

229 2291 317 2344 t7.
365 2290 526 2355 Item,
559 2289 684 2343 dum
717 2290 960 2358 quaedam
994 2291 1184 2344 mulier
1214 2300 1425 2359 arrepta
1457 2307 1486 2345 a
1518 2292 1753 2363 maligno

157 2381 353 2446 spiritu
400 2395 458 2434 se
503 2381 813 2436 beatissimo
855 2381 1048 2434 Albino
1089 2381 1391 2436 vociferans
1434 2392 1491 2438 et
1542 2384 1751 2451 cjulans

161 2481 542 2538 praisentasset
563 2511 578 2534 ,
610 2486 733 2524 mox
765 2471 1103 2525 adversarius
1131 2471 1247 2539 ipse
1275 2488 1437 2542 supra
1466 2473 1587 2542 ejus
1616 2489 1750 2527 ocu-

157 2561 262 2614 lum
307 2563 361 2613 itt
406 2561 810 2614 similitudinem
864 2561 1060 2615 vesicae
1104 2562 1362 2629 sanguine
1411 2578 1472 2617 se
1513 2565 1748 2633 colli-git.

156 2649 305 2703 Tunc.
343 2649 582 2717 pontifex
614 2649 814 2705 iaciens
841 2648 1052 2718 signum
1080 2653 1258 2705 crucis
1284 2648 1579 2721 increpavit
1604 2668 1747 2720 eum,

151 2744 343 2797 dicens
373 2760 384 2794 :
419 2742 660 2808 Inimico,
685 2745 895 2796 oculum
927 2758 1084 2811 quem
1114 2759 1221 2798 non
1252 2744 1471 2811 dedisti,
1497 2761 1593 2800 nec
1624 2761 1748 2815 pos-

152 2838 228 2891 sis
273 2838 512 2892 auferre.
559 2837 677 2890 Mox
723 2838 791 2891 de
820 2838 1134 2891 collectione
1177 2837 1290 2906 ipsa
1333 2838 1386 2891 in
1426 2838 1749 2895 flebotomia:

151 2928 572 2982 similitudinem
603 2928 872 2982 subtiliter
900 2929 1120 2998 sanguis
1147 2926 1357 2996 erupit,
1389 2944 1493 2997 quo
1524 2928 1746 2994 ﬂuente,

149 3021 266 3074 sine
314 3019 541 3074 lesione
589 3020 768 3085 oculi,
820 3020 1128 3075 immundus
1178 3020 1350 3074 hostis
1397 3023 1644 3085 evanuit,
1694 3033 1749 3078 et

151 3113 325 3179 puella
366 3111 653 3166 incolumis
674 3155 687 3173 ,
721 3113 1021 3182 imperante
1049 3114 1204 3182 signo
1234 3115 1444 3182 crucis,
1478 3115 1668 3169 evasit.

227 3203 317 3257 18.
366 3203 473 3258 Sed
506 3213 560 3257 et
592 3205 692 3257 Itoc
725 3205 1181 3273 magnanimitatis
1209 3205 1512 3274 exemplum
1542 3220 1741 3276 oppor-

1859 2011 1914 2056 et
1945 2003 2207 2070 populus,
2241 2005 2442 2059 vellent
2473 2008 2713 2061 membra
2747 2010 2917 2064 sancti
2948 2025 3138 2064 novam
3171 2013 3446 2070 basilicam

1865 2100 2219 2162 transponere
2243 2136 2258 2161 ,
2304 2104 2358 2150 et
2379 2137 2394 2164 ,
2441 2109 2659 2167 propter
2687 2100 2896 2155 cellula:
2928 2105 3226 2171 angustiam
3259 2105 3313 2159 itt
3343 2124 3449 2175 qua

1863 2183 2114 2240 Conditus
2161 2186 2367 2253 fuerat,
2419 2203 2525 2243 non
2573 2189 2794 2244 daretur
2836 2191 2976 2245 sacri
3006 2196 3246 2260 corporis
3275 2210 3451 2251 extra-

1865 2276 2028 2330 hendi
2060 2276 2310 2344 licentia,
2342 2281 2549 2335 cunctis
2582 2280 2957 2337 haesitantibus
2985 2295 3040 2338 et
3071 2286 3290 2342 incertis
3319 2290 3446 2358 quid

1857 2376 2118 2436 agerent,
2152 2370 2295 2423 curis
2340 2371 2690 2439 popularibus
2732 2387 2790 2427 se
2822 2375 2987 2428 virtus
3019 2375 3311 2433 beatissimi
3350 2379 3444 2434 viri

1858 2457 2146 2512 mediatrix
2179 2457 2474 2514 interserit.
2511 2461 2642 2515 Nam
2674 2465 3112 2530 exspectantibus
3155 2470 3402 2522 omnibus
3427 2513 3440 2536 ,

1856 2558 1913 2605 et
1943 2551 2076 2605 niltil
2125 2553 2588 2620 deliberantibus,
2641 2567 2891 2624 repente,
2946 2566 3073 2611 tttttu
3115 2561 3330 2626 divino,
3361 2563 3446 2617 di—

1852 2641 2024 2696 scisso
2072 2643 2275 2709 pariete
2318 2645 2557 2708 cellultn,
2613 2646 2702 2716 qui
2749 2655 2866 2701 erat
2911 2648 2974 2702 ad
3018 2651 3179 2714 pedes
3208 2651 3359 2720 ejus,
3416 2670 3445 2708 a

1855 2743 2017 2801 parte
2047 2733 2301 2787 orientali
2338 2745 2447 2789 tres
2480 2737 2682 2804 lapides
2711 2739 3055 2804 deciderunt,
3089 2745 3287 2798 scilicet
3319 2747 3446 2800 dato

1851 2825 2043 2894 signo,
2079 2840 2173 2892 per
2201 2827 2411 2896 qualem
2446 2828 2619 2882 locum
2653 2843 2712 2884 se
2739 2829 2947 2900 juberet
2973 2835 3124 2886 educi
3157 2851 3332 2902 posse.

1930 2915 2023 2971 20.
2069 2917 2277 2972 Interea
2320 2919 2461 2972 facto
2504 2921 2688 2982 aditu,
2722 2923 2848 2975 dum
2891 2938 3184 2980 concentus
3216 2931 3443 2995 psallen-

1852 3009 1982 3063 tium
2011 3010 2078 3064 ad
2111 3019 2356 3064 sanctum
2389 3013 2693 3081 sepulcrum
2725 3017 3085 3085 progreditur,
3117 3020 3167 3072 itt
3199 3022 3316 3074 loco
3349 3039 3442 3091 per

1855 3115 2015 3170 quem
2064 3108 2150 3154 est
2196 3099 2442 3167 eductus,
2471 3105 2647 3172 palam
2699 3113 2812 3160 tres
2860 3110 3311 3180 paralytici,jam
3353 3116 3445 3171 diu

1849 3191 2153 3260 desperati,
2187 3192 2384 3247 redditi
2431 3203 2554 3248 sunt
2581 3197 2831 3262 sanitati,
2862 3213 2924 3253 ac
2955 3204 3099 3255 nervi
3134 3211 3440 3270 prteritortni

147 3305 334 3349 mm,“
371 3295 588 3349 ducitur
633 3294 1040 3363 explicandum,
1087 3296 1226 3365 quod
1255 3273 1497 3363 ρτοίορί
1531 3273 1744 3367 mis—ouo
1776 3273 1822 3335 C
1855 3284 2117 3339 vivilicari
2152 3283 2457 3340 didicerunt
2501 3287 2568 3342 de
2619 3289 2825 3344 meritis
2871 3294 3065 3360 sepulti
3098 3312 3112 3361 ;
3144 3297 3435 3368 statimque

143 3402 162 3430 ς
182 3385 281 3451 pud
314 3399 446 3439 eum
481 3399 588 3439 non
619 3384 783 3438 fuerit
813 3384 919 3439 ulla
952 3401 1138 3456 regum
1186 3395 1571 3456 potentumque
1616 3402 1742 3456 per-

146 3477 347 3530 rsaalis
380 3476 649 3545 acceptio.
685 3476 924 3544 Denique
950 3476 1018 3530 ad
1049 3477 1323 3531 cumulum
1355 3477 1594 3533 ctelestis
1619 3493 1741 3547 gra-

145 3575 228 3619 tiri:
271 3570 740 3640 conquirendum,
785 3571 1110 3624 incestarum
1145 3572 1451 3638 nuptiarum
1487 3587 1742 3627 exsecra-

148 3663 215 3711 '--il
239 3677 283 3716 rs
310 3660 691 3731 copulationes
713 3660 834 3728 jure
862 3657 889 3697 δ
914 3661 1299 3724 condetnnsns,
1332 3660 1548 3715 beatum
1575 3661 1741 3717 Joan-

142 3768 263 3807 nem
296 3750 840 3818 irreprebensibilem
869 3751 1195 3806 imitabatur.
1228 3751 1436 3819 Quanta
1465 3768 1592 3808 vero
1620 3755 1739 3809 inde

141 3845 500 3908 sustinuerit,
531 3845 709 3898 nullus
733 3843 893 3912 digne
923 3843 1120 3913 pcterit
1142 3843 1430 3910 explicare.
1463 3845 1738 3916 Siquidem

142 3952 350 4007 martyr
379 3937 529 3992 efﬁci
561 3939 784 4003 copiens
809 3981 821 4003 ,
855 3938 898 3990 si
934 3953 1038 3991 nou
1082 3937 1342 3994 defuisset
1384 3955 1573 3994 manus
1614 3957 1736 4010 per-

143 4029 430 4091 cussoris;
478 4027 574 4081 sed
619 4028 808 4096 procul
850 4027 1013 4082 dubio
1056 4030 1283 4097 palmam
1329 4033 1579 4101 martyris
1622 4047 1736 4086 me-

139 4121 279 4186 ruit,
315 4121 410 4189 qui
446 4118 609 4172 vetita
640 4119 908 4173 desideria
942 4135 1048 4174 non
1077 4121 1378 4175 abscondit.
1417 4121 1565 4177 Unde
1594 4138 1735 4192 pra:-

141 4219 219 4263 ter
247 4210 470 4264 labores
501 4211 768 4279 reliquos,
814 4211 976 4263 etiam
1021 4224 1118 4278 per
1158 4211 1434 4279 synodos,
1482 4227 1577 4279 pro
1623 4212 1734 4280 ipsa

139 4316 300 4354 causa
349 4301 556 4370 smpius
598 4303 894 4367 excitatas,
937 4315 1263 4367 exeurrens,
1296 4305 1360 4355 ad
1405 4316 1731 4371 postremum

139 4388 545 4456 quamplutium
593 4391 968 4460 episcoporum
1013 4389 1380 4461 injunctione,
1425 4404 1480 4448 ttt
1521 4411 1738 4450 excom-

140 4481 445 4533 municatas
470 4493 502 4531 a
526 4493 586 4533 se
615 4493 871 4547 personas
901 4481 1236 4547 absolveret,
1288 4485 1336 4536 vi
1382 4482 1606 4539 fratrunt
1641 4502 1736 4540 co-

138 4580 288 4623 actus
318 4583 426 4624 est.
465 4571 532 4625 Et
556 4585 676 4625 cum
699 4585 979 4641 rogaretur
1003 4585 1056 4626 ut
1081 4575 1345 4641 eulogias,
1380 4592 1514 4645 quas
1546 4580 1732 4649 reliqui

139 4665 411 4718 antistites
441 4664 508 4716 ad
545 4678 825 4731 personam
869 4667 1245 4720 communione
1285 4683 1600 4736 suspensam
1643 4674 1724 4726 di-

138 4755 378 4826 rigentes
423 4755 848 4820 bettedixcrant,
892 4767 946 4810 et
987 4759 1098 4826 ipse
1129 4758 1396 4826 signaret,
1439 4761 1514 4814 ait
1555 4765 1619 4816 ad
1649 4780 1732 4817 sa-

207 4855 232 4920 ξ·
275 4846 520 4920 Sanctus
562 4846 802 4899 Mamilio
843 4847 943 4901 fuit
971 4851 1253 4916 cpiscopus
1283 4853 1683 4920 Andegavcnsis
1715 4876 1726 4909 :

135 4915 284 4983 Cujus
320 4919 630 4990 \itattt,_nt
658 4922 902 4972 tt0nttttlli
937 4915 1492 4990 putattt,iscriptatttva
1540 4927 1730 4981 Fortu-

137 4998 258 5041 nato
279 5027 294 5048 ,
327 4989 454 5039 vide
485 4987 625 5038 infra
660 4990 906 5055 positam.

205 5057 230 5092 δ
279 5058 417 5110 Vide
448 5071 712 5110 Cattont'ttt
744 5059 810 5111 tu
834 5061 1044 5113 concilii
1079 5076 1134 5114 Ill
1166 5064 1562 5120 Aurelianensis
1589 5083 1729 5121 anno

138 5127 236 5208 3358
265 5129 573 5208 Celebratl,
605 5129 942 5208 cuiuAlAbitttts
971 5133 1304 5200 subscripsit.
1338 5136 1476 5190 Mal.
1511 5140 1727 5208 Legests

135 5197 440 5257 Cointtuut,
475 5199 543 5249 ad
573 5215 662 5250 an.
697 5200 821 5253 558.

209 5279 230 5306 ε
277 5271 352 5321 De
383 5267 653 5340 eultigiis,
686 5269 800 5340 lege
828 5287 944 5340 qua:
983 5271 1215 5327 diximus
1263 5274 1314 5328 itt
1345 5279 1484 5330 notis
1514 5281 1575 5331 ad
1610 5297 1658 5335 c.
1693 5281 1724 5334 9

141 5339 226 5394 lib.
263 5355 315 5392 xt
347 5342 453 5404 0p.
492 5337 641 5392 Fort.

206 5411 230 5448 ἀ
273 5412 709 5472 Expir.tvit,tton
754 5421 972 5466 sanctus
1017 5414 1272 5477 Albinus,
1303 5425 1362 5470 ut
1391 5419 1525 5472 male
1561 5421 1721 5474 inter-

139 5491 375 5552 pretatur
395 5482 692 5536 Saussaius
713 5484 764 5536 in
785 5482 1000 5552 Martyr.
1023 5486 1182 5552 (quod
1207 5489 1419 5541 atiimad
1434 5492 1582 5543 vertit
1603 5493 1695 5545 θυι

141 5549 332 5628 land.),
365 5554 465 5628 sed
500 5567 726 5617 persona
758 5549 1248 5621 excutittnutiicata,
1282 5561 1348 5612 ad
1380 5576 1538 5628 quam
1573 5567 1719 5618 eulo-

138 5624 234 5689 gite
263 5623 643 5676 mittebantur.

209 5701 232 5729 ο
279 5693 511 5772 ιιξ-νξιει
559 5695 753 5772 fancti
787 5695 1010 5752 Leobini
1057 5697 1292 5768 episcopi
1345 5701 1718 5772 Carnotensis,

139 5777 281 5816 nam.
314 5761 712 5841 ~15.I_Leobinus
745 5768 890 5834 ipse,
925 5780 1034 5822 tum
1063 5761 1225 5824 abbas
1245 5761 1587 5841 'Brajacensis
1609 5815 1623 5838 ,
1653 5761 1717 5832 ad

137 5845 373 5957 sanctor:
401 5834 707 5889 Cmarinm
739 5853 859 5891 cum
902 5849 1089 5892 sancto
1121 5842 1312 5893 Albino
1343 5834 1620 5907 profectus
1641 5850 1714 5902 lc-

138 5915 291 5957 nunc.
327 5943 337 5956 ι
380 5919 563 5957 Διιιιι..

138 5915 291 5972 gituc.
327 5915 563 5957 MABHL.

1851 3383 1876 3422 ι
1902 3375 2181 3430 duodecim
2204 3387 2328 3431 sunt
2352 3379 2555 3445 pariter
2578 3379 2888 3448 illuminati;
2914 3387 3126 3440 tandem
3150 3389 3440 3457 aliquando

1846 3476 2120 3524 sumentes
2150 3469 2352 3524 lumina
2397 3471 2500 3525 diei
2544 3474 2611 3524 ab
2654 3474 2838 3528 umbra
2883 3477 3152 3544 defuncti,
3178 3482 3427 3539 nimirum

1845 3574 2198 3632 agnoscentes
2222 3563 2339 3632 ejus
2355 3563 2680 3620 adminiculo
2697 3583 2755 3621 se
2775 3584 2930 3634 posse
2955 3571 3132 3625 lumen
3156 3579 3431 3645 covtsequi,

1844 3653 1998 3722 cujus
2030 3652 2226 3710 virtute
2256 3657 2521 3724 potuisset
2551 3659 2728 3727 paries
2760 3660 3061 3718 fenestrari.
3098 3667 3192 3720 llis
3219 3678 3272 3721 et
3303 3684 3433 3722 cou-

1844 3744 2191 3813 sequentibus
2215 3745 2438 3800 infinitis
2461 3747 2756 3816 miraculis,
2779 3761 2835 3806 ct
2861 3753 2905 3807 si
2936 3758 3131 3811 summi
3163 3761 3430 3827 pontificis

1846 3835 2084 3891 membra
2119 3835 2375 3890 recubant
2406 3837 2457 3891 in
2489 3840 2753 3908 sepulcris
2778 3887 2792 3910 ,
2826 3855 3062 3902 attamen
3096 3865 3190 3916 per
3217 3851 3431 3908 Creato-

1843 3928 1920 3982 ris
1947 3929 2169 3995 gratiam
2217 3927 2268 3981 in
2309 3937 2510 3983 aeterna
2557 3935 2750 3986 szecnla
2786 3937 2971 3990 vivunt
2999 3940 3185 3993 merita
3219 3947 3429 3997 confes-

1843 4018 2006 4072 soris.
2044 4017 2140 4071 llic
2169 4017 2348 4087 itaque
2377 4021 2581 4074 ctelesti
2623 4023 2796 4087 dono,
2842 4030 3165 4082 venerandis
3206 4030 3428 4087 fioribus

1845 4111 2136 4164 adornatus
2161 4151 2176 4175 ,
2223 4110 2406 4181 viginti
2451 4116 2603 4166 annis
2645 4124 2699 4168 et
2732 4113 2756 4152 δ
2789 4132 2882 4171 sex
2915 4121 3184 4175 mensibus
3217 4125 3429 4191 pontiﬁ-

1841 4200 2010 4254 calem
2046 4203 2249 4269 apicem
2294 4203 2657 4256 ecclesiastica
2703 4207 3019 4273 regulariter
3059 4227 3287 4265 censura
3329 4231 3427 4283 gu-

1842 4289 2113 4353 bernans,
2168 4292 2292 4343 vita:
2340 4300 2518 4343 autem
2566 4297 2894 4365 octogesimo
2935 4314 3109 4362 anno,
3142 4301 3269 4356 illud
3307 4321 3427 4370 pro-

1839 4381 2107 4452 pheticum
2149 4381 2202 4434 in
2245 4384 2590 4451 potentatibtts
2636 4385 2979 4445 beatitudinis
3029 4394 3260 4450 culmine
3311 4398 3428 4453 lcli-

1846 4474 1982 4528 ciler
2026 4474 2283 4542 explens,
2327 4479 2556 4530 animam
2602 4480 2708 4533 Dco
2747 4484 3152 4550 charissimam,
3185 4503 3423 4559 ereptam

1842 4567 1907 4620 de
1959 4570 2190 4629 sacculo,
2241 4584 2543 4622 mansuram
2585 4587 2704 4624 cum
2751 4575 3001 4640 Christo,
3044 4583 3248 4649 angelis
3281 4586 3428 4652 plau-

1841 4659 2122 4719 dentibus,
2174 4657 2426 4713 Kalendis
2474 4662 2642 4714 Martii
2696 4663 2709 4699 ί
2765 4668 3059 4722 transmisit
3104 4672 3168 4724 ad
3218 4679 3419 4740 cmlns,

1841 4760 2125 4819 pratstante
2150 4750 2376 4805 Domino
2401 4766 2583 4806 nostro
2615 4754 2740 4808 Jesu
2770 4757 3005 4824 Christo,
3034 4762 3119 4816 cui
3143 4775 3223 4817 est
3249 4765 3421 4822 bonor

1836 4853 1889 4896 ct
1917 4843 2083 4909 gloria
2116 4846 2165 4897 itt
2197 4848 2390 4898 secula
2418 4847 2756 4900 saamlornm.
2791 4852 2983 4906 Amen.

1913 4934 1929 4970 ί
1980 4936 2031 4986 ltt
2067 4937 2285 5010 nnti_s_v.
2321 4952 2370 4990 c.
2403 4939 2590 5005 Steph.
2631 4941 2868 5010 Bolnzii,
2904 4949 2966 4997 ad
3003 4948 3281 5002 Servatum
3317 4952 3418 5007 Lu-

1835 5021 1978 5073 pum,
2015 5021 2132 5086 p_.tg.
2157 5007 2290 5086 3378,
2325 5019 2500 5088 esstat
2526 5013 2707 5088 cltarta
2740 5007 2944 5084 t\elingi
2965 5021 3207 5088 episcopi
3243 5031 3417 5078 Aude-

1833 5077 2083 5148 gavcnsis
2106 5117 2117 5134 ,
2156 5077 2206 5128 itt
2235 5095 2334 5144 qua
2370 5081 2594 5133 et'clvsia
2630 5088 2767 5138 beati
2800 5077 2972 5141 ΑΙιῖιιιί
3004 5077 3030 5140 it
3064 5077 3250 5144 sancto
3281 5097 3414 5148 ficr-

1833 5162 1989 5228 itlauu
2025 5147 2372 5228 'l'al‘lHOttlttt
2420 5153 2714 5219 episcopo,
2768 5157 3037 5213 voluntate
3085 5173 3138 5214 et
3187 5147 3411 5228 ltttpertn

1829 5217 2158 5298 titildeberti
2203 5222 2370 5286 regis,
2413 5237 2533 5298 ante
2579 5217 2784 5290 portant
2829 5233 3228 5298 Andegavensis
3265 5217 3415 5290 itt'bts

1830 5287 2043 5338 fundata
2080 5305 2427 5344 tttrttturatur.
2464 5287 2689 5346 Man-tu.

1902 5366 1925 5398 ιτ
1968 5359 2118 5419 Sura,
2149 5360 2252 5411 duo
2283 5363 2419 5414 citri.

1904 5426 1932 5463 δ
1975 5429 2073 5481 Ms.
2108 5434 2274 5510 sant-ti
2310 5433 2579 5510 Maximini
2615 5436 2777 5491 liabet
2807 5439 2988 5510 viginti
3020 5446 3209 5509 annis,
3243 5457 3296 5500 et
3321 5462 3410 5501 se-

1827 5507 1968 5564 pleut
2005 5505 2298 5552 tttettStbtts.
2335 5503 2494 5556 "ULL.

1911 5567 1922 5604 ί
1973 5570 2203 5654 Sanctus
2254 5574 2478 5653 Albinus
2527 5575 2755 5654 decessit
2804 5597 2901 5634 nec
2949 5595 3072 5636 ante
3121 5600 3209 5638 an.
3266 5587 3403 5654 549,

1823 5656 1926 5722 quo
1951 5657 2091 5691 anno
2119 5644 2434 5722 subsczipsit
2463 5648 2651 5722 t:()liCl|.
2686 5655 2868 5703 Aurel.
2897 5668 2944 5716 v,
2983 5671 3075 5722 per
3102 5644 3407 5718 Sapanduui

1823 5713 2256 5794 allilal6|ll,u(zll‘tll
2311 5716 2421 5782 ipse
2473 5713 3406 5794 fot‘tenagritutline'itnpedtretur;

1825 5796 1919 5850 nec
1950 5792 2067 5865 post
2111 5784 2250 5865 5.39,
2297 5803 2400 5865 quo
2430 5803 2568 5865 anno
2613 5784 2900 5865 Etltt'Opius
2941 5797 3058 5865 ej-ts
3094 5784 3402 5858 successor:

1820 5855 2126 5934 c‘a‘nnbintn
2179 5855 2610 5936 (ilanua-loliunse
2658 5863 2922 5916 dedicavit
2949 5855 2986 5928 ς’
3014 5869 3078 5918 de
3127 5885 3233 5936 quo
3282 5855 3404 5925 Vide.

1825 5925 2122 5984 Comitum,
2160 5928 2220 5976 ad
2252 5943 2336 5980 an.
2376 5925 2497 5987 55ft,
2535 5945 2678 5982 num.
2711 5931 2758 5984 5.
