4192 6566
162 404 253 468 689
1475 423 1633 478 VITA
1671 422 1730 480 S.
1773 423 2096 481 PATERNI.

3314 426 3425 488 490

166 557 187 587 ι
220 538 486 595 hominum
518 547 668 609 gesta
690 534 1071 608 praedicabilia,
1100 538 1197 593 sub
1219 545 1497 592 crescente
1523 536 1733 592 virtutis
1764 542 1816 600 Α
1842 537 1967 593 dum
2019 552 2174 592 suum
2223 545 2449 606 portata,
2476 542 2597 606 post
2643 535 2856 603 expleta
2903 538 3060 591 unius
3088 543 3209 595 anni
3252 547 3427 612 spatia

169 635 393 705 profectu
419 634 623 700 adulta,
650 630 674 669 ιι
708 647 770 687 ac
799 631 1117 687 venerandis
1147 632 1337 699 opibus
1376 631 1428 685 in
1458 630 1739 685 cumulum

165 740 321 783 sacrae
370 725 758 781 benedictionis
807 726 1021 789 educta,
1068 724 1445 780 miraculorum
1505 723 1738 778 ﬁdelium

166 818 259 871 iam
294 819 588 872 transmissi
636 816 889 886 temporis
937 816 1245 872 testimonio
1274 823 1399 870 sunt
1447 815 1737 882 declarata,

164 925 221 963 ac
265 909 540 964 vivacibus
589 910 783 964 mentis
828 908 1040 975 oculis,
1090 909 1187 962 etsi
1220 922 1325 962 non
1374 916 1659 961 teneantur
1686 907 1740 961 in

166 1000 381 1069 paginis,
416 999 571 1053 afﬁxa
598 1044 613 1068 ,
646 1001 769 1071 quia
823 999 1161 1055 extrinsecus
1206 999 1407 1052 advena
1459 1006 1595 1054 teste
1634 1012 1740 1053 non

165 1092 385 1162 indiget,
418 1092 505 1161 qui
535 1092 843 1148 domesticae
888 1092 1075 1161 gloria;
1124 1088 1458 1145 documentis
1501 1088 1737 1145 excellit.

167 1184 343 1251 ¢Quia
398 1194 575 1239 tamen
624 1184 1005 1238 corroboratur
1053 1197 1182 1253 grex
1236 1181 1461 1236 devotus
1512 1181 1740 1250 pastoris

160 1276 406 1345 sull'ragio
429 1319 444 1343 ,
478 1276 688 1348 quoties
720 1278 1117 1347 prmmissarunt
1150 1275 1403 1344 virtutum
1453 1274 1620 1342 ipsius
1656 1289 1741 1329 re-

162 1378 365 1423 creatur
408 1371 636 1437 antlitu,
689 1384 809 1437 qua:
857 1368 923 1422 ad
973 1376 1209 1422 nostram
1243 1366 1485 1421 notitiam
1534 1366 1740 1434 perlata

162 1470 274 1513 sunt
304 1459 371 1514 de
400 1462 563 1529 gestis
608 1469 663 1513 et
711 1459 1120 1514 conversatione
1170 1458 1310 1513 beati
1352 1457 1604 1512 antistitis
1634 1458 1738 1512 l’a-

164 1553 313 1616 terni,
346 1552 413 1607 ad
444 1552 737 1624 profectum
769 1554 1100 1609 audientium
1123 1593 1137 1618 ,
1169 1561 1436 1621 utcunque
1470 1552 1742 1606 denudare

161 1645 467 1715 satagimus.

226 1738 277 1790 2.
312 1738 332 1771 ιε
370 1739 776 1793 Sacratissimus
808 1738 968 1807 igitur
996 1737 1255 1793 Paternus
1291 1736 1561 1799 Pictavus,
1588 1732 1739 1804 cujus

161 1830 483 1901 Aquitanicae
512 1828 763 1899 regionis,
785 1828 935 1898 juxta
968 1829 1153 1884 saeculi
1186 1828 1430 1883 ordinem
1462 1826 1739 1898 generosis

1842 634 2054 696 reperta
2078 638 2161 682 est
2207 628 2539 697 incorrupto;
2575 630 2645 681 ita
2678 636 2736 682 ut
2762 636 2969 681 stamen
3027 629 3143 696 ejus
3184 646 3282 686 nec
3311 633 3428 690 hie-

1844 719 2002 773 malis
2024 717 2216 783 imber,
2250 732 2347 771 nec
2376 718 2553 772 fervor
2581 720 2795 773 :nstivus
2829 720 2917 773 ﬁlo
2947 731 3289 787 putrescente
3319 726 3429 780 sol-

1842 810 2017 876 verit;
2048 810 2142 865 sed
2174 807 2201 847 ιι
2233 810 2438 880 integra
2482 810 2812 879 perstiterat,
2846 826 2909 867 ac
2938 813 2982 866 si
3013 822 3136 868 tunc
3171 815 3286 870 fuso
3318 824 3427 871 tor-

1843 912 2038 975 quente
2073 903 2140 958 de
2167 918 2327 957 manu
2356 901 2588 957 laniﬁca:
2619 903 2844 972 pendula
2878 906 3245 973 processisset.

1913 996 1966 1048 5.
2008 993 2023 1033 ί
2061 995 2193 1051 Dum
2244 995 2366 1051 hinc
2408 1010 2468 1051 se
2516 996 2579 1050 ad
2625 995 2882 1066 majorem
2931 1000 3179 1054 virtutem
3207 1001 3429 1056 ahado-

1842 1086 2165 1143 lescentibus
2210 1088 2384 1143 adhuc
2430 1087 2584 1142 annis
2631 1090 2977 1156 extenderet,
3024 1108 3083 1145 ac
3140 1095 3429 1150 terminum

1846 1175 2162 1247 perieulosaa
2190 1181 2363 1233 aetatis
2395 1179 2701 1244 transiliret.
2727 1181 2952 1235 consilio
2986 1182 3115 1237 inito
3143 1198 3262 1239 cum
3292 1184 3429 1241 Scu-

1842 1270 2059 1336 bilione,
2090 1270 2328 1339 ejusdem
2362 1269 2573 1324 cellul:e
2605 1272 2866 1325 monacho
2892 1314 2908 1337 ,
2944 1283 3161 1342 propter
3191 1290 3429 1329 amorem

1842 1360 2063 1428 Christi,
2096 1361 2293 1417 relictis
2326 1361 2658 1430 parentibus,
2688 1362 2740 1417 in
2773 1368 2786 1414 t
2822 1364 3172 1422 Constantino
3207 1385 3341 1439 pago
3371 1384 3433 1425 se

1844 1452 2071 1509 libenter
2101 1454 2378 1525 elegerunt
2404 1454 2519 1510 ﬁeri
2564 1456 2875 1525 peregrinos
2908 1459 3019 1526 pari
3052 1463 3429 1527 contubernio,

1842 1547 2014 1602 solum
2051 1547 2391 1615 deportantes
2424 1547 2761 1603 Psalterium.
2795 1549 2947 1603 Tune
2980 1560 3198 1606 sanctus
3229 1554 3436 1609 Scubi-

1844 1638 1937 1705 lio,
1970 1640 2094 1694 licet
2139 1648 2284 1694 esset
2334 1639 2533 1705 senior,
2568 1639 2754 1694 videns
2786 1638 2808 1675 κ
2843 1640 3148 1705 Paternum,
3176 1645 3287 1698 suis
3316 1660 3433 1700 me-

1842 1731 1963 1785 ritis
1996 1730 2219 1785 multum
2250 1730 2648 1793 honorandum,
2674 1729 2742 1783 ad
2776 1731 2991 1785 fratrem
3026 1733 3124 1787 sibi
3152 1750 3436 1804 coaequau-

1843 1822 1988 1892 dutn,
2013 1837 2167 1878 suum
2199 1821 2217 1859 ἲ
2245 1821 2445 1876 dimisit
2472 1822 2711 1890 pallium.
2737 1831 2775 1857 ω
2796 1822 2892 1877 Cui
2914 1822 3040 1877 dum
3070 1826 3119 1878 in
3146 1827 3433 1894 quamdam

161 1921 487 1990 parentibus,
519 1931 572 1975 et
622 1921 859 1975 exterius
910 1920 961 1973 in
1012 1918 1475 1973 administratione
1522 1918 1729 1986 publica
1760 1916 1809 1978 Β
1839 1915 2097 1982 insulam,
2132 1924 2353 1986 propter
2381 1915 2686 1969 solitudinis
2736 1930 2997 1981 amorem,
3028 1928 3084 1971 ut
3116 1919 3209 1984 ibi,
3244 1921 3433 1986 procul

159 2014 279 2068 olim
303 2013 601 2082 occupatis,
627 2022 962 2082 procreatus,
986 2014 1184 2066 sanctis
1204 2011 1443 2065 moribus
1468 2012 1740 2064 institutus

158 2114 255 2160 est.
286 2106 379 2159 llic
410 2120 436 2156 a
468 2104 628 2159 Julita
677 2112 867 2172 matre,
900 2104 1011 2157 fere
1057 2102 1331 2170 sexaginta
1374 2116 1635 2155 annorum
1664 2101 1743 2153 vi-

155 2198 278 2259 dua,
300 2196 588 2261 enutritus,
616 2196 821 2251 cmlesti
854 2195 1205 2263 inSpiratione
1227 2210 1256 2247 a
1286 2193 1469 2261 primis
1503 2190 1741 2245 infantia:

156 2288 304 2341 annis
350 2296 574 2341 matura:
615 2288 737 2341 vita:
769 2287 915 2341 frena
948 2286 1218 2355 suscepit,
1252 2294 1272 2320 ο
1303 2293 1357 2340 et
1386 2284 1438 2338 in
1474 2295 1740 2338 monaste-

156 2381 232 2435 rio
258 2379 277 2419 ί
305 2381 589 2435 Enesionis
607 2380 793 2451 jngnm
817 2378 1099 2434 dominicae
1124 2379 1345 2433 cultura:
1370 2377 1739 2432 monachicum

153 2482 455 2543 gestaturus
484 2469 773 2544 [habitum]
807 2472 1082 2541 expetivit.
1125 2468 1223 2525 Cui
1271 2484 1392 2524 mox
1439 2468 1505 2523 ab
1554 2468 1744 2522 abbate

154 2578 250 2619 suo
302 2566 366 2618 ad
417 2562 878 2633 dispensationem
933 2562 1136 2617 cellarii
1184 2561 1492 2629 deputatus,
1524 2560 1576 2613 in
1628 2558 1743 2627 ipso

156 2655 328 2723 primo
358 2655 525 2724 gradu
565 2653 711 2708 dedit
741 2652 994 2707 indicium
1019 2667 1078 2706 se
1101 2650 1167 2705 ad
1192 2651 1356 2705 multa
1378 2650 1739 2720 gubernanda,

156 2748 507 2801 distribuente
532 2746 775 2813 Domino,
807 2745 1110 2815 pontificem
1135 2759 1256 2799 mox
1281 2743 1541 2799 futurum.
1564 2740 1729 2810 Cujus

156 2849 328 2895 mater
356 2839 467 2909 jam
518 2853 780 2893 converso
822 2835 1080 2891 infantulo
1129 2850 1248 2890 cum
1301 2834 1532 2888 tunicam
1582 2832 1745 2887 vellet

154 2930 353 2995 facere,
399 2931 626 2985 orditam
674 2930 833 2983 telam
879 2943 1005 2983 casu
1038 2941 1201 2996 super
1235 2937 1259 2974 ες
1291 2932 1491 2981 tectum
1543 2926 1740 2994 posuit.

151 3023 283 3088 Quae
326 3024 581 3093 subrepta
609 3024 676 3078 ab
702 3036 799 3078 ave
824 3062 840 3087 ,
875 3038 993 3091 qua:
1022 3022 1214 3076 dicitur
1246 3021 1457 3083 ntilvus,
1483 3028 1537 3073 et
1576 3019 1628 3072 itt
1659 3016 1743 3072 ni-

225 3167 250 3192 ο
286 3157 423 3211 liinc
453 3156 638 3223 incipit
687 3155 938 3224 prologus
980 3153 1033 3208 in
1060 3153 1185 3209 Mss.
1215 3153 1521 3224 Trevircnsi
1549 3160 1603 3206 et
1636 3151 1742 3205 Bo-

150 3226 409 3295 decensi,
440 3229 512 3281 uti
559 3227 697 3295 apud
736 3223 984 3289 Surium;
1033 3224 1291 3279 Acherius
1336 3240 1432 3292 pro
1479 3223 1743 3276 hominum

151 3298 277 3366 legit
306 3309 539 3351 actuum.
572 3298 837 3351 UOLLAND.

224 3369 252 3407 δ
290 3370 555 3424 Acherius
598 3370 675 3422 sic
723 3368 847 3436 legit
896 3383 909 3418 :
956 3367 1027 3418 Ac
1071 3364 1370 3418 venerandis
1409 3364 1642 3432 operibus
1688 3366 1743 3418 in

151 3442 425 3495 cumulum
457 3449 674 3492 sacratae
717 3436 1079 3491 benedictionis
1122 3439 1338 3495 educta,
1384 3438 1743 3489 miraculorum

152 3510 390 3578 ﬁdelium
415 3512 531 3580 jam
557 3509 841 3562 transmissi
872 3508 1110 3580 temporis
1141 3506 1425 3580 testimonio
1454 3508 1739 3580 declarata,

150 3576 179 3631 a
210 3576 471 3634 vivacibus
520 3580 711 3633 ntcritis
762 3594 956 3645 semper
1007 3578 1246 3630 assistunt
1288 3576 1409 3644 ﬁdei
1440 3579 1621 3644 oculis,
1646 3580 1742 3630 etsi

150 3668 253 3703 non
300 3652 456 3721 aﬁixa
488 3660 751 3704 teneantur
788 3651 842 3702 in
891 3648 1121 3721 paginis,
1148 3648 1385 3721 quoniam
1411 3648 1743 3721 extrinsecus

148 3717 357 3775 advena
376 3729 501 3775 teste
528 3738 630 3774 non
658 3720 907 3791 indigent,
935 3717 1024 3788 qui
1054 3718 1342 3771 domestica:
1368 3717 1545 3787 gloria:
1585 3719 1742 3772 docu-

153 3794 345 3846 mentis
375 3793 651 3847 excellunt.

229 3873 254 3901 ο
285 3864 593 3932 Sequentes
640 3862 795 3917 linere
848 3869 974 3915 sunt
1017 3860 1070 3915 iu
1121 3858 1217 3932 Ms.
1265 3857 1573 3913 Bodecensi.
1606 3859 1737 3932 _Bot..

149 3934 355 3989 Acher.
379 3928 518 3986 'vero
542 3934 790 4001 superius
839 3932 916 3989 sic
960 3933 1084 4001 legit
1110 3948 1121 3981 :
1154 3929 1219 3982 Et
1246 3938 1427 4001 tamen
1448 3928 1744 3982 corrobora-

150 4015 235 4057 tur
257 4021 397 4077 grex,
413 4000 625 4057 devotus
652 4004 716 4058 de
739 4005 956 4069 pastoris
987 4000 1266 4077 su/fragio‘,
1290 4000 1482 4069 quoties
1511 4002 1743 4067 prarmis-

146 4070 325 4129 sai-tim
349 4076 596 4129 virtutum
632 4077 842 4142 ipsoque
869 4084 1126 4126 recreatur
1146 4070 1347 4142 audita.

219 4145 247 4183 ἀ
275 4145 512 4201 Acher.:
541 4140 930 4200 Sacratissimus
970 4144 1127 4211 igitur
1182 4141 1433 4193 l’aternus
1478 4140 1743 4211 episcopus

148 4215 382 4271 Pictavis
428 4217 581 4280 civis,
615 4226 743 4277 etc.,
777 4218 1032 4284 generosis
1076 4212 1365 4283 parentibus
1410 4220 1655 4284 exortus,
1689 4213 1742 4265 in

145 4288 654 4341 administrationem
689 4282 942 4354 publicam
973 4282 1288 4354 procreatus,
1317 4282 1607 4351 generosior
1637 4299 1746 4337 mo-

145 4359 293 4412 ribus
320 4360 587 4411 institutus
613 4374 645 4410 a
668 4354 834 4410 Julita
854 4366 1034 4421 matre,
1060 4360 1163 4424 fere
1190 4370 1256 4409 ιι
1285 4368 1540 4405 annorum
1564 4354 1737 4424 vidua,

147 4429 474 4484 nobilissime
507 4432 774 4487 enutritus.
805 4438 907 4482 etc.
960 4422 1148 4482 Sor—ius
1178 4442 1303 4479 vero
1336 4424 1491 4477 habet
1520 4442 1530 4475 :
1556 4422 1674 4476 Jam
1711 4441 1742 4477 a

148 4502 355 4554 duobus
379 4501 531 4552 annis
552 4501 739 4565 vidua;
765 4508 819 4552 at
846 4498 897 4551 in
931 4499 1179 4551 omnibus
1208 4496 1334 4549 Mss.
1370 4495 1561 4562 legitur
1594 4495 1740 4562 (sub-

146 4572 227 4624 dit
260 4570 545 4642 iiolland.)
577 4571 844 4640 sexaginta
870 4572 1259 4642 {creaturarum
1291 4566 1469 4642 vidua,
1497 4566 1644 4629 quasi
1674 4566 1739 4618 ad

1771 3272 1819 3336 C

1844 2011 2070 2076 mundo,
2105 2011 2213 2064 Deo
2249 2010 2479 2079 proximi
2503 2020 2769 2074 vacarent,
2803 2008 2879 2064 ire
2904 2013 3329 2080 constituissent,
3364 2016 3434 2070 ab

1845 2118 1907 2160 ea
1936 2111 2110 2158 mente
2140 2105 2377 2158 revocati
2427 2111 2552 2158 sunt
2576 2117 2604 2155 a
2635 2104 2867 2170 quodam
2898 2106 3013 2157 viro
3043 2116 3230 2159 sancto
3260 2108 3429 2162 nobili

1845 2204 1900 2252 et
1931 2196 2177 2251 timorato
2202 2238 2216 2260 ,
2252 2196 2340 2265 qui
2370 2196 2580 2265 rogavit
2607 2209 2702 2248 eos
2731 2202 2789 2248 ut
2819 2203 2844 2229 η
2874 2194 3181 2249 Sesciacunt
3214 2212 3272 2250 se
3302 2213 3431 2251 con-

1843 2282 2069 2354 ferrent,
2095 2296 2150 2342 ut
2179 2287 2278 2341 loci
2307 2290 2558 2356 populum
2586 2300 2614 2339 a
2640 2286 3027 2354 superstitione
3049 2297 3102 2342 et
3128 2286 3429 2345 idololatria

1844 2392 1939 2433 sua
1986 2388 2378 2441 converterent,
2413 2389 2466 2433 et
2506 2393 2626 2432 eum
2661 2377 2785 2433 Iesu
2816 2376 3012 2432 Christi
3040 2378 3218 2434 ﬁdem
3270 2381 3429 2437 doce-

1847 2481 1984 2528 rent.
2010 2481 2034 2509 ο
2067 2473 2217 2529 Tunc
2269 2474 2425 2544 igitur
2457 2486 2643 2526 versus
2688 2471 2997 2541 speluncam
3029 2484 3215 2527 euntes
3238 2517 3251 2539 ,
3286 2475 3431 2529 inve-

1845 2572 2039 2619 nerunt
2064 2579 2260 2619 caecam
2290 2563 2497 2632 plebem
2527 2563 2771 2629 multam,
2803 2578 2897 2617 sua
2930 2563 2999 2617 ibi
3047 2567 3192 2633 orgia
3224 2574 3276 2619 et
3304 2565 3431 2619 deo-

1845 2670 1962 2711 rum
1993 2656 2038 2710 fe
2076 2665 2121 2709 ta
2149 2655 2508 2711 celebrantem
2538 2674 2549 2709 :
2575 2671 2732 2725 quam
2776 2655 2969 2709 hortati
3014 2665 3141 2709 sunt
3191 2659 3431 2714 zelanter

1852 2747 1991 2801 idola
2041 2747 2360 2817 relinquere,
2391 2756 2444 2802 et
2490 2747 2655 2801 Deum
2701 2761 2881 2801 verum
2907 2786 2920 2811 ,
2952 2756 3007 2800 ut
3036 2748 3166 2800 salvi
3202 2752 3382 2803 tierent
3411 2789 3430 2815 ,

1847 2839 2094 2908 adorare,
2141 2850 2193 2896 et
2240 2841 2557 2911 baptismum
2606 2841 2899 2911 suscipere,
2934 2852 3149 2910 propter
3175 2858 3295 2897 eum
3335 2845 3426 2913 qui

1848 2931 1973 2986 fecit
2000 2947 2112 2987 eos.
2141 2931 2247 2988 Sed
2278 2933 2590 2988 maledictus
2620 2932 2710 2987 ille
2756 2935 3002 3002 populus,
3030 2934 3290 2989 malitiose
3334 2951 3425 2991 oc-

1845 3023 2065 3079 cludens
2107 3040 2264 3080 aures
2303 3030 2412 3079 tant
2455 3025 2649 3079 sanctis
2693 3039 2755 3078 ac
2813 3024 3132 3080 salutaribus
3184 3028 3421 3093 monitis,

1847 3159 2215 3235 Occidentem,
2249 3161 2315 3215 ad
2346 3162 2618 3217 Oceanum
2660 3160 3043 3230 Britannicum,
3071 3163 3227 3235 vulgo
3249 3170 3295 3220 le
3320 3164 3423 3221 Co-

1850 3232 2030 3284 tentin.
2065 3231 2334 3288 BOLLAND.

1920 3298 1947 3338 ¹ι
1972 3301 2167 3357 Acher.
2190 3322 2200 3354 ;
2235 3300 2516 3357 Paternum
2545 3305 2737 3358 meritis
2759 3305 3135 3358 honorandum.

1924 3370 1935 3408 ³
1977 3371 2140 3445 Alias,
2164 3374 2352 3427 diuisit.
2385 3376 2648 3445 lloLLtno.
2675 3374 2785 3430 Cur
2811 3391 2936 3429 vero
2958 3378 3193 3431 Scultilio
3216 3382 3418 3445 senior,

1844 3456 1950 3497 non
2015 3444 2299 3506 Paternus,
2329 3444 2547 3512 pallium
2573 3447 2855 3513 gestabat?
2885 3448 2966 3500 An
3008 3451 3250 3502 monachi
3312 3444 3423 3505 An-

1846 3515 2262 3579 sionenses,seu
2288 3516 2726 3579 Enessioneuses,
2745 3518 3086 3571 imitabantur
3113 3518 3417 3577 Grmcot‘ttttt

1845 3600 2189 3656 monacorunt
2212 3601 2438 3653 morem,
2462 3590 2569 3655 qni,
2596 3587 2646 3639 in
2678 3596 2785 3639 tres
2808 3588 3041 3641 distincti
3072 3590 3308 3656 ordines,
3342 3596 3424 3647 di-

1846 3654 2014 3709 versis
2046 3664 2266 3711 utuntur
2298 3654 2571 3711 vestibus?
2622 3657 2824 3725 Nempe
2873 3659 3194 3714 novitiorum
3228 3654 3307 3716 est
3338 3674 3421 3719 tu-

1772 3780 1776 3787 ,
1845 3725 1985 3787 nica.
2043 3730 2310 3796 cingulum
2365 3736 2419 3781 et
2471 3727 2677 3796 pileus;
2728 3727 3109 3796 perfectorom,
3155 3747 3249 3785 seu
3289 3736 3425 3790 votis

1844 3799 2193 3876 astrictoruni
2220 3798 2492 3876 .pa‘llium;
2520 3799 2943 3876 _per_fectiorum,
2995 3801 3239 3856 cuculla?
3282 3804 3425 3876 Lege

1844 3877 1999 3990 Rimas
2049 3866 2469 3924 Jacobi’Goaris
2519 3868 2571 3922 itt
2622 3868 3067 3935 Eucltol.Grtec.,
3117 3887 3235 3944 pag.
3294 3866 3421 3933 483.

1898 3953 2032 3990 ABIL.

1898 3953 2032 3991 ΑΒΗ..

1916 4018 1953 4084 ξιξ
1986 4010 2183 4084 Acher.
2208 4024 2227 4084 ς
2248 4009 2367 4084 Qui
2388 4010 2511 4063 dum
2539 4011 2589 4063 in
2619 4010 2840 4079 quadam
2867 4011 3270 4084 insulaiprOpter
3300 4018 3424 4070 soli-

1846 4078 2069 4151 tudinem
2114 4081 2460 4151 desiderarent
2514 4083 2785 4147 accedere,
2835 4082 2911 4134 vir
2965 4078 3171 4151 quidam
3222 4088 3425 4142 nomine

1847 4150 2114 4214 Amabilis,
2152 4149 2259 4205 Deo
2302 4152 2589 4217 tiinoratus,
2622 4152 2782 4205 donec
2828 4153 2893 4205 de
2917 4149 3041 4218 ἔρεξε
3069 4155 3261 4209 civibus
3288 4175 3423 4212 nun-

1846 4222 2015 4286 tiaret,
2046 4222 2264 4275 detinuit
2294 4238 2376 4274 eos
2405 4223 2598 4286 dicens,
2624 4233 2679 4275 ut
2724 4224 2775 4276 in
2808 4223 2929 4290 fano
2974 4223 3212 4278 Sesciaco
3252 4244 3305 4280 se
3342 4231 3425 4281 di-

1845 4302 2059 4361 gnanter
2105 4295 2461 4350 reconderent.
2515 4309 2576 4346 ac
2627 4310 2718 4346 sua
2762 4294 3120 4348 intercessione
3165 4298 3420 4353 diabolica

1846 4360 2077 4425 cultura,
2111 4378 2261 4432 quam
2305 4364 2483 4433 gentili
2527 4363 2618 4418 sub
2657 4380 2828 4418 errore
2881 4366 3001 4417 mali
3031 4370 3421 4435 venerabantur,

1848 4442 2089 4485 cessaret.

1918 4511 1943 4537 τι
1975 4503 2029 4555 ln
2063 4505 2183 4558 aliis
2208 4504 2330 4558 Mss.
2362 4512 2413 4558 et
2436 4503 2645 4568 Surius,
2672 4505 2974 4561 Sisciacnm.
3011 4508 3276 4563 BOLLAND.

1920 4581 1945 4609 °
1977 4575 2161 4643 Aliqua
2188 4574 2313 4630 Mss.
2345 4583 2537 4628 vocant
2562 4593 2574 4627 :
2602 4579 3262 4644 receptaculuntcaverntn
3284 4583 3427 4639 circa

146 4641 300 4697 illum
351 4634 660 4696 a-tatis'suae
692 4634 888 4695 annum
919 4638 1071 4693 vidua
1102 4653 1223 4694 eum
1254 4636 1497 4690 educavit
1548 4650 1642 4704 per
1667 4649 1741 4689 χιι
1772 4634 1820 4692 D
1847 4642 2021 4719 sinum
2053 4634 2267 4719 (ﬁgulis,
2304 4645 2571 4719 301,9“.
2610 4634 2868 4701 Achérius
2913 4663 3038 4703 vero
3076 4653 3152 4703 sic
3187 4634 3427 4719 loga};

147 4723 242 4768 aut
270 4729 343 4767 xv
373 4728 565 4767 annos.

224 4794 249 4820 ο
286 4785 524 4838 Aclter.:
552 4783 617 4837 Et
645 4784 700 4836 in
722 4781 1086 4836 monasterium
1115 4778 1414 4841 Enessione,
1438 4778 1624 4848 jugum
1654 4779 1745 4833 do-

146 4858 254 4908 min
265 4857 361 4908 ica:
388 4856 605 4907 cultura:
629 4855 905 4907 monachus
926 4861 1211 4923 gestaturus
1243 4850 1499 4923 expetivit.

226 4924 247 4963 ί
286 4925 631 4979 Ansionense
656 4966 669 4989 ,
698 4926 799 4979 sive
850 4918 1211 4987 Enixionense,
1253 4929 1343 4974 aut
1372 4918 1739 4985 Hensionense,

150 4998 553 5051 monasterium
598 4998 680 5065 (ut
709 5003 859 5050 notat
898 4994 1167 5048 Mabillou.
1210 4996 1261 5048 in
1310 4991 1448 5065 notis
1475 4991 1743 5065 adVitam

147 5070 329 5122 sancti
384 5063 768 5133 Aicardt‘ab.),
798 5080 960 5120 censu
993 5066 1203 5133 quidem
1235 5063 1520 5133 modicum,
1556 5064 1745 5117 hacte-

150 5153 255 5191 nus
304 5138 588 5201 subsistit,
618 5152 647 5190 a
693 5132 886 5189 nostris
935 5132 1203 5189 exeultum
1239 5134 1415 5189 Sancti
1463 5132 1636 5186 Jovini
1683 5134 1747 5188 de

148 5206 391 5272 Hamis,
444 5208 599 5279 vulgo
651 5205 1334 5279 Saint—Jouinhditecesis
1375 5204 1743 5279 Pictaviensis,

150 5280 504 5334 Armoricam
542 5276 777 5342 'versus,
821 5293 987 5345 prOpe
1029 5276 1071 5330 Τ
1077 5280 1312 5332 oarcium
1361 5276 1618 5345 oppidum
1646 5318 1659 5340 ,
1694 5285 1749 5331 et

146 5349 433 5404 Thasdam
459 5364 668 5421 amnem
698 5350 767 5421 (te
797 5347 979 5419 Toué).

223 5430 252 5469 ι
285 5421 423 5476 Mss.
474 5416 726 5475 Rothom.
751 5461 765 5484 ,
795 5416 1045 5487 domum,
1079 5418 1284 5483 BOLL.;
1334 5416 1562 5480 Acher.,
1596 5434 1749 5488 super

143 5501 351 5549 tectum
393 5495 667 5562 imposuit;
695 5500 748 5547 et
770 5492 925 5561 paulo
956 5500 1105 5562 post,
1134 5490 1201 5544 ad
1242 5489 1421 5543 nidum
1460 5504 1611 5543 suum
1634 5506 1748 5561 pcr-

144 5567 336 5631 ducta,
375 5576 483 5617 etc.

223 5637 253 5673 ιι
292 5635 458 5697 lbid.,
490 5635 691 5705 integra
724 5634 959 5703 perstitit.

235 5709 250 5744 ι
284 5706 488 5777 Acher.
513 5724 525 5759 :
556 5703 755 5759 Dehinc
772 5708 838 5759 ad
858 5706 1108 5777 majorem
1130 5704 1364 5758 virtutem
1381 5719 1432 5756 se
1452 5703 1751 5758 adolescen-

147 5782 291 5835 tibus
324 5776 503 5830 adltuc
545 5776 697 5830 annis
734 5776 1027 5843 extendens,
1057 5777 1327 5831 terminum
1356 5777 1563 5845 puerilis
1586 5777 1750 5830 tutetis

142 5850 478 5915 transiliens,
501 5858 607 5903 etc.

227 5927 244 5977 t
292 5921 474 5992 Pagus
523 5918 942 5983 Constantinus,
990 5916 1331 5976 Normannize
1390 5934 1509 5989 pars
1564 5933 1750 5978 versus

452 6015 731 6077 Parnon.
777 6010 1189 6074 LXXXVIII.

1850 4722 1957 4767 tum
1995 4717 2133 4769 hunc
2165 4718 2337 4771 locum
2369 4733 2379 4767 ε
2414 4715 2558 4769 Tunc
2586 4718 2720 4771 c'rca
2769 4719 2939 4771 sinum
2990 4722 3170 4773 montis
3204 4715 3263 4773 iii
3289 4740 3429 4777 rece-

1848 4785 2049 4854 ptaculo
2076 4802 2301 4840 caverna:
2329 4804 2445 4839 cum
2473 4804 2563 4840 suo
2593 4787 2940 4841 contubernali
2981 4791 3056 4843 vir
3104 4793 3313 4845 eremita
3343 4798 3427 4848 in-

1850 4873 2049 4925 gressus
2076 4870 2165 4912 est.
2195 4860 2273 4911 Ad
2296 4860 2430 4925 quod
2457 4861 2631 4925 [unum
2657 4860 2875 4927 populus
2907 4861 3028 4914 dum
3060 4876 3123 4913 ex
3150 4875 3427 4918 consuetu-

1849 4929 1967 4980 dine
1998 4945 2085 4991 per
2106 4944 2254 4981 sacra
2275 4928 2604 4981 exsecrabilia
2628 4930 2982 4995 debacchuret,
3016 4932 3308 4987 admonitus
3353 4947 3430 4989 est

1850 5013 1881 5049 a
1910 5000 2098 5073 sanctis
2116 5000 2260 5063 viris,
2288 5015 2349 5073 ne
2373 5015 2504 5073 vana
2526 4997 2820 5073 colendose
2848 5004 3071 5055 crederet
3095 5006 3308 5069 salvari,
3341 5009 3429 5073 qui

1848 5070 2034 5121 salvari
2056 5079 2272 5138 poterat,
2298 5070 2341 5124 si
2366 5085 2465 5122 non
2490 5071 2715 5124 irritaret
2750 5070 2804 5123 in
2856 5072 3052 5141 injuria
3100 5070 3427 5138 Creatorem,

1849 5142 1936 5193 sed
1958 5141 2150 5209 justius
2187 5151 2378 5205 ageret,
2407 5142 2449 5192 si
2473 5142 2726 5195 conditori
2763 5158 2854 5195 suo
2884 5144 3194 5211 vivi/iculum
3224 5148 3431 5211 plasma

1849 5215 2093 5276 serviret;
2124 5227 2237 5280 quia
2265 5211 2404 5279 plebs
2434 5214 2735 5266 reverendos
2777 5215 2910 5265 viros
2959 5215 3293 5268 irreverenter
3341 5220 3433 5271 de-

1850 5283 2107 5350 spiciens,
2164 5283 2320 5353 ritum
2362 5299 2509 5350 quem
2555 5284 2770 5351 pessime
2827 5295 3043 5352 eruperat
3095 5286 3427 5353 pertinaciter

1850 5354 2129 5407 exercebat.
2160 5351 2307 5406 Tunc
2333 5364 2535 5407 sanctus
2562 5370 2675 5406 cum
2697 5351 2908 5425 collega
2929 5371 3046 5418 suo,
3078 5351 3180 5408 tam
3229 5358 3424 5425 fervore

1851 5425 1993 5493 ﬁdei,
2023 5440 2177 5493 quam
2203 5426 2385 5478 vexillo
2430 5426 2615 5487 crucis,
2649 5423 2857 5487 armali,
2891 5428 3181 5481 accedentes
3214 5423 3283 5479 ad
3305 5445 3425 5486 vasa

1851 5495 1934 5548 ubi
1992 5495 2328 5563 pulmentaria
2375 5495 2752 5565 decoquebant,
2812 5498 3016 5567 singula
3067 5496 3173 5549 suis
3231 5497 3425 5555 baculis

1851 5572 2169 5638 everterunt;
2211 5575 2387 5638 potum
2408 5582 2543 5638 tero,
2572 5584 2658 5634 per
2689 5568 2913 5636 cupellas
2942 5568 3247 5638 dispositum
3270 5572 3423 5625 deor-

1850 5653 1962 5691 sum
1991 5636 2197 5690 evellere
2226 5636 2333 5706 (vel
2362 5636 2645 5705 e/fundere)
2693 5642 2957 5691 voluerunt
2987 5680 3000 5701 ,
3027 5636 3033 5638 ⁷
3064 5647 3424 5705 postponentes

1850 5723 2003 5764 suum
2054 5707 2357 5775 periculum,
2390 5708 2663 5762 dummodo
2711 5711 2863 5779 fortes
2912 5710 3093 5763 mili'es
3136 5725 3431 5777 pugnarent

1852 5796 1944 5848 pro
1972 5779 2194 5842 Christo,
2212 5779 2568 5851 desiderantes
2599 5781 2924 5845 martyrium,
2956 5784 2995 5832 si
3026 5780 3229 5832 devotus
3274 5786 3426 5851 feriri:

1853 5867 1955 5904 non
1977 5849 2354 5919 reformidasset
2384 5865 2667 5919 percussor.
2724 5851 2824 5904 Sal
2876 5867 3033 5919 ntagts
3082 5857 3210 5902 nutu
3253 5849 3424 5909 divino

1851 5922 1950 5993 ipsi
1975 5924 2028 5977 in
2055 5921 2232 5979 timore
2257 5932 2373 5977 sunt
2400 5921 2581 5990 habiti,
2604 5922 2694 5992 qui
2721 5933 2951 5995 poterant
2976 5922 3242 5975 trucidari.

2969 6012 3041 6072 16
