4192 6548
770 391 866 452 191

1483 381 1798 439 VENANlll
1841 380 1998 437 llON.
2041 376 2254 434 CLEM.
2297 373 2688 434 FORTUNATI
2731 375 3014 436 OPERUM
3044 379 3220 439 PARS
3254 378 3315 433 ll.

3941 373 4038 427 ‘09

773 524 958 564 eorum
999 518 1296 559 sermonem
1328 512 1678 571 spreverunt,
1708 512 1761 554 et
1791 517 1909 554 cum
1945 513 2132 568 magna
2164 505 2350 550 contu-
2387 500 2428 552 Α
2462 499 2657 551 rimum
2690 499 2836 553 illum
2859 499 3191 560 sitientibus,
3221 498 3342 566 quia
3373 503 3520 551 tanto
3548 495 3728 565 magis
3752 507 3885 548 caro
3913 496 3940 544 li
3965 496 4045 546 θεὶ-

776 601 945 655 macia
973 599 1354 651 dmmoniorum
1387 611 1600 647 suorum
1635 593 1895 646 horrenda
1939 590 2202 644 sacrificia
2234 604 2352 658 pcr-

781 693 1041 742 lecernnt.
1093 687 1444 740 Nihilominus
1481 694 1698 738 sanctus
1750 684 2008 737 l’aternus
2046 691 2100 737 et
2141 692 2355 735 sanctus

777 782 1038 845 Scubilio,
1057 782 1356 834 munientes
1377 793 1436 830 se
1456 778 1605 841 signo
1628 776 1820 839 crucis,
1839 776 2028 828 armati
2055 773 2351 828 constantia

777 884 833 929 ct
849 882 1001 927 scuto
1020 873 1163 935 fidei,
1180 871 1508 936 scipi0nihns
1531 869 1641 921 suis
1655 877 1965 922 everterunt
1985 865 2118 920 ollas
2139 875 2354 919 etcaca-

777 963 899 1028 bos,
943 963 1203 1033 inquibus
1227 960 1404 1014 miseri
1427 961 1497 1014 illi
1519 961 1779 1014 idolorum
1801 959 2032 1012 cultores
2055 957 2356 1024 coquebant

778 1072 972 1112 carnes
999 1071 1130 1125 quas
1180 1056 1475 1110 simulacris
1511 1055 1900 1108 tlcdieaverant.
1941 1053 2054 1107 Non
2098 1054 2353 1106 timebant

779 1149 922 1204 enim
939 1146 1034 1201 viri
1049 1147 1139 1200 Dei
1156 1147 1274 1201 vita:
1288 1162 1416 1210 sum,
1435 1147 1546 1211 sed,
1562 1147 1674 1199 zelo
1686 1160 1810 1215 erga
1823 1145 2174 1198 Christianam
2192 1145 2352 1198 (idem

780 1249 836 1296 ct
869 1239 965 1294 Dei
1003 1240 1226 1308 gloriam
1267 1239 1808 1305 animati,cupiebant
1846 1239 2158 1307 sanguinem
2192 1253 2351 1293 suum

781 1346 881 1403 pro
919 1333 1044 1389 Jesu
1073 1333 1284 1387 Christo
1311 1333 1555 1387 fundere.
1582 1333 1803 1400 Tamen,
1840 1334 2082 1400 quamvis
2121 1333 2344 1386 barbara

781 1427 1064 1482 multitudo
1078 1427 1540 1492 essetcopiosa,et
1569 1427 1687 1481 illos
1706 1427 2144 1493 possetoccidere
2176 1425 2352 1488 facile,

780 1519 1125 1575 nihilominus
1139 1519 1356 1572 immisit
1369 1519 1505 1572 Deus
1519 1519 1572 1572 in
1586 1533 1702 1574 eam
1719 1519 1873 1571 talem
1889 1518 2189 1583 horrorem,
2223 1527 2278 1572 nt
2291 1517 2357 1570 ad

783 1625 934 1664 suam
950 1625 1228 1666 cavernam
1245 1622 1467 1680 uterque
1483 1610 1699 1664 redierit
1720 1611 1900 1664 salvus
1913 1620 1966 1664 et
1980 1610 2288 1663 incolumis.

860 1702 912 1756 4.
958 1711 980 1739 ο
1012 1703 1203 1758 Verum
1255 1711 1483 1756 attamen
1530 1713 1610 1757 est
1651 1703 1789 1772 quod
1835 1702 2101 1771 impudica
2144 1712 2196 1757 et
2239 1703 2356 1756 sine

784 1795 964 1850 fronte
997 1796 1206 1859 mulier,
1235 1805 1291 1848 ut
1314 1810 1407 1849 eos
1449 1794 1651 1863 pudore
1683 1795 1954 1860 afﬁceret,
1985 1796 2137 1851 elatis
2159 1811 2186 1850 a
2215 1804 2360 1864 tergo

2459 591 2608 646 derat
2638 593 2852 659 pocula,
2898 602 3097 658 quanto
3137 591 3250 656 plus
3283 589 3537 642 saturitas
3582 586 3905 642 exardescit
3936 596 4049 654 post

2457 700 2656 740 escam.
2689 685 2805 740 Mox
2839 683 2889 736 in
2922 683 3162 736 oratione
3193 680 3392 748 profusi
3420 679 3704 736 Christum
3740 689 4047 747 precantur,

2459 787 2516 833 ut
2557 779 2669 832 suis
2698 775 2906 831 famulis
2931 789 3122 843 aquam
3149 774 3343 826 tribuat
3391 774 3444 826 in
3491 772 3744 834 deserto,
3789 769 3884 837 qui
3913 767 4050 823 dedit

2459 870 2512 925 in
2538 871 2712 924 lloreb
2744 867 3050 922 lsraeliticis
3075 865 3284 934 populis
3314 879 3506 932 aquam
3541 865 3594 917 in
3624 861 3964 914 abundantia
3992 860 4050 913 de

2457 961 2743 1017 durissima
2790 969 2957 1027 petra.
2982 957 3118 1013 Hinc
3157 972 3186 1010 a
3219 954 3520 1011 Divinitatis
3555 954 3783 1008 auribus
3823 967 3856 1007 e
3889 951 4052 1004 vicino

2461 1053 2723 1108 exauditis
2749 1051 3013 1122 precibus,
3047 1057 3104 1102 ut
3135 1049 3191 1102 Β.
3221 1048 3483 1102 Paternus
3535 1045 3712 1112 tetigit
3757 1044 3832 1098 de
3874 1043 4052 1096 baculo

2462 1145 2701 1210 humum,
2735 1143 2853 1199 fons
2882 1143 3056 1212 erupit
3083 1142 3152 1196 ab
3181 1141 3377 1210 abysso
3398 1181 3412 1203 ,
3435 1150 3490 1194 et
3518 1140 3590 1192 ita
3638 1146 3874 1202 repente
3912 1137 4052 1189 etsi-

2461 1238 2572 1293 livit
2597 1252 2659 1292 ac
2679 1238 2724 1292 si
2747 1237 2958 1308 Moyses
2985 1225 3141 1300 alter,
3171 1234 3318 1304 virga
3344 1231 3661 1302 perforante
3681 1271 3696 1295 ,
3723 1244 3933 1300 aquam
3963 1245 4055 1284 ex-

2464 1332 2715 1386 traxisset
2741 1345 2773 1386 e
2803 1331 3000 1400 lapide.

2534 1426 2585 1478 6.
2621 1423 2784 1492 Cujus
2806 1422 2880 1476 rei
2911 1419 2928 1460 ί
2962 1427 3237 1477 crescente
3265 1417 3440 1481 fama,
3474 1416 3556 1470 vir
3597 1414 3938 1469 venerabilis
3967 1414 4057 1467 ab.

2464 1518 2558 1573 bas
2583 1530 2768 1570 eorum
2799 1523 2824 1560 δ
2853 1513 3160 1569 Generosus
3181 1551 3196 1576 ,
3241 1519 3362 1578 post
3393 1508 3416 1546 ιι
3447 1509 3750 1564 triennium
3787 1507 3857 1560 ad
3895 1505 4060 1574 requi«

2466 1612 2660 1665 rendos
2687 1609 3012 1673 monachos,
3035 1616 3141 1660 tam
3169 1607 3302 1660 bene
3343 1604 3410 1656 ad
3441 1603 3722 1658 Christum
3775 1601 4060 1671 fugitivos,

2466 1705 2720 1775 perrexit.
2765 1702 2968 1768 Quibus
3010 1700 3241 1754 inventis
3287 1697 3533 1765 agnoscit
3581 1696 3640 1749 S.
3675 1695 3976 1750 Paternum
4018 1696 4061 1748 in

2472 1797 2624 1850 valde
2655 1796 2871 1848 arduam
2903 1793 3067 1846 vitam
3112 1792 3524 1852 conscendisse,
3558 1787 3630 1843 ita
3675 1787 3827 1856 quod
3874 1798 4066 1856 prmter

787 1887 1145 1949 vestimentis,
1199 1887 1494 1952 posteriora
1545 1888 1646 1942 illis
1691 1902 1783 1942 sua
1836 1890 2168 1942 monstravit.
2217 1887 2367 1954 Quod
2397 1860 2447 1922 Β
2480 1904 2668 1960 panem
2697 1896 2749 1942 et
2776 1900 2988 1954 aquam,
3024 1883 3104 1936 vel
3137 1884 3278 1937 olera
3305 1883 3418 1935 sale
3442 1881 3661 1935 condita
3703 1880 3856 1934 nulla
3888 1895 4063 1933 sume-

787 1980 1004 2045 impnnc
1050 1993 1155 2032 non
1187 1980 1309 2033 tulit
1344 1979 1505 2041 Deus,
1534 1979 1652 2048 quia
1686 1988 1836 2033 nates
1863 1980 1980 2046 ejus
2010 1981 2189 2034 statim
2223 1982 2372 2035 ulce-

786 2071 938 2125 ribus
967 2071 1258 2137 innumeris
1307 2078 1620 2136 putruernnt
1640 2112 1653 2135 ,
1684 2086 1803 2140 qua:
1834 2073 2009 2125 sanari
2041 2087 2144 2126 non
2177 2081 2370 2141 potue-

788 2172 937 2227 runt,
963 2163 1062 2216 nisi
1096 2165 1253 2231 petita
1286 2179 1314 2215 a
1341 2163 1508 2217 sertis
1536 2162 1632 2216 Dei
1663 2165 1841 2217 venia.

865 2253 918 2306 5.
958 2253 981 2291 ι»
1018 2255 1243 2308 Sanctus
1267 2254 1521 2307 l’aterntts
1548 2255 1597 2306 in
1628 2253 1810 2321 primis
1840 2264 1954 2308 erat
1989 2255 2294 2311 misericors
2319 2264 2375 2310 et

792 2344 1250 2415 cleemosynarins
1277 2345 1421 2410 juxta
1457 2359 1614 2413 posse
1641 2359 1816 2401 suum.
1867 2345 1998 2400 Nam
2028 2363 2148 2400 cum
2179 2348 2230 2400 itt
2263 2348 2373 2402 cel-

794 2440 901 2496 lula
926 2456 1021 2493 sua
1051 2439 1333 2508 aliquando
1374 2454 1477 2490 non
1526 2438 1742 2492 haberet
1778 2438 1878 2492 nisi
1911 2439 2147 2492 medium
2181 2454 2371 2507 panem

792 2547 894 2602 pro
933 2547 992 2585 se
1033 2543 1085 2585 et
1115 2531 1285 2595 socio,
1317 2531 1459 2583 illum
1493 2529 1640 2584 dedit
1681 2533 1932 2598 pauperi;
1961 2532 2100 2586 unde
2136 2533 2377 2587 Scubilio

795 2623 1032 2678 irascens
1055 2623 1329 2686 tantisper,
1359 2619 1607 2686 indoluit,
1633 2622 1753 2690 quia
1781 2621 2071 2688 incipiebat
2093 2623 2298 2677 esurire
2319 2633 2376 2678 et

798 2711 1074 2767 nesciebat
1117 2711 1255 2764 unde
1302 2710 1554 2773 haberet;
1588 2725 1686 2764 nec
1728 2711 1920 2766 famem
1971 2714 2074 2781 pati
2111 2715 2375 2781 permisit,

797 2804 893 2859 sed
946 2804 1200 2858 esurienti
1257 2804 1451 2856 vietum
1508 2804 1784 2871 impertiit.
1863 2803 1993 2857 Nam
2051 2805 2174 2860 sine
2226 2820 2373 2860 mora

803 2909 829 2938 ε
859 2897 1170 2962 Witherius,
1193 2896 1396 2966 primus
1417 2910 1600 2951 eorum
1624 2896 1939 2964 discipulus,
1959 2895 1982 2933 ἀ
2012 2898 2149 2951 inter
2169 2898 2369 2968 jejunio

800 3009 939 3057 sera,
973 2991 1149 3045 intulit
1179 2993 1335 3044 xenia
1376 2991 1613 3060 c0piosa,
1649 2999 1700 3045 et
1733 2989 2110 3057 nmltiplicavit
2151 2991 2354 3045 cibaria

799 3088 1094 3142 reiectione
1138 3086 1296 3138 dilata
1323 3099 1338 3148 ;
1370 3099 1429 3138 ac
1463 3084 1539 3138 sic
1569 3083 1706 3136 intra
1753 3085 1896 3138 hora:
1931 3094 2258 3137 momentum
2279 3124 2293 3150 ,
2325 3083 2377 3137 id

802 3195 907 3249 quo
947 3178 1250 3248 indigebant
1278 3192 1396 3229 eum
1428 3191 1622 3245 magno
1665 3175 1861 3242 gaudio
1891 3185 2228 3242 receperunt.
2274 3175 2380 3228 Ita-

802 3289 906 3344 que
948 3272 1235 3328 reiectione
1278 3278 1491 3328 peracta
1521 3254 1742 3337 aequalis
1773 3276 1796 3305 ε
1828 3266 2003 3337 liquor
2026 3268 2232 3334 deerat,
2266 3269 2378 3338 plu-

875 3461 900 3488 ⁸
933 3451 1190 3506 Acherins
1219 3451 1295 3505 sic
1326 3450 1449 3514 legit
1483 3448 1623 3501 hunc
1666 3447 1837 3501 locum
1865 3464 1878 3499 :
1913 3445 2058 3500 Tunc
2087 3447 2382 3500 revertenti-

803 3527 895 3579 bus
924 3525 1067 3592 ipsis.
1095 3526 1160 3575 ad
1193 3538 1368 3576 eorum
1395 3520 1640 3592 injuriant
1673 3521 1911 3592 qrwedam
1953 3518 2134 3571 mulier
2162 3521 2381 3570 vestibus

803 3613 859 3652 sc
905 3597 1165 3658 denudat,
1211 3609 1323 3660 qua:
1370 3608 1487 3644 mox
1535 3591 1604 3641 ad
1656 3591 1933 3642 vindictam
1965 3594 2226 3660 iustorum
2266 3592 2381 3641 totis

802 3668 1037 3720 mcmhris
1085 3657 1256 3716 morbo
1305 3679 1543 3732 percussa
1579 3661 1916 3713 contrahitur.
1968 3657 2106 3711 Hinc
2144 3676 2232 3725 per
2261 3660 2384 3712 anni

802 3740 1024 3808 spatium
1055 3740 1226 3803 rigore
1270 3731 1549 3808 tabescente
1599 3742 1890 3808 torquetur,
1923 3747 1982 3783 ac
2011 3731 2174 3808 nervis
2217 3745 2380 3799 wgro-

805 3801 1288 3870 tantibus,ccetlente
1309 3807 1474 3856 ulrerr
1496 3803 1818 3872 ﬂagellatur,
1841 3801 2019 3865 donec,
2041 3804 2182 3852 vettia
2206 3807 2381 3867 petita,

804 3883 930 3948 ipsis
978 3877 1324 3940 morantibus,
1347 3878 1483 3928 unde
1522 3873 1745 3927 vindicta
1789 3882 2013 3938 venerat,
2049 3872 2168 3924 inde
2208 3888 2384 3925 curre-

805 3959 881 4006 ττι
910 3949 1180 4001 medicina.

880 4019 904 4055 ι)
939 4020 1083 4073 Idem
1129 4022 1349 4072 Acher.:
1377 4016 1611 4078 Quadam
1649 4017 1771 4079 uice,
1795 4029 1911 4066 cum
1951 4013 2021 4067 eis
2067 4023 2265 4065 tantum
2293 4014 2389 4066 'di-

809 4092 999 4143 midias
1047 4090 1190 4155 panis
1233 4089 1299 4140 ad
1350 4087 1674 4154 refectionem
1723 4086 2001 4155 legitimam
2041 4086 2384 4155 remansisset,

813 4152 1097 4215 advenienti
1139 4159 1340 4212 iteranti
1481 4152 1784 4226 itinerantiI
1804 4167 1848 4208 et
1879 4157 2045 4228 ipsum
2074 4157 2245 4228 beatus
2280 4153 2384 4228 ἔξω

814 4245 985 4286 ternas
1014 4231 1080 4282 ad
1106 4225 1468 4283 humanitatem
1509 4229 1719 4298 largitus
1748 4225 1844 4291 est,
1871 4225 2089 4296 capiens.
2117 4225 2264 4278 homo
2295 4225 2388 4278 Dei

816 4304 978 4371 magis
1015 4308 1108 4352 hoc
1148 4302 1200 4371 in
1237 4303 1516 4371 mercedem
1555 4315 1704 4366 quam
1742 4299 1794 4348 in
1833 4308 2055 4349 ventrem
2092 4304 2386 4371 recondere.

818 4368 962 4427 Tunc
997 4387 1137 4424 sacer
1166 4370 1394 4426 Scunilio
1430 4369 1556 4422 hora
1585 4378 1881 4437 competan
1913 4376 2058 4432 rogat
2093 4377 2147 4420 ut
2167 4370 2276 4434 jam
2304 4368 2390 4420 de-

817 4445 988 4496 berent
1013 4443 1233 4509 reﬁcere.
1263 4440 1355 4495 Cui
1385 4446 1690 4510 respondens
1721 4442 1788 4491 ait
1821 4457 1836 4493 :
1861 4438 2114 4510 Christus,
2143 4439 2225 4503 qui
2253 4455 2390 4492 sem-

819 4532 908 4582 prr
937 4514 1175 4574 abundat,
1207 4524 1460 4580 prwparnt
1492 4513 1596 4564 suis
1625 4512 1834 4563 cibaria.
1886 4509 2034 4573 Quod
2079 4513 2240 4577 frater
2282 4525 2389 4561 mo-

2475 1980 2568 2035 bat
2594 1980 2789 2034 edulia.
2824 1979 3114 2046 Aspectuni
3145 1988 3272 2028 vero
3303 1988 3409 2026 non
3441 1972 3616 2026 solum
3643 1987 3674 2024 a
3710 1972 4065 2035 feminarum,

2477 2074 2568 2129 sed
2594 2073 2753 2128 etiam
2784 2071 2852 2124 ab
2877 2071 3168 2124 amicorum
3211 2067 3521 2122 removebat
3555 2069 3852 2134 presentia
3873 2112 3889 2134 ,
3928 2077 3985 2120 ut
4011 2070 4069 2120 ab

2478 2165 2723 2218 omnibus
2764 2171 3004 2216 remotus
3047 2162 3236 2215 melius
3281 2167 3626 2227 exspectaret
3672 2159 3956 2212 adventus
3984 2174 4070 2212 an-

2477 2256 2709 2324 gelicos,
2743 2264 2797 2309 et
2838 2261 3106 2308 cresceret
3151 2251 3203 2305 in
3247 2251 3529 2306 divinitate
3563 2251 3711 2321 quod
3762 2253 3982 2306 deesset
4027 2253 4069 2303 in

2479 2348 2715 2402 homine.
2743 2346 2965 2400 Lectulo
2990 2358 3258 2412 nunquam
3295 2351 3474 2407 utens,
3503 2344 3766 2396 lectuaria
3802 2343 4070 2405 nesciens,

2479 2440 2532 2494 iit
2564 2439 2740 2506 pluma
2771 2450 3040 2504 nunquam
3075 2449 3132 2488 se
3159 2435 3452 2496 reclinatis,
3479 2443 3629 2487 veste
3665 2448 3770 2486 una
3807 2444 3863 2487 et
3895 2433 4072 2487 eadem

2483 2532 2574 2585 die
2596 2541 2651 2585 et
2684 2539 2838 2583 nocte
2868 2536 3173 2592 contentus,
3201 2541 3294 2594 pro
3323 2525 3470 2579 molli
3499 2526 3619 2579 lana
3657 2523 3875 2578 hirsuto
3908 2524 4076 2576 cilicio

2488 2642 2547 2681 se
2588 2625 2873 2685 induebat,
2914 2633 2971 2676 ut
3007 2622 3144 2676 inter
3183 2621 3343 2675 horas
3381 2621 3592 2690 soporis
3631 2629 3688 2674 et
3735 2621 3937 2686 quietis
3977 2634 4077 2673 non

2486 2726 2632 2773 esset
2679 2717 2894 2784 requies
2935 2712 3179 2782 corporis
3205 2722 3260 2768 et
3289 2722 3496 2766 mutato
3525 2713 3719 2768 ordine
3750 2714 3934 2766 adhuc
3965 2722 4077 2781 post

2485 2820 2754 2878 peractum
2803 2810 3037 2881 [Ac/ten,
3084 2807 3281 2880 aetum]
3329 2809 3471 2863 diem
3523 2825 3629 2862 nox
3662 2809 3988 2862 succederet
4027 2809 4076 2862 in

2487 2904 2689 2958 labore.
2718 2902 2869 2967 Quod
2899 2902 3063 2955 abbas
3092 2917 3220 2954 suns
3263 2902 3600 2968 conspiciens
3627 2915 3751 2956 esse
3780 2902 3920 2956 ultra
3963 2917 4081 2969 pro-

2482 2997 2714 3066 positum
2760 2995 2987 3061 regulae,
3034 2993 3178 3046 velut
3226 2992 3598 3060 impatientem
3640 2992 3654 3030 ί
3701 2994 3841 3048 freni
3885 3009 4077 3064 equum

2483 3088 2548 3142 ad
2581 3087 2850 3142 moderata
2881 3084 3390 3154 revocavitjejunia,
3427 3085 3724 3154 imperans,
3762 3089 3776 3136 ι
3816 3103 3882 3140 ιιι·
3908 3090 4078 3141 reclu-

2486 3197 2576 3236 sus
2600 3191 2738 3234 esset
2771 3190 2876 3233 tam
2907 3178 3104 3241 ardue,
3146 3187 3199 3230 nt
3230 3177 3464 3232 viruinm
3509 3191 3807 3246 conSpectu
3843 3180 3930 3234 vel
3961 3182 4074 3233 col-

2487 3275 2664 3343 loquio
2706 3288 2765 3327 se
2809 3270 3110 3336 fraudaret;
3160 3272 3377 3338 insuper
3413 3279 3466 3324 et
3511 3272 3770 3336 cellulas,
3800 3285 3941 3341 quas
3972 3273 4079 3342 ipse

2487 3467 2567 3512 tus
2594 3465 2686 3510 cst.
2720 3455 2824 3510 Pro
2851 3456 2994 3508 molli
3029 3455 3150 3508 lana
3179 3454 3429 3506 hirsutum
3470 3455 3694 3506 cilicium
3739 3455 3989 3520 induens,
4026 3466 4078 3507 ut

2487 3531 2616 3582 inter
2642 3531 2793 3580 horas
2822 3527 3019 3592 soporis
3047 3535 3093 3578 et
3122 3542 3211 3594 per
3238 3534 3436 3589 tempus
3466 3527 3670 3592 quietis,
3703 3539 3813 3580 etc.

2561 3609 2583 3646 ε
2629 3598 2726 3652 Ms.
2773 3598 2986 3651 liotom.
3029 3610 3085 3648 ut
3145 3597 3228 3648 hie
3284 3596 3472 3658 habet,
3527 3606 3580 3648 at
3627 3613 3757 3652 mss.
3809 3596 3920 3650 alia
3984 3599 4076 3650 tria

2487 3687 2606 3724 cum
2649 3670 2841 3729 Surio,
2874 3668 3212 3736 transpositis
3243 3666 3460 3723 verbis:
3499 3666 3584 3717 Vir
3628 3667 3940 3721 venerabilis
3983 3667 4081 3720 Ce-

2489 3757 2695 3795 nerosus
2715 3741 2912 3801 abbas;
2967 3739 3016 3792 in
3045 3753 3143 3792 ms.
3176 3736 3464 3790 [indeeeusi
3512 3737 3665 3790 deest
3710 3753 3811 3790 vox
3857 3737 4084 3792 Gener-i-

2487 3827 2609 3876 sus;
2642 3812 2692 3864 in
2721 3810 2838 3863 aliis
2867 3825 2969 3862 non
3000 3810 3196 3861 dicitur
3227 3807 3431 3860 nomine
3458 3805 3771 3869 Cenerosus,
3808 3819 3874 3862 ut
3917 3811 4083 3876 possit

2488 3883 2695 3936 censeri
2747 3878 3154 3948 appellativum,
3202 3893 3306 3933 non
3359 3879 3628 3944 pmprium
3688 3894 3913 3933 nomen.
3967 3881 4085 3932 [lol-

2490 3954 2633 4074 Ιειιιᾷλί
2671 3954 2743 4006 lie
2781 3953 2880 4006 hoc
2931 3949 3205 4006 Generosa
3247 3949 3361 4018 lege
3407 3949 3672 4002 Cointium
3716 3949 3783 4002 ad
3826 3965 3921 4004 an.
3956 3951 4089 4020 L08,

2491 4040 2543 4074 ll.
2578 4061 2606 4074 α.
2649 4061 2662 4074 .

2491 4040 2543 4078 Ι).
2573 4040 2662 4075 ΖΙ.

2560 4092 2588 4131 ιι
2623 4094 2752 4148 Ilinc
2781 4092 3117 4146 manifestum
3147 4100 3230 4144 est
3259 4089 3592 4144 Cenerosnm
3621 4089 3881 4145 abbatem
3911 4135 3924 4154 ,
3975 4108 4080 4147 non

2491 4167 2555 4218 ad
2585 4166 2834 4220 sacculum
2865 4179 2936 4220 vn
2967 4161 3064 4226 (uti
3087 4161 3218 4214 alias
3244 4159 3527 4225 diximus),
3565 4161 3659 4214 sed
3702 4162 3770 4215 ad
3819 4166 4084 4216 saeculum

2492 4252 2542 4291 γι
2599 4238 2884 4303 pertinere.
2925 4230 3311 4303 Corrigendum
3359 4232 3580 4303 proinde
3611 4242 3763 4303 vetus
3791 4231 4083 4287 Lectiona-

2493 4301 2629 4362 rium
2664 4306 3027 4367 Ansiouense,
3062 4303 3113 4355 in
3146 4318 3251 4370 quo
3281 4301 3338 4356 S.
3369 4301 3676 4356 Generosus
3705 4301 3959 4358 floruisse
4000 4307 4086 4356 di-

2493 4379 2628 4431 citur
2665 4395 2722 4430 eo
2753 4385 3012 4438 tempore,
3043 4389 3140 4439 quo
3172 4371 3455 4426 Romanum
3501 4374 3773 4440 imperium
3815 4372 4086 4428 Constan-

2495 4449 2627 4500 tinus
2675 4452 2964 4512 Augustus.
3008 4446 3186 4498 tertius
3238 4444 3300 4496 ab
3349 4441 3621 4507 Heraclia,
3659 4447 4003 4512 gubernabat,
4038 4452 4085 4497 et

2496 4519 2846 4571 (.hildebertus
2871 4555 2887 4581 ,
2917 4518 3054 4584 ﬁlius
3082 4513 3384 4568 Theodoriri
3417 4515 3580 4577 regis,
3618 4515 3896 4584 Dngoberti
3926 4517 4087 4584 primi

820 4579 938 4656 lcstc
961 4589 1145 4651 ferens,
1167 4600 1223 4636 eo
1244 4579 1379 4646 quad
1408 4589 1524 4656 post
1546 4582 1764 4636 laborem
1808 4597 1910 4632 non
1956 4581 2213 4656 invenerat
2253 4582 2371 4656 undi

2497 4593 2711 4653 uaporis,
2743 4579 3061 4642 Francorum
3087 4588 3214 4656 reip.
3245 4586 3567 4652 prtesidebat.
3603 4579 3935 4639 Generosos
3967 4604 4090 4639 mo-

820 4673 874 4709 sc
899 4650 1170 4724 fatigatum
1194 4656 1432 4719 reﬁceret.
1482 4652 1543 4704 Et
1576 4666 1739 4724 tamen
1763 4667 1851 4720 pro
1883 4650 2012 4724 serti
2044 4666 2155 4704 esca
2185 4652 2388 4704 Domini

822 4721 959 4780 cura
990 4721 1278 4795 pervigilat,
1312 4742 1396 4795 nec
1421 4724 1602 4791 [autem
1631 4721 1736 4791 pati
1765 4722 2008 4790 permisit,
2041 4724 2124 4790 qui
2150 4724 2385 4776 esurienti

821 4799 1008 4851 uictum
1029 4793 1289 4862 impertiit.
1324 4793 1432 4846 Nec
1457 4796 1580 4856 sine,
1614 4804 1714 4846 clc.

902 4878 923 4903 ε
969 4868 1155 4920 Surius
1179 4906 1193 4928 ,
1225 4877 1270 4917 et
1319 4866 1444 4920 Mss.
1495 4866 1598 4935 duo
1623 4905 1653 4935 ,ί
1682 4863 1916 4935 Withcns
1938 4905 1952 4929 ,
1984 4864 2112 4920 Mss.
2157 4867 2390 4935 lleginze,

830 4938 1138 4999 Withenus;
1168 4936 1308 4988 aliud
1349 4936 1468 4997 Ms.,
1501 4932 1780 4988 Mattiacas.
1817 4934 1974 4988 BOLL.

898 5007 922 5046 ἀ
957 5009 1178 5069 Acher.,
1207 5016 1315 5074 post
1341 5006 1578 5076 jejunia;
1609 5021 1711 5058 non
1738 5007 1861 5074 legit
1893 5023 2025 5062 srra.
2056 5006 2210 5068 lbid.,
2240 5009 2396 5074 paulo

830 5088 949 5150 post
975 5097 986 5130 :
1017 5078 1104 5132 Sic
1132 5080 1264 5128 intra
1287 5078 1424 5130 hora:
1447 5085 1769 5141 momentum,
1802 5081 1936 5145 quod
1967 5078 2217 5148 indigenti
2242 5079 2396 5132 dede-

828 5160 941 5203 rant
971 5164 1084 5202 cum
1109 5164 1290 5216 magno
1315 5151 1485 5216 [enare
1510 5159 1820 5211 receperunt.

906 5231 928 5258 ο
961 5219 1098 5272 Idem
1123 5234 1136 5271 :
1161 5219 1354 5286 aqualis
1399 5217 1562 5284 liquor
1591 5218 1872 5272 sitientibus
1902 5219 2106 5282 deerat;
2134 5234 2196 5272 ac
2241 5220 2396 5288 paulo

833 5301 948 5358 post
975 5307 986 5340 :
1013 5288 1266 5341 Christum
1293 5300 1537 5341 retentum
1563 5291 1674 5341 vita:
1712 5292 1898 5355 (cutem
1942 5302 2280 5358 precantur...
2312 5292 2398 5353 qui

833 5379 952 5414 lttttc
983 5359 1278 5411 Israeliticis
1308 5359 1501 5410 undam
1532 5367 1750 5412 manavit
1780 5378 1830 5414 in
1870 5376 2099 5415 eremo...
2131 5373 2175 5414 et
2205 5363 2276 5414 ita
2307 5378 2398 5415 re-

833 5439 974 5501 plens
996 5431 1278 5501 exsilivit...
1310 5446 1466 5498 aquas
1496 5433 1725 5483 traxisset
1756 5435 1814 5482 de
1849 5432 2037 5500 lapide.

910 5505 926 5540 ί
962 5502 1148 5555 Acber.
1180 5517 1191 5552 :
1221 5499 1376 5570 Cujus
1398 5517 1562 5552 cuusw
1593 5502 1729 5568 [tuna
1755 5499 2070 5557 crescente...
2095 5519 2147 5556 se
2173 5505 2222 5557 in
2251 5505 2398 5558 valde

835 5579 935 5626 vita
968 5575 1127 5622 artlna
1163 5573 1555 5633 Constriuxisse,‘
1587 5583 1637 5623 et
1670 5575 1822 5637 paulo
1866 5584 1982 5639 post
2010 5592 2019 5624 :
2046 5574 2190 5627 nulla
2233 5592 2398 5627 suate—

839 5654 918 5697 bat
949 5643 1206 5696 cibaria...
1229 5643 1312 5692 scd
1339 5647 1484 5695 ctiam
1510 5659 1538 5692 a
1561 5646 1777 5695 rirorunt
1805 5646 2080 5695 rrtttovrbat
2104 5648 2392 5712 prascntia,

839 5730 891 5769 ut
923 5720 980 5766 ab
1013 5713 1239 5763 omnibus
1265 5723 1558 5764 sunmutus.
1594 5716 1651 5766 [St
1685 5725 1801 5781 post
1831 5734 1840 5766 :
1870 5718 2105 5766 lcctulunt
2135 5735 2397 5784 nunquam

839 5789 1091 5840 ,Imliens...
1134 5785 1184 5835 in
1229 5783 1398 5850 pluma
1443 5801 1600 5853 neque
1647 5797 1793 5850 c:tpttl
1839 5785 2111 5848 reclinatis,
2146 5783 2398 5845 nist’vrste

840 5857 1190 5912 tantummodo
1213 5871 1310 5925 qua
1342 5872 1388 5905 tn
1418 5855 1496 5907 dic
1529 5873 1643 5910 usus
1673 5867 1744 5909 est
1773 5876 1827 5909 ea
1850 5875 1937 5928 per
1963 5870 2155 5911 noctctn
2183 5872 2393 5916 conicu-

2499 4663 2759 4714 nasticutn
2815 4660 3048 4710 habitum
3077 4657 3128 4710 in
3171 4669 3494 4710 monasterio
3527 4657 3846 4709 Ansionensi
3895 4660 3999 4708 sub
4029 4661 4088 4712 S.

2495 4729 2834 4798 Launegisilo
2893 4729 3192 4794 suscepisse
3239 4727 3451 4797 legitttr.
3503 4730 3656 4780 Anno
3715 4728 3850 4780 1Ξι59
3911 4740 4092 4781 textor

2497 4805 2708 4868 quidam
2737 4799 2874 4870 apud
2907 4798 3185 4853 Toarcinln
3210 4799 3464 4865 oppidum
3495 4801 3562 4850 ob
3591 4800 3851 4850 violatum
3890 4800 3950 4851 S.
3984 4800 4092 4852 Ge-

2497 4876 2671 4925 nerosi
2702 4880 2888 4924 lestum
2921 4871 3063 4923 diem
3090 4870 3451 4923 membrorum
3484 4877 3704 4934 stupore
3748 4871 3999 4936 punitus,
4039 4874 4090 4924 in

2497 4945 2722 4997 ecclesia
2755 4946 2810 4996 5.
2847 4942 3101 4996 Generosi
3154 4939 3288 4993 faeta
3342 4940 3649 5008 paenitentia
3695 4952 3924 4991 sinatus
3982 4953 4089 4995 est.

2500 5014 2626 5068 Item
2661 5013 2958 5066 Aimericus
2988 5011 3197 5078 quidam
3223 5020 3579 5074 cognomento
3603 5012 3670 5063 de
3698 5009 3849 5062 Vtilia
3878 5011 4089 5063 Toartii

2498 5086 2855 5146 senescailus,
2902 5083 2970 5133 oh
3012 5092 3158 5143 rapta
3205 5081 3445 5149 ejusdem
3490 5081 3728 5134 ecalesiie
3762 5096 4092 5134 ornamenta

2500 5171 2683 5222 plenas
2712 5156 2926 5208 dedisse
2954 5153 3142 5208 fertur.
3171 5153 3230 5206 S.
3259 5153 3563 5206 Generosos
3589 5167 3638 5203 vt
3668 5150 3945 5222 ldusJulii
4002 5169 4095 5205 eo.

2501 5221 2623 5280 litnr
2672 5229 2720 5279 in
2772 5225 3096 5279 monasterio
3146 5222 3503 5286 Ansionensi,
3553 5237 3645 5276 seu
3691 5223 3749 5274 S.
3779 5221 3970 5275 Jovini
4029 5225 4097 5276 de

2500 5296 2729 5361 Martiis,
2765 5305 2818 5350 et
2859 5299 2909 5347 in
2945 5295 3170 5350 ecclesia
3203 5297 3468 5361 prioratns
3497 5293 3556 5346 S.
3589 5293 3852 5348 Generosi
3885 5335 3902 5356 ,
3939 5299 4099 5363 vuigo

2502 5367 2564 5422 S.
2585 5370 2639 5417 lii
2659 5384 2871 5429 neroux,
2894 5382 3010 5432 quae
3029 5380 3129 5418 una
3151 5365 3296 5419 leuca
3314 5366 3474 5419 distat
3495 5366 3561 5419 ab
3581 5367 3694 5431 ipso
3721 5377 4006 5423 monastei
4025 5368 4095 5426 io,

2500 5441 2720 5508 ejusque
2749 5439 3002 5506 reliquias
3027 5446 3285 5490 asservat.
3314 5435 3505 5490 Mat-IL.

2577 5510 2589 5546 ί
2631 5511 2843 5563 Addunt
2889 5507 2994 5562 duo
3035 5523 3164 5560 mss.
3213 5521 3299 5568 per
3347 5507 3587 5575 imposita
3638 5506 3766 5574 freni
3812 5512 4103 5576 pondera;

2499 5597 2656 5651 quam
2684 5581 2969 5633 lectionem
2997 5590 3050 5633 et
3078 5578 3337 5651 Acberins
3371 5577 3552 5630 habet.
3581 5578 3767 5631 Surius
3795 5594 3807 5630 :
3849 5582 4104 5649 imposito

2499 5649 2723 5722 quodam
2756 5653 2884 5721 freni
2914 5649 3215 5703 retinaculo.
3247 5651 3514 5703 IiULLAND.

2576 5726 2589 5774 i
2633 5719 2826 5778 Acher.
2856 5741 2867 5775 :
2900 5731 3064 5775 utnec
3088 5722 3317 5775 reclusus
3361 5734 3490 5776 esset
3530 5730 3637 5774 tant
3682 5719 3888 5787 ardue,
3941 5737 4105 5793 nequ

2499 5812 2744 5864 utrorum,
2779 5807 2880 5848 etc.
