4192 6544
766 459 876 522 495

1460 448 1783 506 VENANTM
1823 445 1981 502 "0N.
2023 443 2229 502 CLEM.
2274 441 2668 501 FORTUNATI
2707 442 2987 501 OPERUM
3029 446 3221 503 PAltS'
3247 445 3312 502 ll.

3931 433 4028 495 ωε

767 578 871 633 diis
913 571 1108 643 aliquid
1172 569 1282 638 regi
1335 565 1722 635 suggessisset,
1774 570 1899 615 tunc
1958 559 2336 615 Cltiltlebertus
2366 562 2715 620 Amemoriae
2765 575 2869 614 non
2898 559 3307 615 infraudabitur.
3360 559 3493 614 Cum
3547 558 3786 629 quadarn
3817 555 3937 610 vice
3989 555 4031 610 in

770 664 1190 722 aCrescentiano
1218 662 1466 728 imperat.
1497 656 1564 710 ad
1592 670 1749 724 quem
1790 667 1916 707 cura
1951 652 2155 720 publica
2180 651 2342 720 perti-

770 762 956 826 nebat,
987 768 1043 811 ut
1071 753 1213 824 quod
1243 753 1289 806 ci
1319 751 1381 806 Β.
1414 749 1675 805 Paternus
1697 746 2020 816 injnngeret,
2047 743 2340 813 expediret.

770 851 924 921 Quod
979 850 1070 903 ille
1102 845 1415 916 promittens
1445 839 1694 909 implere,
1747 838 2000 892 mentitus
2029 845 2112 890 est
2161 851 2176 889 :
2223 848 2345 904 pro-

767 944 1046 1011 fectusquc
1065 938 1130 992 ad
1158 944 1337 1006 partes
1359 931 1694 1002 Burgundiae,
1733 928 1986 998 przedicto
2006 926 2346 980 sanctissimo

767 1033 1066 1098 nesciente,
1095 1043 1190 1099 per
1220 1026 1437 1082 biduum
1467 1021 1884 1077 Crescentianus
1929 1019 2127 1074 erravit
2172 1030 2342 1071 excat-

769 1135 943 1182 catus.
997 1119 1406 1177 Crescentianus
1451 1113 1478 1152 δ
1519 1115 1728 1183 culpam
1780 1110 2152 1171 reminiscens,
2207 1105 2346 1161 unde

768 1217 922 1272 illum
970 1223 1077 1270 tam
1125 1220 1341 1281 repente
1380 1206 1695 1262 tenebrosus
1737 1218 1890 1258 error
1935 1198 2206 1263 invaserit,
2264 1213 2348 1251 re-

767 1320 986 1377 gressus
1010 1302 1284 1369 velociter,
1335 1300 1616 1367 impetrata
1666 1295 1840 1360 venia,
1891 1301 1949 1347 ut
1993 1292 2146 1360 culpa
2185 1289 2348 1344 corde

767 1399 926 1469 exiit,
974 1399 1158 1456 oculos
1189 1398 1276 1452 lux
1307 1395 1539 1459 intravit,
1574 1402 1629 1448 et
1671 1392 1878 1447 doctior
1906 1397 2027 1461 post
2051 1390 2347 1443 caecitatem

763 1491 916 1564 jussa
969 1493 1107 1545 servi
1154 1489 1248 1544 Dei
1303 1487 1611 1555 complevit,
1668 1492 1725 1540 ut
1771 1499 1838 1540 ex
1896 1486 1994 1537 ltoc
2041 1481 2350 1535 crederetur

768 1584 1050 1641 luminaria
1078 1582 1276 1636 mentis
1304 1579 1473 1648 magis
1516 1592 1672 1647 quam
1706 1575 1946 1644 corporis
1992 1574 2274 1639 recepisse.

842 1679 931 1735 ίῦ.
969 1680 1068 1748 Qui
1101 1694 1222 1733 cum
1263 1674 1707 1745 septuagenarius
1741 1686 1761 1711 ε
1791 1671 1996 1726 abbatis
2025 1669 2203 1724 ollicio
2227 1681 2348 1720 cum

769 1771 1053 1828 virtutibus
1097 1771 1428 1840 fungeretur,
1459 1775 1516 1822 et
1546 1768 1598 1820 in
1625 1764 1816 1820 cellula
1865 1777 1985 1829 sua,
2033 1777 2191 1830 quam
2245 1757 2352 1828 pri-

767 1877 916 1919 mutn
968 1861 1199 1918 Sesciaci
1265 1859 1662 1924 :ediﬁcaverat,
1734 1856 2070 1926 quiesceret,
2121 1851 2348 1921 quadam

2449 654 2464 704 ι
2502 654 2821 710 Tendenaco
2849 655 2999 718 villa,
3031 654 3236 709 Severo
3260 654 3487 718 comite,
3522 651 3874 715 advenisset,
3901 665 4033 718 quze~

2444 745 2565 800 dam
2621 746 2841 813 femina,
2898 747 3031 801 civis
3102 745 3432 811 ltlredonica,
3493 741 3520 782 ι
3575 744 3627 800 ei
3685 743 3739 798 in
3799 744 4035 796 oratime

2445 841 2625 895 oblata
2676 851 2760 896 est
2790 849 2956 895 muta.
2993 840 3143 896 Tunc
3175 857 3202 895 a
3249 851 3438 897 sancto
3465 839 3585 895 viro
3612 838 3874 894 oratione
3900 849 4038 892 com-

2445 935 2607 1004 pleta,
2640 935 2818 990 statim
2853 935 3044 989 mulier
3067 935 3224 1005 longa
3253 935 3397 1005 rupit
3426 934 3667 998 silentia,
3694 945 3800 986 nec
3827 929 4038 984 inimico

2446 1029 2706 1082 mulitatis
2737 1029 2957 1085 servivit
2980 1029 3200 1084 diutius.

2520 1119 2606 1176 ιι.
2645 1121 2777 1177 Cum
2811 1126 3026 1179 tertium
3077 1104 3349 1180 decimum
3379 1138 3578 1180 annum
3624 1123 3708 1177 vir
3738 1119 3836 1178 Dei
3865 1134 4038 1189 ageret

2449 1215 2499 1269 in
2530 1218 2858 1284 pontificatu,
2889 1219 3066 1273 statim
3095 1219 3261 1274 altera
3295 1219 3384 1275 dic
3414 1218 3653 1283 Pascbze,
3685 1232 3817 1271 cum
3854 1215 4039 1268 fratres

2448 1309 2501 1363 in
2534 1312 2782 1366 Sesciaco
2815 1313 3029 1367 visitare
3055 1322 3292 1381 cuperet,
3343 1313 3394 1366 in
3428 1313 3801 1366 inﬁrmitatem
3858 1309 4036 1368 irrtm;

2453 1405 2649 1470 pariter
2679 1413 2858 1458 autem
2890 1403 3147 1472 Scubilio,
3182 1407 3231 1458 in
3264 1402 3280 1442 ι
3316 1404 3656 1459 Mandancnsi
3685 1399 3980 1456 monasteri
4027 1439 4042 1465 ,

2451 1497 2502 1551 in
2535 1499 2898 1552 inﬁrmitatem
2927 1497 3129 1554 incidit.
3165 1498 3410 1568 Dirigunt
3439 1512 3569 1566 ergo
3597 1497 3665 1552 ad
3698 1511 3760 1550 se
3795 1495 4023 1548 invicem

2453 1601 2507 1642 ιιι
2554 1583 2863 1658 priusquam
2913 1591 2982 1645 de
3027 1589 3227 1646 stcculo
3255 1590 3617 1652 discederent,
3669 1601 3733 1642 se
3781 1586 4041 1640 viderent.

2451 1679 2600 1734 Tunc
2631 1681 2776 1734 missi
2804 1690 2839 1716 ιιι
2872 1695 2990 1735 sese
3021 1680 3298 1735 obviantcs
3326 1680 3378 1734 in
3428 1681 3643 1745 itinere,
3680 1677 3743 1732 Β.
3778 1674 4047 1731 Scubilio-

2452 1788 2573 1826 nem
2622 1781 2838 1825 monent
2869 1781 2922 1826 ιιι
2967 1773 3117 1827 fratri
3160 1787 3258 1828 suo
3302 1781 3630 1837 occurreret,
3682 1769 3784 1825 sed
3836 1766 4050 1823 iracbio

2452 1869 2617 1922 maris
2647 1868 2891 1937 opposito
2939 1883 3044 1922 non
3075 1867 3242 1922 valuit
3272 1879 3534 1922 nocturno
3564 1876 3820 1932 tempore
3875 1871 4040 1916 trans-

769 1961 953 2018 nocte,
994 1953 1137 2006 visus
1184 1959 1266 2004 est
1302 1948 1354 2004 ei
1393 1947 1508 2017 ipse
1557 1947 1737 2012 locus,
1795 1941 1821 1981 ά
1871 1943 2108 1998 claritate
2155 1954 2343 2009 magna

2466 1960 2670 2012 lretare.
2709 1959 2952 2012 Attamen
2998 1973 3119 2012 cum
3149 1959 3320 2013 sancti
3372 1956 3484 2012 fere
3515 1957 3614 2010 tria
3663 1931 3835 2009 millia
3885 1952 4051 2022 spatia

774 2043 1040 2112 perfusus,
1085 2050 1139 2095 et
1178 2040 1242 2093 ad
1288 2054 1412 2093 eum
1459 2037 1738 2093 venientes
1780 2035 1831 2090 in
1879 2033 2108 2098 visione,
2157 2031 2244 2099 qui
2289 2031 2354 2084 ad

773 2133 942 2188 Deum
989 2133 1382 2201 migraverant,
1439 2137 1462 2165 ⁸
1513 2127 1804 2189 Melanius,
1860 2124 1878 2162 ί
1930 2125 2255 2179 Lenntianus
2301 2132 2357 2176 et

774 2237 802 2276 s
828 2227 988 2296 Vigor
1009 2225 1264 2296 episcopi,
1290 2239 1410 2278 eum
1437 2237 1530 2292 per
1558 2224 1940 2277 revelationem
1969 2219 2355 2274 ordinaverunt

771 2320 1089 2375 antistitem.
1139 2317 1288 2372 'l'unc
1321 2317 1433 2386 ipse
1460 2314 1809 2385 stupefactus,
1843 2313 2083 2383 quamvis
2129 2327 2190 2366 ea
2215 2309 2353 2379 apud

773 2409 806 2450 ιι
854 2428 914 2468 se
962 2415 1220 2474 retinens,
1270 2419 1396 2464 tunc
1435 2425 1541 2464 non
1587 2410 1963 2478 propalaverit,
2018 2419 2134 2476 post
2177 2415 2354 2459 tamen

773 2507 1085 2562 declaravit.
1116 2506 1244 2559 Nam
1275 2519 1374 2560 nec
1405 2505 1563 2574 longo
1592 2503 1892 2568 intervallo,
1918 2501 1985 2556 ad
2014 2501 2358 2570 supplicatio-

772 2613 898 2654 nem
951 2607 1054 2652 tatn
1124 2595 1294 2665 plebis
1323 2610 1481 2666 quam
1523 2595 1796 2664 principis,
1843 2593 2110 2660 Abrincis,
2142 2603 2358 2662 pastore

775 2689 1090 2754 decedente,
1147 2690 1406 2743 successit
1453 2705 1466 2740 :
1512 2702 1761 2742 recusare
1805 2702 1910 2741 non
1959 2695 2165 2755 poterat
2214 2685 2358 2754 quod

777 2783 886 2854 jam
943 2789 1157 2836 secreta
1187 2780 1280 2835 Uei
1307 2781 1708 2849 dispensatione
1759 2788 2114 2848 portentatum
2164 2777 2355 2832 fuerat.

773 2877 942 2949 Igitur
978 2875 1198 2930 elfectus
1249 2874 1485 2941 pontifex
1517 2873 1593 2927 ita
1616 2887 1676 2927 se
1704 2873 1757 2927 in
1789 2873 2143 2927 mditicatione
2189 2886 2358 2926 nova-

775 2987 898 3026 rum
925 2971 1266 3025 ecclesiarum
1320 2969 1400 3024 vel
1445 2967 1836 3022 restauratione
1865 2967 2124 3033 exercuit,
2171 2966 2361 3020 domo-

776 3078 898 3117 rum
938 3061 1345 3132 recuperatione
1374 3059 1658 3126 succinxit,
1691 3059 1915 3113 cultura:
1944 3060 2168 3113 utilitate
2197 3072 2356 3126 appo-

776 3159 910 3224 suit,
939 3172 1234 3226 pauperum
1259 3153 1726 3210 administratione
1755 3153 2008 3222 profudit,
2041 3162 2098 3207 ut
2123 3160 2266 3207 esset
2307 3150 2361 3203 in

775 3251 1006 3323 singulis
1036 3251 1319 3318 mirabilis,
1363 3257 1421 3305 et
1448 3249 1504 3304 in
1547 3249 1795 3304 omnibus
1821 3245 2131 3318 singularis.
2173 3243 2188 3281 ί
2224 3241 2361 3299 Illud

855 3472 883 3500 ι
927 3459 1084 3516 Surio
1128 3466 1184 3513 et
1230 3455 1496 3526 aliquibus
1539 3468 1667 3510 mss.
1726 3452 2049 3517 Crescentio;
2096 3457 2151 3506 et
2200 3448 2358 3514 infra,

780 3533 1119 3589 Crescentius.
1151 3531 1417 3584 llOLLaxn.

852 3602 880 3642 δ
910 3603 1129 3668 Αείιιϊ.,
1160 3603 1243 3670 qui
1271 3604 1478 3667 culpam
1503 3597 1899 3653 reminiscens...
1925 3605 1979 3648 ut
2005 3591 2162 3661 culpa
2192 3591 2364 3646 cordis

775 3675 926 3739 αἰξὶ,
954 3673 1117 3728 oculis
1132 3673 1222 3726 tua:
1249 3674 1477 3724 intravit.

859 3757 882 3786 ο
906 3735 1076 3811 idem,
1107 3744 1302 3798 abbatis
1329 3741 1596 3795 uirtutibus
1637 3739 1712 3809 (in
1741 3753 1910 3808 marg.
1937 3735 2151 3806 uicibus)
2185 3736 2364 3804 {tinge-

775 3829 943 3875 retur.

855 3889 883 3928 ά
909 3889 1010 3953 Ib.,
1044 3885 1173 3939 mira
1197 3883 1446 3938 claritate.

858 3969 885 3999 θ
935 3949 1006 4015 εί
1047 3956 1305 4011 Melanius
1345 3954 1629 4022 episcopus
1672 3950 2044 4007 llbedonensis
2093 3949 2191 4022 fuit
2220 3961 2367 4022 “cum

781 4028 1082 4090 Leontiano
1110 4026 1162 4080 in
1193 4018 1564 4080 Aurelianetuii
1611 4022 1839 4077 concilio
1865 4039 1954 4076 an.
1989 4024 2092 4077 60‘.)
2121 4021 2185 4089 (ι’.
2215 4018 2365 4084 5“),

784 4112 842 4161 et
859 4101 992 4158 vixit
1011 4099 1077 4153 ad
1106 4113 1196 4150 an.
1229 4097 1357 4150 550.
1391 4097 1654 4148 BoLutto.

862 4173 882 4212 τ
923 4170 1274 4230 Leontianus,
1322 4166 1484 4220 etiam
1518 4168 1568 4218 in
1613 4179 1743 4219 mss.
1771 4165 2039 4228 Leontius,
2079 4172 2186 4217 eta
2211 4161 2372 4215 Surio

785 4243 1056 4300 Lueiantts
1108 4240 1358 4294 scribitur
1399 4250 1600 4304 :quent
1649 4237 1955 4304 episcopum
2004 4235 2372 4304 Constantien-

783 4330 901 4372 sem
965 4313 1130 4366 fuisse
1169 4325 1329 4377 supra
1401 4303 1598 4361 dictum
1645 4303 1748 4360 est.
1807 4303 2071 4360 bocuno.
2133 4303 2374 4358 Interfuit

786 4385 988 4442 conci].
1016 4380 1388 4437 Aurelianensi
1413 4393 1429 4431 ι
1455 4395 1542 4432 an.
1577 4377 1700 4442 5H,
1729 4387 1784 4430 et
1807 4380 1857 4431 ei
1883 4377 2238 4444 subscripsit;
2267 4387 2374 4442 quo

786 4474 855 4514 ex
887 4455 1096 4512 calculo
1124 4463 1252 4507 aetas
1277 4451 1335 4506 S.
1367 4449 1626 4505 Generosi
1653 4463 1715 4502 ac
1742 4449 1804 4502 Β.
1832 4451 2044 4503 Paterni
2073 4447 2373 4514 colligenda

786 4539 893 4576 est.
922 4527 1003 4576 Ex
1033 4522 1216 4576 Mabtl.

785 4539 893 4586 est.
922 4527 1003 4582 Ex
1033 4526 1216 4580 Mabtl.

864 4609 890 4647 ιι
945 4597 1046 4652 IS.
1098 4593 1258 4662 Vigor
1305 4590 1404 4647 fuit
1454 4592 1736 4662 episcopus
1790 4590 2142 4660 Bajoceasis:
2181 4597 2373 4651 colitur
2427 4615 2433 4622 ’

2391 3310 2438 3376 C

2458 2051 2803 2116 interessent,
2863 2052 3052 2104 eadem
3102 2059 3259 2105 nocte
3318 2049 3380 2103 Β.
3435 2048 3703 2104 Paternus
3769 2062 3880 2100 una
3939 2059 4046 2098 cur

2463 2144 2628 2198 fratre
2655 2157 2751 2197 suo
2792 2142 3072 2213 prredicto,
3101 2141 3336 2212 glorioso
3375 2149 3428 2196 et
3468 2141 3636 2196 nobili
3667 2141 3721 2194 in
3758 2138 4055 2206 triumpho,

2460 2237 2600 2292 felici
2633 2235 2844 2300 viatico,
2879 2249 3000 2290 cum
3025 2234 3192 2290 choro
3219 2234 3481 2303 angelico,
3516 2235 3568 2288 in
3589 2231 3810 2288 caelesti
3842 2239 4054 2297 senaltu,

2458 2328 2526 2384 tle
2596 2328 2825 2384 terrenis
2872 2330 2986 2398 pias
3032 2327 3238 2382 animas
3289 2327 3586 2382 emiserunt
3636 2325 3704 2378 ad
3755 2324 4054 2388 Christum,

2459 2437 2621 2490 seque
2682 2431 2866 2476 mutuo
2910 2422 2963 2475 in
3004 2419 3172 2490 gloria
3216 2428 3550 2488 repererunt.
3583 2416 4055 2486 Quemadmodum

2456 2528 2635 2572 autem
2665 2525 2689 2552 η
2711 2516 2884 2571 Lauto
2929 2517 3210 2584 episcopus
3230 2553 3245 2579 ,
3275 2514 3365 2584 qui
3398 2513 3596 2566 ibidem
3624 2519 3756 2564 ante
3787 2510 3913 2563 dies
3941 2514 4059 2562 octo

2459 2610 2525 2662 ad
2556 2607 2876 2662 visitandum
2901 2621 3048 2671 eum,
3086 2614 3109 2640 υ
3142 2604 3390 2658 nesciens
3417 2601 3537 2672 ejus
3583 2599 3865 2667 morbum,
3895 2597 4058 2653 adve-

2462 2711 2636 2767 nerat,
2667 2701 2733 2756 ad
2766 2701 3038 2756 basilicam
3071 2700 3125 2755 in
3156 2699 3408 2756 Sesciaco
3453 2699 3513 2752 Β.
3560 2697 3801 2751 Paterno
3851 2696 4057 2765 impen-

2462 2795 2557 2858 dit,
2605 2802 2660 2847 et
2689 2793 2913 2847 deduxit
2945 2791 3224 2861 exsequias
3258 2808 3269 2842 :
3302 2790 3378 2844 sic
3408 2797 3434 2837 P
3463 2786 3742 2843 Lascivius
3772 2787 4059 2854 episcopus

2458 2885 2519 2942 S.
2552 2885 2914 2941 Scubilionetn
2945 2882 3013 2937 ad
3044 2881 3287 2938 eamdem
3335 2879 3607 2934 basilicam
3643 2877 3954 2942 deducens,
3985 2876 4060 2928 lu-

2462 2979 2578 3035 neri
2609 2977 2827 3033 alterius
2857 2977 3082 3031 accessit
3127 2984 3183 3029 et
3221 2976 3558 3030 continentes
3601 2971 3758 3025 cliori
3804 2970 3860 3024 in
3894 2983 4054 3024 unum

2463 3071 2762 3127 nescientes
2809 3076 3176 3124 convenerunt
3209 3083 3222 3120 :
3256 3076 3283 3116 (ι
3309 3075 3366 3120 et
3406 3063 3730 3120 sanctissimi
3791 3063 3895 3117 viri
3941 3075 4060 3116 ora-

2465 3162 2628 3219 tionis
2652 3164 2828 3218 locum
2861 3176 3019 3231 quem
3058 3161 3456 3216 :edilicaverunt
3495 3160 3697 3228 pariter
3723 3158 3920 3213 eadem
3971 3155 4059 3212 die

2464 3264 2878 3326 occupaverunt,
2921 3253 3061 3310 felici
3114 3253 3214 3309 sub
3261 3252 3513 3319 transitu,
3545 3261 3567 3289 τ
3599 3262 3659 3306 ιιι
3711 3265 3817 3309 nec
3867 3251 4058 3306 mortis

2618 3452 2801 3506 servire
2820 3452 3151 3524 diutius,'pro
3171 3468 3296 3523 qua,
3321 3452 3573 3507 libertatis
3591 3461 3800 3519 auctor,
3822 3451 4061 3509 Christus

2492 3538 2564 3578 ιιιι
2585 3535 2871 3580 invocatus.

2492 3535 2564 3578 uit
2585 3535 2871 3580 ιιιυοεαιιω.

2543 3596 2559 3633 1
2603 3596 2661 3650 lu
2681 3596 2893 3663 aliquot
2938 3608 3071 3649 mss.
3115 3593 3492 3659 laudassent“,
3533 3596 3680 3666 quod
3712 3593 3905 3649 forsan
3939 3609 4060 3651 esse

2467 3668 2526 3720 S.
2559 3667 2832 3721 Michaelis
2882 3667 2934 3719 in
2984 3666 3164 3722 Monte
3205 3666 3613 3721 insinuavimus.
3648 3667 3825 3721 Aliter
3853 3670 4059 3721 dictum

2468 3737 2814 3801 Maduinittm,
2859 3735 3186 3804 Maduirmn,
3236 3738 3317 3790 vel
3365 3736 3723 3792 Halduinium
3765 3739 4063 3794 arbitratur

2469 3815 2695 3864 Arturus
2723 3810 2790 3862 du
2818 3808 3074 3864 Ioustier
3103 3811 3156 3862 in
3196 3808 3444 3863 Neustria
3473 3810 3578 3878 pia,
3612 3824 3734 3878 pag.
3762 3808 3854 3861 68.
3903 3812 4062 3865 Satn-

2468 3882 2734 3935 martbani
2783 3880 3020 3933 indicant
3073 3879 3420 3934 lfaeloviense
3471 3883 3870 3935 monasterium.
3942 3882 4059 3936 Non

2470 3953 2677 4006 videtur
2705 3961 2809 4004 tam
2849 3952 3032 4019 procul
3058 3954 3308 4005 abfuisse.
3344 3953 3609 4006 Bonnam.

2547 4022 2828 4086 “Aclter”
2875 4038 2930 4075 se
2955 4023 3165 4076 invicem
3213 4022 3473 4076 obviantes
3519 4021 3583 4079 Β.
3619 4024 3980 4077 Scubilionem
4012 4026 4061 4078 in

2471 4095 2651 4148 itinere
2677 4103 3035 4156 commonent;
3063 4105 3118 4147 et
3149 4094 3304 4161 paulo
3329 4103 3451 4161 post
3486 4111 3500 4147 :
3533 4111 3651 4148 cum
3681 4106 3863 4148 sancto
3894 4099 4057 4164 fratre

2471 4182 2562 4220 suo
2592 4165 2812 4235 glorioso
2845 4168 3116 4233 pra'posito
3155 4165 3309 4218 nobili
3351 4168 3407 4217 in
3450 4166 3754 4231 triumpho;
3797 4167 3930 4220 ibid.
3964 4170 4062 4220 dc-

2472 4247 2600 4292 sunt
2622 4239 2734 4306 limo
2763 4238 2920 4289 verba
2954 4253 2966 4287 :
2997 4252 3150 4306 seque
3178 4248 3354 4289 mutuo
3378 4237 3434 4290 in
3458 4237 3624 4306 gloria
3656 4250 3980 4302 repererunt.

2545 4317 2572 4342 ιι
2603 4305 2769 4360 Lauto
2813 4305 3080 4376 episcOpus
3111 4307 3356 4361 Ecclesia:
3385 4305 3759 4374 Constantmte,
3794 4309 3876 4361 uel
3919 4308 4067 4362 Briso

2477 4382 2718 4441 ocrensis,
2766 4379 2864 4431 hac
2911 4378 3131 4432 formula
3181 4381 3497 4447 subscripsit
3547 4379 3780 4432 concilio
3813 4385 4064 4434 Aurelia-

2475 4451 2628 4504 nensi
2660 4465 2689 4500 v
2728 4463 2815 4520 an.
2847 4447 2974 4502 5-57.
3006 4450 3293 4515 lnscriptus
3339 4460 3422 4503 cst
3467 4451 3848 4520 Martyrologio
3899 4451 4054 4507 Rom.

2476 4522 2542 4574 ad
2589 4522 2728 4574 diem
2757 4519 2827 4573 22
2852 4522 3126 4586 Septemb.
3169 4524 3435 4574 Bonum.

2549 4600 2573 4627 ο
2608 4594 2804 4645 Acber.
2837 4606 2941 4643 non
2972 4592 3098 4660 legit
3124 4593 3237 4645 haec
3282 4596 3438 4646 verba
3471 4593 3697 4646 nesciens
3752 4597 3869 4656 eius
3924 4611 4063 4652 mar-

789 4670 913 4726 lial.
961 4667 1096 4722 Nov.
1129 4661 1334 4720 Saltem
1377 4661 1501 4718 ante
1528 4681 1618 4716 an.
1659 4663 1756 4716 557
1787 4673 2052 4727 mortuus,
2075 4665 2192 4728 quia
2245 4675 2370 4723 tunc
2394 4667 2451 4730 Ι)
2477 4661 2612 4715 bum.
2638 4661 2856 4724 Ibidem,
2889 4677 3006 4713 cum
3026 4665 3094 4714 ad
3123 4665 3383 4716 basilicam
3411 4662 3648 4718 Sessiaco
3680 4664 3742 4719 Β.
3773 4665 4068 4720 Paternum

794 4739 1098 4796 Leucadius
1147 4738 1432 4804 episcopus
1488 4733 1795 4802 Bajocensis
1847 4734 2089 4804 interluit
2123 4740 2371 4792 Aurelia-

793 4813 948 4868 nensi
999 4823 1056 4861 ιιι
1086 4802 1350 4862 εοιιείιιοξ
1370 4805 1654 4872 Perperatn
1682 4819 1711 4856 a
1740 4806 1897 4857 Surio
1941 4802 2110 4868 Beor;
2143 4811 2192 4861 in
2239 4825 2373 4864 mss.

791 4884 956 4939 etiam
993 4878 1165 4932 Velior
1186 4888 1240 4931 et
1276 4876 1446 4947 Victor
1475 4876 1684 4944 legitur.
1719 4875 1791 4947 ιιι
1821 4889 1950 4947 mss.
1980 4876 2294 4947 itotliomag.
2324 4890 2380 4935 et

797 4953 1020 5022 Reginae
1076 4950 1280 5022 Sttecia:
1316 4946 1504 5022 _Vt'gor_
1555 4945 2007 5022 recte__d_icitur.i
2061 4951 2185 5003 llaec
2236 4945 2374 5007 Boll.

797 5016 961 5080 Νοῖει
997 5036 1125 5074 vero
1155 5016 1507 5073 Cointius‘ad
1548 5032 1636 5070 an.
1689 5016 1813 5079 550,
1875 5032 1928 5070 ιι.
1979 5017 2033 5081 6,
2091 5029 2196 5075 tres
2248 5023 2380 5076 istos

793 5097 1104 5162 episcopos,
1138 5090 1239 5162 qui
1266 5088 1548 5162 lfaternum
1576 5104 1669 5162 per
1700 5087 1870 5162 visum
1899 5090 2204 5162 episcOputn
2235 5093 2379 5145 ordi-

796 5157 1082 5225 naverunt,
1137 5157 1188 5212 in
1232 5159 1338 5213 illis
1386 5159 1689 5228 regionibus
1737 5157 1942 5212 sedisse
1986 5161 2071 5213 ubi
2124 5161 2381 5218 Paternus

797 5239 970 5290 multa
1003 5232 1326 5286 monasteria
1360 5239 1718 5283 exstruxerat.

868 5304 896 5342 δ
931 5304 1150 5368 Acher.,
1182 5304 1270 5355 sed
1295 5302 1430 5369 apud
1459 5316 1511 5353 se
1552 5311 1790 5368 retinens,
1818 5303 2042 5369 quamvis
2072 5309 2192 5356 tunc
2215 5313 2383 5358 tacue-

787 5379 886 5443 rit,
950 5385 1064 5444 post
1104 5373 1464 5444 pt'obat‘itict
1500 5370 1662 5438 paulo
1686 5443 1689 5444 ν
1717 5383 1831 5436 post
1863 5388 1876 5422 :
1908 5373 2150 5427 Abt-incus
2182 5388 2384 5443 pastore

796 5441 1134 5502 recedente...
1171 5459 1288 5495 mox
1316 5441 1524 5508 eﬂ'ectus
1555 5443 1780 5510 pontifex
1806 5445 1875 5494 ita
1903 5459 1954 5495 se
1981 5447 2034 5495 in
2059 5441 2383 5498 ecclesiarum

796 5517 1197 5574 instauratione,
1228 5517 1304 5566 vel
1331 5528 1458 5565 nova
1487 5513 1822 5579 tedi/icatione
1850 5516 2139 5570 exercuit...
2172 5520 2385 5570 cultum

799 5589 1077 5640 utilitatem
1146 5585 1468 5652 disposuit...
1541 5599 1824 5650 pauperum
1894 5589 2383 5641 administrationem

801 5659 1033 5706 profudit
1067 5666 1139 5706 tet
1167 5657 1218 5706 in
1246 5669 1410 5706 niam.
1437 5655 1698 5706 providit).

961 5660 1033 5708 dit
1067 5666 1139 5708 tet
1167 5657 1218 5708 in
1246 5669 1410 5708 mare.
1437 5655 1698 5708 providit).

801 5659 1033 5728 profudit
1067 5666 1139 5726 tet
1167 5657 1218 5716 in
1246 5669 1410 5722 marg.
1437 5657 1698 5723 providit).

883 5728 901 5766 ι
940 5728 1093 5788 lbid.,
1129 5724 1274 5780 Illud
1305 5727 1457 5797 etimit
1486 5725 1661 5777 merito
1683 5727 1937 5780 memoria:
1957 5745 2056 5782 non
2087 5729 2380 5797 fraudatum

878 5801 893 5848 l
932 5798 1057 5851 Mss.
1092 5797 1325 5867 Regina},
1379 5795 1737 5860 Teudeciano;
1769 5813 1866 5851 ms.
1898 5795 2114 5863 Bodeci,
2152 5802 2385 5854 ’l‘lieode-

805 5871 985 5932 ciaco;
1016 5883 1118 5922 ms.
1148 5869 1356 5922 Trevir.
1390 5878 1443 5922 et
1471 5868 1679 5932 Surius,
1715 5869 2077 5925 'l'ltcodesiaco.
2109 5875 2380 5926 BULLAND.

875 5939 900 5978 ιι
927 5939 1158 6007 Acber.,
1183 5954 1299 5993 cum
1329 5940 1556 5994 oratione
1584 5939 1772 6007 oblata,
1807 5952 1934 6009 etc.,
1964 5961 2053 5998 nec
2099 5949 2256 6013 potuit
2287 5947 2385 5998 mi-

2480 4734 2772 4798 deduceret,
2826 4735 3116 4798 impendens
3162 4736 3443 4799 exsequias,
3506 4737 3625 4787 item
3676 4736 3950 4790 Lascivins
4001 4740 4067 4795 Β.

2483 4806 2838 4877 Scubilionem
2864 4807 2931 4856 ad
2977 4803 3238 4877 basilicam
3278 4805 3445 4877 ipsam
3498 4807 3788 4868 deduceret,
3844 4820 4077 4877 utraque

2482 4877 2771 4950 concinente
2791 4875 2941 4928 choro
2973 4875 3318 4944 psallentium,
3355 4876 3411 4930 in
3437 4893 3596 4930 unum
3621 4880 3911 4934 nescientes
3943 4875 4076 4950 pon-

2483 4948 2640 5015 ti/ices
2667 4957 3026 5001 convenerunt.

2556 5028 2582 5067 ρ
2610 5018 2885 5072 Lascivius
2930 5023 3212 5088 episcopus
3241 5019 3472 5074 concilio
3512 5019 3797 5074 Parisiensi
3851 5036 3914 5075 ιιι
3948 5027 4081 5077 sub-

2485 5091 2697 5156 scripsit
2722 5105 2811 5142 an.
2842 5088 2962 5154 .356,
2991 5101 3081 5144 seu
3109 5089 3262 5158 cujus
3307 5091 3406 5143 loci
3439 5090 3594 5145 fuerit
3635 5107 3738 5143 non
3771 5095 4078 5148 iltdiCJtur.

2485 5160 2544 5212 ln
2577 5176 2704 5214 mss.
2738 5159 2948 5213 Laudas
2977 5163 3158 5225 etiam,
3190 5173 3244 5214 et
3270 5176 3299 5214 a
3325 5161 3483 5215 Surio
3507 5163 3758 5215 Lattscitts
3785 5168 4079 5220 scribitur.

2491 5231 2545 5284 In
2585 5232 2873 5284 Bodeceusi
2907 5247 3007 5285 ms.
3041 5235 3288 5285 dicuntur
3321 5251 3332 5284 :
3364 5235 3471 5287 duo
3499 5249 3528 5286 e
3557 5235 3734 5285 vicinis
3775 5236 4083 5291 civitatibus

2487 5304 2708 5369 episc0pi
2732 5311 2921 5356 neutro
2947 5305 3161 5357 nomine
3189 5317 3466 5373 expresso.
3501 5305 3772 5358 BULLAND.

2560 5383 2586 5421 ιι
2615 5374 2900 5439 bequentia
2928 5382 3158 5446 suntex
3199 5389 3330 5428 mss.
3364 5375 3570 5429 Trevir.
3616 5386 3670 5428 et
3718 5377 3980 5446 Reginae.
4035 5383 4084 5434 ln

2489 5444 2809 5513 llothOtnag.
2862 5451 2977 5520 [nec
3007 5445 3177 5520 solum
3208 5454 3361 5498 erant
3393 5465 3413 5520 :A
3437 5458 3482 5498 et
3513 5444 3820 5499 sanctorum
3849 5465 3937 5502 co:
3957 5470 4088 5520 para

2485 5520 2636 5569 simul
2665 5531 2777 5566 cum
2799 5516 2988 5584 gaudio
3015 5516 3366 5570 inlummrunt.
3400 5518 3669 5572 UOLLAND.

2562 5595 2582 5622 τ
2629 5586 2686 5640 S.
2751 5587 3032 5640 Paternum
3081 5589 3373 5642 decessisse
3411 5604 3498 5641 an.
3544 5589 3668 5653 tibi),
3713 5590 3782 5642 ita
3832 5598 4092 5650 ostendit

2489 5658 2825 5712 Mabillonius
2872 5659 2924 5711 in
2955 5659 3095 5712 notis
3133 5660 3197 5711 ad
3254 5657 3422 5712 Vitam
3472 5662 3532 5716 ὃ.
3584 5664 3817 5726 Patenii,
3874 5679 4017 5719 Sate.
4077 5684 4092 5722 ι

2491 5730 2689 5784 Bened.
2724 5729 2981 5783 Paternus
3012 5731 3216 5785 scilicet
3259 5731 3389 5784 obiit
3441 5744 3558 5800 post
3598 5736 3899 5788 concilium
3941 5737 4092 5790 Pari-

2488 5803 2662 5854 siense
2683 5803 3008 5855 celebratum
3039 5819 3126 5856 an.
3159 5800 3285 5864 5.37,
3316 5804 3397 5856 cui
3428 5806 3539 5870 ipse
3571 5805 3809 5858 interfuit
3847 5822 3922 5859 ac
3957 5814 4092 5862 sub-

2489 5874 2720 5950 scripsit,
2745 5873 2966 5950 etobiit
2991 5873 3375 5950 decimosexto
3397 5873 3514 5950 Kal.
3548 5877 3713 5950 maias
3737 5881 3943 5950 paucis
3977 5889 4097 5946 rost

2491 5942 2694 6000 Pascba
2725 5942 2910 6000 diebus
2943 5961 2954 5997 :
2986 5960 3107 6001 cum
3138 5945 3350 6014 quidem
3380 5949 3547 6000 altera
3596 5947 3681 6002 die
3726 5942 4099 6008 Paulam-h-
