4192 6550
176 386 291 446 19⁸1

1290 386 1448 446 VITA
1492 388 1551 445 S.
1591 386 2030 449 RADEGUNDIS
2067 389 2374 453 REGINE.

3379 403 3483 465 698

177 520 341 563 casus
370 503 634 561 divideret
677 518 812 575 quos
852 517 1068 574 semper
1111 518 1213 560 una
1242 505 1349 560 vita
1372 505 1647 574 conjunxit
1676 522 1689 560 :
1722 522 1786 562 ac
1812 512 1863 570 Α
1890 508 2089 564 saeculo
2118 510 2323 566 meritis
2344 509 2591 569 felicibus
2611 522 2981 581 occurrerunt,
3003 519 3259 576 miracula
3285 520 3488 581 facien-

181 600 351 655 simul
396 613 502 654 uno
544 608 817 654 momento
842 614 963 653 cum
1002 599 1173 654 altero
1204 600 1341 655 alter
1370 610 1394 638 υ
1426 600 1667 669 sepultus
1692 608 1795 667 est,

179 706 309 746 cum
351 699 406 746 et
451 692 503 746 in
542 690 972 763 peregrinatione
1002 693 1136 747 alter
1166 692 1392 748 alterum
1446 703 1662 749 secutus
1694 702 1796 748 est.

177 784 275 842 Sic
328 785 678 856 Redemptori
734 796 954 853 nostro,
1004 789 1231 842 amatori
1280 789 1458 855 unico,
1511 790 1666 845 electi
1736 788 1802 843 de

178 931 374 976 ternus
414 930 467 977 et
494 921 729 976 Scubilio
773 922 825 975 in
873 921 1122 976 morbum
1153 919 1408 975 incidisse
1440 917 1770 986 referantur,

175 1004 238 1049 et
263 996 451 1046 eadem
482 1003 635 1048 nocte
661 1006 781 1048 esse
805 994 1021 1047 mortui.
1049 994 1200 1058 Quod
1231 1007 1338 1046 non
1368 991 1438 1044 ita
1472 990 1776 1063 intelligen-

176 1065 313 1119 dum
342 1078 425 1119 est
453 1081 516 1118 ac
535 1080 580 1118 SI
606 1075 965 1126 consequente
990 1071 1149 1119 nocte
1175 1079 1278 1134 qua
1306 1073 1569 1132 :egrotare
1596 1079 1777 1131 cmpe-

178 1145 329 1197 rant,
384 1146 554 1189 morte
621 1136 988 1201 decesserint;
1056 1151 1175 1189 cum
1240 1133 1430 1195 Lauto,
1494 1135 1777 1203 episcopus

178 1206 630 1271 Constantieusis,
657 1218 779 1261 octo
800 1207 987 1261 diebus
1010 1222 1129 1260 cum
1166 1207 1392 1259 Paterno
1415 1218 1778 1259 commoratus

176 1278 417 1332 Sessiaci
459 1291 719 1341 narretur,
770 1294 877 1345 quo
920 1278 1180 1333 Paternus
1221 1278 1385 1330 altera
1434 1278 1513 1329 die
1564 1275 1780 1330 Pass/tte

177 1350 519 1413 advenerat;
575 1351 668 1403 sed
721 1350 847 1402 illud
880 1350 1049 1403 solum
1104 1350 1366 1403 indicattIr
1408 1347 1694 1401 Paternum
1725 1357 1781 1402 et

180 1420 577 1485 Scubiiionem,
614 1432 732 1488 post
779 1422 1148 1489 mgrituiliuein
1178 1422 1379 1487 aliquot
1428 1420 1657 1481 dierum,
1690 1434 1781 1471 ea-

182 1493 316 1545 dem
356 1501 509 1546 nocte
555 1492 659 1544 vita
705 1492 914 1545 functos
960 1492 1146 1546 fuisse.
1200 1490 1330 1557 Qum
1370 1504 1492 1545 cum
1536 1490 1603 1542 ita
1652 1491 1779 1555 sint,

181 1572 337 1617 recte
368 1563 575 1616 videtur
613 1564 669 1617 S.
702 1562 916 1616 Paterui
970 1568 1173 1617 obitum
1206 1562 1459 1616 collocari
1507 1576 1660 1628 posse
1689 1577 1777 1614 au.

180 1634 322 1696 565,
350 1634 593 1687 undecim
627 1644 745 1698 post
790 1634 991 1688 Pascha
1034 1635 1245 1696 diebus,
1278 1634 1419 1696 quod
1451 1650 1514 1685 eo
1549 1647 1691 1686 anno
1730 1634 1782 1685 iu

180 1705 333 1759 diem
381 1705 622 1773 quintum
675 1705 874 1773 Aprilis
922 1705 1202 1759 inciderat.
1251 1705 1375 1758 llaec
1421 1704 1780 1758 Mabillonius.

181 1775 399 1842 Quibus
445 1775 650 1845 positis,
685 1778 1034 1845 Consequitur
1091 1778 1149 1832 S.
1205 1777 1486 1829 Paternum
1542 1785 1782 1828 creatum

184 1846 361 1901 fuisse
401 1848 782 1900 Abrincensem
824 1849 1134 1915 episcopum
1186 1861 1271 1900 an.
1326 1846 1450 1912 552,
1496 1854 1552 1899 et
1604 1854 1783 1900 nolunt

185 1932 285 1971 an.
318 1917 442 1989 482,
496 1920 694 1987 quippe
740 1918 828 1985 qui
872 1919 1313 1989 septuagenirius
1363 1918 1520 1972 fuerit
1572 1929 1784 1971 creatus

186 1988 439 2055 poiitifex
473 1988 555 2059 (ut
599 2002 844 2044 narratur
875 1992 926 2043 in
956 1988 1079 2059 ejus
1107 1991 1218 2043 Vita
1251 2005 1301 2043 c.
1335 1988 1413 2056 ὃ),
1444 2000 1497 2045 et
1526 1989 1785 2043 tredecim

186 2068 321 2126 post
349 2075 518 2114 annos
545 2060 858 2113 decesserit.
906 2062 972 2115 At
1020 2062 1256 2115 Cointius
1288 2070 1467 2114 natum
1497 2075 1618 2113 eum
1672 2060 1784 2113 exi-

186 2132 378 2185 aliinat
406 2147 492 2185 an.
539 2130 662 2196 480,
708 2141 761 2184 et
804 2146 892 2185 an.
933 2132 1038 2188 550
1077 2133 1142 2186 ad
1171 2133 1352 2185 sedem
1400 2134 1782 2186 AbrincenSem

185 2205 440 2272 tat-cetum
482 2201 645 2256 fuisse
671 2218 685 2267 ;
718 2202 875 2271 idque
900 2206 971 2258 ob
997 2219 1114 2258 eam
1142 2218 1356 2257 ciusain
1397 2203 1537 2272 quod
1570 2203 1614 2255 is
1641 2211 1787 2270 putet

1905 610 1984 657 tes
2031 612 2150 672 post
2188 603 2425 674 obitum,
2460 608 2549 677 qui
2597 609 2768 666 beatis
2795 612 3049 682 operibus
3077 615 3268 674 vivunt
3292 605 3491 693 integri

1905 706 2022 765 post
2053 698 2378 768 sepulcrum.

1880 934 1970 1003 an.
2005 918 2473 1003 5§_5,_quo.littera
2516 921 2852 1003 dominicalis
2882 924 2977 981 fuit
3022 928 3098 1003 AG,
3154 930 3488 1003 proindeque

1883 992 1999 1069 dies
2030 993 2102 1069 iii
2126 992 2323 1069 Aprilis
2366 1003 2482 1069 erat
2513 994 2643 1069 feria
2688 1012 2743 1051 ll.
2784 996 2978 1052 Verum
3021 992 3104 1054 hic
3132 992 3373 1057 ealculus
3398 992 3488 1069 '(ut

1887 1063 2173 1135 Bollandus
2201 1062 2602 1135 anim'idvertit)
2633 1067 2770 1121 hami
2806 1070 2990 1125 nititur
3020 1072 3125 1125 ullo
3167 1083 3321 1129 certo
3365 1062 3488 1128 fun-

1883 1134 2154 1198 dameuto,
2197 1150 2315 1188 cum
2348 1150 2411 1188 ex
2464 1134 2590 1189 Vita
2630 1137 2685 1192 S.
2734 1139 2942 1195 Palerni
2994 1144 3139 1196 nullo
3173 1144 3331 1199 modo
3360 1161 3491 1199 con-

1885 1216 1991 1259 stet
2036 1221 2156 1259 eum
2194 1207 2393 1261 obiisse
2443 1206 2569 1260 feria
2605 1224 2663 1272 ll,
2697 1220 2751 1263 et
2780 1228 2922 1266 anno
2961 1211 3069 1266 585
3098 1214 3215 1270 dies
3265 1216 3488 1271 Pascha:

1886 1277 2138 1355 inciderit
2172 1279 2224 1332 in
2265 1277 2408 1355 diem
2453 1278 2524 1330 23
2556 1278 2947 1355 Martii_:_unde
2976 1297 3398 1355 consequeretur
3426 1288 3486 1343 S.

1887 1348 2173 1427 Paternum
2225 1359 2333 1427 tres
2382 1350 2616 1417 integras
2665 1352 3033 1410 hebdomadas
3075 1348 3276 1427 aegrum
3328 1360 3492 1414 decu-

1887 1419 2089 1480 buisse,
2124 1421 2264 1488 quod
2301 1436 2403 1475 non
2444 1432 2717 1490 δρρίιτϐιν

1959 1502 1982 1526 ει
2017 1491 2268 1545 Visuntur
2293 1508 2457 1559 usque
2492 1493 2648 1546 hodie
2692 1497 3016 1560 cenotapliia
3049 1498 3148 1552 SS.
3181 1499 3397 1555 Paterni
3427 1508 3491 1557 et

1888 1562 2215 1641 Scubilionis
2254 1565 2303 1616 iu
2332 1568 2459 1641 vici:
2493 1562 2551 1617 S.
2586 1564 2827 1641 l’aterni,
2860 1569 3017 1641 vulgo
3050 1569 3367 1624 Saint-Pair
3396 1587 3495 1641 ap-

1888 1636 2108 1707 pellato,
2140 1635 2389 1689 dumcesis
2422 1632 2860 1707 Constantiensis
2888 1632 3122 1695 adversm
3156 1632 3489 1696 maritimam

1888 1704 2120 1780 chani,
2145 1706 2282 1759 haud
2318 1706 2551 1780 procula
2592 1704 2927 1780 Granilivilla
2971 1712 3187 1780 oppido.
3224 1714 3336 1767 Illic
3368 1716 3492 1769 sine

1888 1776 2051 1829 dubio
2080 1777 2179 1849 sita
2211 1789 2325 1831 erat
2355 1778 2581 1849 aiibatia
2619 1776 3021 1848 Sessiaceusis,‘
3046 1776 3247 1849 postea
3302 1784 3361 1838 S.
3396 1785 3492 1837 l’a-

1894 1849 2027 1900 terni
2060 1848 2226 1911 dcta,
2278 1863 2435 1916 quam
2471 1848 2771 1903 liichardus
2803 1852 2844 1905 ll
2878 1854 2984 1906 dux
3031 1848 3490 1911 Nortmannorutn

1891 1920 2216 1973 monasterio
2245 1919 2300 1973 S.
2341 1920 2615 1972 Michaelis
2642 1919 2693 1973 in
2722 1921 2898 1977 Monte
2927 1924 3133 1979 Tumba
3178 1928 3493 1982 attribuisse

1892 1987 2080 2057 legitur
2112 1990 2162 2041 iu
2207 1988 2449 2043 Neustria
2507 1990 2622 2044 Pia.
2655 1991 2802 2045 Nunc
2838 1994 2985 2048 locus
3017 1996 3267 2051 redactus
3306 2010 3386 2051 cst
3434 1998 3489 2051 in

1892 2062 2088 2137 vicum,
2147 2061 2453 2137 insignitum
2506 2074 2683 2137 tamen
2741 2066 2963 2137 nurnine
3014 2066 3276 2134 barunian,
3310 2082 3487 2137 quam

1894 2132 2152 2207 praedicto
2195 2132 2252 2207 ὃ.
2311 2133 2583 2187 Michaelis
2606 2136 2862 2207 coenobio
2891 2138 3156 2192 hactenus
3189 2132 3488 2207 dependet;

1897 2203 1987 2257 ubi
2007 2218 2194 2279 nuper,
2216 2204 2316 2279 hoc
2340 2214 2585 2279 estanuo
2604 2206 2814 2259 Domini
2839 2208 2998 2273 1664,
3022 2209 3109 2263 die
3138 2210 3160 2263 1
3184 2203 3488 2279 Septemb.,

188 2270 487 2351 Paternum
518 2264 737 2351 obiisse
767 2264 895 2351 feria
943 2275 1219 2351 secunda,
1251 2264 1426 2351 idque:
1456 2275 1556 2351 dic_
1584 2264 1787 2351 tle—cinia
1822 2264 1870 2325 B
1897 2264 2095 2351 corpus
2128 2264 2190 2331 S.
2225 2274 2396 2329 Gaudi
2429 2274 2775 2333 Ebroicensis
2800 2264 3040 2351 episcopi
3073 2264 3347 2336 inventum
3380 2264 3487 2336 est.

188 2353 351 2397 sexta
402 2345 633 2411 Aprilis;
670 2360 776 2415 quo
804 2345 893 2399 die
923 2361 1116 2400 nomen
1146 2347 1287 2400 illius
1322 2346 1516 2412 legitur
1546 2344 1596 2396 in
1633 2345 1787 2415 tabu-

190 2416 267 2476 lis
318 2414 717 2471 ecclesiasticis.
766 2417 916 2473 Uude
960 2417 1203 2488 ejusdem
1247 2418 1451 2472 obitum
1504 2415 1669 2470 refert
1716 2414 1780 2468 ad

1900 2345 2123 2400 MAEILL.

207 2557 3502 2607 ξπ

1537 2689 2079 2768 PRIEMONI'I
2106 2686 2207 2763 I0

1063 2869 1129 2923 ΙΝ
1163 2870 1364 2923 νιΤΑιί
1399 2866 1779 2929 SEQUENTE!
1813 2866 1865 2917 S.
1903 2863 2315 2918 RADEGUNDIS
2350 2866 2625 2919 REGIN/E.

294 3031 464 3085 Vitam
486 3028 546 3085 S.
582 3027 919 3099 Radegundis
940 3045 971 3082 α
993 3026 1311 3099 Fortunato,
1335 3028 1567 3092 ejusdem
1594 3033 1929 3099 prtzceptore,
1959 3025 2210 3099 scriptam
2242 3021 2420 3099 fuisse,
2440 3020 2622 3099 ﬁdem“
2636 3018 2985 3099 εεξςιίειιίηιαηρΔ
3001 3022 3126 3093 facit
3157 3022 3496 3099 Baudonivia,

190 3102 605 3159 sanctimonialis
635 3089 926 3155 monasterii
949 3089 1305 3162 Pictaviensis,
1333 3089 1499 3151 cswva
1526 3089 1688 3168 ipsius
1722 3089 2026 3168 Fortunati,
2058 3089 2170 3162 nam
2195 3089 2252 3147 iii
2280 3091 2397 3168 Vita
2434 3092 2551 3145 item
2572 3089 3034 3168 ‘S._liadeg_antlis,
3053 3112 3082 3147 α
3108 3112 3162 3150 se
3177 3089 3492 3166 conscripta,

191 3176 312 3229 hac
347 3175 410 3226 de
455 3172 546 3226 illo
579 3182 623 3225 et
654 3188 707 3226 se
740 3183 1001 3227 testatur:
1030 3171 1144 3225 Non
1177 3186 1237 3225 ea
1260 3184 1377 3236 quas
1404 3168 1483 3221 vir
1513 3162 1841 3239 apostolicus
1874 3167 2198 3239 Fortunatus
2230 3165 2513 3239 episcopus
2554 3162 2621 3217 de
2655 3162 2965 3239 beatatilita
2995 3168 3299 3239 composuit
3327 3162 3495 3239 itcra-

193 3260 349 3309 mus,
373 3244 469 3298 sed
495 3258 556 3297 ea
586 3259 707 3310 quae
739 3245 1049 3313 prolixitate
1076 3245 1157 3295 sui
1189 3234 1562 3309 praetermisit,
1584 3241 1719 3296 sicut
1751 3238 1865 3306 ipse
1892 3238 1944 3291 in
1979 3239 2117 3313 libro
2145 3252 2253 3313 suo
2274 3234 2551 3313 disseruit,
2582 3250 2703 3313 cum
2751 3234 2960 3313 diceret
2987 3236 3053 3291 de
3082 3234 3254 3313 beata:
3277 3238 3494 3313 virtuti-

191 3318 303 3373 bus
333 3305 346 3369 Ξ
382 3305 626 3372 Sufficiat
648 3305 935 3384 exiguitas,
962 3329 1031 3369 ne
1054 3305 1357 3368 fastidiatur
1389 3314 1634 3375 ubertas;
1668 3305 2074 3384 ne_cr_eputetur_
2108 3308 2506 3384 brevissimum,
2543 3305 2629 3359 ubi
2656 3306 2722 3361 de
2753 3308 2934 3384 paucis
2963 3310 3269 3384 agnoscitur
3301 3308 3494 3384 ampli-

199 3388 361 3444 tudo.
399 3385 529 3441 Haec
561 3377 1034 3440 autem‘Furtunati
1062 3386 1210 3439 verba
1251 3384 1489 3453 leguntur
1537 3399 1680 3436 nam.
1712 3380 1782 3453 3?!
1811 3377 1944 3453 Υἰιω
1978 3382 2137 3451 ipsius
2165 3380 2520 3453 Radeguudts,
2546 3393 2697 3453 quam
2726 3378 2818 3431 sub
2846 3394 3050 3453 nomne
3081 3377 3354 3434 Fortunati
3384 3377 3493 3435 edi-

190 3476 339 3519 mus,
365 3460 816 3511 utezstatsatculo
844 3474 857 3510 ι
882 3456 1099 3521 Bened.,
1151 3472 1272 3524 pag.
1302 3450 1442 3517 ⁷519,
1494 3472 1522 3505 a
1569 3455 1635 3506 cl.
1672 3450 2144 3507 Mabillonionotis
2203 3451 2511 3504 doctissimis
2564 3450 2854 3512 iliastrata;
2907 3452 3087 3521 quibus
3124 3454 3200 3506 vel
3225 3452 3287 3505 de
3315 3460 3491 3506 nostra

189 3529 424 3599 aliquid,
444 3530 531 3583 ubi
559 3539 905 3597 opportunum
931 3531 1095 3583 visum
1121 3538 1214 3592 est,
1240 3540 1335 3594 pro
1363 3541 1503 3579 more
1524 3524 1827 3594 adjecimas.

455 3780 873 3907 VITA
965 3781 1090 3905 S.
1194 3780 2379 3912 RADEGUNDIS
2467 3781 3244 3916 REGINAE.

686 4077 1278 4152 PROLOGUS.

275 4192 333 4244 1.
368 4188 747 4258 Redemptoris
793 4190 963 4245 nostri
996 4200 1197 4244 tantum
1246 4191 1396 4245 dives
1436 4198 1519 4244 est
1552 4189 1793 4258 largitas,

190 4293 260 4340 ut
282 4284 339 4338 in
372 4297 502 4337 sexu
526 4283 776 4339 muliebri
806 4283 1043 4338 celebret
1074 4282 1237 4337 fortes
1282 4282 1557 4349 victorias,
1592 4290 1645 4336 et
1667 4298 1788 4335 cor-

190 4390 342 4449 pore
362 4372 665 4444 fragiliores
697 4376 837 4443 ipsas
870 4374 1060 4429 reddat
1093 4373 1319 4428 feminas
1358 4374 1554 4427 virtute
1609 4374 1803 4427 mentis

195 4469 433 4538 inclytae
458 4469 749 4538 gloriosas.
800 4468 942 4534 Quas
990 4467 1251 4521 habentes
1305 4467 1577 4522 nascendo
1626 4466 1801 4519 molli-

199 4564 366 4625 tiem,
396 4561 519 4614 facit
535 4559 789 4614 Christus
818 4562 1065 4614 robustas
1087 4575 1149 4614 ex
1170 4559 1316 4625 ﬁde;
1338 4569 1393 4614 ut
1414 4575 1532 4629 qum
1554 4560 1802 4614 videntur

200 4654 538 4717 imbecilles,
582 4653 711 4706 dum
732 4662 1091 4715 ,coronantur
1111 4666 1175 4705 ex
1202 4652 1431 4717 meritis,
1472 4667 1500 4704 a
1544 4667 1651 4720 quo
1677 4651 1799 4707 eili-

197 4749 433 4805 ciuutur
457 4746 647 4810 fortes,
676 4745 885 4799 laudem
916 4745 999 4799 sui
1049 4744 1325 4798 cumulent
1368 4743 1664 4809 Creatoris,
1699 4743 1798 4797 ha-

201 4844 390 4899 bendo
423 4843 473 4893 in
508 4840 649 4894 vasis
678 4839 927 4893 fictilibus
985 4838 1265 4893 thesauros
1296 4840 1416 4893 creti
1450 4838 1753 4893 reconditos
1784 4856 1797 4892 ε

205 4937 262 4990 in
294 4947 526 5004 quarum
562 4931 858 4985 visceribus
886 4945 1005 4982 cum
1037 4932 1149 4983 suis
1171 4930 1369 4983 divitiis
1393 4929 1506 4999 ipse
1529 4945 1618 4983 rex
1646 4928 1799 4984 habi-

199 5037 349 5081 tator
380 5034 460 5077 est
486 5021 750 5077 Christus.
779 5023 909 5087 Quae
937 5020 1324 5075 mortificantcs
1348 5037 1405 5075 se
1437 5021 1656 5086 smculo,
1702 5022 1798 5076 de-

196 5126 397 5187 specto
425 5125 579 5169 terra:
605 5116 901 5177 consortio,
926 5113 1190 5168 defiecato
1219 5112 1597 5185 [Al.,desertoi
1617 5115 1802 5170 mundi

200 5209 490 5278 contagio,
526 5222 632 5260 non
665 5206 995 5261 confidentes
1021 5207 1071 5259 in
1124 5207 1349 5271 lubrico,
1385 5221 1489 5259 non
1518 5216 1721 5261 stantes
1747 5207 1799 5261 in

198 5302 383 5368 lapsu,
416 5306 721 5368 qnmrcntcs
751 5299 933 5353 vivere
959 5295 1092 5365 Deo,
1119 5297 1185 5351 ad
1228 5297 1448 5367 gioriam
1476 5298 1798 5368 Redempto-

1829 4063 1877 4127 (ζ
1907 4078 1992 4128 ru,
2024 4060 2179 4132 cujus
2208 4062 2332 4116 vita:
2358 4059 2644 4130 prmsentis
2668 4074 2907 4125 cursum,
2940 4060 3064 4116 licet
3111 4076 3361 4122 sermone
3390 4066 3503 4137 pri-

1917 4165 2064 4220 vato,
2089 4154 2230 4211 ferre
2281 4154 2602 4210 tentavimus
2660 4152 2716 4207 in
2773 4154 3063 4223 publicum,
3123 4165 3176 4210 ut
3221 4157 3373 4227 cujus
3411 4166 3501 4216 est

1917 4248 2024 4302 vita
2049 4263 2173 4303 cum
2195 4246 2410 4303 Christo
2438 4247 2704 4317 ingloria,
2723 4246 3167 4304 memoriareiata
3196 4250 3499 4308 celebretur

1909 4342 1965 4397 in
1993 4342 2211 4398 mundo.

2317 4452 2585 4524 VITA
2636 4448 3080 4524 INCIPIT.

1974 4561 2036 4619 2.
2071 4559 2383 4617 Beatissima
2414 4563 2578 4632 igitur
2612 4570 2636 4599 ο
2688 4561 3051 4631 Badegundis,
3114 4562 3329 4617 natione
3375 4561 3500 4617 bar-

1905 4654 2051 4720 bara,
2075 4655 2142 4710 de
2164 4656 2388 4725 regione
2416 4656 2711 4723 'l‘horinga,
2744 4670 2849 4709 avo
2875 4670 3002 4726 rege
3027 4655 3271 4723 Bassino,
3302 4666 3496 4725 patruo

1907 4746 2309 4812 llermenfrido,
2366 4756 2512 4816 patre
2556 4762 2685 4817 rege
2738 4747 3087 4813 Berethario,
3133 4749 3186 4801 in
3236 4756 3492 4816 quantum

1903 4838 2132 4892 altitudo
2165 4840 2344 4893 saeculi
2372 4842 2558 4909 tangit,
2592 4840 2739 4910 regio
2786 4839 2854 4895 de
2896 4841 3135 4912 germine
3166 4850 3304 4906 orla,
3349 4841 3491 4896 celso

1906 4928 2035 4983 licet
2064 4930 2295 5002 origine,
2326 4930 2492 4985 multo
2539 4932 2735 4986 celsior
2760 4933 2993 4987 actione.
3025 4932 3154 4999 Quae
3193 4947 3313 4988 cum
3346 4947 3499 4987 sum-

1905 5024 2006 5077 tnis
2053 5023 2165 5079 suis
2196 5024 2504 5093 parentibus
2534 5024 2680 5079 brevi
2727 5026 3014 5079 mansisset
3059 5036 3322 5094 tempore,
3360 5034 3494 5081 tem-

1908 5125 2114 5185 pestate
2169 5118 2476 5181 barbarica,
2533 5115 2560 5155 δ
2623 5118 2952 5172 Francorum
3005 5116 3226 5170 victoria
3277 5117 3497 5185 regione

1902 5218 2129 5277 vastata,
2164 5212 2276 5263 vice
2318 5210 2604 5264 Israelitica
2657 5211 2767 5264 exit
2823 5219 2876 5264 et
2932 5211 3130 5281 migrat
3182 5208 3249 5264 de
3301 5208 3493 5278 patria.

1905 5303 2053 5357 Tunc
2104 5306 2239 5357 inter
2286 5304 2432 5373 ipsos
2468 5314 2488 5341 ο
2522 5304 2777 5371 victores,
2813 5304 2966 5371 cujus
3015 5313 3151 5357 esset
3208 5303 3259 5357 in
3313 5302 3494 5371 prmda

198 5396 277 5449 ris
313 5403 434 5445 sunt
460 5391 726 5459 copulata:
768 5390 1032 5460 paradiso.
1069 5389 1125 5445 In
1156 5405 1261 5460 quo
1280 5398 1364 5445 est
1395 5391 1592 5460 pariter
1614 5408 1799 5447 nuinc-
1830 5383 1884 5444 Β
1910 5398 2102 5467 regalis
2131 5398 2326 5467 puella,
2351 5396 2411 5451 fit
2440 5396 2717 5452 contentio
2774 5396 2841 5450 de
2870 5396 3095 5465 captiva.
3136 5395 3203 5449 Et
3229 5394 3334 5451 nisi
3363 5394 3493 5449 red-

277 5548 303 5575 κ
338 5538 397 5593 S.
431 5534 805 5601 Radegundes,
839 5534 906 5590 de
936 5549 1037 5604 qua
1073 5535 1216 5601 plura
1256 5534 1566 5602 scripsimus
1592 5537 1641 5590 in
1677 5534 1790 5588 Vita

200 5610 509 5671 Fortunati,
542 5618 596 5660 et
623 5607 691 5660 de
720 5622 820 5674 qua
853 5607 1046 5673 passim
1081 5610 1132 5659 in
1184 5607 1324 5660 notis
1353 5606 1417 5659 ad
1442 5621 1608 5673 opera
1638 5606 1786 5675 ejus-

200 5685 325 5740 dem
360 5694 545 5734 sumus
580 5680 761 5742 locuti,
795 5678 927 5732 obiit
957 5694 1045 5731 an.
1075 5677 1201 5741 587,
1234 5677 1387 5743 cujus
1419 5678 1576 5733 funus
1603 5695 1661 5732 se
1689 5694 1787 5731 cu-

200 5769 356 5811 rasse
379 5759 563 5805 narrat
590 5748 878 5817 Gregorius
907 5749 1107 5804 Turoo.
1143 5748 1194 5802 in
1235 5750 1367 5803 libro
1394 5757 1458 5803 de
1488 5748 1572 5803 Gl.
1606 5748 1787 5812 Conf.,

202 5842 326 5894 cap.
359 5825 493 5888 106;
528 5835 637 5894 quo
656 5820 877 5894 proinde
903 5836 1043 5874 anno
1082 5820 1297 5894 circiter
1338 5824 1450 5876 lucc
1474 5821 1590 5893 ejus
1619 5820 1735 5876 Vita
1758 5835 1786 5875 a

200 5890 503 5956 Fortunato
529 5890 842 5950 elucubrata
867 5906 986 5950 esse
1016 5890 1283 5949 credenda
1311 5904 1414 5947 est.

1974 5546 2001 5585 b
2034 5540 2108 5594 De
2139 5541 2236 5593 hac
2286 5540 2612 5595 Francorum
2645 5539 2903 5594 adversus
2945 5537 3246 5607 Thoringos
3275 5538 3491 5605 expedi-

1902 5608 2066 5673 tione,
2103 5612 2297 5680 legesis
2327 5610 2491 5682 Greg.
2512 5613 2642 5666 Tur.
2667 5611 2760 5665 lib.
2794 5626 2848 5665 ιιι
2874 5610 3023 5682 Hist:
3046 5609 3259 5673 Franc.,
3291 5611 3490 5682 cap.r7,

1900 5690 1955 5735 et
1982 5682 2329 5736 Fortunatam
2366 5686 2416 5736 in
2446 5680 2583 5737 libro
2607 5683 2863 5748 singulari
2896 5685 2957 5735 de
2984 5680 3246 5751 Toringiw
3267 5681 3488 5737 excidio.

1974 5763 1994 5791 ε
2028 5752 2091 5806 lii
2125 5769 2281 5820 reges
2341 5765 2493 5809 erant
2534 5754 2904 5808 Theudoricus
2943 5761 2999 5806 et
3057 5752 3348 5821 Clotarius,
3379 5752 3488 5810 fra-

1898 5832 2030 5889 tres,
2053 5836 2110 5880 ut
2136 5826 2334 5883 ibidem
2369 5835 2549 5882 narrat
2582 5828 2621 5879 εἰ
2633 5840 2807 5897 regor.
2833 5823 3033 5879 Turon.
