4192 6548
669 387 672 391 ’
741 408 841 468 tas

1446 403 1767 462 VENANTII
1808 400 1965 459 llON.
2006 398 2211 455 CLEM.
2261 394 2659 452 FORTUNATI
2697 393 2980 452 OPERUM
3026 392 3204 451 PARS
3242 390 3306 448 ll.

3923 387 4024 446 δοῦ

738 526 849 581 dita
876 524 1083 591 fuisset,
1117 532 1388 580 transacto
1438 518 1753 583 certamine,
1787 517 1838 569 in
1870 531 1930 571 se
1970 529 2124 581 rcges
2171 530 2317 568 arma
2349 518 2399 581 Α
2428 510 2629 579 Attejas
2656 510 2876 565 domum
2907 510 3080 564 iustru
3107 518 3144 573 t,
3180 510 3267 563 ubi
3299 509 3455 564 lectis
3503 506 3656 565 cutte
3686 502 4025 577 compositis,

739 616 1054 672 movissent.
1100 616 1232 684 Quae
1261 612 1480 668 veniens
1527 611 1580 667 in
1629 618 1829 665 sortem
1888 606 2130 678 pra-celsi
2181 608 2320 677 regis

734 707 1022 771 Chlotarii,
1086 707 1137 760 in
1198 704 1684 759 V'eromandcnsem
1718 703 1874 756 dueta
1927 706 1952 735 ⁸
2005 698 2236 769 Attejas,
2269 700 2321 753 in

737 800 855 852 villa
881 798 1023 869 regia
1055 797 1320 853 nutriendi
1352 811 1509 852 causa
1558 794 1871 850 custodibus
1913 801 1998 847 est
2037 791 2317 861 deputata.

736 892 869 962 Quae
898 893 1070 963 puella
1101 892 1242 947 inter
1265 893 1371 946 alia
1403 907 1565 962 opera
1587 905 1709 959 qua:
1728 889 1879 945 sexui
1906 886 2026 957 ejus
2054 902 2321 956 congruu-

735 989 886 1054 liant,
937 989 1133 1044 litteris
1181 998 1265 1045 est
1307 989 1517 1045 erudita
1554 1006 1567 1043 :
1604 987 1914 1057 frequenter
1945 988 2169 1057 loquens
2194 1001 2321 1040 eum

737 1082 997 1152 parvulis,
1054 1084 1100 1137 si
1142 1083 1413 1137 conferret
1462 1096 1581 1137 sors
1629 1080 1907 1149 temporis,
1953 1089 2157 1149 martyr
2207 1076 2321 1130 ﬁeri

734 1174 982 1243 cupiens.
1014 1173 1288 1230 Iudicabat
1316 1173 1632 1229 adolescens
1655 1173 1766 1240 jam
1793 1183 1918 1227 tunc
1950 1190 1978 1224 ε.
2005 1172 2137 1226 erita
2166 1186 2321 1226 senc-

733 1270 919 1335 ctutis,
950 1270 1200 1326 obtinens
1233 1285 1329 1337 pro
1378 1278 1674 1339 partequae
1717 1270 1891 1337 petiit.
1925 1268 2162 1336 Denique
2192 1266 2318 1320 dum

732 1366 951 1419 essetin
982 1380 1110 1433 pace
1139 1364 1340 1420 ﬂorens
1375 1366 1639 1431 Ecclesia,
1674 1363 1786 1432 ipsa
1816 1370 1901 1417 est
1928 1378 1956 1416 a
2001 1361 2319 1416 domesticis

735 1457 1165 1525 persecutionem
1192 1472 1466 1525 perpessa.
1492 1455 1610 1510 lam
1635 1465 1760 1510 tunc
1794 1455 1845 1509 id
1871 1470 2034 1523 agens
2062 1454 2317 1508 infantula

733 1550 990 1622 quidquid
1014 1550 1117 1606 sibi
1142 1552 1494 1604 remansisset
1522 1552 1572 1604 in
1600 1566 1803 1608 mensa.
1854 1548 2095 1604 collectis
2128 1563 2321 1617 parvu-

734 1644 826 1712 lis,
859 1645 1043 1698 lavans
1072 1646 1242 1713 capita
1278 1645 1526 1713 singulis,
1561 1644 1875 1711 compositis
1919 1642 2145 1708 sellulis,
2194 1657 2321 1711 por-

733 1736 915 1804 rigens
954 1750 1145 1802 aquam
1194 1735 1461 1802 manibus,
1508 1734 1621 1803 ipsa
1679 1735 1828 1789 cibos
1884 1733 2164 1800 inferebat,
2206 1732 2320 1801 ipsa

733 1827 991 1882 miscebat
1040 1827 1334 1883 infautnlis.
1395 1828 1509 1882 lloc
1559 1828 1722 1882 etiam
1774 1827 2153 1897 prmmeditatts
2196 1840 2317 1880 cum

2425 605 2762 675 congregatis
2788 605 2974 675 egenis
3014 604 3249 663 feminis.
3284 605 3398 673 ipsa
3454 619 3551 658 cas
3581 605 3777 661 lavans
3805 606 3859 659 in
3891 606 4005 659 lht’l‘

2427 699 2553 763 tuis,
2583 698 3003 767 morborumque
3033 711 3227 751 curans
3263 696 3597 767 putredines,
3644 697 3893 750 virorum
3939 711 4027 750 ca-

2427 792 2534 862 pita
2566 791 2796 855 diluens,
2830 789 3192 845 ministerium
3232 788 3461 857 faciens,
3493 804 3638 860 quos
3668 800 3803 846 ante
3833 790 4029 846 lavarat

2425 886 2630 941 eisdem
2668 901 2760 940 sua
2818 900 2978 939 manu
3026 884 3309 950 miscebat,
3359 895 3413 938 ut
3466 883 3649 939 fessos
3707 884 3783 939 de
3834 882 4026 940 sudore

2426 987 2637 1048 sumpta
2684 979 2829 1045 potio
2860 987 3151 1033 recrearet.
3205 977 3300 1033 Sic
3338 978 3537 1033 devota
3585 977 3797 1032 femina
3828 984 3949 1035 nata
3978 989 4027 1033 et

2425 1080 2588 1139 nupta
2622 1074 2827 1142 regina,
2882 1070 3063 1139 palatii
3090 1070 3335 1135 domina,
3392 1071 3731 1150 pauperibus
3761 1072 4030 1126 serviebat

2424 1167 2643 1221 ancilla.
2668 1166 2721 1220 ln
2752 1181 2938 1222 mensa
2966 1180 3094 1221 vero
3116 1167 3444 1232 subocculte,
3471 1184 3539 1221 ne
3564 1169 3709 1222 forte
3740 1184 4029 1238 cognosce-

2425 1267 2574 1314 retur
2604 1259 2674 1313 ab
2703 1260 2907 1328 aliquo,
2937 1270 3061 1314 ante
3083 1275 3143 1315 se
3174 1262 3347 1328 posit.»
3367 1277 3491 1316 cum
3536 1263 3823 1333 legumine
3855 1267 4029 1321 fercu-

2426 1354 2498 1418 lo,
2532 1354 2670 1407 inter
2697 1354 2883 1423 epulas
2924 1369 3130 1424 regum,
3169 1370 3319 1411 more
3369 1356 3527 1411 trium
3561 1373 3888 1426 puerorum.
3920 1360 4029 1413 lava

2424 1446 2590 1519 [faba]
2643 1447 2724 1500 vel
2775 1447 3025 1502 lenticula
3057 1448 3451 1504 delectabiliter
3491 1450 3850 1507 vescebatur.
3881 1448 3911 1488 δ
3960 1452 4030 1506 De

2423 1554 2583 1594 cursu
2600 1555 2732 1595 vero
2754 1541 3112 1607 decantando,
3133 1543 3235 1597 etsi
3262 1542 3478 1598 sederet
3506 1542 3561 1597 in
3582 1544 3849 1610 prandio,
3870 1561 4030 1599 excu-

2422 1648 2550 1689 sans
2580 1635 2778 1703 seregi
2808 1635 2990 1705 aliquo
3018 1650 3168 1704 casu,
3223 1648 3276 1692 ut
3313 1636 3425 1691 Deo
3468 1638 3740 1693 redderet
3768 1638 4030 1705 debitum,

2424 1742 2483 1783 se
2505 1728 2836 1783 subducebat
2857 1731 3126 1785 convivio.
3158 1734 3288 1799 Quze
3320 1746 3539 1801 egressa
3568 1731 3813 1786 Domino
3843 1734 4032 1803 psalle-

2427 1821 2536 1885 bat,
2569 1833 2623 1876 et
2652 1826 2866 1877 curiose
2897 1824 3206 1893 requirebat
3231 1825 3376 1896 quali
3420 1825 3547 1881 cibo
3591 1825 3735 1882 foris
3768 1843 4031 1896 pauperes

733 1920 983 1974 Samuele
1005 1917 1032 1957 ιι
1055 1922 1278 1989 parvulo
1299 1921 1497 1975 clerico
1517 1921 1733 1990 gerebat
1758 1939 1771 1975 :
1801 1920 1933 1974 facta
1962 1935 2120 1975 cruce
2146 1921 2318 1989 lignea
2352 1903 2400 1965 Β
2427 1914 2759 1969 reiecissent-

735 2012 1096 2080 pra-cedente,
1139 2014 1528 2082 subsequentes
1573 2013 1851 2083 psallentlo
1896 2014 1963 2067 ad
2022 2016 2317 2067 oratorium

734 2119 859 2158 cum
890 2106 1147 2170 gravitate
1179 2116 1385 2159 matura
1417 2105 1577 2160 simul
1611 2104 1816 2174 parvuli
1843 2106 2222 2173 properabant.
2256 2106 2322 2160 Et

738 2197 857 2265 ipsa
878 2207 1052 2251 tamen
1077 2212 1196 2250 cum
1215 2213 1310 2251 sua
1335 2205 1484 2253 veste
1505 2197 1741 2252 nitidans
1763 2198 2142 2266 pavimentum.
2168 2198 2317 2253 Circa

734 2289 909 2345 altare
931 2303 1059 2343 vero
1087 2304 1207 2344 cuin
1246 2304 1265 2328 ε
1297 2290 1569 2358 facitergio
1595 2289 1862 2360 jacentcm
1916 2290 2184 2357 pulverem
2209 2290 2321 2343 eul-

736 2381 935 2450 ligens,
964 2381 1091 2436 foris
1116 2397 1236 2436 cum
1269 2384 1566 2437 reverentia
1592 2384 1917 2437 recondebat
1948 2385 2124 2451 petius
2157 2398 2317 2452 quam

736 2470 765 2507 ά
796 2471 1068 2540 vergebat.
1095 2472 1261 2540 Quam
1298 2488 1417 2527 eum
1452 2475 1764 2542 praeparatis
1794 2476 2054 2540 expensis
2080 2484 2099 2509 ε
2143 2474 2322 2531 Victu-

734 2562 867 2618 riaci
901 2563 1158 2619 voluisset
1198 2580 1293 2619 rex
1338 2562 1622 2635 prtedictus
1654 2568 1920 2634 accipere,
1957 2580 2047 2632 per
2087 2563 2104 2602 τ
2140 2566 2322 2621 Berni-

734 2654 893 2709 cbatn
922 2655 989 2709 ab
1019 2654 1228 2725 Attejas
1252 2672 1337 2709 nm
1357 2664 1408 2709 te
1436 2671 1557 2709 cum
1584 2657 1767 2724 paucis
1786 2656 1964 2723 elapsa
1997 2664 2098 2711 est.
2120 2655 2320 2713 Deinde

735 2746 1048 2804 SuessiOais
1076 2763 1198 2801 cum
1229 2763 1350 2803 eam
1374 2747 1677 2811 direxisset,
1722 2754 1775 2799 ut
1802 2749 2039 2819 reginam
2070 2749 2319 2818 erigeret,

735 2852 761 2890 κ
795 2842 1003 2897 evitans
1033 2856 1284 2911 pompam
1318 2841 1572 2909 regalem,
1609 2857 1673 2894 ne
1703 2842 1903 2895 satculo
1919 2850 2205 2904 cresceret,
2227 2842 2323 2895 sed

732 2933 820 2987 cui
849 2928 1146 2987 debebatur
1174 2944 1227 2985 et
1257 2933 1483 2986 humana
1512 2933 1700 3000 gloria,
1734 2946 1840 2986 non
1875 2942 2128 2987 mutatur.

812 3026 867 3080 5.
897 3023 1058 3078 Nubit
1078 3040 1207 3094 ergo
1228 3028 1447 3079 terreno
1467 3025 1715 3092 principi,
1748 3040 1844 3077 nec
1874 3037 2046 3079 tamen
2080 3037 2322 3095 separata

735 3132 770 3173 ι
794 3117 1022 3172 caelesti.
1050 3117 1128 3173 Ac
1144 3117 1270 3171 dum
1299 3115 1402 3169 sibi
1423 3120 1742 3171 arcessisset
1771 3116 2043 3171 surcularis
2068 3126 2318 3185 potestas,

738 3208 909 3279 magis
936 3224 1098 3278 quam
1148 3206 1479 3275 permitteret
1525 3206 1781 3274 dignitas,
1800 3220 1862 3261 ae
1896 3207 2013 3275 plus
2045 3206 2324 3262 inclinavit

738 3301 1010 3357 voluntas.
1032 3298 1258 3355 Subdita
1286 3311 1502 3367 semper
1520 3299 1649 3365 Deo,
1675 3307 1885 3355 sectans
1913 3302 2116 3353 monita
2144 3314 2322 3355 sacer-

735 3394 947 3460 dOtum,
975 3393 1094 3463 plus
1125 3392 1436 3462 participata
1463 3391 1677 3445 Cbristu
1704 3405 1863 3458 quam
1897 3392 2101 3446 sociata
2130 3390 2324 3460 conju-

742 3487 853 3558 gio.
890 3485 981 3540 Illo
1013 3499 1142 3539 vero
1192 3483 1291 3538 sub
1346 3495 1588 3550 tempore
1616 3490 1882 3537 tentamus
1928 3483 2228 3550 patefacere
2256 3482 2325 3536 de

743 3576 931 3633 multis
988 3590 1155 3646 pauca
1208 3590 1326 3642 qua:
1381 3574 1629 3643 gesserit.
1682 3573 1805 3629 Ideo
1847 3574 2028 3644 juncus
2075 3576 2322 3645 principi,

742 3669 940 3724 timens
960 3683 1028 3722 ne
1057 3666 1169 3722 Deo
1196 3666 1543 3736 degradasset
1586 3682 1708 3719 cum
1753 3669 1933 3720 mundi
1962 3668 2129 3736 gradu
2165 3669 2326 3733 profi-

739 3770 910 3827 ceret,
943 3776 1002 3816 se
1043 3774 1140 3816 sua
1192 3774 1312 3816 cum
1368 3762 1619 3815 facultate
1646 3763 2004 3830 eleemosynm
2032 3761 2322 3818 dedicavit.

740 3854 875 3909 Nam
907 3868 1025 3909 cum
1050 3854 1152 3910 sibi
1174 3852 1379 3923 aliquid
1402 3854 1470 3908 de
1501 3852 1714 3907 tributis
1745 3852 2031 3917 accideret,
2057 3868 2123 3909 ex
2149 3856 2326 3908 omni-

741 3948 843 4001 bus
871 3959 988 4013 qua:
1016 3946 1287 3999 venissent
1313 3942 1381 3998 ad
1407 3959 1549 4009 eam,
1580 3955 1706 3998 ante
1729 3944 1874 3999 dedit
1899 3944 2135 4000 decimas
2162 3960 2322 4015 quam

739 4038 964 4107 recepit.
1000 4037 1198 4093 Deinde
1227 4037 1371 4107 quod
1416 4042 1701 4105 supererat
1742 4037 2082 4092 monasteriis
2108 4038 2326 4106 dispen-

737 4133 923 4198 sabat;
951 4141 1005 4189 et
1032 4148 1137 4204 quo
1168 4132 1249 4193 ire
1277 4132 1416 4203 pede
1450 4146 1563 4186 non
1588 4141 1821 4201 poterat,
1857 4132 2173 4189 transmisso
2203 4150 2326 4190 mu-

742 4242 874 4287 nere
920 4226 1202 4283 circuibat.
1253 4226 1298 4279 A
1349 4225 1503 4295 cujus
1556 4224 1917 4280 munificentia
1967 4240 2067 4281 nec
2120 4227 2326 4297 ipsese

720 4319 1077 4377 abscondere
1109 4319 1279 4388 potuit
1325 4319 1664 4383 eremita;et
1692 4319 1845 4373 sicuti
1895 4334 1964 4374 ne
1990 4331 2327 4390 premeretur

741 4427 774 4467 a
832 4411 1065 4477 sarcina,
1113 4410 1255 4479 quod
1313 4420 1597 4477 acceperat
1645 4410 1918 4481 erogabat.
1969 4411 2126 4481 Apud
2165 4426 2325 4482 quam

740 4502 899 4576 egeni
927 4513 1027 4555 vox
1059 4516 1164 4557 non
1212 4500 1445 4559 inaniter
1467 4500 1670 4566 sonuit,
1703 4514 1801 4555 nec
1846 4502 1956 4569 ipsa
2006 4516 2123 4556 eam
2162 4501 2323 4557 surda

740 4593 1002 4669 praeteriit
1042 4611 1056 4647 :
1104 4609 1249 4662 saepe
1297 4593 1505 4649 donans
1550 4593 1885 4663 indumenta,
1938 4594 2166 4650 credens
2221 4597 2322 4653 sub

741 4688 921 4759 inopis
950 4698 1096 4743 veste
1118 4688 1315 4744 Christi
1348 4688 1587 4745 membra
1610 4704 1671 4744 se
1702 4699 1901 4759 tegere,
1946 4688 2048 4744 hoc
2071 4705 2131 4746 se
2158 4707 2289 4761 repu

741 4791 863 4838 tans
888 4782 1113 4853 perdere
1141 4782 1397 4853 quidquid
1426 4784 1751 4853 pauperibus
1783 4799 1888 4837 non
1920 4783 2177 4839 dedisset.

816 4877 874 4932 4.
903 4875 1093 4932 Adbuc
1112 4878 1350 4931 animum
1395 4876 1620 4935 tendens
1648 4876 1714 4931 ad
1747 4892 1883 4942 opus
1915 4878 2320 4946 misericordia»,

816 5023 844 5051 ⁸
874 5012 1071 5084 Atteja,
1102 5011 1293 5075 Alitie's.
1318 5012 1372 5067 in
1406 5010 1790 5068 Verotnanduis
1819 5013 1886 5068 ad
1917 5014 2195 5069 Suminatn
2224 5014 2324 5069 llu-

724 5095 1030 5155 _men,erat_
1047 5099 1111 5139 ex
1143 5099 1330 5139 eorum
1363 5086 1599 5137 vicorum
1631 5100 1858 5138 numero
1882 5101 2041 5155 quos,
2062 5087 2186 5154 quia
2205 5088 2321 5142 lisci

741 5167 915 5216 erant,
950 5153 1104 5224 vulgo
1130 5155 1287 5224 villas
1331 5156 1566 5220 publicas
1595 5165 1688 5208 aut
1734 5153 1913 5223 regias
1952 5153 2319 5224 appellabant,

743 5226 819 5279 uti
846 5223 1144 5280 Hadrianus
1174 5223 1415 5280 Valesius
1448 5225 1502 5281 in
1551 5226 1688 5280 Hist.
1741 5226 1835 5280 lib.
1870 5243 1967 5281 xxi
1994 5231 2319 5283 observavit.

741 5295 974 5351 ΜΑιιιιι..

817 5366 844 5403 δ
879 5368 1005 5422 ηπ
1035 5366 1282 5435 periodus
1307 5367 1386 5420 sic
1414 5366 1605 5435 legitur
1637 5368 1776 5437 apud
1812 5368 1946 5423 Bell.
1983 5385 1998 5423 :
2032 5368 2138 5421 Hoc
2167 5372 2322 5425 etiam

743 5439 1065 5510 sanctissima
1082 5454 1197 5491 cum
1219 5438 1460 5492 Samuele
1487 5441 1695 5504 parvulo
1721 5438 1905 5492 clerico
1928 5444 2165 5509 gerebat:
2183 5444 2324 5510 facta

745 5523 892 5580 crure
917 5509 1088 5580 lignea
1126 5512 1456 5575 prwcedgnle,
1498 5510 1618 5561 dum
1661 5510 2012 5577 subsequentia
2047 5509 2322 5577 psallentes

747 5579 814 5651 nd
841 5579 1123 5633 oratorium
1143 5582 1391 5643 gravitate
1418 5590 1620 5632 matura
1640 5581 1793 5633 simul
1837 5584 2039 5650 paruuli
2072 5601 2321 5651 propera-

746 5648 1019 5722 bunt,ipsu
1048 5660 1351 5704 lantencnm
1377 5667 1471 5704 sua
1516 5662 1647 5703 veste
1688 5648 2032 5721 pauimentum
2064 5648 2322 5722 nitidans;

744 5719 880 5773 εἰν-σα
914 5724 1078 5774 altare
1105 5737 1221 5774 vero
1237 5739 1351 5774 cum
1374 5723 1657 5789 facitergia,
1690 5719 1794 5777 etc.

821 5799 843 5828 ο
878 5790 1234 5861 Facitergiutn
1259 5810 1352 5861 pro
1384 5792 1623 5857 sudario,
1652 5795 1795 5862 quod
1827 5794 1979 5851 faciei
2005 5797 2191 5853 sordes
2216 5807 2322 5854 ter-

745 5871 852 5929 gat.
887 5862 1111 5919 ΜΑιςιιι..

820 5931 847 5968 ‘
876 5932 1039 6005 Dell.,
1065 5935 1289 5991 verrebat
1318 5950 1413 6006 pro
1434 5936 1685 6006 vergebat.

2497 2004 2548 2059 5.
2568 2005 2696 2061 Item
2717 2018 2977 2063 nocturno
2998 2018 3261 2080 tempore,
3276 2023 3398 2065 cum
3417 2011 3716 2066 reclinaret
3738 2028 3867 2067 cum
3888 2014 4035 2082 prin-

2423 2098 2562 2168 cipe,
2599 2116 2790 2169 rogans
2820 2118 2879 2157 se
2908 2118 3002 2170 pro
3045 2104 3276 2158 burnana
3306 2105 3636 2161 necessitate
3674 2122 4035 2179 consurgere,

2425 2196 2608 2252 levans
2646 2214 2856 2267 egressa
2898 2199 3171 2266 cubiculo,
3201 2200 3382 2255 tandiu
3414 2212 3540 2257 ante
3584 2215 3872 2258 secretum
3920 2220 4037 2258 nra-

2424 2290 2555 2344 tioni
2610 2291 2992 2356 incumbebat,
3039 2294 3245 2363 jactato
3289 2293 3508 2362 cilicio,
3559 2306 3619 2350 ut
3666 2299 3799 2352 seio
3856 2298 4035 2353 calens

2422 2383 2833 2453 spiritujaceret
2856 2387 2978 2453 gelu
3004 2397 3304 2455 penetrata,
3334 2397 3442 2443 tota
3464 2404 3635 2445 carne
3663 2403 4033 2458 prtemertua:

2425 2492 2527 2529 non
2557 2491 2748 2531 curans
2781 2479 3020 2547 corporis
3072 2489 3361 2546 tormenta,
3415 2497 3567 2537 mens
3620 2485 3838 2539 intenta
3887 2502 4039 2554 para-

2423 2567 2563 2634 diso,
2617 2568 2733 2623 lete
2784 2580 3037 2638 reputans
3064 2571 3206 2642 quod
3237 2572 3425 2638 ferret,
3459 2583 3671 2629 tantum
3717 2594 3791 2631 ne
3820 2579 4037 2633 (lbrieto

2425 2660 2726 2716 vitesccret.
2776 2659 2901 2715 lude
2950 2679 3189 2733 regressa
3239 2665 3587 2731 cubiculum,
3637 2670 3729 2723 vix
3789 2672 4037 2736 tepefieri

2428 2761 2638 2820 poterat
2685 2755 2767 2808 vel
2804 2754 2923 2808 foco
2956 2757 3034 2808 vel
3069 2755 3283 2810 lectulo.
3321 2755 3398 2812 De
3429 2774 3533 2825 qua
3585 2759 3703 2829 regi
3754 2762 4041 2819 dicebatur

2426 2843 2626 2899 habere
2655 2862 2714 2900 se
2747 2846 2923 2915 potius
2945 2830 3180 2916 jugaleni
3214 2851 3533 2905 monacham
3566 2866 3736 2918 quam
3768 2857 4034 2922 reginam.

2430 2935 2583 2991 l‘nde
2606 2946 2657 2991 ct
2687 2938 2802 3005 ipse
2832 2938 3070 2994 irritatus
3094 2956 3189 3009 pro
3219 2941 3371 2996 bonis
3395 2954 3511 2998 erat
3539 2948 3907 3013 asperrimus.
3933 2947 4035 3005 Sed

2425 3024 2513 3080 illa
2546 3042 2641 3094 pro
2670 3039 2820 3096 parte
2867 3029 3098 3099 leniens,
3132 3047 3227 3100 pro
3276 3043 3428 3101 parte
3473 3034 3751 3091 tolerabat
3788 3040 4033 3095 modeste

2427 3118 2572 3172 rixas
2604 3118 2783 3176 illatas
2810 3136 2842 3176 a
2870 3120 3121 3192 conjuge.

2503 3210 2558 3266 6.
2590 3211 2788 3267 Diebus
2817 3228 2946 3269 vero
2971 3216 3408 3286 deragesima
3437 3221 3573 3276 satis
3601 3232 3691 3279 est
3732 3226 3883 3284 seire
3908 3243 4034 3299 qna-

2428 3300 2553 3357 liter
2580 3318 2641 3359 se
2670 3305 2866 3361 retexit
2893 3305 3035 3362 inter
3062 3318 3241 3364 vestes
3268 3311 3446 3381 regias
3472 3314 3827 3386 singulariter
3853 3324 4036 3391 parui-

2430 3402 2567 3450 tcns.
2600 3394 2770 3466 igitur
2797 3400 3261 3472 apprOpinquante
3284 3401 3475 3475 jejunii
3506 3415 3764 3478 tempore
3815 3416 4034 3471 mittens

2428 3488 2496 3542 ad
2548 3489 2850 3559 religiosam
2899 3496 3241 3565 monacham,
3291 3498 3508 3555 nomine
3550 3499 3728 3569 Piam.
3755 3505 3812 3561 in
3844 3518 4033 3564 sancto

2431 3586 2723 3655 pioposito,
2757 3588 2844 3642 illa
2874 3588 3139 3660 dirigebat
3163 3605 3489 3650 veneranter
3534 3597 3588 3652 iu
3620 3598 3796 3656 linteo
3823 3602 4032 3674 sigilla-

2429 3687 2540 3731 tum
2571 3678 2841 3745 cilicium;
2872 3682 3015 3750 quod
3044 3694 3230 3738 sancta
3270 3686 3497 3741 induens
3541 3690 3610 3745 ad
3662 3707 3891 3765 corpus,
3939 3712 4033 3766 per

2429 3776 2593 3822 totam
2626 3768 3099 3841 Quadragesimam
3129 3773 3315 3830 subter
3345 3789 3493 3833 veste
3523 3781 3693 3852 regia,
3726 3784 3876 3841 dulci
3906 3802 4032 3857 por-

2429 3861 2574 3915 tabat
2605 3864 2659 3915 in
2685 3863 2922 3919 sarcina.
2954 3861 3265 3922 Transactis
3293 3867 3486 3925 diebus
3532 3871 3793 3932 similiter
3830 3880 4033 3949 sigilla-

2429 3953 2521 4007 titn
2553 3955 3018 4012 retransmittebat
3042 3958 3298 4014 cilicium.
3333 3961 3428 4017 Sin
3455 3973 3632 4020 autem
3657 3983 3754 4023 rex
3784 3969 4029 4041 deesset,

2428 4048 2548 4115 quis
2577 4046 2764 4101 credat
2793 4048 3027 4119 qualiter
3054 4064 3116 4105 se
3144 4053 3378 4109 orationi
3414 4054 3763 4128 diﬂ‘underet,
3794 4064 4033 4131 qualiter

2427 4152 2488 4192 se
2538 4146 2785 4208 tanquam
2834 4143 3117 4209 praesentia
3142 4141 3340 4200 Christi
3372 4148 3599 4217 pedibus
3646 4153 3933 4223 alligaret;
3973 4169 4031 4215 et

2428 4230 2582 4299 quasi
2631 4231 2838 4299 repleta
2883 4232 3118 4300 deliciis,
3166 4236 3247 4291 sic
3288 4238 3447 4308 longo
3469 4240 3677 4310 jejunio
3717 4247 3946 4304 satiaret
3973 4250 4030 4304 in

2428 4322 2714 4394 lacrymisl
2738 4324 2857 4393 Cui,
2880 4326 3138 4397 despecto
3167 4332 3367 4387 ventris
3395 4332 3601 4406 edulio,
3631 4337 3888 4397 Christus
3919 4352 4031 4399 tota

2428 4414 2650 4472 refectio
2679 4428 2732 4473 et
2759 4427 2868 4473 tota
2899 4418 3069 4476 fames
3096 4432 3214 4478 erat
3243 4423 3296 4477 in
3322 4423 3556 4482 Christo.

2500 4509 2552 4562 τ.
2587 4508 2717 4564 illud
2764 4526 2869 4580 qua
2922 4514 3119 4581 pietate
3167 4518 3456 4584 peragebat
3499 4520 3755 4591 sollicita,
3801 4535 3866 4580 nt
3905 4543 4031 4597 qua

2431 4615 2529 4671 per
2553 4604 2815 4671 oratoria,
2846 4606 2929 4660 vel
2982 4606 3097 4661 loca
3129 4612 3473 4679 venerabilia,
3504 4622 3615 4672 tota
3656 4629 3815 4675 nocte
3848 4623 4033 4691 perlu-

2426 4705 2636 4759 eerent,
2684 4697 2939 4753 candelas
2984 4702 3099 4755 suis
3145 4702 3391 4759 manibus
3439 4705 3608 4764 factas
3630 4709 3831 4781 jugiter
3868 4714 4034 4771 mini—

2426 4786 2681 4842 strabat?
2731 4787 2884 4845 Unde
2927 4788 3058 4845 hora
3104 4794 3351 4849 serotina
3404 4799 3532 4853 dum
3585 4802 3637 4856 ei
3682 4805 4034 4864 nuntiaretur

2430 4880 2581 4936 tarde
2609 4881 2752 4952 quod
2781 4897 2899 4937 eam
2929 4881 2997 4938 ad
3027 4899 3269 4955 mensam
3303 4903 3398 4945 rex
3427 4903 3712 4962 quareret,
3742 4896 3893 4953 circa
3937 4915 4033 4959 res

2502 5028 2525 5055 υ
2549 5021 2649 5099 _Atii
2687 5019 2952 5099 Yictoriaz,
2976 5024 3259 5099 vernaculo
3296 5024 3466 5098 Vifry,
3498 5029 3551 5081 in
3596 5030 3778 5099 Belgio
3806 5033 4033 5092 duabus

2427 5090 2593 5145 leucis
2623 5107 2651 5144 a
2685 5092 2902 5156 Duaco;
2937 5093 3028 5148 ubi
3059 5095 3358 5158 Sigibertus
3400 5090 3491 5153 ἵει
3526 5090 3780 5157 instinctu
3806 5090 4035 5163 Prode;

2426 5163 2617 5248 gnudis
2639 5164 2849 5248 occisus
2873 5170 2976 5245 est.
3008 5165 3172 5248 Alitnl,
3188 5178 3271 5219 est
3300 5171 3543 5248 ejnsdetn
3598 5174 3841 5229 nominis
3864 5182 4027 5248 appi-

2427 5240 2553 5358 tﬁnn
2583 5234 2635 5287 in
2683 5232 2997 5301 Campania,
3022 5236 3119 5290 sed
3164 5248 3288 5293 tunc
3329 5232 3573 5297 Clobrio
3616 5258 3722 5298 non
3768 5232 4031 5314 pare'tmt.

2483 5321 2653 5358 Αιςιιι..

2503 5373 2798 5444 fSuutqui
2848 5391 2945 5441 pro
2998 5377 3310 5434 Beralcbam
3361 5380 3593 5447 barcem,
3649 5388 3729 5439 vel
3768 5386 4030 5447 bare-Item

2427 5445 2711 5571 llegendum
2738 5456 2946 5513 putent,
2978 5462 3036 5503 ut
3058 5451 3318 5506 adnotant
3351 5453 3490 5510 Boil.
3525 5445 3744 5514 iunctis
3772 5461 3847 5513 ad
3878 5445 4029 5520 hunc

2447 5534 2621 5571 ocutn.

2447 5534 2621 5571 OCUIII.

2499 5598 2524 5636 s
2554 5588 2820 5655 llolland.,
2852 5589 2941 5644 sed
2970 5590 3067 5644 illa
3092 5593 3328 5647 enitebat.

2501 5658 2817 5734 h_l)e_cursus
2864 5663 2979 5734 sive
3002 5676 3192 5734 cursus
3231 5680 3327 5734 pro
3368 5665 3564 5723 officiis
3592 5669 3790 5725 divinis
3817 5688 3853 5727 ι
3888 5675 4029 5732 Gre-

2426 5732 2576 5814 gorio
2607 5732 2647 5784 Τ
2656 5733 2925 5814 tironensi.
2956 5732 3370 5814 et__Fo_rtunato.
3398 5754 3507 5792 non
3532 5756 3682 5814 Arare
3728 5759 4023 5814 usurpari,

2425 5805 2622 5877 dictum
2649 5814 2731 5856 est
2764 5808 2813 5856 in
2867 5803 2983 5857 Vita
3020 5806 3077 5877 S.
3121 5806 3372 5861 Germani
3404 5824 3490 5877 ep.
3527 5811 3695 5865 l’aris.
3726 5815 3793 5867 ad
3835 5803 3902 5870 αξ
3937 5803 4029 5874 ηεξ

2426 5875 2711 6001 ﬂammare
2756 5876 2843 5930 tne
2889 5885 2946 5931 et
2995 5876 3120 5933 alibi
3152 5894 3349 5950 passim
3381 5875 3476 5950 pro
3508 5894 3727 5943 recitare
3752 5901 4032 5949 sumitur.

2483 5960 2655 6000 antu.

2483 5960 2655 6000 ΑΒΗΔ...
