4192 6544
165 430 268 488 501

1246 428 1407 488 vm
1450 427 1508 485 s.
1552 410 1994 485 RADEGUNDIS
2034 427 2314 488 REGINE

3352 440 3459 498 502

166 551 274 605 Dei
308 551 433 605 dum
481 547 777 621 satagebat,
813 547 959 601 rixas
986 544 1220 601 habebat
1264 559 1292 597 a
1332 544 1580 614 conjuge,
1614 542 1683 597 ita
1716 550 1774 596 ut
1801 544 1849 600 A
1880 543 2079 598 racula.
2128 544 2371 616 Denique
2418 545 2473 601 in
2502 542 2530 585 ἀ
2559 547 2806 604 Perunna
2852 549 2975 605 villa
3022 560 3141 622 post
3180 554 3462 622 prandium

167 643 381 697 vicibus
405 642 591 696 multis
623 642 874 709 princeps
905 653 1003 709 per
1024 652 1243 694 munera
1276 634 1609 693 satisfaceret
1629 634 1771 704 quod

166 736 218 789 ei
255 750 351 803 per
378 736 612 806 linguam
646 741 941 803 peccasset.

241 829 299 882 8.
330 827 411 882 Ad
442 827 595 896 cujus
623 826 933 895 opinionem
962 824 1006 879 si
1031 824 1151 893 quis
1179 836 1463 878 servorum
1494 821 1587 877 Dei
1623 819 1771 877 visus

166 918 366 974 fuisset
398 920 477 975 vel
527 935 621 988 per
650 934 731 986 se,
776 920 860 973 vel
906 928 930 956 ει
964 928 1185 972 vocatus
1227 932 1531 981 occurrere,
1563 915 1772 971 videres

162 1012 318 1067 ,'-llarn
347 1014 623 1068 caelestem
679 1012 877 1066 habere
932 1012 1195 1077 laetitiam,
1228 1018 1281 1064 et
1324 1010 1454 1064 hora
1487 1009 1659 1063 noctis
1688 1022 1772 1063 re-

160 1120 328 1159 cnrsa
356 1119 479 1160 cum
513 1105 696 1173 paucis
735 1119 968 1174 pergens
999 1104 1282 1163 eLlllllmiS
1328 1118 1421 1172 per
1459 1102 1654 1165 nivem,
1688 1100 1770 1154 lu-

169 1206 313 1257 tum,
349 1196 431 1252 vel
462 1196 769 1266 pulverem,
802 1212 938 1266 aqua
969 1196 1139 1250 calida
1181 1205 1383 1265 parata,
1417 1194 1529 1263 ipsa
1564 1192 1774 1248 lavabat

165 1298 225 1343 et
260 1289 505 1360 tergebat
538 1290 829 1346 venerandi
864 1290 1119 1358 vestigia;
1159 1303 1257 1344 nec
1290 1290 1572 1343 resistente
1616 1300 1772 1342 servo

168 1381 292 1447 Dei,
342 1395 400 1438 et
449 1383 764 1451 pr0pinabat
814 1385 864 1437 in
913 1391 1120 1453 patera.
1165 1372 1423 1452 Sequenti
1473 1380 1560 1437 die
1588 1395 1771 1434 curam

165 1475 370 1531 demus
399 1480 743 1532 committens
774 1476 802 1515 δ
834 1477 1155 1542 creditariis,
1183 1479 1295 1546 ipsa
1328 1491 1387 1531 se
1414 1486 1579 1531 totam
1605 1489 1769 1531 occu-

166 1570 337 1638 pabat
370 1570 506 1623 circa
556 1570 652 1623 viri
682 1570 816 1640 justi
842 1570 1038 1635 verba;
1085 1571 1224 1625 circa
1270 1568 1458 1622 salutis
1508 1568 1768 1633 instituta,

162 1672 221 1716 et
255 1664 400 1715 circa
434 1663 775 1731 adipiscenda
809 1663 930 1716 vita!
962 1662 1199 1716 co-lestis
1236 1662 1555 1715 commercia
1588 1671 1769 1715 reten-

163 1755 391 1809 tabatur
422 1771 514 1824 per
544 1755 681 1809 dies.
720 1757 785 1810 Et
813 1757 856 1809 si
891 1756 1128 1810 venisset
1159 1754 1415 1820 pontifex,
1453 1755 1504 1808 in
1552 1762 1771 1823 astteclu

156 1847 289 1916 ejus
336 1848 731 1916 laetiﬁcabatnr,
782 1860 837 1905 et
882 1858 1282 1904 remuneratum
1335 1847 1609 1903 relaxabat
1656 1849 1766 1918 ipsa

158 1942 339 1995 tristis
367 1942 431 1994 ad
466 1942 701 2011 propria.

240 2036 298 2091 9.
334 2034 463 2089 Illud
505 2050 719 2106 quoque
769 2050 931 2106 quam
980 2035 1273 2106 prudenter
1322 2044 1492 2091 totum
1539 2053 1634 2107 pro
1674 2054 1769 2093 sua

157 2128 345 2183 salute
397 2127 718 2197 providebat
764 2129 1078 2197 impendere
1112 2146 1123 2181 :
1154 2130 1363 2199 quoties
1410 2132 1559 2199 quasi
1593 2141 1613 2167 ε
1658 2147 1772 2185 rna—

160 2217 369 2274 fortem
416 2235 637 2285 novum,
677 2219 875 2273 lineum
927 2221 1208 2285 sabanum,
1240 2236 1371 2275 auro
1420 2223 1503 2277 vel
1543 2226 1772 2293 gemmis

156 2321 420 2367 ornatum
454 2327 607 2366 more
638 2313 902 2368 vestiebat
929 2311 998 2367 de
1029 2312 1279 2378 barbaro,
1311 2329 1339 2368 a
1382 2316 1774 2370 circuluslanti-

159 2405 271 2459 bus
318 2404 509 2472 puellis
548 2404 593 2458 si
644 2404 952 2459 laudaretur
1007 2406 1452 2474 pulcherrimum,
1502 2408 1769 2477 indignam

157 2515 223 2554 se
257 2500 573 2568 adjudicans
608 2500 699 2553 tali
731 2500 980 2569 componi
1012 2500 1255 2565 linteolo,
1291 2517 1412 2555 mox
1464 2518 1670 2558 exuens
1713 2518 1773 2560 se

160 2596 516 2660 vestimento,
548 2594 818 2664 dirigebat
867 2594 985 2648 loco
1032 2604 1239 2655 sancto.
1274 2596 1515 2663 quisquis
1542 2607 1680 2651 esset
1718 2596 1769 2652 in

160 2689 446 2755 proximo,
466 2696 522 2739 et
540 2702 635 2753 pro
657 2689 791 2753 palla
814 2687 1112 2756 ponebatur
1130 2687 1373 2740 divinum
1399 2704 1558 2757 super
1579 2690 1767 2744 altare.

243 2781 333 2834 10.
358 2780 599 2846 Qualiter
617 2795 743 2835 vero
765 2780 808 2835 si
825 2781 942 2847 quis
961 2796 1055 2849 pro
1072 2782 1225 2847 culpa
1246 2781 1529 2845 criminali,
1547 2791 1601 2835 nt
1616 2795 1771 2836 asso-

157 2872 263 2934 let,
298 2888 325 2921 a
379 2886 502 2939 rege
530 2872 889 2939 deputabatur
929 2872 1189 2935 interfici,
1226 2874 1558 2928 sanctissima
1586 2877 1770 2942 regina

155 2964 503 3018 moriebatur
531 2964 789 3028 cruciatu,
818 2979 883 3018 ne
908 2962 1220 3031 designatus
1247 2980 1367 3018 reus
1393 2978 1692 3021 moreretur
1716 2967 1768 3021 in

154 3057 381 3128 gladio!
416 3056 658 3123 Qualiter
688 3057 1046 3111 concursabat
1084 3072 1175 3125 per
1205 3058 1535 3113 domesticos
1582 3060 1770 3116 fideles

156 3151 474 3205 servientes
506 3158 562 3205 et
593 3164 865 3214 proceres,
892 3165 1117 3219 quorum
1160 3151 1540 3208 blandimentis
1569 3155 1771 3211 mulce-

152 3244 255 3300 bat
282 3245 521 3299 animum
555 3244 831 3315 principis,
876 3243 1051 3302 donec
1102 3247 1153 3300 in
1186 3245 1296 3315 ipsa
1325 3248 1397 3301 ira
1428 3247 1591 3317 regis,
1624 3248 1767 3304 unde

158 3348 514 3410 processerat
564 3354 684 3394 sors
732 3340 944 3404 mortis,
977 3340 1101 3394 inde
1144 3351 1387 3396 curreret
1419 3356 1515 3397 vox
1543 3343 1764 3399 salutis!

233 3434 332 3491 il.
370 3431 465 3487 His
498 3433 663 3505 igitur
692 3432 863 3488 beatis
908 3432 1117 3487 actibus
1155 3443 1468 3499 occupatam
1501 3435 1767 3490 iutantnm

149 3526 415 3596 provexit
437 3527 616 3580 divina
645 3527 954 3592 clementia,
988 3534 1044 3581 ut
1072 3526 1232 3581 etiam
1272 3526 1444 3580 adhuc
1476 3528 1527 3581 in
1563 3526 1760 3595 palatio

147 3621 320 3688 laica,
354 3620 578 3675 domino
625 3620 905 3690 largiente,
941 3619 1349 3677 declararentur
1382 3636 1478 3690 per
1506 3636 1625 3677 eam
1660 3621 1763 3677 mi-

228 3764 252 3789 θ
288 3755 483 3812 Surius
511 3752 656 3809 addit
684 3770 773 3823 per
798 3755 980 3809 alium.

230 3826 259 3865 δ
289 3826 581 3882 Creditarii
615 3825 775 3881 iidem
805 3836 960 3881 erant
989 3841 1049 3881 ac
1079 3825 1372 3881 consiliarii
1401 3826 1482 3881 vel
1518 3841 1758 3882 camera-

152 3899 249 3964 rii,
285 3900 485 3968 quibus
515 3906 721 3951 secreta
752 3899 1246 3962 committebantur,
1278 3898 1463 3953 Graece
1511 3905 1762 3959 πιστικοί.

149 3972 301 4037 Lege
339 3970 488 4023 Dul’r.
524 3970 573 4023 in
602 3969 781 4024 Gloss.
814 3970 879 4024 ad
912 3970 1048 4024 hanc
1080 3984 1289 4023 vocem.

229 4052 253 4081 ε
290 4042 539 4107 Malorte,
572 4041 837 4095 muliebre
862 4042 1053 4109 capitis
1102 4050 1499 4107 tegumentum;
1547 4041 1765 4097 Linertm

146 4115 419 4170 sabariam
447 4114 503 4179 (ι
535 4126 667 4166 voce
696 4112 982 4167 Theotisca
1016 4112 1217 4173 Saliari,
1258 4127 1378 4179 quae
1428 4111 1647 4166 linteum
1690 4115 1764 4168 si-

144 4185 400 4258 gniﬁcat)
450 4183 545 4258 hic
587 4183 723 4236 sumi
774 4183 983 4238 videtur
1032 4198 1128 4253 pro
1176 4183 1498 4237 vestimento
1550 4199 1616 4238 ex
1656 4186 1763 4258 lino

142 4254 430 4321 confecto,
462 4254 548 4310 cui
591 4270 778 4309 autum
830 4262 886 4309 ct
930 4270 1158 4325 gemma:
1193 4266 1391 4309 assuta:
1434 4264 1608 4310 erant.
1653 4257 1763 4312 Mtt-

140 4344 260 4385 Βιι.

225 4398 250 4435 ἀ
292 4398 546 4453 Pertmna
590 4414 687 4461 pro
732 4396 971 4452 Peranna
1019 4407 1341 4465 usurpatur:
1374 4408 1458 4453 est
1504 4412 1634 4453 vero
1667 4399 1763 4454 Pe.

145 4486 330 4525 ronna
358 4472 487 4524 urbs
518 4470 722 4523 munita
757 4470 943 4524 Gallice
972 4470 1036 4523 ad
1064 4469 1342 4539 Sutniuam
1391 4470 1440 4523 in
1499 4470 1760 4539 Picardia,

142 4543 220 4597 de
248 4558 355 4609 qua
383 4542 524 4606 apud
565 4540 829 4595 Valesium
869 4546 921 4595 in
951 4539 1146 4594 Notltia
1179 4537 1469 4595 Galliarum
1502 4556 1618 4609 pag.
1655 4537 1761 4595 442

146 4617 308 4683 plura
343 4614 511 4666 viileri
543 4621 789 4679 possunt.
822 4611 947 4665 Haec
977 4614 1086 4666 fere
1116 4610 1361 4683 Bolland.
1396 4612 1473 4665 lb.
1500 4613 1760 4667 adnotant

146 4682 223 4739 ex
259 4684 574 4739 Mabillonio
616 4683 687 4737 de
717 4683 794 4739 lle
821 4683 978 4753 dipl.,
1014 4684 1144 4747 l.tv,
1194 4682 1455 4737 Perenna:
1484 4684 1754 4739 celebrem

148 4756 509 4826 itsdt-gundis
540 4755 744 4809 cultum
796 4754 982 4820 fuisse,
1015 4754 1170 4825 cujus
1202 4755 1402 4809 nomini
1446 4756 1752 4812 suburbana

140 4829 364 4899 pridem
391 4826 819 4899 ecclesiadicata
852 4837 954 4881 est.

224 4909 250 4937 ε
289 4900 346 4951 ln
378 4898 685 4967 apographo
713 4897 1034 4962 Bodecensi,
1065 4912 1172 4966 quo
1211 4897 1293 4952 usi
1325 4906 1445 4952 sunt
1476 4899 1631 4961 lloll.,
1668 4899 1753 4954 hic

143 4971 329 5032 locus,
360 4971 430 5023 al)
456 4970 770 5024 arnanuensi
816 4970 1033 5024 liberius
1064 4969 1381 5039 explicatus,
1430 4970 1619 5039 legitur
1650 4970 1752 5025 hoc

141 5046 315 5097 modo
351 5060 362 5094 :
392 5041 523 5095 Cum
544 5056 661 5093 vero
686 5056 791 5094 nos:
818 5040 1206 5111 supervenisset,
1240 5053 1285 5094 et
1323 5043 1412 5095 illa
1441 5059 1651 5096 cursum
1672 5042 1750 5107 (id

136 5126 226 5169 est
262 5113 508 5183 ofﬁcium)
541 5113 864 5165 decantando
893 5128 1065 5183 preces
1092 5113 1160 5165 ad
1187 5111 1461 5166 Dominum
1491 5117 1747 5179 funderet,

139 5187 399 5239 mncntuti
429 5185 505 5237 illi
531 5184 706 5236 divina
734 5186 917 5238 uirtute
940 5186 1130 5239 catenis
1159 5185 1381 5239 absoluti
1419 5195 1750 5239 occurrerunt

141 5257 208 5312 S.
245 5259 440 5326 reginae
466 5256 530 5309 de
552 5270 777 5309 carcere.

224 5328 243 5367 ί
288 5330 614 5382 Fortunatus
670 5329 723 5380 in
771 5326 1011 5382 carmine
1064 5326 1137 5381 De
1167 5327 1379 5383 excidio
1417 5328 1745 5398 Thoringite,

140 5401 431 5470 Suppletn.
464 5400 556 5453 lib.
607 5414 645 5463 ι,
680 5399 883 5454 inducit
934 5399 1311 5468 liadegundetn
1348 5401 1529 5454 fratris
1562 5416 1745 5455 necem

145 5478 463 5541 pattiettcés
511 5470 821 5525 deflentem.
869 5472 1063 5528 ΜΑΒιι..
1097 5501 1164 5510 -
1211 5471 1375 5525 Porro
1414 5473 1480 5525 de
1519 5474 1749 5527 divortio

146 5544 498 5613 ltndegundis
528 5559 556 5595 a
604 5557 729 5612 rege
767 5543 1006 5597 C1otario
1060 5542 1213 5613 plura
1246 5545 1383 5611 apud
1419 5542 1618 5598 Mabill.
1651 5545 1743 5599 lib.

144 5634 173 5668 v
212 5620 318 5671 An.
348 5614 571 5685 Bened_..
603 5628 718 5681 cap.
756 5614 849 5678 22,
872 5626 926 5669 et
948 5613 1085 5669 Boil.
1118 5615 1172 5668 in
1216 5625 1442 5685 prtenot.
1474 5617 1535 5666 ad
1569 5614 1743 5670 Vitam

144 5692 205 5745 S.
240 5686 447 5754 ltadeg.
484 5683 704 5756 (Prima
726 5703 865 5741 cura:
885 5695 1054 5754 nota.)
1086 5717 1155 5726 —
1187 5683 1262 5738 A'n
1291 5695 1413 5741 nota
1460 5687 1745 5755 plurinnnu

141 5762 483 5815 allaborasse
521 5758 591 5813 cl.
647 5757 813 5820 Mab..
863 5774 927 5814 ac
974 5757 1351 5830 Bollandistas,
1403 5774 1506 5827 quo
1545 5758 1745 5814 nodum

145 5836 298 5888 illum
331 5831 683 5887 exsolverent
709 5830 777 5886 de
802 5831 1033 5886 divortio
1076 5830 1134 5884 Β.
1172 5828 1512 5900 liadegundis
1554 5844 1582 5883 a
1613 5846 1746 5885 0ιή-

134 5904 273 5975 juge
322 5919 424 5959 suo
465 5903 1065 5975 Clutarioinconsulto,
1109 5912 1182 5966 et,
1221 5904 1293 5956 uti
1343 5902 1571 5975 videtur,
1607 5901 1743 5955 invi-

142 5974 250 6033 to’;
282 5992 346 6035 ac
372 5975 562 6038 Mabil.
596 5974 819 6047 quidem
846 5975 1015 6032 multa
1044 5988 1373 6049 proponere,
1400 5974 1532 6031 nihil
1565 5983 1742 6032 tamen

1878 635 2005 691 dum
2035 637 2338 695 ambularet
2367 655 2464 709 per
2509 639 2723 696 hortum
2766 642 3123 710 sanctissima,
3154 645 3229 698 rei
3272 645 3471 703 retrusi

1877 742 1975 797 pro
2003 730 2233 786 crimine
2264 734 2505 788 succurri
2531 733 2635 789 sibi
2663 734 2987 801 clamabant,
3020 736 3373 793 vociferantes
3399 742 3470 793 de

1875 837 2113 879 carcere.
2148 823 2269 894 Ipsa
2299 824 2425 896 quid
2469 836 2617 884 esset
2657 828 2965 899 interrogat.
3003 829 3327 886 Mentiuntur
3358 833 3477 887 mi»

1875 917 2034 973 nistri
2060 918 2205 989 quod
2253 921 2621 976 mendicorum
2670 924 2824 977 turba
2855 933 3121 992 quaereret
3161 926 3468 998 eleetnosy-

1876 1024 2022 1065 nam.
2072 1011 2319 1068 Credens
2370 1012 2472 1069 hoc
2517 1015 2627 1083 illa,
2682 1016 2994 1072 transmittit
3044 1034 3148 1087 quo
3196 1018 3473 1089 indigebat

1875 1100 2078 1175 inopia.
2116 1103 2323 1161 Interea
2353 1120 2383 1159 a
2421 1105 2605 1175 judice
2629 1110 3025 1176 compelluntur
3066 1118 3244 1166 tacere
3270 1112 3359 1183 qui
3388 1122 3470 1169 te—

1874 1192 2141 1250 nebantur
2172 1198 2224 1251 in
2274 1200 2556 1268 compede.
2588 1197 2722 1256 Cum
2764 1216 2894 1257 vero
2930 1201 2953 1230 θ
2986 1217 3091 1257 nox
3128 1204 3477 1274 supervenis-

1874 1298 1979 1357 set,
2015 1290 2141 1347 dum
2171 1293 2274 1349 sibi
2304 1308 2521 1349 cursum
2571 1293 2796 1359 diceret,
2830 1295 3013 1351 fractis
3055 1296 3282 1351 vinculis
3310 1297 3474 1356 soluti

1873 1392 2169 1440 occurrunt
2214 1394 2415 1441 sanctre
2465 1387 2531 1443 de
2575 1401 2817 1444 carcere.
2867 1389 2986 1457 Quo
3014 1390 3229 1458 cognito
3267 1406 3385 1445 reos
3413 1405 3474 1446 se

1874 1477 2127 1535 viderunt
2156 1480 2244 1549 qui
2271 1479 2445 1536 beatae
2478 1481 2687 1538 mentiti
2716 1492 2862 1549 sunt,
2885 1481 3013 1539 dum
3037 1486 3127 1553 qui
3152 1485 3228 1541 rei
3262 1484 3475 1542 fuerant

1873 1570 1941 1626 de
1963 1573 2169 1626 catenis
2201 1573 2358 1627 soluti
2388 1583 2535 1629 sunt.

1947 1664 2036 1719 12.
2071 1665 2137 1720 Ει
2167 1666 2419 1735 quoniam
2467 1667 2778 1738 frequenter
2823 1668 3002 1738 aliqua
3040 1671 3346 1737 occasione,
3385 1672 3476 1724 lli-

1877 1758 2097 1813 vinitate
2125 1767 2498 1827 prosperante,
2531 1775 2689 1817 casus
2719 1761 2865 1817 cedit
2891 1762 2957 1817 ad
2984 1762 3250 1830 salutem;
3278 1773 3335 1817 ut
3358 1763 3475 1820 haec

1876 1850 2179 1920 religiosius
2223 1852 2451 1916 viveret,
2506 1854 2674 1908 frater
2722 1850 2743 1891 τ
2798 1853 3116 1908 interficitur
3158 1854 3477 1910 innocenter

1798 1918 1849 1981 B
1881 1918 2010 2017 [Αιζ
2060 1944 2364 2017 innocens].
2420 1945 2635 2001 Directa
2678 1946 2840 2015 igitur
2890 1961 2917 1999 a
2967 1960 3096 2014 rege
3136 1946 3360 2000 veniens
3407 1946 3477 2001 ad

1878 2033 2091 2088 beatum
2142 2035 2454 2089 Mcdardum
2503 2036 2853 2106 Noviomago,
2900 2037 3162 2106 supplicat
3214 2040 3480 2093 instanter

1879 2134 1937 2178 ttt
1969 2127 2137 2194 ipsam
2173 2134 2376 2180 mutata
2407 2137 2556 2181 veste
2585 2128 2809 2182 Domino
2839 2138 3195 2183 consecraret.
3224 2129 3328 2183 Sed
3356 2145 3473 2183 me-

1877 2234 1997 2274 mor
2025 2220 2253 2275 dicentis
2280 2221 2525 2289 Apostoli
2560 2221 2609 2293 (Ι
2638 2220 2757 2275 Cor.
2796 2222 2997 2289 vn):Si
3049 2238 3153 2291 qua
3204 2223 3362 2293 ligata
3402 2224 3477 2280 sit

1877 2309 2110 2380 conjugi,
2149 2326 2253 2366 non
2286 2321 2495 2381 quaerat
2523 2312 2766 2378 dissolvi,
2795 2312 3078 2368 dilferebat
3122 2316 3359 2385 reginam
3404 2331 3474 2371 ne

1876 2415 2027 2459 veste
2058 2414 2262 2475 tegeret
2292 2406 2635 2460 monacham.
2670 2406 2858 2460 Adhuc
2888 2406 3103 2461 beatum
3133 2408 3305 2461 virum
3351 2423 3471 2476 per-

1881 2499 2169 2553 turbabant
2194 2514 2472 2569 proceres,
2504 2509 2558 2554 et
2590 2515 2685 2568 per
2713 2500 2987 2555 basilicam
3019 2499 3252 2569 graviter
3291 2501 3359 2555 ab
3396 2502 3475 2557 al-

1876 2590 1976 2645 tari
2009 2589 2381 2653 retrahebant,
2414 2606 2482 2644 ne
2514 2592 2725 2646 velaret
2751 2592 2862 2660 regi
2889 2590 3252 2662 conjunctam,
3287 2609 3353 2647 ne
3389 2594 3470 2648 vi-

1876 2684 2041 2739 deret.
2074 2701 2093 2737 r
2123 2685 2392 2740 sacerdoti
2426 2694 2484 2739 ut
2526 2694 2881 2755 praesumeret
2921 2687 3141 2757 principi
3171 2688 3474 2745 subducere

1873 2776 2137 2848 reginam,
2194 2793 2298 2832 non
2350 2778 2729 2845 publicanam,
2783 2780 2877 2832 sed
2930 2786 2953 2826 ε
3002 2780 3309 2846 publicam;
3363 2795 3473 2849 quo

1874 2867 2212 2921 sanctissima
2240 2867 2478 2938 cognito,
2505 2867 2712 2923 intrans
2742 2870 2793 2923 in
2817 2868 3135 2939 sacrarium,
3158 2872 3473 2927 monachica

1878 2954 2026 3014 veste
2054 2959 2314 3025 induitur,
2349 2960 2591 3028 procedit
2620 2961 2686 3013 ad
2717 2961 2907 3022 altare.
2938 2962 3305 3018 beatissimum
3349 2963 3472 3017 Me-

1878 3053 2100 3106 dardum
2134 3053 2216 3106 his
2260 3053 2443 3107 verbis
2474 3052 2761 3123 alloquitur
2795 3054 2980 3111 dicens
3013 3074 3023 3109 :
3058 3057 3114 3111 Si
3146 3072 3232 3111 me
3277 3071 3473 3112 conse~

1875 3159 2030 3200 crare
2076 3144 2374 3213 distuleris,
2425 3155 2479 3200 et
2523 3146 2642 3216 plus
2682 3146 2956 3204 hominem
2987 3164 3147 3218 quam
3191 3149 3358 3204 Deum
3409 3148 3476 3203 ti-

1876 3239 2099 3305 mueris,
2126 3237 2197 3293 de
2218 3253 2378 3292 manu
2401 3248 2485 3293 tua
2509 3253 2538 3292 a
2564 3248 2778 3309 pastore
2798 3240 2914 3295 ovis
2938 3241 3116 3295 anima
3144 3241 3470 3311 requiratur.

1875 3330 1991 3397 Quo
2032 3329 2121 3384 ille
2168 3329 2586 3385 contestationis
2636 3344 2932 3386 concussus
2985 3332 3256 3396 tonitruo,
3311 3347 3473 3388 mantt

1873 3423 2234 3493 superposita,
2266 3421 2605 3479 consecravit
2634 3421 2662 3459 ιι
2691 3424 2994 3479 diaconam.

1947 3515 2033 3570 15.
2064 3515 2187 3571 Mox
2218 3514 2591 3571 indumentum
2620 3516 2818 3584 nobile,
2852 3533 2957 3587 quo
2984 3518 3335 3574 celeberrima
3378 3518 3473 3579 die

1871 3608 2081 3664 solebat
2130 3624 2323 3679 pompa
2374 3611 2666 3666 comitante
2714 3611 2898 3681 regina
2952 3612 3265 3680 procedere,
3309 3622 3469 3670 exuta

1870 3747 2002 3803 certi
2032 3748 2303 3803 afﬁrmare
2337 3767 2350 3804 :
2381 3748 2734 3813 Bollandistas
2779 3765 2933 3817 vero,
2985 3765 3051 3805 eo
3101 3753 3463 3819 propendere,

1872 3832 1927 3873 ut
1951 3822 2281 3886 existiment,
2313 3820 2457 3875 illius
2490 3824 2746 3888 temporis
2785 3825 3068 3892 episcopos
3121 3822 3326 3879 Gallitta.
3364 3827 3467 3878 mi-

1872 3907 1969 3963 nus
2020 3893 2251 3963 scientes
2313 3893 2429 3947 sive
2479 3894 2680 3960 peritos
2740 3895 2918 3963 legum
2983 3894 3469 3950 ecclesiasticarum

1870 3961 2051 4018 fuisse.
2082 3962 2278 4018 Verum
2309 3978 2415 4017 non
2448 3966 2547 4018 hoc
2580 3961 2815 4018 videtun
2836 3966 2902 4019 de
2934 3965 2992 4019 Β.
3034 3966 3290 4021 Medardo
3322 3968 3470 4019 alfir-

1868 4034 2000 4088 mari
2046 4048 2223 4103 posse,
2280 4035 2369 4103 qui
2420 4035 2727 4104 lladegundi
2779 4038 2978 4103 petenti
3037 4047 3095 4091 ιιι
3142 4039 3321 4091 velnrn
3362 4037 3469 4093 sibi

1869 4105 2186 4175 imponeret,
2222 4107 2476 4160 continuo
2524 4107 2710 4175 rejecit
2759 4108 2885 4161 illud
2924 4109 3025 4175 Ap.
3062 4111 3452 4177 praecipientis,

1868 4185 1926 4230 ut
1951 4194 2062 4241 (Ith
2090 4180 2246 4250 ligata
2284 4187 2358 4250 est
2397 4180 2523 4242 viro,
2568 4195 2669 4231 non
2696 4189 2892 4248 quwrat
2934 4181 3166 4235 dissolvi.
3200 4181 3466 4247 Quocirca

1868 4250 2080 4321 mallem
2111 4250 2168 4302 Β.
2202 4249 2535 4316 Medardum,
2568 4250 2653 4304 cui
2684 4250 2822 4304 bene
2854 4262 3132 4320 perSpeCIa
3160 4262 3275 4305 erat
3305 4266 3461 4321 egre-

1867 4320 1947 4390 gia
1980 4321 2171 4389 pietas,
2199 4334 2261 4375 ac
2299 4321 2557 4374 sanctitas
2606 4322 2665 4392 β.
2718 4321 3079 4392 ltadegundis,
3132 4324 3262 4377 nihil
3306 4320 3466 4379 dubi-

1869 4402 2028 4455 taSse,
2058 4392 2183 4460 quin
2213 4406 2277 4445 ex
2307 4393 2582 4446 voluntate
2610 4390 2724 4451 Dei,
2758 4408 2820 4446 ac
2850 4390 3000 4457 nutu,
3031 4395 3118 4461 qui
3152 4394 3462 4463 nuptiarum

1868 4471 1924 4534 ut
1967 4472 2173 4526 auctor,
2201 4464 2271 4516 ita
2317 4463 2593 4527 Dominus,
2624 4471 2678 4516 et
2707 4464 2908 4519 arbiter
2936 4475 3036 4528 est.
3076 4475 3344 4534 quasreret
3371 4480 3463 4520 es-

1865 4532 1985 4586 dern
2017 4536 2149 4588 solvi
2190 4550 2223 4607 ra
2257 4537 2559 4607 nuptiarum
2615 4534 2847 4607 vinculo,
2884 4546 2939 4590 ut
2982 4532 3152 4606 magis
3202 4536 3311 4592 Deo
3360 4536 3464 4607 ipsi

1869 4607 2124 4674 placeret.
2167 4606 2426 4673 Quouirca
2459 4621 2563 4659 non
2606 4614 2728 4659 autc
2761 4606 2852 4660 ille
2881 4608 3167 4677 acquieiit,
3193 4624 3351 4671 quam
3384 4606 3460 4662 Β.

1782 4669 1835 4731 D
1868 4669 2215 4745 ltadegundes
2255 4677 2478 4731 dixisset
2510 4694 2523 4729 :
2560 4677 2623 4732 Si
2666 4694 2745 4731 me
2767 4669 3065 4732 consecrare
3103 4669 3384 4743 distuleris,
3412 4688 3464 4734 et

1860 4750 1976 4818 plus
2026 4750 2279 4802 hominem
2328 4765 2480 4816 quam
2532 4748 2694 4801 Deum
2747 4751 2996 4815 timueris,
3048 4752 3113 4804 de
3154 4767 3313 4805 manu
3368 4761 3463 4805 tua
3504 4801 3511 4809 .

1859 4839 1889 4875 a
1923 4819 2137 4876 Pastore
2166 4821 2271 4874 eois
2314 4821 2487 4873 anima
2527 4822 2835 4888 requirelur.
2870 4825 3074 4889 Quibus
3112 4823 3292 4877 verbis
3337 4838 3463 4891 per-

1859 4905 2033 4949 moms
2076 4893 2131 4946 S.
2180 4892 2421 4945 Pontifex
2474 4892 2685 4946 videtur
2729 4895 3042 4957 credidisse,
3095 4909 3198 4949 non
3247 4904 3351 4947 tam
3398 4909 3459 4950 se

1856 4966 2088 5027 solvere,
2115 4978 2277 5032 quam
2307 4963 2470 5017 Deum
2495 4979 2769 5032 separare,
2799 4966 2937 5033 quod
2964 4964 3341 5034 conjunxerat.
3371 4964 3454 5020 Ex

1860 5035 2163 5104 lmjusmodi
2219 5045 2395 5089 tamen
2448 5035 2805 5107 singularibus
2836 5038 3098 5103 exemplis
3142 5037 3271 5090 nihil
3315 5052 3455 5104 prte-

1854 5107 2037 5177 judit'ii
2090 5109 2328 5161 firmitati
2376 5108 2678 5176 nuptiarum
2729 5109 2909 5164 all'erri
2952 5118 3143 5177 potest.
3173 5108 3454 5179 (Secunda:

1856 5194 1993 5233 cura:
2020 5180 2185 5249 nota.)

1930 5260 1953 5297 ε
1988 5250 2040 5304 Id
2070 5260 2173 5317 est,
2210 5250 2417 5319 publice
2446 5264 2539 5303 seu
2571 5250 2887 5306 soletnniter
2914 5262 3153 5317 nuptam.

1928 5319 1955 5359 ιι
1992 5324 2055 5375 Et
2084 5332 2259 5378 tamen
2292 5322 2449 5390 paulo
2477 5330 2601 5377 ante
2624 5337 2779 5375 conc.
2825 5324 3212 5377 Aurelianeuse
3240 5337 3273 5375 ll
3309 5336 3450 5379 anno

1856 5394 2054 5449 Christi
2085 5396 2190 5449 555
2219 5394 2544 5449 celebratum
2586 5394 2664 5448 sic
2703 5395 2886 5447 statuit
2932 5409 3135 5448 canone
3176 5395 3283 5449 18:
3323 5393 3450 5445 I’la-

1855 5477 1955 5520 cuit
1987 5467 2136 5518 etiam
2171 5478 2223 5519 nt
2252 5466 2383 5518 nulli
2407 5466 2731 5533 postmodum
2760 5468 2961 5534 femina:
2988 5468 3276 5519 diuconalis
3299 5467 3446 5518 bene-

1854 5540 2010 5591 dictio
2042 5555 2133 5603 pro
2172 5536 2476 5591 condtlt’onis
2507 5537 2662 5608 hujus
2702 5538 2983 5610 fragilitate
3030 5539 3309 5601 credatur;
3359 5536 3451 5604 qui

1856 5610 1981 5665 licet
2031 5625 2098 5664 ex
2149 5609 2488 5676 antiquorum
2518 5609 2798 5663 canonum
2818 5610 3134 5677 praescripto
3182 5623 3446 5663 annorum

1855 5680 2201 5753 quadraginta
2232 5680 2601 5750 probationem
2631 5696 2884 5735 revocare
2912 5682 3173 5753 duntaxat
3202 5682 3449 5733 videatur

1855 5752 2044 5810 Joanni
2076 5754 2298 5816 Morino,
2334 5753 2564 5807 Exercit.
2601 5753 2689 5817 10,
2731 5753 2798 5808 de
2839 5753 2989 5808 Sacr.
3022 5752 3287 5816 Urdinat.,
3321 5768 3447 5817 cap.

1856 5827 1910 5892 5,
1941 5841 2109 5893 neque
2138 5828 2218 5880 sic
2249 5836 2423 5879 tamen
2452 5825 2503 5877 in
2537 5823 2859 5894 ltadegunde
2892 5828 3063 5878 locum
3085 5822 3287 5877 habuit.
3320 5821 3448 5879 Dia-

1855 5898 2096 5953 conissas
2128 5900 2347 5951 omnino
2374 5896 2601 5950 desiisse
2632 5910 2755 5951 ante
2781 5898 3036 5951 saeculum
3070 5912 3103 5949 χ
3132 5905 3350 5964 apparet
3377 5908 3442 5947 ex

1854 5970 2067 6029 Attonis
2116 5972 2280 6039 episc.
2312 5967 2667 6025 Verecllensis
2710 5969 2939 6038 epistola
2979 5968 3045 6025 ad
3095 5969 3449 6031 Ambrosium
