4192 6576
823 419 929 479 503

1522 418 1858 478 VENANTII
1899 415 2056 476 ΗΟΝ.
2097 417 2302 475 CLEM.
2344 417 2384 475 F

2483 413 2737 476 TUNATI
2772 415 3055 474 OPERUM
3094 414 3272 477 PARS
3311 417 3374 476 11.
3980 419 4052 478 501

814 541 970 616 ponit
1011 538 1064 594 in
1092 538 1283 605 altare,
1333 547 1360 576 ει
1391 538 1580 594 blattas
1611 538 1744 610 [At.,
1784 534 1986 608 blattis]
2027 544 2396 607 gemmataque
2420 537 2476 596 Α
2576 535 2664 590 15.
2692 534 2825 590 Hinc
2851 549 2972 590 cum
3000 535 3052 590 in
3083 536 3206 591 villa
3233 533 3258 574 ιι
3286 535 3529 603 δυεὰαε,
3552 535 3778 593 Pictavo
3801 537 4050 610 territorio,

815 641 1134 689 ornamenta
1169 649 1182 684 :
1217 645 1458 686 mensam
1485 629 1680 685 divina:
1711 628 1894 700 gloria:
1924 636 2001 682 tot
2021 627 2176 682 donis
2213 635 2398 682 onerat

818 737 920 796 per
948 727 1228 779 honorem.
1278 723 1561 794 Cingulum
1608 723 1723 778 auri
1777 722 2126 792 ponderatum
2169 721 2395 776 fractum

809 819 910 876 dat
936 819 992 873 in
1023 834 1160 888 opus
1196 833 1512 888 pauperum.
1543 817 1799 872 Similiter
1825 817 2084 872 accedens
2112 816 2178 870 ad
2205 816 2394 871 cellam

808 911 985 966 sancti
1015 909 1042 947 ι’
1074 910 1308 982 .lumeris
1332 909 1420 964 die
1452 925 1557 964 uno
1577 924 1683 979 quo
1705 923 1764 964 se
1785 907 2008 963 ornabat
2035 908 2157 962 felix
2187 907 2392 978 regina,

807 1004 1114 1073 composito
1151 1019 1402 1058 sermone
1431 1013 1489 1057 ut
1519 1003 1708 1073 loquar
1735 1004 1983 1066 barbaro,
2014 1014 2037 1042 ε
2067 1003 2391 1072 stapionem,

808 1096 1060 1162 camisas,
1098 1096 1369 1159 manicas,
1419 1091 1446 1131 ά
1497 1092 1700 1160 cofeas,
1752 1095 1958 1160 fibulas,
2001 1104 2192 1149 cuncta
2239 1108 2390 1162 auro,

808 1188 1053 1254 quaedam
1082 1189 1310 1258 gemmis
1342 1198 1623 1255 exornata,
1655 1203 1753 1257 per
1776 1188 2035 1242 circulum
2081 1188 2181 1244 sibi
2213 1189 2396 1258 profu-

807 1288 952 1344 tura,
985 1288 1171 1335 sancto
1205 1280 1364 1334 tradit
1393 1279 1568 1334 altari.
1621 1277 1748 1334 Inde
1785 1278 2081 1347 procedens
2107 1279 2173 1333 ad
2205 1279 2391 1335 cellam

807 1372 1132 1426 venerabilis
1161 1380 1186 1409 ο
1215 1370 1494 1436 Datdonis,
1528 1369 1616 1424 die
1653 1384 1759 1440 qua
1806 1369 1992 1425 debuit
2039 1371 2215 1426 ornari
2256 1387 2394 1441 pra:-

803 1473 1012 1520 stanter
1051 1467 1102 1518 in
1152 1464 1385 1530 saeculo,
1436 1462 1694 1534 quidquid
1750 1464 1896 1520 indui
1955 1475 2184 1534 poterat,
2229 1481 2392 1522 censu

806 1559 975 1614 divite
1000 1558 1220 1624 femina,
1255 1559 1450 1614 abbate
1479 1568 1843 1624 remunerato,
1877 1567 2042 1614 totum
2093 1559 2240 1615 dedit
2284 1575 2392 1616 cu:-

801 1651 991 1706 nobio.
1041 1649 1286 1718 Equiter
1338 1649 1759 1723 [.Al.,similiter]
1806 1652 1974 1706 sancti
2041 1649 2060 1689 τ
2119 1651 2386 1718 Gundnlli,

805 1751 932 1813 post
977 1744 1098 1799 facti
1149 1752 1172 1792 ε
1206 1742 1379 1798 Mettis
1408 1743 1664 1812 episcopi.
1699 1759 1978 1813 progressa
2029 1745 2386 1815 receptaculo,

801 1849 913 1890 non
946 1836 1153 1890 minore
1179 1835 1420 1889 laboratu
1454 1835 1754 1890 nobilitavit
1782 1833 1804 1872 ιι
1837 1836 2172 1906 Synergium.

2494 627 2647 698 juxta
2678 629 2992 697 praedictum
3041 630 3220 684 vicum
3258 629 3516 688 decenter
3561 631 3875 698 accederet,
3909 632 4052 689 itinere

2496 732 2886 792 prosperante,
2939 723 3173 791 qualiter
3221 737 3281 778 se
3324 725 3490 794 gessit
3544 739 3641 794 per
3696 725 3940 794 singula,
3970 728 4053 795 quis

2495 824 2775 870 enumeret
2806 815 3051 869 infinita?
3081 815 3212 882 Qua:
3242 816 3294 870 in
3336 831 3520 872 mensa
3563 817 3666 872 sub
3709 815 3728 856 ι
3762 817 3968 873 fladone
3988 834 4051 876 se-

2491 907 2753 976 galatium
2802 905 2935 978 [Al.,
2990 907 3314 981 siligineum]
3367 925 3558 978 panem
3615 911 3980 978 absconsum,
4014 922 4053 968 et

2497 995 2859 1053 hordeaceum
2892 999 3244 1055 manducabal
3273 1003 3508 1066 occulte,
3541 1003 3621 1057 sic
3652 1013 3711 1057 ut
3757 1019 3923 1058 nemo
3963 1020 4049 1074 per-

2496 1092 2721 1162 ciperet.
2763 1092 2893 1147 Nam
2942 1108 3005 1147 ex
3057 1093 3150 1148 illo
3195 1104 3436 1166 tempore
3483 1112 3590 1166 quo
3635 1097 3800 1152 beato
3843 1097 4053 1154 Medardo

2495 1195 2848 1241 consecrante
2876 1186 3047 1242 velata
3077 1197 3180 1254 est,
3215 1203 3383 1258 usque
3413 1188 3478 1244 ad
3520 1189 3920 1258 infirmitatem,
3947 1207 4051 1260 prato

2496 1283 2580 1330 ter
2629 1275 2878 1348 legumen
2929 1293 2995 1332 ex
3045 1277 3234 1348 olera,
3279 1295 3384 1334 non
3438 1293 3679 1349 pomum,
3732 1283 3954 1350 piscem,
3988 1284 4053 1339 vel

2495 1382 2676 1435 ovum,
2703 1385 2803 1425 nec
2825 1370 2952 1441 quid
2977 1370 3121 1426 aliud
3144 1371 3288 1438 edit;
3313 1386 3494 1442 potum
3519 1389 3651 1430 vero
3675 1385 3880 1444 prater
3905 1394 4051 1450 squam

2495 1462 2746 1529 mulsam,
2796 1472 2956 1535 atque
2997 1473 3036 1500 ω
3081 1462 3327 1533 piratinm
3381 1481 3486 1521 non
3535 1467 3702 1534 bibit;
3748 1476 3778 1504 ιι
3811 1469 3918 1524 vini
3956 1486 4054 1526 vero

2496 1556 2819 1626 puritatem,
2868 1567 2962 1614 aut
3011 1565 3035 1592 ο
3086 1558 3227 1613 medi
3277 1557 3683 1630 decoctionem,
3739 1563 4052 1635 cervisiaeque

2497 1648 2826 1703 turbidinem
2857 1663 2963 1703 non
2995 1648 3236 1719 contigit.

2572 1741 2658 1796 16.
2687 1741 2822 1796 Tum
2865 1757 3012 1796 more
3045 1744 3214 1797 sancti
3266 1741 3517 1798 Germani
3568 1744 4052 1819 [Autissiodurensis]

2491 1832 2642 1904 jubet
2669 1832 2770 1888 sibi
2801 1835 2996 1890 molam
3026 1835 3386 1891 secretissimc
3431 1836 3654 1903 deferri,
3686 1839 3755 1894 ad
3794 1856 3945 1910 quam
3971 1851 4054 1896 tota

879 1929 967 1982 M.
1003 1928 1134 1982 llinc
1165 1928 1302 1982 felici
1337 1929 1551 1998 navigio
1583 1929 1811 1983 Turonis
1839 1903 2081 1998 appulsa,
2114 1945 2233 2000 quin
2262 1946 2388 2002 sup—
2416 1903 2467 1968 Β
2491 1903 2907 1996 Quadragesima
2963 1935 3166 1982 tantum
3232 1928 3525 1993 laboravit,
3573 1903 3846 2001 quantum
3887 1932 4052 2000 quatri-

803 2021 947 2091 pleat
977 2021 1300 2090 eloquentia,
1353 2031 1610 2090 quantum
1660 2019 1978 2085 officiosam,
2025 2032 2389 2093 quantumque

802 2131 866 2171 se
913 2115 1224 2178 monstravit
1275 2112 1624 2169 muniﬁcam?
1667 2113 1804 2180 Quid
1839 2114 2009 2182 egerit
2036 2115 2175 2168 circa
2217 2117 2387 2170 sancti

803 2208 1018 2265 Martini
1049 2196 1206 2273 airia,
1239 2208 1464 2277 templa,
1498 2207 1796 2270 basilicam,
1826 2206 1980 2272 ﬂens,
2016 2207 2264 2278 lacrymis
2309 2208 2390 2263 in-

804 2301 1018 2366 satiata,
1051 2299 1260 2369 singula
1289 2299 1475 2368 jacens
1505 2312 1601 2367 per
1630 2297 1834 2362 limina,
1865 2299 1952 2352 ubi
1979 2299 2139 2353 missa
2179 2297 2195 2336 ί
2231 2316 2389 2356 revo-

803 2404 947 2457 cata,
979 2393 1218 2447 vestibus
1261 2402 1316 2448 et
1361 2401 1698 2457 ornamento,
1738 2405 1848 2461 quo
1887 2405 1947 2446 se
1987 2392 2200 2448 clariori
2241 2392 2388 2448 cultu

803 2486 1016 2541 solebat
1063 2487 1204 2542 ferre
1253 2487 1306 2541 in
1358 2487 1576 2556 palatio,
1628 2500 1842 2541 sacrum
1885 2487 2158 2554 componit
2199 2489 2385 2543 altare.

802 2580 944 2636 Hinc
967 2596 1086 2635 cum
1118 2582 1168 2634 in
1200 2579 1373 2635 vicum
1408 2584 1422 2630 t
1461 2579 1878 2647 Condateusem,
1911 2578 1998 2633 ubi
2027 2579 2287 2650 gloriosus
2308 2581 2390 2636 vir

799 2672 1065 2729 Martinus
1095 2685 1147 2728 et
1175 2673 1368 2727 Christi
1394 2673 1523 2727 satis
1553 2671 1770 2726 intimus
1801 2680 2019 2726 senator
2047 2673 2294 2740 migravit
2320 2673 2389 2728 de

801 2767 1024 2829 saecttlo,
1056 2766 1248 2820 ancilla
1284 2765 1494 2820 Domini
1525 2765 1885 2832 pervenisset,
1919 2763 2068 2819 dedit
2110 2779 2215 2820 non
2255 2764 2390 2821 infe-

794 2857 968 2924 riora,
1002 2858 1215 2913 Domini
1244 2871 1494 2912 crescens
1524 2857 1576 2912 in
1605 2859 1794 2926 gratia.

797 3083 1136 3137 sacerdotem
1183 3082 1233 3133 in
1267 3088 1397 3133 tom.
1426 3078 1538 3133 \llll
1565 3077 1836 3146 Spicilegii
1864 3077 1983 3132 Vet.
2014 3076 2238 3144 Script.,
2265 3093 2382 3147 pag.

798 3153 925 3209 123.
955 3156 1092 3208 Man.
1131 3153 1284 3206 Plura
1314 3154 1380 3204 de
1410 3151 1510 3204 hac
1545 3165 1604 3204 re
1631 3149 1811 3201 Coint.
1843 3149 1907 3202 ad
1935 3162 2024 3201 an.
2053 3147 2178 3213 .544,
2213 3165 2267 3203 ιι.
2295 3152 2383 3206 96.

872 3234 897 3260 ³·
930 3224 1172 3278 Bullaud.
1198 3224 1275 3278 sic.
1297 3223 1479 3291 legunt
1500 3223 1638 3274 hunc
1660 3220 1834 3276 locum
1861 3230 1909 3273 et
1934 3217 2120 3272 ablatis
2149 3222 2381 3290 gemmis,

792 3297 1102 3351 ornamentis
1147 3270 1378 3348 mensas;
1422 3294 1608 3347 divina:
1637 3292 1816 3361 gloria:
1845 3301 2020 3344 onerat
2050 3270 2381 3357 vengrabilis;
2412 3270 2460 3331 ο

790 3367 938 3422 aliud
975 3384 1074 3420 ltts.
1104 3376 1157 3420 et
1199 3365 1388 3420 Surius
1416 3363 1616 3419 habent
1644 3363 1844 3426 oblatis,
1889 3369 1947 3416 ut
1986 3361 2184 3416 ibidem
2215 3363 2382 3418 adno-

791 3447 911 3492 taut
943 3438 1179 3491 llolland.
1931 3451 1934 3456 -

867 3508 896 3548 δ
924 3509 1129 3563 Nomen
1155 3507 1377 3577 hujusce
1402 3505 1574 3561 sancti
1603 3503 1794 3577 legitur
1821 3501 2184 3577 diversimode
2210 3519 2224 3568 ;
2260 3521 2380 3561 nam

788 3579 882 3636 hic
922 3580 1063 3647 apud
1112 3573 1314 3643 Mabil.,
1359 3587 1413 3647 et
1459 3577 1512 3632 in
1556 3573 1675 3630 ms.’
1702 3573 2126 3647 vallisluceutis,
2157 3591 2261 3645 quo
2301 3579 2379 3632 usi

788 3659 919 3707 sunt
948 3644 1110 3716 Bo:l.,
1144 3652 1332 3717 legitur
1359 3646 1505 3702 Cella
1543 3647 1708 3701 sancti
1731 3644 1977 3718 Jumeris.
2011 3644 2200 3718 Surius
2231 3647 2375 3718 legit,

788 3721 988 3776 Cellam
1018 3721 1080 3776 S.
1129 3716 1376 3784 A'imeris,
1408 3719 1490 3772 vel
1523 3718 1790 3781 liumeris;
1816 3727 1870 3772 et
1908 3717 1960 3770 in
1991 3716 2222 3786 quodam
2275 3716 2381 3774 ius.

787 3793 1101 3850 Divionensi
1131 3791 1364 3846 occurrit
1393 3789 1650 3855 Vimerus.

871 3877 891 3904 ο
925 3863 981 3917 lu
1008 3862 1132 3916 eod.
1164 3862 1223 3917 S.
1257 3863 1609 3915 Cermanensi
1638 3859 1831 3928 legitur
1866 3859 2120 3927 stapione,
2151 3860 2201 3913 in
2231 3870 2384 3916 sexto

785 3950 939 3990 casu.
993 3933 1342 3989 Scribendutn
1389 3931 1629 3994 videtur”,
1679 3929 2004 4000 Scapionem,
2063 3931 2129 3984 ad
2180 3933 2382 3995 regium

790 4006 1038 4060 diadema
1056 4003 1466 4072 designandum.
1492 4001 1624 4056 Nam
1642 3999 1921 4055 Germanis
1943 3999 2208 4067 hodieque
2221 4001 2386 4070 Scap-

789 4078 877 4147 pel
903 4078 1029 4129 vitta
1055 4090 1150 4131 seu
1176 4074 1364 4147 capitis
1394 4073 1763 4147 redimiculum
1785 4073 1997 4147 dicitur.
2029 4072 2241 4147 Sivero
2269 4074 2385 4141 quis

787 4143 1076 4216 stapionem
1107 4144 1441 4200 retinendum
1473 4143 1623 4216 velit,
1657 4157 1754 4216 vox
1787 4143 1888 4216 ista
1914 4143 2204 4216 depetlum
2229 4159 2386 4198 orna-

785 4213 986 4273 mentis
1016 4216 1414 4285 interpretanda
1444 4214 1567 4276 erit,
1591 4214 1764 4282 qualia
1793 4213 1954 4268 Isaias
1993 4214 2044 4267 in
2078 4229 2125 4268 c.
2161 4228 2384 4268 Incom-

785 4296 1073 4344 memorat.
1100 4288 1228 4340 Nam
1254 4287 1440 4353 stapia,
1471 4295 1716 4353 equestre
1739 4285 2158 4352 suppedanenm.
2190 4285 2385 4342 Μιιιιιι.

861 4357 888 4396 ἀ
921 4361 1100 4428 Cofea,
1125 4360 1237 4412 sive
1267 4357 1439 4423 Cuﬁa,
1468 4365 1560 4410 aut
1589 4356 1776 4424 Cofﬁa,
1804 4364 1920 4412 erat
1945 4357 2135 4420 capitis
2162 4357 2384 4428 redimi-

786 4427 1115 4498 culum,aut
1144 4437 1536 4500 tegumentum,
1573 4443 1679 4500 quo
1712 4437 1895 4500 totum,
1918 4427 2386 4500 ambiebatur.__l)e

786 4502 894 4556 hoc
927 4496 1375 4570 voeabulo'plura
1401 4498 1540 4567 apud
1574 4497 1722 4570 Dufr.
1755 4499 1806 4570 in
1836 4496 2015 4570 Gloss.
2053 4496 2252 4551 Chron.
2279 4498 2385 4552 Vo-

783 4574 968 4628 aiense
997 4587 1115 4638 cap.
1149 4566 1390 4637 73.,illie
1423 4566 1668 4632 relatum,
1703 4567 1898 4622 habet:
1927 4566 2112 4621 Mitras
2139 4570 2189 4621 in
2221 4571 2384 4638 rapite

2492 2015 2666 2071 duana
2693 2016 2916 2072 refectio
2948 2017 3256 2087 postulavit.
3291 2019 3601 2076 Oblationes
3635 2021 3807 2076 etiam
3839 2025 3942 2078 suis
3964 2040 4058 2078 ma-

2491 2112 2648 2168 nibus
2689 2110 2910 2177 faciens,
2941 2113 3072 2168 locis
3118 2113 3512 2170 venerabilibus
3557 2115 3946 2172 incessabiliter
3970 2119 4051 2175 dis-

2497 2206 2757 2276 pensavit.
2802 2205 2943 2276 Ergo
2974 2205 3112 2275 apud
3140 2214 3376 2260 sanctam
3415 2222 3521 2261 non
3554 2207 3736 2264 minus
3769 2225 3895 2264 usus
3923 2213 4056 2264 mise-

2491 2302 2771 2368 ricordiae,
2814 2316 2976 2372 quam
3045 2311 3160 2357 erat
3209 2315 3499 2356 concursus
3540 2299 3611 2357 de
3660 2302 3848 2372 plebe,
3887 2313 3940 2357 ut
3980 2317 4059 2358 nec

2490 2397 2705 2453 deesset
2732 2398 2822 2467 qui
2873 2405 3098 2466 peteret,
3127 2409 3228 2450 nec
3271 2393 3527 2450 deficeret
3572 2396 3722 2465 quod
3776 2395 4056 2452 donaretur.

2491 2488 2790 2545 Mirandum
2824 2499 2882 2542 ut
2907 2488 3159 2542 omnibus
3175 2486 3531 2554 satisfaceret,
3565 2486 3711 2543 unde
3743 2488 3972 2544 thesauri
3998 2496 4059 2543 tot

2490 2580 2686 2646 exsuli,
2715 2577 2858 2633 unde
2888 2586 2965 2632 tot
2993 2577 3196 2632 divitia:
3224 2579 3540 2648 peregrinae.

2566 2671 2654 2727 17.
2688 2671 2957 2739 Quantum
2985 2669 3330 2739 expendebat
3375 2669 3566 2724 diurna
3614 2668 3940 2741 redemptio,
3967 2669 4060 2725 sola

2492 2763 2694 2817 sciebat
2715 2777 2834 2832 quae
2859 2760 3159 2831 petentibus
3184 2759 3522 2830 deportabat.
3553 2760 3688 2816 Nam
3722 2772 3922 2832 praeter
3944 2776 4058 2833 quo.

2493 2854 2745 2911 tidianam
2776 2868 3040 2920 mensam,
3071 2867 3176 2924 qua
3207 2850 3483 2908 refovebat
3507 2863 3536 2903 ι’
3559 2853 3923 2921 matriculatn,
3948 2853 4060 2908 duo-

2561 3082 2589 3120 ιι
2619 3080 3124 3153 Synergium,l_ocus
3154 3078 3207 3133 in
3236 3092 3342 3148 quo
3367 3077 3551 3146 plures
3578 3077 3742 3153 simul
3765 3088 4056 3153 operantur,

2491 3155 2580 3210 hic
2625 3149 2870 3222 usurpari
2921 3151 3131 3206 videtur
3177 3164 3274 3219 pro
3322 3150 3850 3222 monasterio,un
3897 3149 4060 3222 eadem

2491 3227 2703 3282 ratione
2741 3219 3117 3290 nonnunquam
3149 3219 3468 3276 asceterium
3518 3221 3847 3289 appellatur.
3893 3221 4059 3276 Manta.

2574 3296 2587 3334 ί
2628 3296 2717 3352 Sic
2760 3293 3038 3364 legendum
3072 3291 3297 3364 probant
3329 3301 3544 3347 veteres
3569 3291 3931 3352 membranae.
3970 3307 4054 3345 non

2485 3382 2621 3423 vero
2649 3367 2802 3420 misso
2824 3375 3080 3426 revocato.
3114 3363 3206 3429 vel,
3225 3363 3438 3416 minore
3462 3373 3674 3433 vocato,
3697 3373 3760 3417 ut
3800 3365 3940 3434 apud
3979 3366 4062 3419 Su-

2485 3441 2654 3502 rium;
2707 3436 2875 3493 codex
2926 3435 2991 3489 D.
3038 3433 3358 3489 d‘Herouval
3409 3448 3478 3488 ex
3511 3433 3868 3488 amanuensis
3915 3437 4060 3489 inter-

2486 3509 2785 3578 pretatione
2825 3507 2985 3560 habet
3019 3526 3033 3562 :
3060 3507 3216 3578 missa
3246 3505 3650 3578 celebrata,__sed
3683 3521 3991 3578 perperam,
4015 3514 4060 3578 ut

2485 3573 2733 3644 constare
2778 3577 2984 3632 videtur
3013 3591 3077 3630 ex
3111 3576 3376 3630 adnotatis
3413 3574 3468 3629 in
3506 3573 3695 3630 Vitam
3716 3573 3801 3630 S.’
3830 3575 4061 3632 Germani

2486 3652 2651 3720 episc.
2695 3650 2888 3716 Paris.,
2941 3664 2992 3700 ιι.
3047 3645 3137 3701 60.
3165 3647 3362 3702 Muta.
3391 3645 3463 3700 At
3501 3647 3689 3716 legunt
3725 3645 3874 3703 Boil.
3931 3653 4061 3702 missa

2483 3722 2759 3776 celebrata.

2562 3795 2577 3844 t
2620 3790 2916 3860 Aliquando
2940 3787 3413 3860 vocaturCoMate
3439 3788 3744 3857 Turonum,
3790 3799 3853 3845 ut
3887 3792 3958 3846 ab
3976 3791 4063 3844 alio

2482 3859 2734 3936 ejusdem
2752 3860 2988 3936 nominis
3010 3863 3128 3915 loco
3150 3859 3527 3936 distinguatur.
3553 3860 3824 3916 ΒοιιΑιω

2558 3933 2583 3973 ιε
2614 3934 2756 3999 Suis,
2783 3933 2922 3988 inter
2946 3931 3186 3987 Turones
3214 3940 3268 3986 et
3293 3932 3560 3993 Pictones.

2563 4004 2581 4044 ι
2619 4005 2820 4060 Eadem
2839 4016 2972 4058 voce
2992 4002 3186 4056 iterum
3211 4003 3376 4057 utitur
3395 4002 3726 4058 Fortunatus
3748 4002 3894 4059 infra
3915 4021 3968 4059 ιι.
3984 4003 4059 4067 2f,

2486 4092 2592 4148 quo
2623 4078 2674 4130 in
2706 4075 2824 4148 loco
2850 4072 3028 4148 Codex
3057 4071 3386 4148 Conchensis
3424 4073 3756 4148 scribithub
3798 4075 4062 4146 placentis;

2486 4143 2609 4203 cum
2633 4148 2684 4200 in
2716 4146 2833 4200 aliis
2863 4145 3146 4217 habeatur,
3177 4144 3270 4198 sub
3315 4143 3572 4198 Fladone.
3621 4146 3700 4199 Ex
3734 4143 3854 4217 quo
3894 4148 4067 4217 intelli-

2484 4233 2581 4289 gas
2611 4217 2872 4271 Fladones
2898 4229 3018 4289 esse
3047 4215 3341 4289 placentas,
3371 4229 3520 4289 quas
3536 4215 3867 4289 vernaculis,
3889 4215 4067 4289 F_laons

2488 4286 2758 4373 nostrates
2788 4287 3082 4373 appellant.
3111 4287 3266 4373 Apud
3307 4286 3619 4373 βυμιιιψιιιι
3650 4297 3788 4373 to'r‘n.
3822 4287 4065 4373 ll_Fcbr.,

2487 4375 2607 4431 pag.
2657 4359 2783 4443 tos,
2817 4358 2887 4440 .in
2923 4360 3126 4427 scripto
3176 4357 3392 4440 ilenrici
3436 4357 3646 4412 abbatis
3687 4359 4066 4414 Cesstulensis:

2486 4431 2624 4489 Sunt
2651 4431 2721 4484 tbi
2762 4429 2961 4510 citbana
3003 4429 3264 4510 tredectm,
3291 4443 3408 4499 qua:
3434 4429 3657 4482 reddunt
3679 4429 4069 4510 unaquaque

2487 4519 2580 4570 per
2600 4518 2794 4555 anntmt
2821 4503 2993 4553 decem
3021 4500 3234 4566 solidos,
3266 4509 3312 4550 et
3337 4515 3505 4570 panes
3523 4510 3807 4566 trecentos,
3848 4500 4072 4555 Platones

2485 4569 2544 4626 in
2572 4573 2786 4626 Litaniis
2812 4570 3207 4641 unumquodque
3233 4570 3462 4640 triginta.
3493 4569 3588 4625 Ubi
3621 4573 3704 4624 vir
3733 4573 4072 4628 doctissimus

786 4646 1050 4713 gestabant
1070 4637 1073 4638 ν
1093 4644 1301 4712 juvenes
1356 4642 1618 4709 utriusque
1655 4655 1988 4713 sexus,_quas
2010 4638 2257 4693 vocabant
2282 4637 2381 4695 Bo-
2404 4637 2460 4701 ι)
2485 4641 2753 4708 Flatones,
2787 4637 3056 4713 placentas
3078 4637 3474 4713 interpretatur.
3503 4641 3799 4713 Udalricus
3853 4645 3908 4698 in
3935 4643 4020 4699 lib.
4042 4658 4072 4697 ιι

787 4709 968 4779 itetos,
1002 4709 1114 4782 post
1138 4713 1379 4781 Capellos
1405 4715 1468 4765 de
1488 4713 1612 4774 lino,
1637 4717 1712 4763 vel
1735 4709 1952 4782 Cpitias,
1979 4720 2082 4782 etc.

866 4796 889 4824 ι’
915 4780 1167 4840 Claudius
1211 4780 1543 4838 Castellanus
1592 4785 1671 4852 (ut
1709 4781 1947 4835 referunt
1993 4780 2156 4852 Bell.)
2200 4781 2253 4836 in
2279 4797 2376 4837 suo

788 4856 1170 4928 Martyrologio
1210 4855 1348 4908 inter
1395 4851 1932 4928 sanctosahemeros
1948 4851 2172 4928 collocat
2214 4869 2378 4909 vene-

786 4922 1014 4984 rabilicm
1061 4922 1335 4980 Datlonem
1369 4944 1380 4977 :
1413 4927 1502 4994 qui
1550 4927 1756 4994 primus
1802 4923 1961 4994 fuerit
1993 4922 2160 4994 abbas
2190 4940 2377 4979 mona-

709 5035 711 5037 ι
788 5000 939 5053 sterii
968 4997 1295 5052 Coneltensis
1320 4992 1630 5066 (ver‘nacule
1653 4992 1908 5064 Conques)
1929 4994 2070 5065 apud
2098 4993 2375 5050 Rhutenos

789 5069 846 5124 in
876 5070 1067 5122 Callia.
1095 5071 1200 5123 Sed
1224 5067 1341 5137 ejus
1374 5069 1573 5120 incerta
1601 5076 1750 5119 tetas.

875 5140 892 5178 τ
924 5141 996 5193 Ita
1029 5155 1156 5194 mss.
1181 5135 1348 5192 Codd.
1381 5138 1447 5192 Et
1474 5148 1648 5191 tamen
1680 5136 1855 5190 nullus
1885 5135 2136 5190 Gundulli
2161 5138 2374 5192 nomine

785 5210 985 5282 legitur
1036 5211 1310 5282 Mettensis
1355 5211 1856 5282 episcopususque
1903 5208 1969 5282 ad
2011 5207 2260 5282 Ludovici
2282 5209 2371 5282 κιδῇί

792 5277 1027 5337 acinum.
1062 5284 1143 5336 An
1178 5281 1314 5334 forte
1343 5295 1436 5348 pro
1467 5277 1717 5332 Gundulli
1760 5279 2041 5346 legendum
2082 5279 2372 5345 Goscelini,

790 5353 881 5423 qui
910 5355 1105 5406 saeculo
1136 5369 1184 5405 vt
1210 5352 1322 5403 sedi
1353 5351 1592 5423 Mettensi
1620 5350 2084 5423 prmfuit‘lbiastt..

871 5433 895 5470 s
927 5426 1005 5477 Att
1046 5424 1180 5478 forte
1233 5439 1326 5492 pro
1375 5421 1544 5474 Mettis
1581 5422 1885 5487 Noviomagi
1931 5422 2208 5487 legentium
2259 5425 2374 5478 est?

794 5495 929 5550 Nam
957 5510 1138 5548 revera
1175 5498 1222 5546 in
1258 5495 1341 5546 illa
1370 5496 1497 5547 sede
1531 5502 1646 5559 post
1693 5492 1899 5546 beatum
1945 5493 2278 5558 Medardum,
2321 5505 2375 5548 et

795 5565 1134 5625 Faustinum,
1159 5566 1246 5632 qui
1269 5565 1415 5618 illum
1437 5564 1668 5629 excenit,
1694 5561 1830 5618 sedit
1851 5563 2182 5630 Gundull'us;
2212 5581 2370 5633 quem

792 5636 936 5692 hunc
992 5635 1373 5703 lladeguuules,
1427 5647 1712 5702 antequam
1773 5646 2047 5688 crearetur
2091 5637 2372 5705 cpiscopus

791 5708 1186 5770 Novionteusis,
1217 5706 1497 5766 degentem
1548 5709 1600 5760 iu
1653 5707 1996 5769 tnonasterio,
2039 5708 2369 5762 convenerit.

789 5777 903 5834 Nisi
935 5781 1066 5830 forte
1098 5793 1191 5844 pro
1241 5776 1504 5844 Gundulzo
1536 5779 1770 5847 Aignlfus
1804 5779 2077 5842 legendus,
2109 5781 2195 5847 qui
2233 5780 2372 5831 Met-

794 5860 1001 5904 tettsetn
1032 5849 1212 5901 sedent
1241 5851 1550 5904 COIISCCIldtl
1578 5865 1667 5901 an.
1697 5849 1823 5913 .578,
1858 5859 1914 5902 ut
1945 5850 2100 5904 habet
2129 5851 2372 5905 Cointius

793 5921 863 5976 ad
885 5920 1026 5976 hunc
1049 5933 1270 5982 annum.

2481 4710 2813 4770 Consuetud’.
2846 4711 3109 4777 Cluniac.,
3139 4730 3188 4766 c.
3219 4710 3274 4778 4,
3307 4711 3414 4765 Pro
3443 4713 3588 4783 signo
3618 4710 3958 4780 Fladcnum,
4000 4717 4070 4768 in-

2481 4788 2619 4856 quit,
2649 4786 2912 4855 prtrmisso
2958 4785 3184 4856 generali
3223 4783 3370 4856 panis
3398 4795 3445 4837 et
3488 4784 3625 4836 casei
3671 4785 3744 4838 de
3788 4803 3899 4839 una
3935 4803 4071 4839 manu

2481 4855 2652 4911 omnes
2680 4859 2865 4926 digitos
2888 4855 3110 4926 inﬂecte,
3139 4864 3188 4908 et
3213 4855 3286 4908 ita
3315 4871 3524 4907 manum
3552 4869 3697 4922 cava,
3730 4868 3786 4911 et
3830 4861 3886 4911 in
3916 4875 4075 4926 snper-

2479 4929 2647 4998 ﬁciem
2675 4930 2884 4982 alterius
2912 4943 3060 4994 pone.
3095 4927 3288 4982 MABIL.

2552 5010 2590 5036 ω
2624 4999 2915 5070 Pyratium,
2944 5000 3390 5070 seupyraticum,
3409 5005 3526 5051 erat
3553 5011 3755 5070 succus
3785 5015 4070 5069 expressus

2479 5085 2512 5126 e
2542 5065 2708 5141 pyris,
2740 5069 2829 5138 qui
2876 5083 2994 5141 pro‘
3013 5065 3137 5141 vino
3183 5065 3554 5141 adhibebatur.
3584 5067 3646 5122 S.
3679 5065 3951 5134 Hieroii.,
3981 5073 4062 5125 lib.

2482 5156 2519 5196 tt
2543 5137 2731 5197 contra
2755 5137 2932 5197 Joviit.
2966 5138 3186 5203 Paulus,
3221 5139 3420 5206 inquit,
3449 5137 3719 5194 Timotheo
3747 5144 3955 5197 dolenti
3982 5155 4071 5196 sto-

2479 5213 2734 5276 machum,
2762 5212 2933 5265 vinum
2960 5212 3137 5264 suadet
3164 5209 3349 5275 bibere,
3383 5225 3482 5263 non
3516 5210 3793 5279 piratium.

2550 5293 2576 5320 υ
2610 5285 2796 5338 Exstat
2848 5281 2986 5350 apud
3036 5281 3384 5336 Fortunatum
3434 5280 3483 5333 itt
3535 5280 3573 5334 Ι.
3607 5298 3678 5345 xt,
3716 5300 3905 5338 carm.
3934 5289 3986 5350 3,
4016 5286 4069 5335 a.l

2483 5353 2882 5425 llatlegundem,
2912 5367 3018 5425 quo
3042 5367 3159 5406 eam
3184 5353 3250 5405 ad
3277 5351 3566 5425 bibend_um
3591 5357 3786 5408 vinum
3816 5363 4068 5410 horlalm'.

2479 5423 2856 5480 ldem'auctur
2887 5425 2940 5478 in
2988 5424 3081 5477 lib.
3113 5439 3238 5481 vm.
3267 5437 3432 5476 carm.
3462 5423 3514 5488 7,
3544 5439 3608 5478 ac
3655 5426 3716 5478 ll
3782 5429 3857 5482 de
3904 5432 4071 5482 mundi

2479 5506 2785 5562 contemptu
2816 5503 2871 5550 et
2902 5495 3200 5550 reclusione
3229 5493 3288 5548 Β.
3313 5493 3512 5563 regina:
3535 5495 3871 5564 gratulatur.
3894 5501 4070 5554 Manis.

2551 5578 2574 5604 ο
2609 5569 2760 5623 Potio
2788 5582 2858 5621 ex
2890 5566 3064 5621 melle.

2550 5649 2576 5689 p
2610 5639 2880 5695 Matricula
2913 5639 3143 5712 sumitur
3161 5645 3272 5712 tum
3300 5650 3396 5712 pro
3427 5636 3633 5712 libello,
3658 5641 3751 5694 cui
3791 5657 4071 5712 pauperes,

2478 5711 2732 5766 Ecclesia:
2772 5710 3072 5783 sumptibus
3096 5708 3805 5783 alendi,inscribebantur,
3831 5708 3958 5768 cuin
3991 5728 4072 5783 pro

2477 5784 2607 5850 ipsis
2649 5781 2850 5854 egenis,
2884 5791 2936 5854 ut
2986 5780 3087 5834 hoc
3137 5779 3439 5854 lo_c_o._\_lide
3480 5779 3818 5852 Gregorium
3855 5779 4072 5854 Turno,

2475 5855 2571 5912 lib.
2598 5869 2632 5910 Il
2660 5855 2775 5910 Mir.
2801 5853 2858 5908 S.
2887 5851 3067 5920 Mart.,
3092 5865 3140 5907 c.
3165 5849 3259 5905 22.
3292 5851 3520 5906 Μιιιιι..
