4192 6544
161 388 257 450 505

1232 379 1406 436 ἮΤΔ
1440 377 1506 437 5.
1545 373 1994 434 BADEGUNDIS
2033 372 2342 434 REGI“.

3338 379 3445 439 506

163 509 251 564 dus
271 516 484 575 semper
505 501 695 558 diebus
718 499 951 568 sabbati,
979 498 1164 570 quinta
1183 505 1241 554 et
1263 495 1516 560 sabbato,
1538 493 1743 548 vicibus
1770 494 1822 551 Α
1853 499 1988 546 teste
2042 492 2312 546 munifica.
2364 488 2605 546 Ministra
2665 495 2846 547 tamen
2910 491 3274 560 praesumebat
3327 512 3448 554 eam

164 600 346 654 balneo
376 606 560 666 parato
588 595 701 666 ipsa
727 594 999 648 succincta
1026 591 1093 646 de
1115 598 1137 626 °
1162 591 1367 645 sabano
1397 587 1533 660 [Αἰ.⁹
1557 581 1746 657 linteo]

162 691 325 760 capita
374 690 556 744 lavans
602 700 917 760 egenorum.
955 683 1245 747 defricans,
1291 677 1546 749 quidquid
1596 683 1743 743 erat,

162 796 408 848 crustam,
433 782 691 850 scabiem,
722 783 921 837 tineam
953 794 1052 835 nec
1082 776 1418 848 purulentam
1443 773 1743 836 fastidiens,

161 879 420 936 interdum
447 888 501 934 et
530 889 743 931 vermes
769 873 1086 939 extrahens,
1121 884 1356 940 purgans
1384 868 1522 922 cutis
1552 875 1744 934 putre-

159 972 325 1037 dines,
368 968 635 1039 sigillatim
681 967 854 1037 capita
904 963 1148 1036 pectebat
1194 964 1306 1031 ipsa
1351 975 1472 1030 qurc
1514 959 1744 1013 laverat.

159 1067 340 1122 Ulcera
391 1080 517 1120 vero
563 1065 895 1131 cicatricum,
925 1077 1044 1132 quae
1083 1059 1222 1115 cutis
1271 1058 1394 1112 laxa
1443 1057 1743 1120 detexerat,

158 1169 240 1213 aut
288 1172 498 1227 ungues
541 1162 1015 1225 esasperaverant,
1066 1164 1215 1206 more
1260 1146 1592 1218 evangelico,
1625 1146 1745 1200 oleo

155 1250 462 1320 superfuso,
515 1248 783 1304 mulcebat
849 1245 1021 1301 morbi
1087 1244 1416 1314 contagium.
1466 1239 1743 1294 Mulierum

157 1357 275 1399 vero
329 1341 766 1398 descendentium
819 1342 869 1395 in
928 1341 1116 1404 tinam,
1149 1340 1261 1406 ipsa
1313 1349 1435 1390 cum
1483 1345 1683 1401 sapone
1714 1343 1742 1384 a

157 1437 322 1506 capite
357 1449 524 1505 usque
550 1435 615 1488 ad
663 1432 898 1503 plantam
933 1431 1176 1487 membra
1225 1428 1431 1498 singula
1481 1424 1740 1480 diluebat.

157 1528 557 1597 Egredientibus
588 1525 783 1581 exinde
814 1527 856 1580 si
886 1523 972 1579 cui
1004 1531 1239 1579 veterata
1273 1522 1579 1575 indumenta
1611 1531 1743 1572 con-

153 1625 397 1690 suiceret,
428 1624 618 1677 tollens
648 1636 790 1688 rasa,
823 1636 959 1674 nova
991 1618 1260 1674 reddens:
1294 1625 1419 1670 ante
1453 1626 1738 1682 paunosos,

153 1715 375 1770 faciebat
443 1713 628 1769 venire
672 1715 848 1769 cultos
887 1713 952 1766 ad
1011 1711 1322 1781 prandium;
1368 1709 1562 1778 quibus
1615 1721 1744 1761 con-

152 1810 398 1878 gregalis,
431 1805 734 1862 ministerio
762 1815 971 1876 parato,
999 1806 1111 1876 ipsa
1134 1820 1324 1876 aquam
1352 1805 1466 1859 sive
1490 1817 1736 1872 mappam

158 1903 377 1973 singulis
431 1904 757 1972 porrigebat,
793 1911 846 1956 ct
885 1901 1132 1955 invalidis
1183 1900 1296 1968 ipsa
1339 1899 1540 1968 pariter
1580 1913 1640 1950 os
1688 1905 1742 1951 et

153 2011 335 2052 manus
384 1996 648 2067 tergebat.
677 1995 812 2050 Hinc
856 1995 1028 2050 tribus
1070 1993 1284 2048 ferculis
1329 1992 1508 2056 illatis,
1538 1990 1739 2044 farcitis

153 2095 376 2158 deliciis,
407 2105 559 2148 stans
589 2104 715 2148 ante
754 2092 1082 2161 prandentes
1109 2089 1313 2159 jejuna,
1344 2101 1582 2158 praesens
1613 2101 1742 2140 con-

150 2187 301 2250 vivis,
348 2185 463 2255 ipsa
520 2184 790 2239 incidebat
837 2198 1051 2252 panem,
1081 2197 1325 2248 carnem,
1357 2181 1441 2236 vel
1484 2178 1740 2249 quidquid

153 2287 467 2349 apponeret.
505 2277 792 2346 Languidis
821 2285 999 2331 autem
1043 2284 1096 2329 et
1138 2275 1297 2329 caecis
1341 2288 1445 2328 non
1496 2272 1743 2329 cessabat

153 2376 261 2442 ipsa
294 2373 444 2428 cibos
474 2387 597 2426 cum
626 2370 901 2426 cochleari
930 2370 1226 2439 porrigere,
1260 2369 1361 2424 hoc
1391 2366 1742 2437 praesentibus

150 2468 370 2532 duabus,
396 2466 492 2521 sed
526 2480 589 2520 se
616 2464 730 2519 sola
779 2464 1068 2525 serviente,
1096 2471 1154 2515 ut
1184 2476 1318 2515 nova
1349 2459 1552 2515 Martha
1600 2470 1740 2515 sata-

148 2567 326 2630 geret,
362 2559 536 2613 donec
590 2556 848 2626 potuleuti
887 2555 1022 2628 [Αι.,
1055 2553 1349 2625 purulenti]
1400 2553 1593 2608 fratres
1635 2552 1740 2607 laeti

150 2651 334 2706 fierent
383 2649 670 2705 conviviis.
722 2648 873 2702 Tunc
932 2647 1022 2703 illa
1079 2662 1361 2702 removens
1407 2661 1467 2701 se
1515 2647 1652 2710 loco,
1684 2656 1742 2701 ut

147 2743 385 2799 ablueret
405 2757 626 2810 manus,
657 2741 765 2810 jam
796 2739 932 2795 bene
960 2739 1105 2794 culto
1126 2738 1374 2794 convivio
1399 2747 1507 2792 tota
1536 2737 1742 2807 gratiﬁ-

146 2835 382 2891 cabatur.
414 2834 471 2888 Si
503 2831 632 2904 quid
658 2830 683 2869 ι’
709 2832 918 2886 audiret
945 2832 1013 2886 de
1041 2830 1282 2896 fremitu,
1311 2828 1534 2899 jubebat
1560 2837 1738 2885 tamen

147 2938 202 2983 ut
227 2929 504 2992 sederent,
535 2926 706 2980 donec
735 2925 936 2980 vellent
966 2938 1270 2991 assurgere.

217 3022 302 3077 18.
341 3019 648 3074 Venerabili
679 3033 807 3074 vero
835 3021 982 3072 omni
1019 3017 1295 3072 Dominico
1323 3016 1411 3072 die
1444 3017 1547 3071 hoc
1576 3017 1740 3071 liabe-

145 3117 231 3172 bat
279 3117 332 3170 in
363 3129 598 3179 canone,
628 3113 712 3169 vel
744 3123 930 3167 aestate
967 3112 1050 3166 vel
1098 3112 1293 3178 hieme,
1328 3121 1384 3165 ut
1418 3112 1739 3180 pauperibus

143 3211 378 3265 collectis
414 3213 586 3276 primo
616 3222 820 3262 merum
853 3221 950 3262 sua
983 3221 1140 3260 manu
1179 3207 1246 3261 de
1277 3217 1405 3275 potu
1436 3207 1578 3260 dulci
1618 3221 1739 3275 por—

141 3305 356 3374 rigeret,
393 3302 588 3371 puellae
637 3312 822 3370 postea
852 3301 1222 3362 committens,
1253 3310 1308 3354 ut
1356 3300 1605 3354 omnibus
1648 3301 1736 3356 illa

142 3399 488 3467 prapinaret:
521 3395 645 3464 quia
681 3395 796 3463 ipsa
837 3392 1123 3448 festinabat
1153 3393 1379 3447 orationi
1426 3406 1733 3457 occurrere,

139 3505 242 3560 quo
289 3501 343 3544 et
397 3502 617 3543 cursum
667 3495 1087 3548 consummaret,
1140 3493 1193 3538 et
1243 3482 1616 3538 sacerdotibus
1669 3484 1736 3536 ad

141 3595 379 3635 mensam
438 3577 684 3633 invitatis
741 3585 1092 3643 occurreret,
1147 3589 1283 3644 quos
1340 3575 1516 3629 adhuc
1574 3575 1737 3645 regali

139 3693 306 3742 more,
336 3676 411 3731 ad
453 3675 667 3745 propria
711 3688 834 3729 cum
882 3672 1145 3740 redirent,
1185 3671 1306 3727 sine
1345 3686 1576 3728 munere
1627 3686 1736 3726 non

129 3774 360 3828 laxaret.

212 3864 297 3920 l9.
335 3863 488 3918 llanc
527 3873 740 3930 quoque
781 3873 895 3914 rem
958 3855 1432 3914 intresniscendam
1469 3871 1573 3927 qua
1617 3873 1736 3927 per-

141 3959 336 4028 agebat
363 3955 683 4011 dulcedine!
718 3952 852 4008 Cum
885 3952 1083 4022 leprosi
1111 3952 1386 4007 venientes
1413 3950 1568 4020 signo
1599 3951 1738 4007 facto

141 4069 198 4109 se
229 4053 546 4123 proderent,
578 4049 798 4119 jubebat
826 4046 1165 4102 adminicula:
1189 4055 1246 4101 ut
1273 4044 1416 4100 unde
1441 4045 1524 4100 vel
1552 4045 1738 4114 quanti

142 4157 323 4203 essent
354 4147 442 4215 pia
471 4158 601 4199 cura
632 4142 954 4213 requireret.
987 4140 1099 4206 Qua
1127 4137 1228 4192 sibi
1257 4136 1614 4200 renuntiante,
1649 4151 1739 4206 pa-

139 4250 246 4296 rata
275 4253 489 4305 mensa,
517 4247 538 4275 °
569 4235 896 4298 missorium,
923 4233 1257 4294 cochleares,
1280 4225 1591 4294 cultellos,d
1612 4244 1739 4283 can-

142 4349 255 4398 nas,
285 4342 472 4404 potnm
505 4339 560 4385 et
607 4328 805 4383 calices
835 4327 954 4382 sola
1001 4325 1363 4393 subsequente
1414 4323 1736 4378 intromitte-

140 4428 290 4484 batur
332 4428 542 4493 furtim,
585 4439 690 4496 quo
722 4439 780 4479 se
831 4424 989 4477 nemo
1040 4421 1340 4492 perciperet
1374 4429 1418 4471 ε.
1461 4419 1576 4488 Ipsa
1628 4428 1738 4472 tum

140 4522 392 4576 mulieres
424 4519 589 4573 variis
622 4519 782 4586 leprze
814 4514 1036 4570 maculis
1082 4512 1325 4583 perfusas
1369 4513 1737 4580 comprehcn-

1850 583 2231 638 blandimentis
2288 584 2364 638 sic
2423 583 2695 653 appellare
2738 583 3134 640 :Sanctissima
3193 588 3446 657 domina,

1852 674 1972 744 quis
2006 683 2056 730 te
2091 673 2388 741 osculetur,
2421 688 2541 744 quae
2573 673 2650 727 sic
2680 672 2920 742 leprosos
2946 674 3322 744 amplecteris?
3357 678 3446 732 llla

1850 765 2126 832 restiondit
2157 765 2415 820 benevole
2450 783 2462 817 :
2497 763 2640 820 Vere
2665 763 2709 818 si
2744 779 2829 819 me
2859 779 2965 819 non
2998 765 3284 834 osculeris,
3320 766 3444 822 hinc

1851 856 1982 912 mihi
2009 871 2134 912 cura
2158 871 2256 911 nec
2281 857 2387 909 ulla
2412 865 2513 910 est.

1926 948 2017 1003 20.
2049 949 2177 1016 Quae
2200 959 2406 1016 tamen,
2438 957 2729 1019 praestante
2761 945 2890 1013 Deo,
2920 947 3139 1002 diverso
3168 946 3314 1004 fulsit
3344 949 3448 1003 mi-

1850 1041 2050 1096 raculo.
2080 1041 2317 1112 Denique
2348 1043 2392 1096 si
2436 1042 2555 1109 quis
2606 1040 2837 1109 pustula:
2884 1039 3194 1108 desperaret
3223 1042 3290 1095 de
3335 1032 3449 1096 vul-

1849 1147 2010 1198 nere,
2061 1131 2324 1188 offerebat
2378 1131 2623 1187 ministra
2677 1143 2879 1187 sancta:
2929 1131 3117 1186 folium
3177 1133 3446 1202 pampini,

1849 1226 2117 1280 mentiens
2146 1224 2244 1280 sibi
2292 1240 2428 1294 opus
2475 1225 2576 1278 hoc
2603 1238 2746 1278 esse.
2776 1223 2974 1293 Sicque
3003 1225 3090 1278 vix
3124 1225 3344 1281 obtento
3371 1225 3449 1280 si-

1848 1320 2076 1389 gnaculo
2108 1328 2325 1388 portans
2353 1320 2419 1373 ad
2468 1319 2834 1389 desperatum,
2864 1317 3072 1372 vulneri
3107 1322 3448 1388 superposito

1850 1433 1974 1473 mox
2006 1418 2326 1474 occurrebat
2373 1419 2689 1473 remedium.
2744 1417 2929 1473 Itidem
2978 1417 3306 1486 frigoriticus
3353 1420 3443 1488 qui

1849 1511 2102 1575 venisset,
2137 1520 2226 1565 aut
2257 1511 2560 1580 languidus,
2595 1511 2779 1565 dicens
2821 1512 2874 1564 in
2921 1509 3128 1565 somnis
3158 1527 3216 1565 se
3245 1511 3447 1568 vidisse

1848 1610 1906 1657 ut
1939 1617 2032 1672 pro
2056 1617 2149 1656 sua
2180 1603 2348 1658 salute
2374 1604 2586 1658 femina:
2613 1616 2811 1658 sanctae
2843 1615 3175 1674 occurreret,
3207 1605 3443 1661 offerens

1849 1695 2152 1770 [Bolland.,
2181 1697 2475 1770 offerebat]
2522 1700 2799 1752 candelam
2847 1699 3004 1754 alicui
3051 1717 3112 1755 ex
3165 1701 3443 1768 ministris,

1847 1805 1950 1858 qua
1984 1806 2210 1846 accensa
2245 1808 2339 1861 per
2368 1802 2583 1847 noctem
2617 1791 2839 1846 morbus
2870 1793 3164 1862 accipiebat
3194 1810 3442 1860 mortem,

1771 1869 1820 1929 B
1851 1883 2127 1937 morbidus
2159 1885 2466 1938 sanitatem.
2499 1885 2720 1951 Quoties
2748 1898 2924 1941 autem
2954 1901 3074 1942 cum
3106 1888 3446 1956 cognovisset

1846 1975 2205 2031 decubantem
2260 1977 2311 2030 in
2369 1977 2598 2043 lectulo,
2655 1988 2874 2046 portans
2928 1994 3079 2048 poma
3131 1982 3438 2050 peregrina,

1845 2067 1997 2122 dulce
2038 2068 2197 2123 simul
2241 2077 2293 2124 et
2323 2070 2575 2135 calidum,
2603 2070 2878 2125 reficiebat
2922 2084 3179 2141 :egromm
3211 2089 3224 2126 :
3270 2083 3324 2128 et
3353 2073 3444 2143 qui

1845 2174 1944 2213 nec
1990 2159 2199 2214 decimo
2252 2161 2361 2229 jam
2395 2161 2483 2216 die
2530 2162 2654 2230 quid
2707 2163 3056 2232 percepisset,
3092 2163 3296 2218 cibaria
3328 2165 3443 2234 ipsa

1844 2267 1968 2307 mox
1996 2251 2423 2318 administrante,
2460 2254 2739 2324 languidus
2786 2255 3086 2326 accipiebat
3112 2257 3291 2313 cibum
3341 2275 3434 2329 pa-

1842 2344 1978 2402 riter
2025 2355 2082 2400 et
2126 2345 2393 2400 salutem?
2423 2347 2563 2418 quod
2612 2355 2788 2401 tamen
2839 2348 2951 2417 ipsa
3003 2349 3328 2419 imperabat,
3379 2366 3446 2407 ne

1842 2441 1963 2510 quis
1992 2438 2010 2477 ῐ
2045 2440 2307 2509 proferret
2336 2441 2389 2496 in
2421 2441 2618 2495 fabula.

1912 2533 2006 2588 2i.
2040 2535 2246 2599 Quanta
2292 2549 2420 2589 vero
2462 2535 2776 2607 congressio
2809 2535 3077 2606 popularis
3108 2537 3315 2593 exstitit
3356 2535 3445 2594 die

1844 2641 1946 2696 qua
1974 2641 2032 2680 se
2071 2635 2256 2680 sancta
2298 2626 2621 2682 deliberavit
2667 2628 2968 2694 recludere,
2996 2639 3055 2683 ut
3084 2643 3216 2699 quos
3248 2629 3443 2699 platea:

1843 2735 1951 2774 non
1997 2728 2253 2789 caperent
2297 2722 2656 2777 ascendentes
2705 2732 2845 2777 tecta
2893 2723 3256 2793 complerent!
3305 2723 3441 2791 Quid

1842 2823 2021 2869 autem
2050 2814 2386 2868 sanctissima
2416 2813 2629 2884 jejunii,
2657 2815 2922 2884 obsequii,
2951 2815 3289 2881 humilitatis,
3316 2816 3441 2870 cha-

1843 2908 2034 2974 ritatis,
2070 2907 2270 2962 laboris
2320 2917 2372 2963 et
2403 2909 2670 2962 cruciatus
2715 2906 2986 2964 ferventer
3017 2910 3230 2980 indepta
3263 2911 3364 2977 sit,
3398 2908 3443 2964 si

1842 3003 1964 3072 quis
1990 3012 2181 3057 cuncta
2213 3013 2575 3073 percurreret,
2606 3005 2775 3074 ipsam
2821 3006 3138 3074 praedicaret
3170 3017 3275 3060 tam
3306 3021 3444 3062 con-

1842 3095 2103 3151 fessorem
2134 3112 2294 3166 quam
2325 3107 2642 3169 martyrem.
2680 3098 2821 3169 Ergo
2848 3099 3214 3154 venerabilem
3248 3108 3444 3168 praeter

1845 3189 1984 3244 diem
2019 3189 2351 3243 Dominicum
2382 3189 2478 3244 fuit
2523 3191 2902 3246 sacratissima:
2932 3194 3110 3247 omnis
3152 3192 3265 3249 dies
3305 3192 3441 3265 [Al.,

1767 3250 1816 3316 ο
1846 3279 2092 3336 omnibus
2112 3280 2318 3353 diebus]
2344 3281 2604 3351 jejunium
2633 3300 2644 3334 :
2673 3282 2940 3338 lenticulae
2966 3285 3050 3340 vel
3081 3285 3242 3340 oleris
3276 3250 3440 3355 p|r0pe

1840 3374 2020 3444 jejuna
2068 3373 2322 3439 refectio;
2354 3389 2460 3428 non
2489 3389 2664 3439 avem,
2697 3375 2919 3444 piscem,
2954 3378 3037 3430 vel
3072 3392 3319 3446 pomum,
3358 3377 3445 3432 vel

1842 3482 2004 3522 ovum
2037 3466 2241 3520 habens
2271 3466 2530 3520 edulium.
2567 3466 2725 3522 Panis
2761 3482 2889 3522 vero
2929 3467 3246 3523 deliciarum
3290 3484 3447 3540 sega-

1843 3558 2031 3613 latium
2083 3557 2183 3611 fuit
2231 3566 2325 3611 aut
2372 3558 2721 3623 hordaceum,
2760 3574 2920 3626 quem
2968 3559 3293 3615 absconsum
3342 3560 3444 3616 sub

1842 3650 2057 3706 ﬂadone
2081 3650 2352 3717 sumebat,
2382 3665 2451 3705 ne
2490 3651 2613 3719 quis
2639 3650 2961 3720 perciperet.
2995 3651 3120 3706 llzec
3152 3652 3251 3706 fuit
3280 3652 3442 3708 etiam

1841 3744 1988 3814 potio
2029 3758 2166 3814 aqua
2195 3744 2392 3808 mulsa,
2422 3743 2709 3813 piracium,
2755 3744 2852 3799 sed
2882 3745 3092 3801 modice
3135 3745 3294 3800 libata
3327 3745 3442 3800 siti-

1838 3834 2018 3891 bunda
2049 3835 2271 3905 potatio.

1911 3927 2003 3982 22.
2038 3928 2215 3984 Prima
2259 3943 2476 3998 quoque
2525 3927 2966 4000 Quadragesima,
2996 3942 3102 3998 qua
3132 3943 3191 3984 se
3218 3928 3444 3985 reclusit

1841 4027 1897 4082 in
1927 4025 2141 4091 cellula,
2182 4025 2357 4080 donec
2398 4024 2585 4079 fuisset
2627 4032 2916 4090 transacta,
2951 4024 3102 4095 panis
3146 4040 3250 4079 non
3293 4039 3440 4079 sum-

1843 4125 1947 4192 psit
1974 4122 2197 4188 cibaria,
2229 4121 2331 4176 nisi
2383 4121 2469 4176 die
2514 4120 2811 4186 Dominica,
2844 4119 2939 4175 sed
2987 4130 3193 4174 tantum
3226 4121 3436 4175 radices

1843 4216 2154 4281 herbarum,
2187 4223 2279 4268 aut
2320 4215 2465 4268 olera
2499 4213 2567 4267 de
2597 4214 2786 4268 malvis
2829 4215 2945 4268 sine
2990 4213 3090 4268 olei
3122 4221 3291 4284 gutta,
3324 4213 3442 4269 sine

1841 4311 1953 4365 sale
1973 4311 2286 4378 composita.
2319 4308 2514 4365 Verum
2541 4324 2694 4378 aquae
2726 4317 2834 4364 toto
2859 4308 3065 4380 jejunio
3091 4325 3190 4364 nec
3221 4326 3441 4365 sumens

1843 4404 1950 4459 duo
1977 4403 2244 4468 sextaria,
2278 4402 2401 4457 hinc
2449 4411 2590 4456 tanta
2644 4402 2732 4456 siti
2774 4401 3073 4466 laborabat,
3114 4412 3170 4457 ut
3201 4401 3441 4457 faucibus

1845 4496 2143 4560 desiccatis,
2173 4496 2257 4549 vix
2292 4495 2550 4564 psalmum
2576 4493 2778 4548 diceret
2804 4494 2974 4548 arida.
2999 4495 3243 4549 Cilicium
3269 4497 3426 4550 etlam

140 4615 268 4671 dens
310 4615 363 4669 in
398 4613 680 4681 amplexu,
710 4610 1050 4665 osculabatur
1086 4615 1142 4661 et
1193 4607 1418 4672 vultum,
1462 4614 1574 4660 toto
1615 4605 1733 4658 dili-
1761 4623 1817 4686 ι)
1847 4593 2049 4648 habens
2078 4593 2143 4648 ad
2176 4607 2370 4656 Corpus
2413 4606 2510 4660 PI'O
2551 4591 2713 4644 Ιὶιηθο
2737 4590 2962 4661 iugiter;
2994 4606 3210 4646 cursum
3240 4590 3440 4646 decan-

141 4722 267 4776 gens
304 4708 514 4760 animo.
548 4701 749 4758 Deinde
781 4701 950 4772 posita
993 4712 1176 4752 nicnsa
1221 4699 1398 4754 ferens
1427 4712 1620 4767 aquam
1651 4711 1738 4751 ca-

142 4799 319 4864 lidam,
353 4800 519 4852 facies
566 4796 794 4859 lavabat,
829 4807 1038 4858 manus,
1071 4807 1278 4861 ungues
1325 4800 1380 4847 et
1431 4791 1632 4858 ulcera,
1688 4801 1742 4846 et

144 4909 319 4948 rursus
365 4888 778 4944 administrabat
807 4888 921 4956 ipsa
974 4899 1202 4954 pascens
1234 4899 1327 4954 per
1373 4884 1606 4954 singula.
1635 4885 1742 4940 Re-

140 4987 450 5043 ccdentibus
485 4983 758 5054 praebebat
784 4993 997 5047 aurum,
1030 4977 1115 5032 vel
1144 4977 1482 5041 vestimenta,
1518 4976 1609 5031 vix
1633 4989 1740 5031 una

208 5155 235 5185 ι
268 5146 346 5201 De
377 5146 481 5198 hac
525 5155 659 5195 voce
707 5138 974 5193 Sabanum
1002 5136 1150 5205 plura
1200 5136 1316 5204 lege
1354 5135 1492 5204 apud
1524 5132 1738 5191 Dufres.

143 5218 319 5274 Lexic.
363 5220 620 5270 Graecum
671 5225 828 5282 mssa
851 5208 980 5274 Reg.
1013 5207 1133 5262 cod.
1165 5208 1293 5282 950.
1326 5208 1616 5282 περίψημᾳ,
1662 5207 1742 5260 in-

141 5292 267 5358 quit,
293 5293 350 5344 τὸ
387 5288 615 5342 σάεινον
637 5285 754 5343 τοὺς
787 5279 1010 5358 ὶδρὼτᾳς
1031 5285 1124 5358 τοῖς
1144 5279 1739 5358 κὰμνοντοέὰςποψῆχον,

143 5351 191 5417 id
238 5372 346 5428 est,
391 5359 656 5428 sabanum
705 5365 795 5428 est
833 5351 998 5428 quod
1029 5351 1253 5406 sudores
1301 5352 1428 5428 aegri
1453 5351 1698 5428 detergit.

208 5431 233 5468 δ
270 5423 343 5487 δί’
370 5433 500 5502 quid
531 5427 732 5480 audiret
754 5425 824 5502 _de
852 5423 1056 5493 fremitu
1100 5425 1456 5502 surgentium,
1490 5423 1564 5476 uti
1596 5423 1740 5476 vide-

143 5514 246 5570 tur,
273 5505 340 5558 de
383 5495 602 5562 ipensa,
633 5497 1028 5570 utabeuntem,
1060 5495 1302 5570 obsequii
1334 5509 1520 5570 causa,
1548 5508 1736 5561 prose-

143 5566 451 5642 querentur.
487 5569 728 5624 liolland.
759 5582 943 5642 revera
975 5566 1196 5642 legunt:
1229 5568 1271 5620 si
1313 5567 1402 5635 qui
1435 5581 1549 5620 vero
1579 5581 1734 5618 causa

145 5636 372 5709 Iionoris,
399 5646 498 5699 sibi
528 5648 873 5711 assurgerent,
898 5636 1132 5711 jubebat,
1158 5648 1262 5711 etc.

215 5731 236 5756 τ
280 5708 588 5774 Missorium
641 5708 1022 5778 nonnunquam
1073 5708 1317 5778 designat
1372 5708 1656 5764 donarium
1709 5726 1736 5764 a

144 5792 379 5858 principe
424 5787 676 5849 missum,
710 5783 845 5858 alias
882 5780 1144 5858 concham
1189 5782 1490 5858 modicam,
1535 5784 1586 5836 in
1637 5799 1734 5858 qua

143 5853 335 5930 aliquid
390 5858 618 5927 liquoris
663 5855 963 5926 reponitur.
996 5853 1114 5919 Quo
1143 5867 1306 5909 sensu
1355 5854 1440 5908 hic
1492 5855 1738 5924 usurpari

143 5936 369 5990 videtur.
402 5931 639 5986 ΜΑΒιιι..

1844 4696 1964 4743 tans
1993 4687 2284 4757 peragebat
2322 4683 2530 4753 vigilias
2558 4700 2570 4736 ε
2597 4692 2718 4736 ante
2743 4697 2802 4737 se
2826 4685 3062 4738 cinerem
3094 4694 3319 4738 stratum
3351 4698 3444 4738 su-

1846 4779 2088 4852 periecto
2112 4777 2309 4844 cilicio,
2331 4776 2432 4830 hoc
2454 4777 2697 4830 utebatur
2721 4790 2815 4843 pro
2838 4775 3066 4831 lectulo:
3092 4777 3204 4846 ipsa
3227 4777 3439 4848 requies

1843 4875 2116 4945 fatigabat,
2146 4872 2229 4928 cui
2263 4887 2445 4942 parum
2491 4868 2770 4925 videbatur
2797 4869 2901 4924 hoc
2929 4869 3196 4926 sustinere
3241 4886 3436 4941 corpu-

1841 4970 2047 5025 sculum
2073 4977 2122 5024 ε.

1916 5127 1941 5166 ά
1973 5126 2170 5181 Canna:
2202 5132 2324 5178 sunt
2356 5120 2568 5176 fiscella:
2598 5134 2691 5174 seu
2722 5134 2850 5175 vasa
2879 5119 3132 5176 viminea.
3171 5121 3396 5180 ΜΑιιιι.

1917 5209 1940 5237 ο
1975 5198 2238 5259 Bolland.,
2274 5212 2376 5265 qua
2405 5194 2497 5247 sibi
2517 5192 2849 5265 renuntiante
2877 5202 3061 5260 parata
3091 5209 3287 5257 mensa,
3319 5198 3445 5250 mis-

1842 5275 1913 5327 sis
1954 5263 2315 5329 cochlearibus,
2361 5264 2611 5323 scutellis,
2656 5263 2898 5336 scanmis,
2929 5273 3054 5330 potu
3094 5274 3142 5318 et
3170 5267 3441 5336 calicibus,

1844 5345 1957 5398 sola
2021 5341 2327 5409 subsequens
2370 5334 2800 5390 inti-ominabatur
2844 5335 3021 5404 furtim
3061 5352 3162 5405 quo
3197 5354 3250 5392 se
3293 5334 3443 5394 nemo

1850 5419 2152 5485 perciperet.

1918 5485 1935 5524 ί
1976 5477 2030 5539 Ιί]
2079 5494 2186 5546 est,
2236 5496 2302 5535 ne
2353 5478 2677 5546 divulgaret.
2735 5477 2992 5532 Fabulam
3044 5495 3144 5546 pro
3190 5495 3444 5539 sermone

1844 5560 1962 5627 ipso
1991 5557 2072 5611 vel
2105 5571 2162 5609 re
2194 5563 2404 5627 narrata
2439 5551 2916 5627 solere_ust_trpari_
2949 5565 2976 5602 a
3014 5550 3310 5627 Fortunato
3341 5570 3439 5622 po-

1846 5617 1950 5685 test
2002 5626 2219 5694 intelligi
2245 5640 2310 5679 ex
2341 5624 2374 5677 l.
2403 5638 2438 5676 ll
2472 5619 2677 5675 VitzeS.
2706 5617 2951 5685 Martini,
2977 5620 3065 5674 ubi
3083 5622 3150 5677 de
3173 5627 3288 5693 ipso
3317 5617 3392 5680 ι’ίι
3425 5643 3439 5679 ;

1970 5722 2074 5771 Jam
2095 5731 2292 5784 quoque
2320 5715 2510 5766 Martini
2538 5725 2650 5776 quae
2669 5710 2831 5761 fabula
2858 5713 3135 5762 ﬂuxeritor

1847 5808 1984 5866 Boll.
2022 5807 2152 5876 legit
2182 5805 2235 5858 in
2262 5801 2513 5873 fabulam.

1923 5918 2134 5992 satpud
2190 5917 2405 5974 Surium
2457 5914 2558 5972 ista
2604 5913 2918 5972 adduntur:
2961 5913 3084 5973 Non
3133 5918 3279 5974 illam
3333 5920 3440 5975 ali-
