  <div class='ocr_page' id='page_1' title='image "/cluster/home/n/w/nwhite01/storage/ocr_20150623/88-89/uc1.31175000868714/259.png"; bbox 0 0 4192 6544; ppageno 0'>
   <div class='ocr_carea' id='block_1_1' title="bbox 785 418 889 478">
    <p class='ocr_par' dir='ltr' id='par_1_1' title="bbox 785 418 889 478">
     <span class='ocr_line' id='line_1_1' title="bbox 785 418 889 478; baseline -0.077 1"><span class='ocrx_word' id='word_1_1' title='bbox 785 418 889 478; x_wconf 74' lang='lat'><strong>507</strong></span> 
     </span>
    </p>
   </div>
   <div class='ocr_carea' id='block_1_2' title="bbox 1476 418 3309 483">
    <p class='ocr_par' dir='ltr' id='par_1_2' title="bbox 1476 418 3309 483">
     <span class='ocr_line' id='line_1_2' title="bbox 1476 418 3309 483; baseline 0.005 -9"><span class='ocrx_word' id='word_1_2' title='bbox 1476 418 1795 474; x_wconf 58' lang='lat' dir='ltr'><strong>VENANTH</strong></span> <span class='ocrx_word' id='word_1_3' title='bbox 1840 418 1993 474; x_wconf 76' lang='lat' dir='ltr'><strong>llGN.</strong></span> <span class='ocrx_word' id='word_1_4' title='bbox 2027 419 2228 473; x_wconf 74' lang='lat' dir='ltr'><strong>CLEM.</strong></span> <span class='ocrx_word' id='word_1_5' title='bbox 2276 418 2668 473; x_wconf 64' lang='lat' dir='ltr'><strong>FOit&#39;i‘UNATf</strong></span> <span class='ocrx_word' id='word_1_6' title='bbox 2707 420 2988 479; x_wconf 72' lang='grc' dir='ltr'><strong>ΟΡΕΞίυΜ</strong></span> <span class='ocrx_word' id='word_1_7' title='bbox 3031 424 3207 483; x_wconf 79' lang='lat' dir='ltr'><strong>PARS</strong></span> <span class='ocrx_word' id='word_1_8' title='bbox 3244 426 3309 483; x_wconf 84' lang='lat' dir='ltr'><strong>li.</strong></span> 
     </span>
    </p>
   </div>
   <div class='ocr_carea' id='block_1_3' title="bbox 3937 430 4037 487">
    <p class='ocr_par' dir='ltr' id='par_1_3' title="bbox 3937 430 4037 487">
     <span class='ocr_line' id='line_1_3' title="bbox 3937 430 4037 487; baseline -0.01 0"><span class='ocrx_word' id='word_1_9' title='bbox 3937 430 4037 487; x_wconf 74' lang='lat'><strong>508</strong></span> 
     </span>
    </p>
   </div>
   <div class='ocr_carea' id='block_1_4' title="bbox 850 531 4035 608">
    <p class='ocr_par' dir='ltr' id='par_1_4' title="bbox 850 531 4035 608">
     <span class='ocr_line' id='line_1_4' title="bbox 850 531 4035 608; baseline 0.003 -21"><span class='ocrx_word' id='word_1_10' title='bbox 850 534 940 587; x_wconf 75' lang='lat'><strong>‘25.</strong></span> <span class='ocrx_word' id='word_1_11' title='bbox 973 532 1158 587; x_wconf 84' lang='lat' dir='ltr'><strong>Adhuc</strong></span> <span class='ocrx_word' id='word_1_12' title='bbox 1188 532 1544 585; x_wconf 82' lang='lat' dir='ltr'><strong>tnonachabns</strong></span> <span class='ocrx_word' id='word_1_13' title='bbox 1567 534 1813 585; x_wconf 84' lang='lat' dir='ltr'><strong>omnibus</strong></span> <span class='ocrx_word' id='word_1_14' title='bbox 1836 532 2206 598; x_wconf 71' lang='lat' dir='ltr'><strong>superantibus</strong></span> <span class='ocrx_word' id='word_1_15' title='bbox 2236 533 2345 584; x_wconf 79' lang='lat' dir='ltr'><strong>cal—</strong></span> <span class='ocrx_word' id='word_1_16' title='bbox 2377 535 2426 595; x_wconf 76' lang='grc' dir='ltr'><strong>Α</strong></span> <span class='ocrx_word' id='word_1_17' title='bbox 2453 531 2637 584; x_wconf 82' lang='lat' dir='ltr'><strong>diebus</strong></span> <span class='ocrx_word' id='word_1_18' title='bbox 2690 533 3134 604; x_wconf 71' lang='lat' dir='ltr'><strong>Quadragesimre,</strong></span> <span class='ocrx_word' id='word_1_19' title='bbox 3191 539 3331 594; x_wconf 84' lang='lat' dir='ltr'><strong>eullo</strong></span> <span class='ocrx_word' id='word_1_20' title='bbox 3384 541 3467 595; x_wconf 80' lang='lat' dir='ltr'><strong>vel</strong></span> <span class='ocrx_word' id='word_1_21' title='bbox 3540 541 3781 597; x_wconf 80' lang='lat' dir='ltr'><strong>brachiis</strong></span> <span class='ocrx_word' id='word_1_22' title='bbox 3835 548 4035 608; x_wconf 57' lang='lat' dir='ltr'><strong>nexu’t,</strong></span> 
     </span>
    </p>
   </div>
   <div class='ocr_carea' id='block_1_5' title="bbox 774 622 2351 691">
    <p class='ocr_par' dir='ltr' id='par_1_5' title="bbox 774 622 2351 691">
     <span class='ocr_line' id='line_1_5' title="bbox 774 622 2351 691; baseline -0.003 -11"><span class='ocrx_word' id='word_1_23' title='bbox 774 626 1037 681; x_wconf 82' lang='lat' dir='ltr'><strong>ciatnenta</strong></span> <span class='ocrx_word' id='word_1_24' title='bbox 1073 635 1281 691; x_wconf 87' lang='lat' dir='ltr'><strong>tergens</strong></span> <span class='ocrx_word' id='word_1_25' title='bbox 1310 633 1359 677; x_wconf 92' lang='lat' dir='ltr'><strong>et</strong></span> <span class='ocrx_word' id='word_1_26' title='bbox 1391 638 1609 691; x_wconf 71' lang='lat' dir='ltr'><strong>ungi-ns,</strong></span> <span class='ocrx_word' id='word_1_27' title='bbox 1639 622 2086 677; x_wconf 77' lang='lat' dir='ltr'><strong>retrauSniitti-hat</strong></span> <span class='ocrx_word' id='word_1_28' title='bbox 2119 639 2211 689; x_wconf 88' lang='lat' dir='ltr'><strong>per</strong></span> <span class='ocrx_word' id='word_1_29' title='bbox 2238 623 2351 675; x_wconf 88' lang='lat' dir='ltr'><strong>siu-</strong></span> 
     </span>
    </p>
   </div>
   <div class='ocr_carea' id='block_1_6' title="bbox 770 714 2343 788">
    <p class='ocr_par' dir='ltr' id='par_1_6' title="bbox 770 714 2343 788">
     <span class='ocr_line' id='line_1_6' title="bbox 770 714 2343 788; baseline -0.003 -17"><span class='ocrx_word' id='word_1_30' title='bbox 770 721 941 788; x_wconf 78' lang='lat' dir='ltr'><strong>gulas.</strong></span> <span class='ocrx_word' id='word_1_31' title='bbox 972 719 1106 773; x_wconf 81' lang='lat' dir='ltr'><strong>Aliis</strong></span> <span class='ocrx_word' id='word_1_32' title='bbox 1136 716 1566 785; x_wconf 63' lang='lat' dir='ltr'><strong>Quaslragesintis</strong></span> <span class='ocrx_word' id='word_1_33' title='bbox 1596 725 1620 752; x_wconf 73' lang='grc' dir='ltr'>α</span> <span class='ocrx_word' id='word_1_34' title='bbox 1648 716 1842 783; x_wconf 89' lang='lat' dir='ltr'><strong>aliquid</strong></span> <span class='ocrx_word' id='word_1_35' title='bbox 1891 715 2176 769; x_wconf 62' lang='lat' dir='ltr'><strong>relaxatius</strong></span> <span class='ocrx_word' id='word_1_36' title='bbox 2210 714 2343 786; x_wconf 61' lang='grc' dir='ltr'><strong>[ειιη</strong></span> 
     </span>
    </p>
   </div>
   <div class='ocr_carea' id='block_1_7' title="bbox 768 808 2342 884">
    <p class='ocr_par' dir='ltr' id='par_1_7' title="bbox 768 808 2342 884">
     <span class='ocr_line' id='line_1_7' title="bbox 768 808 2342 884; baseline -0.005 -15"><span class='ocrx_word' id='word_1_37' title='bbox 768 810 1051 884; x_wconf 75' lang='lat' dir='ltr'><strong>relaxans]</strong></span> <span class='ocrx_word' id='word_1_38' title='bbox 1102 814 1282 881; x_wconf 87' lang='lat' dir='ltr'><strong>quinta</strong></span> <span class='ocrx_word' id='word_1_39' title='bbox 1337 810 1471 865; x_wconf 89' lang='lat' dir='ltr'><strong>feria</strong></span> <span class='ocrx_word' id='word_1_40' title='bbox 1516 813 1782 873; x_wconf 80' lang='lat' dir='ltr'><strong>sumebat,</strong></span> <span class='ocrx_word' id='word_1_41' title='bbox 1826 808 2018 862; x_wconf 90' lang='lat' dir='ltr'><strong>deinde</strong></span> <span class='ocrx_word' id='word_1_42' title='bbox 2052 808 2342 861; x_wconf 84' lang='lat' dir='ltr'><strong>Uotninita.</strong></span> 
     </span>
    </p>
   </div>
   <div class='ocr_carea' id='block_1_8' title="bbox 767 899 2345 971">
    <p class='ocr_par' dir='ltr' id='par_1_8' title="bbox 767 899 2345 971">
     <span class='ocr_line' id='line_1_8' title="bbox 767 899 2345 971; baseline -0.004 -13"><span class='ocrx_word' id='word_1_43' title='bbox 767 905 898 958; x_wconf 79' lang='lat' dir='ltr'><strong>Nam</strong></span> <span class='ocrx_word' id='word_1_44' title='bbox 924 913 979 959; x_wconf 90' lang='lat' dir='ltr'><strong>et</strong></span> <span class='ocrx_word' id='word_1_45' title='bbox 1024 903 1225 970; x_wconf 88' lang='lat' dir='ltr'><strong>reliquo</strong></span> <span class='ocrx_word' id='word_1_46' title='bbox 1276 911 1519 971; x_wconf 86' lang='lat' dir='ltr'><strong>tempore</strong></span> <span class='ocrx_word' id='word_1_47' title='bbox 1563 909 1754 969; x_wconf 69' lang='lat' dir='ltr'><strong>praeter</strong></span> <span class='ocrx_word' id='word_1_48' title='bbox 1800 900 1913 953; x_wconf 88' lang='lat' dir='ltr'><strong>dies</strong></span> <span class='ocrx_word' id='word_1_49' title='bbox 1959 899 2243 953; x_wconf 81' lang='lat' dir='ltr'><strong>Paschales</strong></span> <span class='ocrx_word' id='word_1_50' title='bbox 2280 912 2345 953; x_wconf 88' lang='lat' dir='ltr'><strong>ac</strong></span> 
     </span>
    </p>
   </div>
   <div class='ocr_carea' id='block_1_9' title="bbox 765 993 2344 1060">
    <p class='ocr_par' dir='ltr' id='par_1_9' title="bbox 765 993 2344 1060">
     <span class='ocr_line' id='line_1_9' title="bbox 765 993 2344 1060; baseline -0.004 -7"><span class='ocrx_word' id='word_1_51' title='bbox 765 1011 988 1053; x_wconf 65' lang='lat' dir='ltr'><strong>summa</strong></span> <span class='ocrx_word' id='word_1_52' title='bbox 1039 995 1553 1059; x_wconf 81' lang='lat' dir='ltr'><strong>festivitatis,-donec</strong></span> <span class='ocrx_word' id='word_1_53' title='bbox 1584 994 1862 1047; x_wconf 86' lang='lat' dir='ltr'><strong>inﬁrmitas</strong></span> <span class='ocrx_word' id='word_1_54' title='bbox 1892 993 2152 1060; x_wconf 87' lang='lat' dir='ltr'><strong>permisit,</strong></span> <span class='ocrx_word' id='word_1_55' title='bbox 2186 993 2237 1047; x_wconf 93' lang='lat' dir='ltr'><strong>in</strong></span> <span class='ocrx_word' id='word_1_56' title='bbox 2266 994 2344 1047; x_wconf 90' lang='lat' dir='ltr'><strong>ci-</strong></span> 
     </span>
    </p>
   </div>
   <div class='ocr_carea' id='block_1_10' title="bbox 767 1086 2342 1155">
    <p class='ocr_par' dir='ltr' id='par_1_10' title="bbox 767 1086 2342 1155">
     <span class='ocr_line' id='line_1_10' title="bbox 767 1086 2342 1155; baseline -0.001 -11"><span class='ocrx_word' id='word_1_57' title='bbox 767 1106 896 1144; x_wconf 90' lang='lat' dir='ltr'><strong>nere</strong></span> <span class='ocrx_word' id='word_1_58' title='bbox 918 1097 972 1143; x_wconf 91' lang='lat' dir='ltr'><strong>et</strong></span> <span class='ocrx_word' id='word_1_59' title='bbox 1008 1087 1187 1143; x_wconf 89' lang='lat' dir='ltr'><strong>cilicio</strong></span> <span class='ocrx_word' id='word_1_60' title='bbox 1215 1102 1426 1155; x_wconf 78' lang='lat' dir='ltr'><strong>semper</strong></span> <span class='ocrx_word' id='word_1_61' title='bbox 1472 1088 1632 1141; x_wconf 88' lang='lat' dir='ltr'><strong>vitam</strong></span> <span class='ocrx_word' id='word_1_62' title='bbox 1673 1086 1826 1141; x_wconf 75' lang='lat' dir='ltr'><strong>duxit</strong></span> <span class='ocrx_word' id='word_1_63' title='bbox 1867 1097 2154 1141; x_wconf 76' lang='lat' dir='ltr'><strong>austeram.</strong></span> <span class='ocrx_word' id='word_1_64' title='bbox 2188 1086 2342 1142; x_wconf 81' lang='lat' dir='ltr'><strong>Prius</strong></span> 
     </span>
    </p>
   </div>
   <div class='ocr_carea' id='block_1_11' title="bbox 760 1179 2335 1249">
    <p class='ocr_par' dir='ltr' id='par_1_11' title="bbox 760 1179 2335 1249">
     <span class='ocr_line' id='line_1_11' title="bbox 760 1179 2335 1249; baseline 0.001 -12"><span class='ocrx_word' id='word_1_65' title='bbox 760 1198 819 1237; x_wconf 89' lang='lat' dir='ltr'><strong>se</strong></span> <span class='ocrx_word' id='word_1_66' title='bbox 846 1182 1025 1237; x_wconf 80' lang='lat' dir='ltr'><strong>levans</strong></span> <span class='ocrx_word' id='word_1_67' title='bbox 1055 1191 1110 1235; x_wconf 92' lang='lat' dir='ltr'><strong>ut</strong></span> <span class='ocrx_word' id='word_1_68' title='bbox 1137 1180 1382 1248; x_wconf 87' lang='lat' dir='ltr'><strong>psalleret</strong></span> <span class='ocrx_word' id='word_1_69' title='bbox 1419 1196 1577 1248; x_wconf 88' lang='lat' dir='ltr'><strong>quam</strong></span> <span class='ocrx_word' id='word_1_70' title='bbox 1622 1179 1962 1249; x_wconf 79' lang='lat' dir='ltr'><strong>congregatio</strong></span> <span class='ocrx_word' id='word_1_71' title='bbox 1988 1182 2335 1239; x_wconf 72' lang='lat' dir='ltr'><strong>surrexisset.</strong></span> 
     </span>
    </p>
   </div>
   <div class='ocr_carea' id='block_1_12' title="bbox 759 1272 2333 1341">
    <p class='ocr_par' dir='ltr' id='par_1_12' title="bbox 759 1272 2333 1341">
     <span class='ocr_line' id='line_1_12' title="bbox 759 1272 2333 1341; baseline 0 -13"><span class='ocrx_word' id='word_1_72' title='bbox 759 1273 889 1329; x_wconf 80' lang='lat' dir='ltr'><strong>Nam</strong></span> <span class='ocrx_word' id='word_1_73' title='bbox 931 1273 997 1327; x_wconf 89' lang='lat' dir='ltr'><strong>de</strong></span> <span class='ocrx_word' id='word_1_74' title='bbox 1042 1272 1230 1327; x_wconf 85' lang='lat' dir='ltr'><strong>officiis</strong></span> <span class='ocrx_word' id='word_1_75' title='bbox 1278 1273 1739 1327; x_wconf 85' lang='lat' dir='ltr'><strong>monasterialibus</strong></span> <span class='ocrx_word' id='word_1_76' title='bbox 1790 1272 1919 1326; x_wconf 83' lang='lat' dir='ltr'><strong>nihil</strong></span> <span class='ocrx_word' id='word_1_77' title='bbox 1964 1273 2063 1325; x_wconf 81' lang='lat' dir='ltr'><strong>sibi</strong></span> <span class='ocrx_word' id='word_1_78' title='bbox 2115 1273 2333 1341; x_wconf 88' lang='lat' dir='ltr'><strong>placuit,</strong></span> 
     </span>
    </p>
   </div>
   <div class='ocr_carea' id='block_1_13' title="bbox 759 1364 2331 1433">
    <p class='ocr_par' dir='ltr' id='par_1_13' title="bbox 759 1364 2331 1433">
     <span class='ocr_line' id='line_1_13' title="bbox 759 1364 2331 1433; baseline 0 -14"><span class='ocrx_word' id='word_1_79' title='bbox 759 1364 856 1419; x_wconf 87' lang='lat' dir='ltr'><strong>nisi</strong></span> <span class='ocrx_word' id='word_1_80' title='bbox 893 1366 1056 1433; x_wconf 84' lang='lat' dir='ltr'><strong>prima</strong></span> <span class='ocrx_word' id='word_1_81' title='bbox 1099 1365 1344 1427; x_wconf 65' lang='lat' dir='ltr'><strong>serviret,</strong></span> <span class='ocrx_word' id='word_1_82' title='bbox 1376 1373 1429 1417; x_wconf 91' lang='lat' dir='ltr'><strong>et</strong></span> <span class='ocrx_word' id='word_1_83' title='bbox 1472 1364 1580 1430; x_wconf 57' lang='lat' dir='ltr'><strong>ipsa</strong></span> <span class='ocrx_word' id='word_1_84' title='bbox 1622 1379 1679 1417; x_wconf 83' lang='lat' dir='ltr'><strong>se</strong></span> <span class='ocrx_word' id='word_1_85' title='bbox 1722 1364 2033 1433; x_wconf 69' lang='lat' dir='ltr'><strong>castigabat,</strong></span> <span class='ocrx_word' id='word_1_86' title='bbox 2059 1366 2103 1417; x_wconf 91' lang='lat' dir='ltr'><strong>si</strong></span> <span class='ocrx_word' id='word_1_87' title='bbox 2136 1365 2331 1420; x_wconf 91' lang='lat' dir='ltr'><strong>bonum</strong></span> 
     </span>
    </p>
   </div>
   <div class='ocr_carea' id='block_1_14' title="bbox 760 1455 2332 1525">
    <p class='ocr_par' dir='ltr' id='par_1_14' title="bbox 760 1455 2332 1525">
     <span class='ocr_line' id='line_1_14' title="bbox 760 1455 2332 1525; baseline -0.001 -15"><span class='ocrx_word' id='word_1_88' title='bbox 760 1465 878 1525; x_wconf 81' lang='lat' dir='ltr'><strong>post</strong></span> <span class='ocrx_word' id='word_1_89' title='bbox 908 1457 1127 1509; x_wconf 76' lang='lat' dir='ltr'><strong>alteram</strong></span> <span class='ocrx_word' id='word_1_90' title='bbox 1166 1467 1365 1519; x_wconf 71' lang='lat' dir='ltr'><strong>ageret.</strong></span> <span class='ocrx_word' id='word_1_91' title='bbox 1399 1455 1542 1522; x_wconf 68' lang='lat' dir='ltr'><strong>Ergo</strong></span> <span class='ocrx_word' id='word_1_92' title='bbox 1582 1455 1693 1508; x_wconf 89' lang='lat' dir='ltr'><strong>suis</strong></span> <span class='ocrx_word' id='word_1_93' title='bbox 1725 1456 1925 1509; x_wconf 85' lang='lat' dir='ltr'><strong>vicibus</strong></span> <span class='ocrx_word' id='word_1_94' title='bbox 1964 1470 2189 1524; x_wconf 88' lang='lat' dir='ltr'><strong>scopaus</strong></span> <span class='ocrx_word' id='word_1_95' title='bbox 2218 1473 2332 1510; x_wconf 83' lang='lat' dir='ltr'><strong>ino-</strong></span> 
     </span>
    </p>
   </div>
   <div class='ocr_carea' id='block_1_15' title="bbox 756 1546 2328 1616">
    <p class='ocr_par' dir='ltr' id='par_1_15' title="bbox 756 1546 2328 1616">
     <span class='ocr_line' id='line_1_15' title="bbox 756 1546 2328 1616; baseline 0.003 -17"><span class='ocrx_word' id='word_1_96' title='bbox 756 1546 974 1600; x_wconf 83' lang='lat' dir='ltr'><strong>nasterii</strong></span> <span class='ocrx_word' id='word_1_97' title='bbox 1007 1547 1206 1613; x_wconf 75' lang='lat' dir='ltr'><strong>plateas</strong></span> <span class='ocrx_word' id='word_1_98' title='bbox 1235 1546 1391 1599; x_wconf 80' lang='lat' dir='ltr'><strong>simul</strong></span> <span class='ocrx_word' id='word_1_99' title='bbox 1422 1556 1473 1598; x_wconf 89' lang='lat' dir='ltr'><strong>et</strong></span> <span class='ocrx_word' id='word_1_100' title='bbox 1502 1547 1746 1616; x_wconf 76' lang='lat' dir='ltr'><strong>angulos,</strong></span> <span class='ocrx_word' id='word_1_101' title='bbox 1776 1546 2031 1616; x_wconf 76' lang='lat' dir='ltr'><strong>quidquid</strong></span> <span class='ocrx_word' id='word_1_102' title='bbox 2073 1559 2187 1603; x_wconf 85' lang='lat' dir='ltr'><strong>erat</strong></span> <span class='ocrx_word' id='word_1_103' title='bbox 2232 1550 2328 1604; x_wconf 77' lang='lat' dir='ltr'><strong>fa:-</strong></span> 
     </span>
    </p>
   </div>
   <div class='ocr_carea' id='block_1_16' title="bbox 754 1641 2327 1710">
    <p class='ocr_par' dir='ltr' id='par_1_16' title="bbox 754 1641 2327 1710">
     <span class='ocr_line' id='line_1_16' title="bbox 754 1641 2327 1710; baseline 0.001 -14"><span class='ocrx_word' id='word_1_104' title='bbox 754 1641 877 1696; x_wconf 87' lang='lat' dir='ltr'><strong>dttttt</strong></span> <span class='ocrx_word' id='word_1_105' title='bbox 922 1656 1167 1710; x_wconf 80' lang='lat' dir='ltr'><strong>purgans,</strong></span> <span class='ocrx_word' id='word_1_106' title='bbox 1199 1651 1251 1695; x_wconf 91' lang='lat' dir='ltr'><strong>et</strong></span> <span class='ocrx_word' id='word_1_107' title='bbox 1282 1642 1517 1694; x_wconf 80' lang='lat' dir='ltr'><strong>sarcinas</strong></span> <span class='ocrx_word' id='word_1_108' title='bbox 1560 1656 1691 1707; x_wconf 88' lang='lat' dir='ltr'><strong>quas</strong></span> <span class='ocrx_word' id='word_1_109' title='bbox 1739 1643 1828 1694; x_wconf 83' lang='lat' dir='ltr'><strong>alii</strong></span> <span class='ocrx_word' id='word_1_110' title='bbox 1877 1642 2099 1696; x_wconf 81' lang='lat' dir='ltr'><strong>horrent</strong></span> <span class='ocrx_word' id='word_1_111' title='bbox 2145 1643 2327 1699; x_wconf 84' lang='lat' dir='ltr'><strong>videre</strong></span> 
     </span>
    </p>
   </div>
   <div class='ocr_carea' id='block_1_17' title="bbox 755 1732 2324 1805">
    <p class='ocr_par' dir='ltr' id='par_1_17' title="bbox 755 1732 2324 1805">
     <span class='ocr_line' id='line_1_17' title="bbox 755 1732 2324 1805; baseline 0.003 -18"><span class='ocrx_word' id='word_1_112' title='bbox 755 1750 860 1787; x_wconf 87' lang='lat' dir='ltr'><strong>non</strong></span> <span class='ocrx_word' id='word_1_113' title='bbox 905 1733 1223 1786; x_wconf 78' lang='lat' dir='ltr'><strong>abhorrebat</strong></span> <span class='ocrx_word' id='word_1_114' title='bbox 1270 1732 1524 1789; x_wconf 88' lang='lat' dir='ltr'><strong>evehere.</strong></span> <span class='ocrx_word' id='word_1_115' title='bbox 1571 1734 1849 1788; x_wconf 86' lang='lat' dir='ltr'><strong>Secretutn</strong></span> <span class='ocrx_word' id='word_1_116' title='bbox 1899 1735 2056 1789; x_wconf 86' lang='lat' dir='ltr'><strong>etiam</strong></span> <span class='ocrx_word' id='word_1_117' title='bbox 2099 1751 2324 1805; x_wconf 79' lang='lat' dir='ltr'><strong>purgare</strong></span> 
     </span>
    </p>
   </div>
   <div class='ocr_carea' id='block_1_18' title="bbox 752 1824 2320 1898">
    <p class='ocr_par' dir='ltr' id='par_1_18' title="bbox 752 1824 2320 1898">
     <span class='ocr_line' id='line_1_18' title="bbox 752 1824 2320 1898; baseline 0.003 -20"><span class='ocrx_word' id='word_1_118' title='bbox 752 1839 884 1892; x_wconf 88' lang='lat' dir='ltr'><strong>opus</strong></span> <span class='ocrx_word' id='word_1_119' title='bbox 912 1837 1013 1878; x_wconf 87' lang='lat' dir='ltr'><strong>n0n</strong></span> <span class='ocrx_word' id='word_1_120' title='bbox 1064 1824 1296 1890; x_wconf 77' lang='lat' dir='ltr'><strong>lanians,</strong></span> <span class='ocrx_word' id='word_1_121' title='bbox 1331 1825 1422 1878; x_wconf 83' lang='lat' dir='ltr'><strong>sed</strong></span> <span class='ocrx_word' id='word_1_122' title='bbox 1454 1840 1720 1893; x_wconf 71' lang='lat' dir='ltr'><strong>occupans</strong></span> <span class='ocrx_word' id='word_1_123' title='bbox 1766 1824 1899 1898; x_wconf 63' lang='lat' dir='ltr'><strong>HL,</strong></span> <span class='ocrx_word' id='word_1_124' title='bbox 1923 1827 2202 1898; x_wconf 82' lang='lat' dir='ltr'><strong>scOpans];</strong></span> <span class='ocrx_word' id='word_1_125' title='bbox 2245 1829 2320 1883; x_wconf 83' lang='lat' dir='ltr'><strong>fc-</strong></span> 
     </span>
    </p>
   </div>
   <div class='ocr_carea' id='block_1_19' title="bbox 751 1915 2317 1985">
    <p class='ocr_par' dir='ltr' id='par_1_19' title="bbox 751 1915 2317 1985">
     <span class='ocr_line' id='line_1_19' title="bbox 751 1915 2317 1985; baseline 0.002 -16"><span class='ocrx_word' id='word_1_126' title='bbox 751 1930 873 1969; x_wconf 81' lang='lat' dir='ltr'><strong>rcns</strong></span> <span class='ocrx_word' id='word_1_127' title='bbox 915 1915 1112 1969; x_wconf 75' lang='lat' dir='ltr'><strong>fetores</strong></span> <span class='ocrx_word' id='word_1_128' title='bbox 1157 1917 1427 1980; x_wconf 83' lang='lat' dir='ltr'><strong>stercutis,</strong></span> <span class='ocrx_word' id='word_1_129' title='bbox 1454 1918 1706 1970; x_wconf 69' lang='lat' dir='ltr'><strong>credebat</strong></span> <span class='ocrx_word' id='word_1_130' title='bbox 1741 1932 1797 1970; x_wconf 86' lang='lat' dir='ltr'><strong>se</strong></span> <span class='ocrx_word' id='word_1_131' title='bbox 1831 1920 2087 1972; x_wconf 78' lang='lat' dir='ltr'><strong>tninorcut</strong></span> <span class='ocrx_word' id='word_1_132' title='bbox 2121 1921 2241 1985; x_wconf 74' lang='lat' dir='ltr'><strong>subi,</strong></span> <span class='ocrx_word' id='word_1_133' title='bbox 2274 1921 2317 1973; x_wconf 87' lang='lat' dir='ltr'><strong>si</strong></span> 
     </span>
    </p>
   </div>
   <div class='ocr_carea' id='block_1_20' title="bbox 748 2005 2326 2076">
    <p class='ocr_par' dir='ltr' id='par_1_20' title="bbox 748 2005 2326 2076">
     <span class='ocr_line' id='line_1_20' title="bbox 748 2005 2326 2076; baseline 0.003 -17"><span class='ocrx_word' id='word_1_134' title='bbox 748 2020 807 2059; x_wconf 91' lang='lat' dir='ltr'><strong>se</strong></span> <span class='ocrx_word' id='word_1_135' title='bbox 836 2021 939 2059; x_wconf 89' lang='lat' dir='ltr'><strong>non</strong></span> <span class='ocrx_word' id='word_1_136' title='bbox 973 2005 1274 2059; x_wconf 88' lang='lat' dir='ltr'><strong>nobilitaret</strong></span> <span class='ocrx_word' id='word_1_137' title='bbox 1306 2007 1507 2062; x_wconf 85' lang='lat' dir='ltr'><strong>vilitate</strong></span> <span class='ocrx_word' id='word_1_138' title='bbox 1535 2008 1762 2061; x_wconf 89' lang='lat' dir='ltr'><strong>servitii.</strong></span> <span class='ocrx_word' id='word_1_139' title='bbox 1802 2007 1966 2076; x_wconf 79' lang='lat' dir='ltr'><strong>Ligna</strong></span> <span class='ocrx_word' id='word_1_140' title='bbox 2007 2023 2326 2075; x_wconf 85' lang='lat' dir='ltr'><strong>supportans</strong></span> 
     </span>
    </p>
   </div>
   <div class='ocr_carea' id='block_1_21' title="bbox 747 2095 2325 2169">
    <p class='ocr_par' dir='ltr' id='par_1_21' title="bbox 747 2095 2325 2169">
     <span class='ocr_line' id='line_1_21' title="bbox 747 2095 2325 2169; baseline 0.001 -18"><span class='ocrx_word' id='word_1_141' title='bbox 747 2096 997 2161; x_wconf 89' lang='lat' dir='ltr'><strong>brachiis,</strong></span> <span class='ocrx_word' id='word_1_142' title='bbox 1028 2097 1203 2169; x_wconf 87' lang='lat' dir='ltr'><strong>locum</strong></span> <span class='ocrx_word' id='word_1_143' title='bbox 1233 2095 1463 2161; x_wconf 77' lang='lat' dir='ltr'><strong>flatibus,</strong></span> <span class='ocrx_word' id='word_1_144' title='bbox 1492 2106 1547 2151; x_wconf 89' lang='lat' dir='ltr'><strong>et</strong></span> <span class='ocrx_word' id='word_1_145' title='bbox 1573 2099 1861 2166; x_wconf 75' lang='lat' dir='ltr'><strong>forcipibus</strong></span> <span class='ocrx_word' id='word_1_146' title='bbox 1892 2100 2201 2165; x_wconf 58' lang='lat' dir='ltr'><strong>admovens,</strong></span> <span class='ocrx_word' id='word_1_147' title='bbox 2236 2116 2325 2153; x_wconf 81' lang='lat' dir='ltr'><strong>ca-</strong></span> 
     </span>
    </p>
   </div>
   <div class='ocr_carea' id='block_1_22' title="bbox 745 2188 2325 2255">
    <p class='ocr_par' dir='ltr' id='par_1_22' title="bbox 745 2188 2325 2255">
     <span class='ocr_line' id='line_1_22' title="bbox 745 2188 2325 2255; baseline 0.002 -12"><span class='ocrx_word' id='word_1_148' title='bbox 745 2188 879 2252; x_wconf 86' lang='lat' dir='ltr'><strong>lens,</strong></span> <span class='ocrx_word' id='word_1_149' title='bbox 918 2204 1016 2243; x_wconf 89' lang='lat' dir='ltr'><strong>nec</strong></span> <span class='ocrx_word' id='word_1_150' title='bbox 1057 2189 1179 2242; x_wconf 80' lang='lat' dir='ltr'><strong>l:rsa</strong></span> <span class='ocrx_word' id='word_1_151' title='bbox 1220 2204 1278 2242; x_wconf 90' lang='lat' dir='ltr'><strong>se</strong></span> <span class='ocrx_word' id='word_1_152' title='bbox 1318 2190 1616 2255; x_wconf 83' lang='lat' dir='ltr'><strong>retrahens,</strong></span> <span class='ocrx_word' id='word_1_153' title='bbox 1649 2199 1798 2243; x_wconf 87' lang='lat' dir='ltr'><strong>extra</strong></span> <span class='ocrx_word' id='word_1_154' title='bbox 1842 2206 1988 2243; x_wconf 87' lang='lat' dir='ltr'><strong>suam</strong></span> <span class='ocrx_word' id='word_1_155' title='bbox 2038 2191 2325 2246; x_wconf 84' lang='lat' dir='ltr'><strong>hebdoma-</strong></span> 
     </span>
    </p>
   </div>
   <div class='ocr_carea' id='block_1_23' title="bbox 742 2280 2319 2351">
    <p class='ocr_par' dir='ltr' id='par_1_23' title="bbox 742 2280 2319 2351">
     <span class='ocr_line' id='line_1_23' title="bbox 742 2280 2319 2351; baseline -0.001 -15"><span class='ocrx_word' id='word_1_156' title='bbox 742 2283 863 2336; x_wconf 89' lang='lat' dir='ltr'><strong>datu</strong></span> <span class='ocrx_word' id='word_1_157' title='bbox 912 2281 1296 2336; x_wconf 89' lang='lat' dir='ltr'><strong>inﬁrmantibus</strong></span> <span class='ocrx_word' id='word_1_158' title='bbox 1327 2283 1581 2335; x_wconf 84' lang='lat' dir='ltr'><strong>serviens.</strong></span> <span class='ocrx_word' id='word_1_159' title='bbox 1628 2280 1745 2348; x_wconf 85' lang='lat' dir='ltr'><strong>lpsa</strong></span> <span class='ocrx_word' id='word_1_160' title='bbox 1798 2284 1949 2338; x_wconf 89' lang='lat' dir='ltr'><strong>cibos</strong></span> <span class='ocrx_word' id='word_1_161' title='bbox 1994 2282 2319 2351; x_wconf 70' lang='lat' dir='ltr'><strong>decoinneus,</strong></span> 
     </span>
    </p>
   </div>
   <div class='ocr_carea' id='block_1_24' title="bbox 741 2372 2322 2445">
    <p class='ocr_par' dir='ltr' id='par_1_24' title="bbox 741 2372 2322 2445">
     <span class='ocr_line' id='line_1_24' title="bbox 741 2372 2322 2445; baseline 0.001 -18"><span class='ocrx_word' id='word_1_162' title='bbox 741 2374 957 2441; x_wconf 69' lang='lat' dir='ltr'><strong>mgroﬁs</strong></span> <span class='ocrx_word' id='word_1_163' title='bbox 999 2372 1161 2427; x_wconf 84' lang='lat' dir='ltr'><strong>facies</strong></span> <span class='ocrx_word' id='word_1_164' title='bbox 1204 2373 1446 2438; x_wconf 83' lang='lat' dir='ltr'><strong>abluens,</strong></span> <span class='ocrx_word' id='word_1_165' title='bbox 1478 2374 1586 2442; x_wconf 80' lang='lat' dir='ltr'><strong>ipsa</strong></span> <span class='ocrx_word' id='word_1_166' title='bbox 1616 2374 1845 2427; x_wconf 77' lang='lat' dir='ltr'><strong>calidum</strong></span> <span class='ocrx_word' id='word_1_167' title='bbox 1896 2378 2170 2445; x_wconf 74' lang='lat' dir='ltr'><strong>porrigens</strong></span> <span class='ocrx_word' id='word_1_168' title='bbox 2200 2376 2322 2429; x_wconf 78' lang='lat' dir='ltr'><strong>visi-</strong></span> 
     </span>
    </p>
   </div>
   <div class='ocr_carea' id='block_1_25' title="bbox 742 2465 2037 2536">
    <p class='ocr_par' dir='ltr' id='par_1_25' title="bbox 742 2465 2037 2536">
     <span class='ocr_line' id='line_1_25' title="bbox 742 2465 2037 2536; baseline 0 -16"><span class='ocrx_word' id='word_1_169' title='bbox 742 2468 887 2521; x_wconf 84' lang='lat' dir='ltr'><strong>tabat</strong></span> <span class='ocrx_word' id='word_1_170' title='bbox 911 2482 1042 2536; x_wconf 90' lang='lat' dir='ltr'><strong>quos</strong></span> <span class='ocrx_word' id='word_1_171' title='bbox 1069 2465 1297 2534; x_wconf 80' lang='lat' dir='ltr'><strong>fovebat,</strong></span> <span class='ocrx_word' id='word_1_172' title='bbox 1323 2465 1503 2535; x_wconf 61' lang='lat' dir='ltr'><strong>jejuna</strong></span> <span class='ocrx_word' id='word_1_173' title='bbox 1534 2466 1744 2520; x_wconf 88' lang='lat' dir='ltr'><strong>rediens</strong></span> <span class='ocrx_word' id='word_1_174' title='bbox 1768 2467 1844 2520; x_wconf 91' lang='lat' dir='ltr'><strong>cel</strong></span> <span class='ocrx_word' id='word_1_175' title='bbox 1872 2467 2037 2520; x_wconf 85' lang='lat' dir='ltr'><strong>ulaui.</strong></span> 
     </span>
    </p>
   </div>
   <div class='ocr_carea' id='block_1_26' title="bbox 807 2561 2320 2632">
    <p class='ocr_par' dir='ltr' id='par_1_26' title="bbox 807 2561 2320 2632">
     <span class='ocr_line' id='line_1_26' title="bbox 807 2561 2320 2632; baseline 0.002 -17"><span class='ocrx_word' id='word_1_176' title='bbox 807 2562 896 2615; x_wconf 68' lang='lat' dir='ltr'><strong>2i.</strong></span> <span class='ocrx_word' id='word_1_177' title='bbox 935 2561 1063 2617; x_wconf 93' lang='lat' dir='ltr'><strong>lllud</strong></span> <span class='ocrx_word' id='word_1_178' title='bbox 1110 2577 1323 2632; x_wconf 85' lang='lat' dir='ltr'><strong>quoque</strong></span> <span class='ocrx_word' id='word_1_179' title='bbox 1349 2563 1466 2631; x_wconf 87' lang='lat' dir='ltr'><strong>quis</strong></span> <span class='ocrx_word' id='word_1_180' title='bbox 1494 2563 1725 2628; x_wconf 81' lang='lat' dir='ltr'><strong>explicet</strong></span> <span class='ocrx_word' id='word_1_181' title='bbox 1755 2573 1954 2632; x_wconf 89' lang='lat' dir='ltr'><strong>quanto</strong></span> <span class='ocrx_word' id='word_1_182' title='bbox 1985 2563 2196 2617; x_wconf 69' lang='lat' dir='ltr'><strong>l&#39;ervtire</strong></span> <span class='ocrx_word' id='word_1_183' title='bbox 2227 2579 2320 2617; x_wconf 86' lang='lat' dir='ltr'><strong>ex-</strong></span> 
     </span>
    </p>
   </div>
   <div class='ocr_carea' id='block_1_27' title="bbox 735 2658 2319 2727">
    <p class='ocr_par' dir='ltr' id='par_1_27' title="bbox 735 2658 2319 2727">
     <span class='ocr_line' id='line_1_27' title="bbox 735 2658 2319 2727; baseline -0.001 -14"><span class='ocrx_word' id='word_1_184' title='bbox 735 2662 892 2713; x_wconf 87' lang='lat' dir='ltr'><strong>citata</strong></span> <span class='ocrx_word' id='word_1_185' title='bbox 923 2659 988 2712; x_wconf 90' lang='lat' dir='ltr'><strong>ad</strong></span> <span class='ocrx_word' id='word_1_186' title='bbox 1016 2659 1295 2727; x_wconf 88' lang='lat' dir='ltr'><strong>coquinatn</strong></span> <span class='ocrx_word' id='word_1_187' title='bbox 1341 2658 1766 2724; x_wconf 89' lang='lat' dir='ltr'><strong>concursitabat,</strong></span> <span class='ocrx_word' id='word_1_188' title='bbox 1800 2675 1949 2711; x_wconf 82' lang='lat' dir='ltr'><strong>suam</strong></span> <span class='ocrx_word' id='word_1_189' title='bbox 2000 2659 2199 2712; x_wconf 71' lang='lat' dir='ltr'><strong>faciens</strong></span> <span class='ocrx_word' id='word_1_190' title='bbox 2233 2673 2319 2712; x_wconf 71' lang='lat' dir='ltr'><strong>se-</strong></span> 
     </span>
    </p>
   </div>
   <div class='ocr_carea' id='block_1_28' title="bbox 736 2751 2318 2822">
    <p class='ocr_par' dir='ltr' id='par_1_28' title="bbox 736 2751 2318 2822">
     <span class='ocr_line' id='line_1_28' title="bbox 736 2751 2318 2822; baseline 0.001 -17"><span class='ocrx_word' id='word_1_191' title='bbox 736 2752 1060 2822; x_wconf 79' lang='lat' dir='ltr'><strong>ptimanam?</strong></span> <span class='ocrx_word' id='word_1_192' title='bbox 1089 2751 1328 2821; x_wconf 89' lang='lat' dir='ltr'><strong>Denique</strong></span> <span class='ocrx_word' id='word_1_193' title='bbox 1359 2752 1503 2806; x_wconf 86' lang='lat' dir='ltr'><strong>nulla</strong></span> <span class='ocrx_word' id='word_1_194' title='bbox 1536 2752 1916 2805; x_wconf 87' lang='lat' dir='ltr'><strong>ntouacltarutn</strong></span> <span class='ocrx_word' id='word_1_195' title='bbox 1963 2752 2059 2804; x_wconf 81' lang='lat' dir='ltr'><strong>nisi</strong></span> <span class='ocrx_word' id='word_1_196' title='bbox 2108 2752 2217 2818; x_wconf 74' lang='lat' dir='ltr'><strong>ipsa</strong></span> <span class='ocrx_word' id='word_1_197' title='bbox 2252 2751 2318 2806; x_wconf 88' lang='lat' dir='ltr'><strong>de</strong></span> 
     </span>
    </p>
   </div>
   <div class='ocr_carea' id='block_1_29' title="bbox 732 2841 2314 2913">
    <p class='ocr_par' dir='ltr' id='par_1_29' title="bbox 732 2841 2314 2913">
     <span class='ocr_line' id='line_1_29' title="bbox 732 2841 2314 2913; baseline 0.001 -16"><span class='ocrx_word' id='word_1_198' title='bbox 732 2841 758 2882; x_wconf 73' lang='grc' dir='ltr'><strong><em>ιι</em></strong></span> <span class='ocrx_word' id='word_1_199' title='bbox 792 2844 1031 2913; x_wconf 84' lang='lat' dir='ltr'><strong>posticio,</strong></span> <span class='ocrx_word' id='word_1_200' title='bbox 1061 2853 1312 2912; x_wconf 89' lang='lat' dir='ltr'><strong>quantum</strong></span> <span class='ocrx_word' id='word_1_201' title='bbox 1353 2843 1478 2913; x_wconf 80' lang='lat' dir='ltr'><strong>ligni</strong></span> <span class='ocrx_word' id='word_1_202' title='bbox 1526 2858 1656 2911; x_wconf 83' lang='lat' dir='ltr'><strong>Oplls</strong></span> <span class='ocrx_word' id='word_1_203' title='bbox 1704 2854 1850 2906; x_wconf 89' lang='lat' dir='ltr'><strong>erat,</strong></span> <span class='ocrx_word' id='word_1_204' title='bbox 1883 2844 1995 2897; x_wconf 89' lang='lat' dir='ltr'><strong>sola</strong></span> <span class='ocrx_word' id='word_1_205' title='bbox 2030 2846 2231 2897; x_wconf 77' lang='lat' dir='ltr'><strong>terebat</strong></span> <span class='ocrx_word' id='word_1_206' title='bbox 2262 2844 2314 2898; x_wconf 91' lang='lat' dir='ltr'><strong>in</strong></span> 
     </span>
    </p>
   </div>
   <div class='ocr_carea' id='block_1_30' title="bbox 728 2935 2314 3006">
    <p class='ocr_par' dir='ltr' id='par_1_30' title="bbox 728 2935 2314 3006">
     <span class='ocr_line' id='line_1_30' title="bbox 728 2935 2314 3006; baseline 0.002 -19"><span class='ocrx_word' id='word_1_207' title='bbox 728 2937 957 2994; x_wconf 77' lang='lat' dir='ltr'><strong>sarcina.</strong></span> <span class='ocrx_word' id='word_1_208' title='bbox 991 2937 1193 3006; x_wconf 77' lang='lat' dir='ltr'><strong>Aquam</strong></span> <span class='ocrx_word' id='word_1_209' title='bbox 1246 2935 1313 2991; x_wconf 91' lang='lat' dir='ltr'><strong>de</strong></span> <span class='ocrx_word' id='word_1_210' title='bbox 1363 2947 1522 3003; x_wconf 89' lang='lat' dir='ltr'><strong>puteo</strong></span> <span class='ocrx_word' id='word_1_211' title='bbox 1569 2936 1813 2991; x_wconf 86' lang='lat' dir='ltr'><strong>trahebat</strong></span> <span class='ocrx_word' id='word_1_212' title='bbox 1862 2946 1915 2991; x_wconf 90' lang='lat' dir='ltr'><strong>et</strong></span> <span class='ocrx_word' id='word_1_213' title='bbox 1966 2937 2314 3002; x_wconf 68' lang='lat' dir='ltr'><strong>dispensabat</strong></span> 
     </span>
    </p>
   </div>
   <div class='ocr_carea' id='block_1_31' title="bbox 733 3028 2315 3098">
    <p class='ocr_par' dir='ltr' id='par_1_31' title="bbox 733 3028 2315 3098">
     <span class='ocr_line' id='line_1_31' title="bbox 733 3028 2315 3098; baseline -0.001 -13"><span class='ocrx_word' id='word_1_214' title='bbox 733 3044 826 3097; x_wconf 79' lang='lat' dir='ltr'><strong>per</strong></span> <span class='ocrx_word' id='word_1_215' title='bbox 854 3028 1090 3081; x_wconf 89' lang='lat' dir='ltr'><strong>vascula.</strong></span> <span class='ocrx_word' id='word_1_216' title='bbox 1119 3028 1249 3081; x_wconf 85' lang='lat' dir='ltr'><strong>Olus</strong></span> <span class='ocrx_word' id='word_1_217' title='bbox 1279 3043 1530 3097; x_wconf 82' lang='lat' dir='ltr'><strong>purgans,</strong></span> <span class='ocrx_word' id='word_1_218' title='bbox 1563 3029 1806 3097; x_wconf 83' lang='lat' dir='ltr'><strong>legumen</strong></span> <span class='ocrx_word' id='word_1_219' title='bbox 1837 3029 2043 3098; x_wconf 81' lang='lat' dir='ltr'><strong>lavaus,</strong></span> <span class='ocrx_word' id='word_1_220' title='bbox 2077 3029 2202 3083; x_wconf 80' lang='lat' dir='ltr'><strong>flatu</strong></span> <span class='ocrx_word' id='word_1_221' title='bbox 2234 3029 2315 3084; x_wconf 87' lang='lat' dir='ltr'><strong>fo-</strong></span> 
     </span>
    </p>
   </div>
   <div class='ocr_carea' id='block_1_32' title="bbox 726 3121 2315 3191">
    <p class='ocr_par' dir='ltr' id='par_1_32' title="bbox 726 3121 2315 3191">
     <span class='ocr_line' id='line_1_32' title="bbox 726 3121 2315 3191; baseline 0.002 -15"><span class='ocrx_word' id='word_1_222' title='bbox 726 3136 846 3176; x_wconf 86' lang='lat' dir='ltr'><strong>cum</strong></span> <span class='ocrx_word' id='word_1_223' title='bbox 897 3121 1202 3185; x_wconf 86' lang='lat' dir='ltr'><strong>vivilicans;</strong></span> <span class='ocrx_word' id='word_1_224' title='bbox 1252 3129 1304 3176; x_wconf 91' lang='lat' dir='ltr'><strong>et</strong></span> <span class='ocrx_word' id='word_1_225' title='bbox 1350 3130 1407 3174; x_wconf 93' lang='lat' dir='ltr'><strong>ut</strong></span> <span class='ocrx_word' id='word_1_226' title='bbox 1452 3122 1779 3191; x_wconf 87' lang='lat' dir='ltr'><strong>decoqueret</strong></span> <span class='ocrx_word' id='word_1_227' title='bbox 1820 3137 1991 3189; x_wconf 84' lang='lat' dir='ltr'><strong>escas,</strong></span> <span class='ocrx_word' id='word_1_228' title='bbox 2039 3125 2315 3191; x_wconf 71' lang='lat' dir='ltr'><strong>satagebat</strong></span> 
     </span>
    </p>
   </div>
   <div class='ocr_carea' id='block_1_33' title="bbox 726 3214 2311 3284">
    <p class='ocr_par' dir='ltr' id='par_1_33' title="bbox 726 3214 2311 3284">
     <span class='ocr_line' id='line_1_33' title="bbox 726 3214 2311 3284; baseline 0.003 -15"><span class='ocrx_word' id='word_1_229' title='bbox 726 3225 1046 3269; x_wconf 74' lang='lat' dir='ltr'><strong>exzrstuans.</strong></span> <span class='ocrx_word' id='word_1_230' title='bbox 1084 3214 1222 3268; x_wconf 75' lang='lat' dir='ltr'><strong>Vasa</strong></span> <span class='ocrx_word' id='word_1_231' title='bbox 1251 3215 1318 3270; x_wconf 91' lang='lat' dir='ltr'><strong>de</strong></span> <span class='ocrx_word' id='word_1_232' title='bbox 1367 3214 1489 3271; x_wconf 91' lang='lat' dir='ltr'><strong>foco</strong></span> <span class='ocrx_word' id='word_1_233' title='bbox 1532 3216 1643 3284; x_wconf 89' lang='lat' dir='ltr'><strong>ipsa</strong></span> <span class='ocrx_word' id='word_1_234' title='bbox 1678 3216 1885 3281; x_wconf 68' lang='lat' dir='ltr'><strong>levans,</strong></span> <span class='ocrx_word' id='word_1_235' title='bbox 1916 3218 2089 3273; x_wconf 86' lang='lat' dir='ltr'><strong>discos</strong></span> <span class='ocrx_word' id='word_1_236' title='bbox 2128 3217 2311 3274; x_wconf 66' lang='lat' dir='ltr'><strong>laxans</strong></span> 
     </span>
    </p>
   </div>
   <div class='ocr_carea' id='block_1_34' title="bbox 2450 628 4034 702">
    <p class='ocr_par' dir='ltr' id='par_1_34' title="bbox 2450 628 4034 702">
     <span class='ocr_line' id='line_1_34' title="bbox 2450 628 4034 702; baseline 0.008 -26"><span class='ocrx_word' id='word_1_237' title='bbox 2450 633 2502 676; x_wconf 86' lang='lat' dir='ltr'><strong>et</strong></span> <span class='ocrx_word' id='word_1_238' title='bbox 2557 634 2662 677; x_wconf 86' lang='lat' dir='ltr'><strong>tres</strong></span> <span class='ocrx_word' id='word_1_239' title='bbox 2691 636 2906 679; x_wconf 79' lang='lat' dir='ltr'><strong>eatenus</strong></span> <span class='ocrx_word' id='word_1_240' title='bbox 2959 628 3201 682; x_wconf 82' lang='lat' dir='ltr'><strong>inserens</strong></span> <span class='ocrx_word' id='word_1_241' title='bbox 3248 632 3388 684; x_wconf 67' lang='lat' dir='ltr'><strong>circa</strong></span> <span class='ocrx_word' id='word_1_242' title='bbox 3445 648 3602 685; x_wconf 83' lang='lat' dir='ltr'><strong>suum</strong></span> <span class='ocrx_word' id='word_1_243' title='bbox 3659 648 3859 702; x_wconf 86' lang='lat' dir='ltr'><strong>corpus</strong></span> <span class='ocrx_word' id='word_1_244' title='bbox 3909 636 4034 688; x_wconf 85' lang='lat' dir='ltr'><strong>dum</strong></span> 
     </span>
    </p>
   </div>
   <div class='ocr_carea' id='block_1_35' title="bbox 2448 713 4034 782">
    <p class='ocr_par' dir='ltr' id='par_1_35' title="bbox 2448 713 4034 782">
     <span class='ocr_line' id='line_1_35' title="bbox 2448 713 4034 782; baseline 0.009 -16"><span class='ocrx_word' id='word_1_245' title='bbox 2448 713 2711 782; x_wconf 74' lang='lat' dir='ltr'><strong>alligasset</strong></span> <span class='ocrx_word' id='word_1_246' title='bbox 2741 717 2976 780; x_wconf 85' lang='lat' dir='ltr'><strong>astricte,</strong></span> <span class='ocrx_word' id='word_1_247' title='bbox 3014 718 3228 773; x_wconf 87' lang='lat' dir='ltr'><strong>inclusit</strong></span> <span class='ocrx_word' id='word_1_248' title='bbox 3257 722 3448 775; x_wconf 84' lang='lat' dir='ltr'><strong>durum</strong></span> <span class='ocrx_word' id='word_1_249' title='bbox 3481 724 3685 777; x_wconf 86' lang='lat' dir='ltr'><strong>ferrum</strong></span> <span class='ocrx_word' id='word_1_250' title='bbox 3719 738 3851 779; x_wconf 82' lang='lat' dir='ltr'><strong>caro</strong></span> <span class='ocrx_word' id='word_1_251' title='bbox 3885 735 4034 781; x_wconf 81' lang='lat' dir='ltr'><strong>tene-</strong></span> 
     </span>
    </p>
   </div>
   <div class='ocr_carea' id='block_1_36' title="bbox 2448 808 4036 883">
    <p class='ocr_par' dir='ltr' id='par_1_36' title="bbox 2448 808 4036 883">
     <span class='ocr_line' id='line_1_36' title="bbox 2448 808 4036 883; baseline 0.011 -26"><span class='ocrx_word' id='word_1_252' title='bbox 2448 820 2504 858; x_wconf 88' lang='lat' dir='ltr'><strong>ra</strong></span> <span class='ocrx_word' id='word_1_253' title='bbox 2532 822 2957 875; x_wconf 79' lang='lat' dir='ltr'><strong>supercrescens.</strong></span> <span class='ocrx_word' id='word_1_254' title='bbox 2991 808 3059 864; x_wconf 84' lang='lat' dir='ltr'><strong>Et</strong></span> <span class='ocrx_word' id='word_1_255' title='bbox 3090 822 3357 866; x_wconf 71' lang='lat' dir='ltr'><strong>transacto</strong></span> <span class='ocrx_word' id='word_1_256' title='bbox 3383 815 3591 883; x_wconf 82' lang='lat' dir='ltr'><strong>jejunio</strong></span> <span class='ocrx_word' id='word_1_257' title='bbox 3619 832 3743 870; x_wconf 87' lang='lat' dir='ltr'><strong>eum</strong></span> <span class='ocrx_word' id='word_1_258' title='bbox 3775 817 4036 874; x_wconf 84' lang='lat' dir='ltr'><strong>voluisset</strong></span> 
     </span>
    </p>
   </div>
   <div class='ocr_carea' id='block_1_37' title="bbox 2444 900 4034 973">
    <p class='ocr_par' dir='ltr' id='par_1_37' title="bbox 2444 900 4034 973">
     <span class='ocr_line' id='line_1_37' title="bbox 2444 900 4034 973; baseline 0.007 -23"><span class='ocrx_word' id='word_1_259' title='bbox 2444 908 2659 951; x_wconf 90' lang='lat' dir='ltr'><strong>catenas</strong></span> <span class='ocrx_word' id='word_1_260' title='bbox 2682 900 2783 953; x_wconf 87' lang='lat' dir='ltr'><strong>sub</strong></span> <span class='ocrx_word' id='word_1_261' title='bbox 2813 908 2935 955; x_wconf 91' lang='lat' dir='ltr'><strong>cute</strong></span> <span class='ocrx_word' id='word_1_262' title='bbox 2970 902 3177 956; x_wconf 86' lang='lat' dir='ltr'><strong>clausas</strong></span> <span class='ocrx_word' id='word_1_263' title='bbox 3205 906 3495 960; x_wconf 79' lang='lat' dir='ltr'><strong>extrahere</strong></span> <span class='ocrx_word' id='word_1_264' title='bbox 3524 921 3625 961; x_wconf 91' lang='lat' dir='ltr'><strong>nec</strong></span> <span class='ocrx_word' id='word_1_265' title='bbox 3648 909 3880 973; x_wconf 75' lang='lat' dir='ltr'><strong>valeret,</strong></span> <span class='ocrx_word' id='word_1_266' title='bbox 3910 923 4034 962; x_wconf 75' lang='lat' dir='ltr'><strong>Caro</strong></span> 
     </span>
    </p>
   </div>
   <div class='ocr_carea' id='block_1_38' title="bbox 2445 988 4031 1065">
    <p class='ocr_par' dir='ltr' id='par_1_38' title="bbox 2445 988 4031 1065">
     <span class='ocr_line' id='line_1_38' title="bbox 2445 988 4031 1065; baseline 0.005 -23"><span class='ocrx_word' id='word_1_267' title='bbox 2445 1003 2540 1056; x_wconf 91' lang='lat' dir='ltr'><strong>per</strong></span> <span class='ocrx_word' id='word_1_268' title='bbox 2583 988 2799 1045; x_wconf 89' lang='lat' dir='ltr'><strong>dorsum</strong></span> <span class='ocrx_word' id='word_1_269' title='bbox 2846 1004 3005 1062; x_wconf 88' lang='lat' dir='ltr'><strong>atque</strong></span> <span class='ocrx_word' id='word_1_270' title='bbox 3045 1007 3228 1062; x_wconf 85' lang='lat' dir='ltr'><strong>pectus</strong></span> <span class='ocrx_word' id='word_1_271' title='bbox 3275 1010 3436 1065; x_wconf 81' lang='lat' dir='ltr'><strong>super</strong></span> <span class='ocrx_word' id='word_1_272' title='bbox 3464 997 3669 1052; x_wconf 85' lang='lat' dir='ltr'><strong>ferrum</strong></span> <span class='ocrx_word' id='word_1_273' title='bbox 3716 1012 4031 1054; x_wconf 83' lang='lat' dir='ltr'><strong>catenarum</strong></span> 
     </span>
    </p>
   </div>
   <div class='ocr_carea' id='block_1_39' title="bbox 2441 1079 4032 1159">
    <p class='ocr_par' dir='ltr' id='par_1_39' title="bbox 2441 1079 4032 1159">
     <span class='ocr_line' id='line_1_39' title="bbox 2441 1079 4032 1159; baseline 0.008 -27"><span class='ocrx_word' id='word_1_274' title='bbox 2441 1089 2522 1132; x_wconf 90' lang='lat' dir='ltr'><strong>est</strong></span> <span class='ocrx_word' id='word_1_275' title='bbox 2552 1079 2715 1136; x_wconf 79' lang='lat' dir='ltr'><strong>incisa</strong></span> <span class='ocrx_word' id='word_1_276' title='bbox 2759 1098 2854 1150; x_wconf 91' lang='lat' dir='ltr'><strong>per</strong></span> <span class='ocrx_word' id='word_1_277' title='bbox 2881 1084 3163 1153; x_wconf 83' lang='lat' dir='ltr'><strong>circulum,</strong></span> <span class='ocrx_word' id='word_1_278' title='bbox 3216 1095 3272 1141; x_wconf 93' lang='lat' dir='ltr'><strong>ut</strong></span> <span class='ocrx_word' id='word_1_279' title='bbox 3301 1089 3521 1159; x_wconf 80' lang='lat' dir='ltr'><strong>sanguis</strong></span> <span class='ocrx_word' id='word_1_280' title='bbox 3570 1091 3723 1145; x_wconf 79' lang='lat' dir='ltr'><strong>fusus</strong></span> <span class='ocrx_word' id='word_1_281' title='bbox 3751 1090 3823 1144; x_wconf 80' lang='lat' dir='ltr'><strong>ad</strong></span> <span class='ocrx_word' id='word_1_282' title='bbox 3853 1099 4032 1147; x_wconf 82' lang='lat' dir='ltr'><strong>extre-</strong></span> 
     </span>
    </p>
   </div>
   <div class='ocr_carea' id='block_1_40' title="bbox 2440 1172 3334 1244">
    <p class='ocr_par' dir='ltr' id='par_1_40' title="bbox 2440 1172 3334 1244">
     <span class='ocr_line' id='line_1_40' title="bbox 2440 1172 3334 1244; baseline 0.01 -22"><span class='ocrx_word' id='word_1_283' title='bbox 2440 1184 2583 1223; x_wconf 90' lang='lat' dir='ltr'><strong>mum</strong></span> <span class='ocrx_word' id='word_1_284' title='bbox 2610 1172 2911 1227; x_wconf 89' lang='lat' dir='ltr'><strong>exinaniret</strong></span> <span class='ocrx_word' id='word_1_285' title='bbox 2938 1178 3334 1244; x_wconf 85' lang='lat' dir='ltr'><strong>corpusculum.</strong></span> 
     </span>
    </p>
   </div>
   <div class='ocr_carea' id='block_1_41' title="bbox 2505 1264 4028 1341">
    <p class='ocr_par' dir='ltr' id='par_1_41' title="bbox 2505 1264 4028 1341">
     <span class='ocr_line' id='line_1_41' title="bbox 2505 1264 4028 1341; baseline 0.009 -26"><span class='ocrx_word' id='word_1_286' title='bbox 2505 1264 2596 1319; x_wconf 76' lang='lat'><strong>26.</strong></span> <span class='ocrx_word' id='word_1_287' title='bbox 2640 1265 2765 1321; x_wconf 88' lang='lat' dir='ltr'><strong>lnde</strong></span> <span class='ocrx_word' id='word_1_288' title='bbox 2808 1270 2922 1322; x_wconf 85' lang='lat' dir='ltr'><strong>vice</strong></span> <span class='ocrx_word' id='word_1_289' title='bbox 2966 1269 3065 1322; x_wconf 88' lang='lat' dir='ltr'><strong>sub</strong></span> <span class='ocrx_word' id='word_1_290' title='bbox 3108 1272 3297 1337; x_wconf 83' lang='lat' dir='ltr'><strong>altera,</strong></span> <span class='ocrx_word' id='word_1_291' title='bbox 3323 1270 3487 1341; x_wconf 83' lang='lat' dir='ltr'><strong>jussit</strong></span> <span class='ocrx_word' id='word_1_292' title='bbox 3533 1270 3651 1327; x_wconf 87' lang='lat' dir='ltr'><strong>ﬁeri</strong></span> <span class='ocrx_word' id='word_1_293' title='bbox 3686 1273 3944 1328; x_wconf 82' lang='lat' dir='ltr'><strong>laminam</strong></span> <span class='ocrx_word' id='word_1_294' title='bbox 3976 1274 4028 1329; x_wconf 86' lang='lat' dir='ltr'><strong>in</strong></span> 
     </span>
    </p>
   </div>
   <div class='ocr_carea' id='block_1_42' title="bbox 2434 1354 4029 1430">
    <p class='ocr_par' dir='ltr' id='par_1_42' title="bbox 2434 1354 4029 1430">
     <span class='ocr_line' id='line_1_42' title="bbox 2434 1354 4029 1430; baseline 0.008 -22"><span class='ocrx_word' id='word_1_295' title='bbox 2434 1354 2584 1423; x_wconf 78' lang='lat' dir='ltr'><strong>signo</strong></span> <span class='ocrx_word' id='word_1_296' title='bbox 2612 1358 2806 1412; x_wconf 77' lang='lat' dir='ltr'><strong>Christi</strong></span> <span class='ocrx_word' id='word_1_297' title='bbox 2834 1359 3213 1421; x_wconf 78' lang='lat' dir='ltr'><strong>aurichalcatn,</strong></span> <span class='ocrx_word' id='word_1_298' title='bbox 3241 1378 3400 1430; x_wconf 85' lang='lat' dir='ltr'><strong>quam</strong></span> <span class='ocrx_word' id='word_1_299' title='bbox 3437 1377 3723 1418; x_wconf 61' lang='lat' dir='ltr'><strong>accensam</strong></span> <span class='ocrx_word' id='word_1_300' title='bbox 3751 1365 3808 1419; x_wconf 91' lang='lat' dir='ltr'><strong>in</strong></span> <span class='ocrx_word' id='word_1_301' title='bbox 3835 1364 4029 1420; x_wconf 77' lang='lat' dir='ltr'><strong>cellula</strong></span> 
     </span>
    </p>
   </div>
   <div class='ocr_carea' id='block_1_43' title="bbox 2432 1448 4029 1527">
    <p class='ocr_par' dir='ltr' id='par_1_43' title="bbox 2432 1448 4029 1527">
     <span class='ocr_line' id='line_1_43' title="bbox 2432 1448 4029 1527; baseline 0.006 -24"><span class='ocrx_word' id='word_1_302' title='bbox 2432 1448 2562 1505; x_wconf 86' lang='lat' dir='ltr'><strong>locis</strong></span> <span class='ocrx_word' id='word_1_303' title='bbox 2588 1452 2793 1507; x_wconf 85' lang='lat' dir='ltr'><strong>duobus</strong></span> <span class='ocrx_word' id='word_1_304' title='bbox 2816 1454 3056 1523; x_wconf 84' lang='lat' dir='ltr'><strong>corporis</strong></span> <span class='ocrx_word' id='word_1_305' title='bbox 3090 1455 3245 1510; x_wconf 86' lang='lat' dir='ltr'><strong>altius</strong></span> <span class='ocrx_word' id='word_1_306' title='bbox 3270 1457 3368 1509; x_wconf 87' lang='lat' dir='ltr'><strong>sibi</strong></span> <span class='ocrx_word' id='word_1_307' title='bbox 3396 1457 3692 1527; x_wconf 86' lang='lat' dir='ltr'><strong>impressit,</strong></span> <span class='ocrx_word' id='word_1_308' title='bbox 3728 1467 3843 1512; x_wconf 86' lang='lat' dir='ltr'><strong>tota</strong></span> <span class='ocrx_word' id='word_1_309' title='bbox 3866 1474 4029 1513; x_wconf 83' lang='lat' dir='ltr'><strong>carne</strong></span> 
     </span>
    </p>
   </div>
   <div class='ocr_carea' id='block_1_44' title="bbox 2430 1544 4031 1613">
    <p class='ocr_par' dir='ltr' id='par_1_44' title="bbox 2430 1544 4031 1613">
     <span class='ocr_line' id='line_1_44' title="bbox 2430 1544 4031 1613; baseline 0.007 -16"><span class='ocrx_word' id='word_1_310' title='bbox 2430 1544 2669 1599; x_wconf 70' lang='lat' dir='ltr'><strong>do&#39;cocta.</strong></span> <span class='ocrx_word' id='word_1_311' title='bbox 2724 1547 2812 1601; x_wconf 90' lang='lat' dir='ltr'><strong>Sic</strong></span> <span class='ocrx_word' id='word_1_312' title='bbox 2858 1548 3046 1613; x_wconf 77' lang='lat' dir='ltr'><strong>Spiritu</strong></span> <span class='ocrx_word' id='word_1_313' title='bbox 3104 1548 3413 1606; x_wconf 82' lang='lat' dir='ltr'><strong>ﬂammante</strong></span> <span class='ocrx_word' id='word_1_314' title='bbox 3465 1553 3706 1608; x_wconf 86' lang='lat' dir='ltr'><strong>tnemhra</strong></span> <span class='ocrx_word' id='word_1_315' title='bbox 3790 1553 4031 1608; x_wconf 76' lang='lat' dir='ltr'><strong>faciebat</strong></span> 
     </span>
    </p>
   </div>
   <div class='ocr_carea' id='block_1_45' title="bbox 2427 1637 4028 1713">
    <p class='ocr_par' dir='ltr' id='par_1_45' title="bbox 2427 1637 4028 1713">
     <span class='ocr_line' id='line_1_45' title="bbox 2427 1637 4028 1713; baseline 0.008 -25"><span class='ocrx_word' id='word_1_316' title='bbox 2427 1637 2635 1691; x_wconf 74' lang='lat' dir='ltr'><strong>ardere.</strong></span> <span class='ocrx_word' id='word_1_317' title='bbox 2694 1638 2886 1693; x_wconf 75' lang='lat' dir='ltr'><strong>Adhuc</strong></span> <span class='ocrx_word' id='word_1_318' title='bbox 2937 1639 3132 1707; x_wconf 84' lang='lat' dir='ltr'><strong>aliquid</strong></span> <span class='ocrx_word' id='word_1_319' title='bbox 3178 1644 3391 1709; x_wconf 76' lang='lat' dir='ltr'><strong>gravius</strong></span> <span class='ocrx_word' id='word_1_320' title='bbox 3446 1646 3499 1697; x_wconf 91' lang='lat' dir='ltr'><strong>iu</strong></span> <span class='ocrx_word' id='word_1_321' title='bbox 3556 1659 3615 1699; x_wconf 36' lang='lat' dir='ltr'><strong>te</strong></span> <span class='ocrx_word' id='word_1_322' title='bbox 3672 1645 3791 1713; x_wconf 85' lang='lat' dir='ltr'><strong>ipsa</strong></span> <span class='ocrx_word' id='word_1_323' title='bbox 3840 1648 4028 1701; x_wconf 86' lang='lat' dir='ltr'><strong>tortrix</strong></span> 
     </span>
    </p>
   </div>
   <div class='ocr_carea' id='block_1_46' title="bbox 2425 1728 4027 1805">
    <p class='ocr_par' dir='ltr' id='par_1_46' title="bbox 2425 1728 4027 1805">
     <span class='ocr_line' id='line_1_46' title="bbox 2425 1728 4027 1805; baseline 0.009 -26"><span class='ocrx_word' id='word_1_324' title='bbox 2425 1728 2756 1797; x_wconf 66' lang='lat' dir='ltr'><strong>excttgitans,</strong></span> <span class='ocrx_word' id='word_1_325' title='bbox 2806 1746 2907 1783; x_wconf 82' lang='lat' dir='ltr'><strong>una</strong></span> <span class='ocrx_word' id='word_1_326' title='bbox 2950 1731 3497 1800; x_wconf 65' lang='lat' dir='ltr'><strong>Quadragc-simarum</strong></span> <span class='ocrx_word' id='word_1_327' title='bbox 3546 1753 3713 1805; x_wconf 85' lang='lat' dir='ltr'><strong>super</strong></span> <span class='ocrx_word' id='word_1_328' title='bbox 3743 1749 4027 1793; x_wconf 87' lang='lat' dir='ltr'><strong>austerum</strong></span> 
     </span>
    </p>
   </div>
   <div class='ocr_carea' id='block_1_47' title="bbox 2418 1816 4028 1889">
    <p class='ocr_par' dir='ltr' id='par_1_47' title="bbox 2418 1816 4028 1889">
     <span class='ocr_line' id='line_1_47' title="bbox 2418 1816 4028 1889; baseline 0.011 -21"><span class='ocrx_word' id='word_1_329' title='bbox 2418 1816 2679 1885; x_wconf 88' lang='lat' dir='ltr'><strong>jejnmum</strong></span> <span class='ocrx_word' id='word_1_330' title='bbox 2704 1828 2753 1873; x_wconf 80' lang='lat' dir='ltr'><strong>rt</strong></span> <span class='ocrx_word' id='word_1_331' title='bbox 2781 1822 2896 1874; x_wconf 88' lang='lat' dir='ltr'><strong>sitis</strong></span> <span class='ocrx_word' id='word_1_332' title='bbox 2922 1823 3134 1875; x_wconf 82' lang='lat' dir='ltr'><strong>torrida:</strong></span> <span class='ocrx_word' id='word_1_333' title='bbox 3156 1824 3471 1889; x_wconf 89' lang='lat' dir='ltr'><strong>cruciatum,</strong></span> <span class='ocrx_word' id='word_1_334' title='bbox 3497 1827 3677 1882; x_wconf 84' lang='lat' dir='ltr'><strong>adhuc</strong></span> <span class='ocrx_word' id='word_1_335' title='bbox 3708 1830 3837 1883; x_wconf 88' lang='lat' dir='ltr'><strong>lima</strong></span> <span class='ocrx_word' id='word_1_336' title='bbox 3866 1829 4028 1886; x_wconf 78' lang='lat' dir='ltr'><strong>cil’cii</strong></span> 
     </span>
    </p>
   </div>
   <div class='ocr_carea' id='block_1_48' title="bbox 2351 1898 4025 1989">
    <p class='ocr_par' dir='ltr' id='par_1_48' title="bbox 2351 1898 4025 1989">
     <span class='ocr_line' id='line_1_48' title="bbox 2351 1898 4025 1989; baseline 0.01 -30"><span class='ocrx_word' id='word_1_337' title='bbox 2351 1898 2399 1959; x_wconf 79' lang='grc' dir='ltr'><strong>Β</strong></span> <span class='ocrx_word' id='word_1_338' title='bbox 2427 1911 2659 1962; x_wconf 85' lang='lat' dir='ltr'><strong>membra</strong></span> <span class='ocrx_word' id='word_1_339' title='bbox 2685 1922 2864 1966; x_wconf 89' lang='lat' dir='ltr'><strong>tenera</strong></span> <span class='ocrx_word' id='word_1_340' title='bbox 2898 1914 3027 1968; x_wconf 78' lang='lat' dir='ltr'><strong>setis</strong></span> <span class='ocrx_word' id='word_1_341' title='bbox 3052 1916 3254 1982; x_wconf 84' lang='lat' dir='ltr'><strong>asperis</strong></span> <span class='ocrx_word' id='word_1_342' title='bbox 3283 1917 3603 1985; x_wconf 80' lang='lat' dir='ltr'><strong>dissipante,</strong></span> <span class='ocrx_word' id='word_1_343' title='bbox 3632 1920 3790 1987; x_wconf 81' lang='lat' dir='ltr'><strong>jubet</strong></span> <span class='ocrx_word' id='word_1_344' title='bbox 3820 1936 4025 1989; x_wconf 84' lang='lat' dir='ltr'><strong>portart</strong></span> 
     </span>
    </p>
   </div>
   <div class='ocr_carea' id='block_1_49' title="bbox 2432 1998 4025 2078">
    <p class='ocr_par' dir='ltr' id='par_1_49' title="bbox 2432 1998 4025 2078">
     <span class='ocr_line' id='line_1_49' title="bbox 2432 1998 4025 2078; baseline 0.013 -26"><span class='ocrx_word' id='word_1_345' title='bbox 2432 1998 2449 2036; x_wconf 69' lang='grc' dir='ltr'><em>τ</em></span> <span class='ocrx_word' id='word_1_346' title='bbox 2490 2004 2826 2069; x_wconf 78' lang='lat' dir='ltr'><strong>aquamanile</strong></span> <span class='ocrx_word' id='word_1_347' title='bbox 2877 2006 3186 2062; x_wconf 60' lang='lat' dir='ltr'><strong>ardentibus</strong></span> <span class='ocrx_word' id='word_1_348' title='bbox 3233 2008 3450 2078; x_wconf 88' lang='lat' dir='ltr'><strong>plenum</strong></span> <span class='ocrx_word' id='word_1_349' title='bbox 3500 2014 3859 2068; x_wconf 85' lang='lat' dir='ltr'><strong>carbonibus.</strong></span> <span class='ocrx_word' id='word_1_350' title='bbox 3894 2017 4025 2072; x_wconf 90' lang='lat' dir='ltr'><strong>llinc</strong></span> 
     </span>
    </p>
   </div>
   <div class='ocr_carea' id='block_1_50' title="bbox 2426 2084 4024 2170">
    <p class='ocr_par' dir='ltr' id='par_1_50' title="bbox 2426 2084 4024 2170">
     <span class='ocr_line' id='line_1_50' title="bbox 2426 2084 4024 2170; baseline 0.011 -28"><span class='ocrx_word' id='word_1_351' title='bbox 2426 2092 2822 2149; x_wconf 66' lang='lat' dir='ltr'><strong>discisdcntihzxs</strong></span> <span class='ocrx_word' id='word_1_352' title='bbox 2852 2097 3093 2167; x_wconf 75' lang='lat' dir='ltr'><strong>reliquis,</strong></span> <span class='ocrx_word' id='word_1_353' title='bbox 3143 2100 3399 2154; x_wconf 80' lang='lat' dir='ltr'><strong>membris</strong></span> <span class='ocrx_word' id='word_1_354' title='bbox 3447 2103 3876 2170; x_wconf 64' lang='lat' dir='ltr'><strong>trepidantibus,</strong></span> <span class='ocrx_word' id='word_1_355' title='bbox 3906 2084 4024 2160; x_wconf 85' lang='lat' dir='ltr'><strong>ani-</strong></span> 
     </span>
    </p>
   </div>
   <div class='ocr_carea' id='block_1_51' title="bbox 2426 2187 4026 2261">
    <p class='ocr_par' dir='ltr' id='par_1_51' title="bbox 2426 2187 4026 2261">
     <span class='ocr_line' id='line_1_51' title="bbox 2426 2187 4026 2261; baseline 0.011 -26"><span class='ocrx_word' id='word_1_356' title='bbox 2426 2199 2542 2236; x_wconf 74' lang='lat' dir='ltr'><strong>tuus</strong></span> <span class='ocrx_word' id='word_1_357' title='bbox 2583 2196 2819 2239; x_wconf 87' lang='lat' dir='ltr'><strong>armatur</strong></span> <span class='ocrx_word' id='word_1_358' title='bbox 2848 2187 2914 2240; x_wconf 89' lang='lat' dir='ltr'><strong>ad</strong></span> <span class='ocrx_word' id='word_1_359' title='bbox 2943 2203 3176 2256; x_wconf 79' lang='lat' dir='ltr'><strong>pteuam,</strong></span> <span class='ocrx_word' id='word_1_360' title='bbox 3229 2200 3477 2254; x_wconf 87' lang='lat' dir='ltr'><strong>tractans,</strong></span> <span class='ocrx_word' id='word_1_361' title='bbox 3533 2194 3661 2261; x_wconf 88' lang='lat' dir='ltr'><strong>quia</strong></span> <span class='ocrx_word' id='word_1_362' title='bbox 3694 2209 3808 2248; x_wconf 89' lang='lat' dir='ltr'><strong>non</strong></span> <span class='ocrx_word' id='word_1_363' title='bbox 3839 2207 4026 2252; x_wconf 86' lang='lat' dir='ltr'><strong>essent</strong></span> 
     </span>
    </p>
   </div>
   <div class='ocr_carea' id='block_1_52' title="bbox 2426 2280 4025 2359">
    <p class='ocr_par' dir='ltr' id='par_1_52' title="bbox 2426 2280 4025 2359">
     <span class='ocr_line' id='line_1_52' title="bbox 2426 2280 4025 2359; baseline 0.009 -29"><span class='ocrx_word' id='word_1_364' title='bbox 2426 2282 2687 2344; x_wconf 83' lang='lat' dir='ltr'><strong>persecuti</strong></span> <span class='ocrx_word' id='word_1_365' title='bbox 2729 2280 2810 2334; x_wconf 91' lang='lat' dir='ltr'><strong>nis</strong></span> <span class='ocrx_word' id='word_1_366' title='bbox 2858 2289 3117 2347; x_wconf 85' lang='lat' dir='ltr'><strong>tempora,</strong></span> <span class='ocrx_word' id='word_1_367' title='bbox 3164 2296 3195 2336; x_wconf 88' lang='lat' dir='ltr'><strong>a</strong></span> <span class='ocrx_word' id='word_1_368' title='bbox 3224 2298 3284 2336; x_wconf 87' lang='lat' dir='ltr'><strong>se</strong></span> <span class='ocrx_word' id='word_1_369' title='bbox 3333 2292 3392 2337; x_wconf 94' lang='lat' dir='ltr'><strong>ut</strong></span> <span class='ocrx_word' id='word_1_370' title='bbox 3422 2285 3585 2339; x_wconf 87' lang='lat' dir='ltr'><strong>ﬁeret</strong></span> <span class='ocrx_word' id='word_1_371' title='bbox 3611 2301 3847 2359; x_wconf 84' lang='lat' dir='ltr'><strong>martyr.</strong></span> <span class='ocrx_word' id='word_1_372' title='bbox 3883 2290 4025 2345; x_wconf 84' lang='lat' dir='ltr'><strong>Inter</strong></span> 
     </span>
    </p>
   </div>
   <div class='ocr_carea' id='block_1_53' title="bbox 2423 2368 4019 2443">
    <p class='ocr_par' dir='ltr' id='par_1_53' title="bbox 2423 2368 4019 2443">
     <span class='ocr_line' id='line_1_53' title="bbox 2423 2368 4019 2443; baseline 0.007 -20"><span class='ocrx_word' id='word_1_373' title='bbox 2423 2369 2537 2423; x_wconf 81' lang='lat' dir='ltr'><strong>ha-c</strong></span> <span class='ocrx_word' id='word_1_374' title='bbox 2571 2379 2626 2422; x_wconf 93' lang='lat' dir='ltr'><strong>ut</strong></span> <span class='ocrx_word' id='word_1_375' title='bbox 2655 2368 2997 2439; x_wconf 63' lang='lat' dir='ltr'><strong>refrigeraret</strong></span> <span class='ocrx_word' id='word_1_376' title='bbox 3022 2382 3131 2427; x_wconf 91' lang='lat' dir='ltr'><strong>tam</strong></span> <span class='ocrx_word' id='word_1_377' title='bbox 3178 2372 3476 2430; x_wconf 78' lang='lat' dir='ltr'><strong>ferventem</strong></span> <span class='ocrx_word' id='word_1_378' title='bbox 3519 2376 3795 2443; x_wconf 86' lang='lat' dir='ltr'><strong>animum,</strong></span> <span class='ocrx_word' id='word_1_379' title='bbox 3832 2381 4019 2435; x_wconf 83' lang='lat' dir='ltr'><strong>incen-</strong></span> 
     </span>
    </p>
   </div>
   <div class='ocr_carea' id='block_1_54' title="bbox 2420 2461 4019 2539">
    <p class='ocr_par' dir='ltr' id='par_1_54' title="bbox 2420 2461 4019 2539">
     <span class='ocr_line' id='line_1_54' title="bbox 2420 2461 4019 2539; baseline 0.008 -25"><span class='ocrx_word' id='word_1_380' title='bbox 2420 2461 2548 2516; x_wconf 83' lang='lat' dir='ltr'><strong>dere</strong></span> <span class='ocrx_word' id='word_1_381' title='bbox 2617 2478 2809 2532; x_wconf 75' lang='lat' dir='ltr'><strong>corpus</strong></span> <span class='ocrx_word' id='word_1_382' title='bbox 2871 2466 3169 2532; x_wconf 85' lang='lat' dir='ltr'><strong>deliberat;</strong></span> <span class='ocrx_word' id='word_1_383' title='bbox 3236 2472 3458 2537; x_wconf 88' lang='lat' dir='ltr'><strong>apponit</strong></span> <span class='ocrx_word' id='word_1_384' title='bbox 3518 2486 3627 2523; x_wconf 77' lang='lat' dir='ltr'><strong>:cra</strong></span> <span class='ocrx_word' id='word_1_385' title='bbox 3701 2473 4019 2539; x_wconf 84' lang='lat' dir='ltr'><strong>candentia,</strong></span> 
     </span>
    </p>
   </div>
   <div class='ocr_carea' id='block_1_55' title="bbox 2420 2555 4021 2627">
    <p class='ocr_par' dir='ltr' id='par_1_55' title="bbox 2420 2555 4021 2627">
     <span class='ocr_line' id='line_1_55' title="bbox 2420 2555 4021 2627; baseline 0.007 -20"><span class='ocrx_word' id='word_1_386' title='bbox 2420 2555 2648 2608; x_wconf 85' lang='lat' dir='ltr'><strong>stridunt</strong></span> <span class='ocrx_word' id='word_1_387' title='bbox 2708 2557 2940 2611; x_wconf 80' lang='lat' dir='ltr'><strong>membra</strong></span> <span class='ocrx_word' id='word_1_388' title='bbox 2986 2560 3303 2626; x_wconf 88' lang='lat' dir='ltr'><strong>cremantia,</strong></span> <span class='ocrx_word' id='word_1_389' title='bbox 3353 2562 3696 2616; x_wconf 81' lang='lat' dir='ltr'><strong>consumitur</strong></span> <span class='ocrx_word' id='word_1_390' title='bbox 3747 2565 3915 2627; x_wconf 83' lang='lat' dir='ltr'><strong>cutis,</strong></span> <span class='ocrx_word' id='word_1_391' title='bbox 3976 2576 4021 2619; x_wconf 71' lang='lat' dir='ltr'><strong>et</strong></span> 
     </span>
    </p>
   </div>
   <div class='ocr_carea' id='block_1_56' title="bbox 2422 2648 4022 2724">
    <p class='ocr_par' dir='ltr' id='par_1_56' title="bbox 2422 2648 4022 2724">
     <span class='ocr_line' id='line_1_56' title="bbox 2422 2648 4022 2724; baseline 0.008 -24"><span class='ocrx_word' id='word_1_392' title='bbox 2422 2648 2625 2712; x_wconf 81' lang='lat' dir='ltr'><strong>intima,</strong></span> <span class='ocrx_word' id='word_1_393' title='bbox 2660 2665 2763 2717; x_wconf 88' lang='lat' dir='ltr'><strong>qtto</strong></span> <span class='ocrx_word' id='word_1_394' title='bbox 2793 2650 2967 2719; x_wconf 79' lang='lat' dir='ltr'><strong>attigit</strong></span> <span class='ocrx_word' id='word_1_395' title='bbox 2995 2650 3174 2715; x_wconf 87' lang='lat' dir='ltr'><strong>ardor,</strong></span> <span class='ocrx_word' id='word_1_396' title='bbox 3212 2651 3271 2706; x_wconf 86' lang='lat' dir='ltr'><strong>ﬁt</strong></span> <span class='ocrx_word' id='word_1_397' title='bbox 3293 2650 3471 2713; x_wconf 76' lang='lat' dir='ltr'><strong>fossa;</strong></span> <span class='ocrx_word' id='word_1_398' title='bbox 3501 2662 3689 2709; x_wconf 79' lang='lat' dir='ltr'><strong>tacens</strong></span> <span class='ocrx_word' id='word_1_399' title='bbox 3718 2660 3857 2724; x_wconf 76' lang='lat' dir='ltr'><strong>tegit</strong></span> <span class='ocrx_word' id='word_1_400' title='bbox 3883 2659 4022 2712; x_wconf 82' lang='lat' dir='ltr'><strong>fora-</strong></span> 
     </span>
    </p>
   </div>
   <div class='ocr_carea' id='block_1_57' title="bbox 2419 2742 4019 2814">
    <p class='ocr_par' dir='ltr' id='par_1_57' title="bbox 2419 2742 4019 2814">
     <span class='ocr_line' id='line_1_57' title="bbox 2419 2742 4019 2814; baseline 0.007 -20"><span class='ocrx_word' id='word_1_401' title='bbox 2419 2742 2584 2801; x_wconf 81' lang='lat' dir='ltr'><strong>mina,</strong></span> <span class='ocrx_word' id='word_1_402' title='bbox 2616 2742 2709 2795; x_wconf 85' lang='lat' dir='ltr'><strong>sed</strong></span> <span class='ocrx_word' id='word_1_403' title='bbox 2738 2752 3171 2811; x_wconf 78' lang='lat' dir='ltr'><strong>computrescens</strong></span> <span class='ocrx_word' id='word_1_404' title='bbox 3208 2749 3427 2814; x_wconf 73' lang='lat' dir='ltr'><strong>sanguis</strong></span> <span class='ocrx_word' id='word_1_405' title='bbox 3449 2748 3839 2804; x_wconf 87' lang='lat' dir='ltr'><strong>manifestabat</strong></span> <span class='ocrx_word' id='word_1_406' title='bbox 3883 2754 4019 2813; x_wconf 73' lang='lat' dir='ltr'><strong>mind</strong></span> 
     </span>
    </p>
   </div>
   <div class='ocr_carea' id='block_1_58' title="bbox 2418 2833 4019 2907">
    <p class='ocr_par' dir='ltr' id='par_1_58' title="bbox 2418 2833 4019 2907">
     <span class='ocr_line' id='line_1_58' title="bbox 2418 2833 4019 2907; baseline 0.009 -27"><span class='ocrx_word' id='word_1_407' title='bbox 2418 2845 2523 2884; x_wconf 67' lang='lat' dir='ltr'><strong>vox</strong></span> <span class='ocrx_word' id='word_1_408' title='bbox 2553 2845 2659 2885; x_wconf 92' lang='lat' dir='ltr'><strong>non</strong></span> <span class='ocrx_word' id='word_1_409' title='bbox 2692 2833 2949 2902; x_wconf 79' lang='lat' dir='ltr'><strong>prodebat</strong></span> <span class='ocrx_word' id='word_1_410' title='bbox 2997 2836 3049 2887; x_wconf 90' lang='lat' dir='ltr'><strong>in</strong></span> <span class='ocrx_word' id='word_1_411' title='bbox 3100 2849 3277 2901; x_wconf 61' lang='lat' dir='ltr'><strong>pinna.</strong></span> <span class='ocrx_word' id='word_1_412' title='bbox 3329 2834 3421 2890; x_wconf 90' lang='lat' dir='ltr'><strong>Sic</strong></span> <span class='ocrx_word' id='word_1_413' title='bbox 3450 2835 3649 2890; x_wconf 78' lang='lat' dir='ltr'><strong>femina</strong></span> <span class='ocrx_word' id='word_1_414' title='bbox 3679 2854 3786 2907; x_wconf 90' lang='lat' dir='ltr'><strong>pro</strong></span> <span class='ocrx_word' id='word_1_415' title='bbox 3816 2841 4019 2895; x_wconf 74' lang='lat' dir='ltr'><strong>Christi</strong></span> 
     </span>
    </p>
   </div>
   <div class='ocr_carea' id='block_1_59' title="bbox 2416 2928 4024 3000">
    <p class='ocr_par' dir='ltr' id='par_1_59' title="bbox 2416 2928 4024 3000">
     <span class='ocr_line' id='line_1_59' title="bbox 2416 2928 4024 3000; baseline 0.005 -17"><span class='ocrx_word' id='word_1_416' title='bbox 2416 2928 2698 2984; x_wconf 75' lang='lat' dir='ltr'><strong>dulcedine</strong></span> <span class='ocrx_word' id='word_1_417' title='bbox 2726 2938 2799 2982; x_wconf 73' lang='lat' dir='ltr'><strong>tul</strong></span> <span class='ocrx_word' id='word_1_418' title='bbox 2830 2944 3007 2983; x_wconf 84' lang='lat' dir='ltr'><strong>amara</strong></span> <span class='ocrx_word' id='word_1_419' title='bbox 3039 2930 3264 2985; x_wconf 88' lang='lat' dir='ltr'><strong>libenter</strong></span> <span class='ocrx_word' id='word_1_420' title='bbox 3288 2930 3528 3000; x_wconf 70' lang='lat' dir='ltr'><strong>excepit!</strong></span> <span class='ocrx_word' id='word_1_421' title='bbox 3559 2933 3699 2989; x_wconf 88' lang='lat' dir='ltr'><strong>llinc</strong></span> <span class='ocrx_word' id='word_1_422' title='bbox 3727 2947 3915 2988; x_wconf 87' lang='lat' dir='ltr'><strong>actum</strong></span> <span class='ocrx_word' id='word_1_423' title='bbox 3940 2944 4024 2991; x_wconf 79' lang='lat' dir='ltr'><strong>est</strong></span> 
     </span>
    </p>
   </div>
   <div class='ocr_carea' id='block_1_60' title="bbox 2417 3020 3956 3089">
    <p class='ocr_par' dir='ltr' id='par_1_60' title="bbox 2417 3020 3956 3089">
     <span class='ocr_line' id='line_1_60' title="bbox 2417 3020 3956 3089; baseline 0.005 -16"><span class='ocrx_word' id='word_1_424' title='bbox 2417 3030 2473 3074; x_wconf 92' lang='lat' dir='ltr'><strong>ut</strong></span> <span class='ocrx_word' id='word_1_425' title='bbox 2501 3022 2638 3088; x_wconf 86' lang='lat' dir='ltr'><strong>quod</strong></span> <span class='ocrx_word' id='word_1_426' title='bbox 2665 3022 2775 3089; x_wconf 89' lang='lat' dir='ltr'><strong>ipsa</strong></span> <span class='ocrx_word' id='word_1_427' title='bbox 2798 3021 3082 3087; x_wconf 86' lang='lat' dir='ltr'><strong>abdiderit,</strong></span> <span class='ocrx_word' id='word_1_428' title='bbox 3115 3023 3217 3077; x_wconf 88' lang='lat' dir='ltr'><strong>hoc</strong></span> <span class='ocrx_word' id='word_1_429' title='bbox 3247 3020 3502 3077; x_wconf 83' lang='lat' dir='ltr'><strong>ntiracu‘a</strong></span> <span class='ocrx_word' id='word_1_430' title='bbox 3532 3039 3642 3079; x_wconf 92' lang='lat' dir='ltr'><strong>non</strong></span> <span class='ocrx_word' id='word_1_431' title='bbox 3679 3033 3956 3081; x_wconf 83' lang='lat' dir='ltr'><strong>tacerent.</strong></span> 
     </span>
    </p>
   </div>
   <div class='ocr_carea' id='block_1_61' title="bbox 2484 3110 4019 3184">
    <p class='ocr_par' dir='ltr' id='par_1_61' title="bbox 2484 3110 4019 3184">
     <span class='ocr_line' id='line_1_61' title="bbox 2484 3110 4019 3184; baseline 0.009 -21"><span class='ocrx_word' id='word_1_432' title='bbox 2484 3110 2787 3182; x_wconf 76' lang='lat' dir='ltr'><strong>27.!taque</strong></span> <span class='ocrx_word' id='word_1_433' title='bbox 2853 3123 3096 3167; x_wconf 88' lang='lat' dir='ltr'><strong>matrona</strong></span> <span class='ocrx_word' id='word_1_434' title='bbox 3152 3112 3414 3169; x_wconf 86' lang='lat' dir='ltr'><strong>Gislaadis</strong></span> <span class='ocrx_word' id='word_1_435' title='bbox 3465 3118 3732 3184; x_wconf 81' lang='lat' dir='ltr'><strong>proceris,</strong></span> <span class='ocrx_word' id='word_1_436' title='bbox 3798 3122 4019 3177; x_wconf 85' lang='lat' dir='ltr'><strong>nomine</strong></span> 
     </span>
    </p>
   </div>
   <div class='ocr_carea' id='block_1_62' title="bbox 2416 3203 4018 3279">
    <p class='ocr_par' dir='ltr' id='par_1_62' title="bbox 2416 3203 4018 3279">
     <span class='ocr_line' id='line_1_62' title="bbox 2416 3203 4018 3279; baseline 0.011 -28"><span class='ocrx_word' id='word_1_437' title='bbox 2416 3212 2441 3251; x_wconf 78' lang='grc' dir='ltr'>ι</span> <span class='ocrx_word' id='word_1_438' title='bbox 2485 3203 2651 3269; x_wconf 82' lang='lat' dir='ltr'><strong>Bella,</strong></span> <span class='ocrx_word' id='word_1_439' title='bbox 2681 3204 2776 3259; x_wconf 87' lang='lat' dir='ltr'><strong>sed</strong></span> <span class='ocrx_word' id='word_1_440' title='bbox 2808 3204 2961 3275; x_wconf 85' lang='lat' dir='ltr'><strong>longa</strong></span> <span class='ocrx_word' id='word_1_441' title='bbox 2986 3206 3226 3261; x_wconf 67' lang='lat' dir='ltr'><strong>catcitate</strong></span> <span class='ocrx_word' id='word_1_442' title='bbox 3257 3206 3580 3270; x_wconf 89' lang='lat' dir='ltr'><strong>miserrima,</strong></span> <span class='ocrx_word' id='word_1_443' title='bbox 3617 3211 3838 3279; x_wconf 76' lang='lat' dir='ltr'><strong>rogavit</strong></span> <span class='ocrx_word' id='word_1_444' title='bbox 3868 3226 3933 3268; x_wconf 82' lang='lat' dir='ltr'><strong>se</strong></span> <span class='ocrx_word' id='word_1_445' title='bbox 3954 3215 4018 3269; x_wconf 84' lang='lat' dir='ltr'><strong>de</strong></span> 
     </span>
    </p>
   </div>
   <div class='ocr_carea' id='block_1_63' title="bbox 724 3256 2314 3379">
    <p class='ocr_par' dir='ltr' id='par_1_63' title="bbox 724 3256 2311 3379">
     <span class='ocr_line' id='line_1_63' title="bbox 726 3256 2311 3284; baseline 0.003 -15"><span class='ocrx_word' id='word_1_446' title='bbox 726 3256 1046 3269; x_wconf 69' lang='lat'><strong>-.....,..........</strong></span> <span class='ocrx_word' id='word_1_447' title='bbox 1099 3256 1222 3268; x_wconf 60' lang='grc' dir='ltr'><strong>...νη</strong></span> <span class='ocrx_word' id='word_1_448' title='bbox 1252 3256 1318 3270; x_wconf 73' lang='grc' dir='ltr'><strong>..ν</strong></span> <span class='ocrx_word' id='word_1_449' title='bbox 1367 3256 1488 3271; x_wconf 69' lang='grc' dir='ltr'><strong>,νυν</strong></span> <span class='ocrx_word' id='word_1_450' title='bbox 1532 3256 1643 3284; x_wconf 78' lang='grc'><strong>.,..,..</strong></span> <span class='ocrx_word' id='word_1_451' title='bbox 1678 3256 1885 3281; x_wconf 60' lang='grc' dir='ltr'><strong>.υ......,</strong></span> <span class='ocrx_word' id='word_1_452' title='bbox 1916 3256 2089 3273; x_wconf 51' lang='lat' dir='ltr'><strong>eum...</strong></span> <span class='ocrx_word' id='word_1_453' title='bbox 2128 3256 2311 3274; x_wconf 68' lang='grc' dir='ltr'><strong>..υ-..ω</strong></span> 
     </span>
     <span class='ocr_line' id='line_1_64' title="bbox 724 3306 2309 3379; baseline 0.003 -18"><span class='ocrx_word' id='word_1_454' title='bbox 724 3319 776 3361; x_wconf 90' lang='lat' dir='ltr'><strong>et</strong></span> <span class='ocrx_word' id='word_1_455' title='bbox 806 3306 1059 3364; x_wconf 85' lang='lat' dir='ltr'><strong>inferens.</strong></span> <span class='ocrx_word' id='word_1_456' title='bbox 1086 3308 1220 3362; x_wconf 90' lang='lat' dir='ltr'><strong>llinc</strong></span> <span class='ocrx_word' id='word_1_457' title='bbox 1251 3309 1634 3363; x_wconf 81' lang='lat' dir='ltr'><strong>consummatis</strong></span> <span class='ocrx_word' id='word_1_458' title='bbox 1659 3311 1920 3364; x_wconf 80' lang='lat' dir='ltr'><strong>conviviis</strong></span> <span class='ocrx_word' id='word_1_459' title='bbox 1955 3312 2065 3379; x_wconf 86' lang='lat' dir='ltr'><strong>ipsa</strong></span> <span class='ocrx_word' id='word_1_460' title='bbox 2095 3312 2309 3365; x_wconf 89' lang='lat' dir='ltr'><strong>vascula</strong></span> 
     </span>
    </p>
   </div>
   <div class='ocr_carea' id='block_1_64' title="bbox 2415 3256 4013 3379">
    <p class='ocr_par' dir='ltr' id='par_1_64' title="bbox 2416 3256 4013 3372">
     <span class='ocr_line' id='line_1_65' title="bbox 2488 3256 4013 3279; baseline 0.005 -14"><span class='ocrx_word' id='word_1_461' title='bbox 2488 3256 2497 3257; x_wconf 37' lang='grc' dir='ltr'><em>κ</em></span> <span class='ocrx_word' id='word_1_462' title='bbox 2536 3256 2573 3258; x_wconf 57' lang='grc' dir='ltr'>ρ</span> <span class='ocrx_word' id='word_1_463' title='bbox 2622 3256 2651 3269; x_wconf 40' lang='grc' dir='ltr'><strong>ν,</strong></span> <span class='ocrx_word' id='word_1_464' title='bbox 3617 3256 3838 3279; x_wconf 68' lang='grc' dir='ltr'><strong><em>--ο-η-</em></strong></span> <span class='ocrx_word' id='word_1_465' title='bbox 3868 3256 4013 3269; x_wconf 65' lang='grc' dir='ltr'><strong>η-..</strong></span> 
     </span>
     <span class='ocr_line' id='line_1_66' title="bbox 2416 3297 4013 3372; baseline 0.005 -19"><span class='ocrx_word' id='word_1_466' title='bbox 2416 3297 2639 3353; x_wconf 86' lang='lat' dir='ltr'><strong>Francia</strong></span> <span class='ocrx_word' id='word_1_467' title='bbox 2668 3298 2895 3353; x_wconf 75' lang='lat' dir='ltr'><strong>l‘ictavis</strong></span> <span class='ocrx_word' id='word_1_468' title='bbox 2917 3300 2983 3353; x_wconf 92' lang='lat' dir='ltr'><strong>ad</strong></span> <span class='ocrx_word' id='word_1_469' title='bbox 3013 3308 3212 3353; x_wconf 70' lang='lat' dir='ltr'><strong>sancta:</strong></span> <span class='ocrx_word' id='word_1_470' title='bbox 3239 3299 3365 3355; x_wconf 90' lang='lat' dir='ltr'><strong>duci</strong></span> <span class='ocrx_word' id='word_1_471' title='bbox 3385 3302 3580 3356; x_wconf 87' lang='lat' dir='ltr'><strong>devote</strong></span> <span class='ocrx_word' id='word_1_472' title='bbox 3637 3309 4013 3372; x_wconf 71' lang='lat' dir='ltr'><strong>pnrsentiam.</strong></span> 
     </span>
    </p>
   </div>
   <div class='ocr_carea' id='block_1_65' title="bbox 723 3400 2311 3471">
    <p class='ocr_par' dir='ltr' id='par_1_65' title="bbox 723 3400 2311 3471">
     <span class='ocr_line' id='line_1_67' title="bbox 723 3400 2311 3471; baseline 0.001 -17"><span class='ocrx_word' id='word_1_473' title='bbox 723 3400 952 3459; x_wconf 81' lang='lat' dir='ltr'><strong>diluetis.</strong></span> <span class='ocrx_word' id='word_1_474' title='bbox 988 3416 1220 3471; x_wconf 85' lang='lat' dir='ltr'><strong>purgans</strong></span> <span class='ocrx_word' id='word_1_475' title='bbox 1250 3400 1418 3454; x_wconf 91' lang='lat' dir='ltr'><strong>nitide</strong></span> <span class='ocrx_word' id='word_1_476' title='bbox 1464 3401 1771 3469; x_wconf 77' lang='lat' dir='ltr'><strong>coquinazu,</strong></span> <span class='ocrx_word' id='word_1_477' title='bbox 1799 3400 2055 3470; x_wconf 87' lang='lat' dir='ltr'><strong>quidquid</strong></span> <span class='ocrx_word' id='word_1_478' title='bbox 2084 3409 2201 3455; x_wconf 87' lang='lat' dir='ltr'><strong>erat</strong></span> <span class='ocrx_word' id='word_1_479' title='bbox 2230 3401 2311 3455; x_wconf 86' lang='lat' dir='ltr'><strong>lu-</strong></span> 
     </span>
    </p>
   </div>
   <div class='ocr_carea' id='block_1_66' title="bbox 724 3490 2306 3562">
    <p class='ocr_par' dir='ltr' id='par_1_66' title="bbox 724 3490 2306 3562">
     <span class='ocr_line' id='line_1_68' title="bbox 724 3490 2306 3562; baseline 0.002 -20"><span class='ocrx_word' id='word_1_480' title='bbox 724 3492 982 3544; x_wconf 87' lang='lat' dir='ltr'><strong>tulenttttn</strong></span> <span class='ocrx_word' id='word_1_481' title='bbox 1030 3490 1232 3545; x_wconf 84' lang='lat' dir='ltr'><strong>ferebat</strong></span> <span class='ocrx_word' id='word_1_482' title='bbox 1283 3492 1425 3545; x_wconf 83' lang='lat' dir='ltr'><strong>foras</strong></span> <span class='ocrx_word' id='word_1_483' title='bbox 1470 3492 1522 3545; x_wconf 88' lang='lat' dir='ltr'><strong>in</strong></span> <span class='ocrx_word' id='word_1_484' title='bbox 1573 3491 1746 3545; x_wconf 89' lang='lat' dir='ltr'><strong>locum</strong></span> <span class='ocrx_word' id='word_1_485' title='bbox 1796 3490 2127 3561; x_wconf 75' lang='lat' dir='ltr'><strong>designatum</strong></span> <span class='ocrx_word' id='word_1_486' title='bbox 2177 3490 2306 3562; x_wconf 37' lang='lat' dir='ltr'><strong>[.‘ll.,</strong></span> 
     </span>
    </p>
   </div>
   <div class='ocr_carea' id='block_1_67' title="bbox 721 3578 2309 3651">
    <p class='ocr_par' dir='ltr' id='par_1_67' title="bbox 721 3578 2309 3651">
     <span class='ocr_line' id='line_1_69' title="bbox 721 3578 2309 3651; baseline 0.002 -16"><span class='ocrx_word' id='word_1_487' title='bbox 721 3580 771 3635; x_wconf 91' lang='lat' dir='ltr'><strong>in</strong></span> <span class='ocrx_word' id='word_1_488' title='bbox 798 3580 900 3634; x_wconf 81' lang='lat' dir='ltr'><strong>iura</strong></span> <span class='ocrx_word' id='word_1_489' title='bbox 937 3578 1289 3651; x_wconf 79' lang='lat' dir='ltr'><strong>purgamina].</strong></span> <span class='ocrx_word' id='word_1_490' title='bbox 1317 3581 1441 3635; x_wconf 91' lang='lat' dir='ltr'><strong>lude</strong></span> <span class='ocrx_word' id='word_1_491' title='bbox 1481 3597 1573 3650; x_wconf 93' lang='lat' dir='ltr'><strong>per</strong></span> <span class='ocrx_word' id='word_1_492' title='bbox 1603 3593 1926 3647; x_wconf 59' lang='lat' dir='ltr'><strong>marotantes</strong></span> <span class='ocrx_word' id='word_1_493' title='bbox 1955 3583 2185 3637; x_wconf 82' lang='lat' dir='ltr'><strong>inferens</strong></span> <span class='ocrx_word' id='word_1_494' title='bbox 2215 3598 2309 3638; x_wconf 85' lang='lat' dir='ltr'><strong>ne-</strong></span> 
     </span>
    </p>
   </div>
   <div class='ocr_carea' id='block_1_68' title="bbox 720 3674 2308 3746">
    <p class='ocr_par' dir='ltr' id='par_1_68' title="bbox 720 3674 2308 3746">
     <span class='ocr_line' id='line_1_70' title="bbox 720 3674 2308 3746; baseline 0.004 -20"><span class='ocrx_word' id='word_1_495' title='bbox 720 3676 973 3737; x_wconf 83' lang='lat' dir='ltr'><strong>cessaria,</strong></span> <span class='ocrx_word' id='word_1_496' title='bbox 1021 3674 1122 3727; x_wconf 87' lang='lat' dir='ltr'><strong>ibat</strong></span> <span class='ocrx_word' id='word_1_497' title='bbox 1178 3690 1281 3728; x_wconf 92' lang='lat' dir='ltr'><strong>non</strong></span> <span class='ocrx_word' id='word_1_498' title='bbox 1338 3676 1536 3742; x_wconf 86' lang='lat' dir='ltr'><strong>tepida,</strong></span> <span class='ocrx_word' id='word_1_499' title='bbox 1567 3685 1621 3732; x_wconf 89' lang='lat' dir='ltr'><strong>et</strong></span> <span class='ocrx_word' id='word_1_500' title='bbox 1672 3676 1979 3746; x_wconf 88' lang='lat' dir='ltr'><strong>priusquam</strong></span> <span class='ocrx_word' id='word_1_501' title='bbox 2034 3677 2308 3745; x_wconf 74' lang='lat' dir='ltr'><strong>exciperet</strong></span> 
     </span>
    </p>
   </div>
   <div class='ocr_carea' id='block_1_69' title="bbox 722 3765 2308 3834">
    <p class='ocr_par' dir='ltr' id='par_1_69' title="bbox 722 3765 2308 3834">
     <span class='ocr_line' id='line_1_71' title="bbox 722 3765 2308 3834; baseline 0.003 -16"><span class='ocrx_word' id='word_1_502' title='bbox 722 3778 743 3805; x_wconf 76' lang='grc' dir='ltr'><em>ε</em></span> <span class='ocrx_word' id='word_1_503' title='bbox 778 3765 1142 3819; x_wconf 81' lang='lat' dir='ltr'><strong>Arelatensem</strong></span> <span class='ocrx_word' id='word_1_504' title='bbox 1192 3766 1462 3834; x_wconf 78' lang='lat' dir='ltr'><strong>regulam,</strong></span> <span class='ocrx_word' id='word_1_505' title='bbox 1512 3767 1842 3822; x_wconf 88' lang='lat' dir='ltr'><strong>hebdomada</strong></span> <span class='ocrx_word' id='word_1_506' title='bbox 1889 3768 1987 3822; x_wconf 90' lang='lat' dir='ltr'><strong>sub</strong></span> <span class='ocrx_word' id='word_1_507' title='bbox 2040 3778 2308 3823; x_wconf 87' lang='lat' dir='ltr'><strong>transacta</strong></span> 
     </span>
    </p>
   </div>
   <div class='ocr_carea' id='block_1_70' title="bbox 719 3856 2307 3915">
    <p class='ocr_par' dir='ltr' id='par_1_70' title="bbox 719 3856 2307 3915">
     <span class='ocr_line' id='line_1_72' title="bbox 719 3856 2307 3915; baseline 0.003 -4"><span class='ocrx_word' id='word_1_508' title='bbox 719 3856 1044 3911; x_wconf 83' lang='lat' dir='ltr'><strong>sufﬁcienter</strong></span> <span class='ocrx_word' id='word_1_509' title='bbox 1072 3857 1096 3892; x_wconf 72' lang='grc' dir='ltr'><strong>ιι</strong></span> <span class='ocrx_word' id='word_1_510' title='bbox 1124 3856 1189 3910; x_wconf 85' lang='lat' dir='ltr'><strong>ad</strong></span> <span class='ocrx_word' id='word_1_511' title='bbox 1222 3873 1412 3912; x_wconf 87' lang='lat' dir='ltr'><strong>omnes</strong></span> <span class='ocrx_word' id='word_1_512' title='bbox 1453 3858 1679 3912; x_wconf 86' lang='lat' dir='ltr'><strong>calidam</strong></span> <span class='ocrx_word' id='word_1_513' title='bbox 1712 3858 1959 3914; x_wconf 87' lang='lat' dir='ltr'><strong>faciebat.</strong></span> <span class='ocrx_word' id='word_1_514' title='bbox 1993 3859 2307 3915; x_wconf 83' lang='lat' dir='ltr'><strong>lluiuilitate</strong></span> 
     </span>
    </p>
   </div>
   <div class='ocr_carea' id='block_1_71' title="bbox 720 3948 2305 4016">
    <p class='ocr_par' dir='ltr' id='par_1_71' title="bbox 720 3948 2305 4016">
     <span class='ocr_line' id='line_1_73' title="bbox 720 3948 2305 4016; baseline 0.003 -14"><span class='ocrx_word' id='word_1_515' title='bbox 720 3948 1052 4002; x_wconf 85' lang='lat' dir='ltr'><strong>sanctissima</strong></span> <span class='ocrx_word' id='word_1_516' title='bbox 1086 3951 1247 4016; x_wconf 83' lang='lat' dir='ltr'><strong>pedes</strong></span> <span class='ocrx_word' id='word_1_517' title='bbox 1292 3949 1476 4004; x_wconf 87' lang='lat' dir='ltr'><strong>lavans</strong></span> <span class='ocrx_word' id='word_1_518' title='bbox 1508 3959 1561 4004; x_wconf 89' lang='lat' dir='ltr'><strong>et</strong></span> <span class='ocrx_word' id='word_1_519' title='bbox 1588 3952 1856 4013; x_wconf 89' lang='lat' dir='ltr'><strong>osculans,</strong></span> <span class='ocrx_word' id='word_1_520' title='bbox 1890 3958 1945 4004; x_wconf 87' lang='lat' dir='ltr'><strong>et</strong></span> <span class='ocrx_word' id='word_1_521' title='bbox 1982 3949 2157 4005; x_wconf 88' lang='lat' dir='ltr'><strong>adhuc</strong></span> <span class='ocrx_word' id='word_1_522' title='bbox 2188 3966 2305 4005; x_wconf 82' lang='lat' dir='ltr'><strong>om-</strong></span> 
     </span>
    </p>
   </div>
   <div class='ocr_carea' id='block_1_72' title="bbox 720 4040 2305 4112">
    <p class='ocr_par' dir='ltr' id='par_1_72' title="bbox 720 4040 2305 4112">
     <span class='ocr_line' id='line_1_74' title="bbox 720 4040 2305 4112; baseline 0.005 -22"><span class='ocrx_word' id='word_1_523' title='bbox 720 4053 815 4091; x_wconf 79' lang='lat' dir='ltr'><strong>nes</strong></span> <span class='ocrx_word' id='word_1_524' title='bbox 865 4048 1127 4106; x_wconf 89' lang='lat' dir='ltr'><strong>prostrata</strong></span> <span class='ocrx_word' id='word_1_525' title='bbox 1160 4040 1544 4107; x_wconf 88' lang='lat' dir='ltr'><strong>deprecabatur</strong></span> <span class='ocrx_word' id='word_1_526' title='bbox 1574 4043 1779 4096; x_wconf 85' lang='lat' dir='ltr'><strong>veniam</strong></span> <span class='ocrx_word' id='word_1_527' title='bbox 1832 4042 2157 4112; x_wconf 82' lang='lat' dir='ltr'><strong>negligentia</strong></span> <span class='ocrx_word' id='word_1_528' title='bbox 2210 4058 2305 4110; x_wconf 87' lang='lat' dir='ltr'><strong>pro</strong></span> 
     </span>
    </p>
   </div>
   <div class='ocr_carea' id='block_1_73' title="bbox 719 4130 1023 4182">
    <p class='ocr_par' dir='ltr' id='par_1_73' title="bbox 719 4130 1023 4182">
     <span class='ocr_line' id='line_1_75' title="bbox 719 4130 1023 4182; baseline 0.007 -2"><span class='ocrx_word' id='word_1_529' title='bbox 719 4130 1023 4182; x_wconf 83' lang='lat' dir='ltr'><strong>(onttnissa.</strong></span> 
     </span>
    </p>
   </div>
   <div class='ocr_carea' id='block_1_74' title="bbox 790 4218 2303 4295">
    <p class='ocr_par' dir='ltr' id='par_1_74' title="bbox 790 4218 2303 4295">
     <span class='ocr_line' id='line_1_76' title="bbox 790 4218 2303 4295; baseline 0.007 -24"><span class='ocrx_word' id='word_1_530' title='bbox 790 4218 883 4273; x_wconf 65' lang='lat'><strong>2.3.</strong></span> <span class='ocrx_word' id='word_1_531' title='bbox 914 4218 1097 4288; x_wconf 85' lang='lat' dir='ltr'><strong>Itaque</strong></span> <span class='ocrx_word' id='word_1_532' title='bbox 1154 4229 1269 4287; x_wconf 90' lang='lat' dir='ltr'><strong>post</strong></span> <span class='ocrx_word' id='word_1_533' title='bbox 1328 4227 1409 4275; x_wconf 96' lang='lat' dir='ltr'><strong>tot</strong></span> <span class='ocrx_word' id='word_1_534' title='bbox 1462 4220 1691 4288; x_wconf 87' lang='lat' dir='ltr'><strong>labores,</strong></span> <span class='ocrx_word' id='word_1_535' title='bbox 1763 4238 1896 4293; x_wconf 87' lang='lat' dir='ltr'><strong>quas</strong></span> <span class='ocrx_word' id='word_1_536' title='bbox 1960 4225 2059 4279; x_wconf 90' lang='lat' dir='ltr'><strong>sibi</strong></span> <span class='ocrx_word' id='word_1_537' title='bbox 2114 4240 2303 4295; x_wconf 65' lang='lat' dir='ltr'><strong>poenas</strong></span> 
     </span>
    </p>
   </div>
   <div class='ocr_carea' id='block_1_75' title="bbox 720 4308 2298 4383">
    <p class='ocr_par' dir='ltr' id='par_1_75' title="bbox 720 4308 2298 4383">
     <span class='ocr_line' id='line_1_77' title="bbox 720 4308 2298 4383; baseline 0.005 -20"><span class='ocrx_word' id='word_1_538' title='bbox 720 4318 741 4345; x_wconf 73' lang='grc' dir='ltr'><strong>ι·</strong></span> <span class='ocrx_word' id='word_1_539' title='bbox 774 4308 1029 4375; x_wconf 90' lang='lat' dir='ltr'><strong>intulerit,</strong></span> <span class='ocrx_word' id='word_1_540' title='bbox 1092 4317 1145 4364; x_wconf 94' lang='lat' dir='ltr'><strong>et</strong></span> <span class='ocrx_word' id='word_1_541' title='bbox 1194 4311 1307 4380; x_wconf 87' lang='lat' dir='ltr'><strong>ipsa</strong></span> <span class='ocrx_word' id='word_1_542' title='bbox 1352 4328 1469 4380; x_wconf 71' lang='lat' dir='ltr'><strong>qua:</strong></span> <span class='ocrx_word' id='word_1_543' title='bbox 1520 4328 1648 4368; x_wconf 89' lang='lat' dir='ltr'><strong>voce</strong></span> <span class='ocrx_word' id='word_1_544' title='bbox 1690 4312 1872 4382; x_wconf 91' lang='lat' dir='ltr'><strong>refert,</strong></span> <span class='ocrx_word' id='word_1_545' title='bbox 1916 4314 2298 4383; x_wconf 88' lang='lat' dir='ltr'><strong>perhorrescit.</strong></span> 
     </span>
    </p>
   </div>
   <div class='ocr_carea' id='block_1_76' title="bbox 715 4401 2300 4476">
    <p class='ocr_par' dir='ltr' id='par_1_76' title="bbox 715 4401 2300 4476">
     <span class='ocr_line' id='line_1_78' title="bbox 715 4401 2300 4476; baseline 0.005 -22"><span class='ocrx_word' id='word_1_546' title='bbox 715 4401 955 4468; x_wconf 82' lang='lat' dir='ltr'><strong>Quadam</strong></span> <span class='ocrx_word' id='word_1_547' title='bbox 1007 4402 1121 4456; x_wconf 83' lang='lat' dir='ltr'><strong>vice</strong></span> <span class='ocrx_word' id='word_1_548' title='bbox 1164 4401 1290 4456; x_wconf 89' lang='lat' dir='ltr'><strong>dum</strong></span> <span class='ocrx_word' id='word_1_549' title='bbox 1332 4404 1429 4458; x_wconf 88' lang='lat' dir='ltr'><strong>sibi</strong></span> <span class='ocrx_word' id='word_1_550' title='bbox 1476 4402 1611 4460; x_wconf 87' lang='lat' dir='ltr'><strong>latos</strong></span> <span class='ocrx_word' id='word_1_551' title='bbox 1660 4413 1769 4459; x_wconf 90' lang='lat' dir='ltr'><strong>tres</strong></span> <span class='ocrx_word' id='word_1_552' title='bbox 1815 4407 2043 4461; x_wconf 83' lang='lat' dir='ltr'><strong>circulos</strong></span> <span class='ocrx_word' id='word_1_553' title='bbox 2076 4407 2300 4476; x_wconf 85' lang='lat' dir='ltr'><strong>ferreos,</strong></span> 
     </span>
    </p>
   </div>
   <div class='ocr_carea' id='block_1_77' title="bbox 2411 3390 4016 3463">
    <p class='ocr_par' dir='ltr' id='par_1_77' title="bbox 2411 3390 4016 3463">
     <span class='ocr_line' id='line_1_79' title="bbox 2411 3390 4016 3463; baseline 0.006 -20"><span class='ocrx_word' id='word_1_554' title='bbox 2411 3391 2579 3459; x_wconf 86' lang='lat' dir='ltr'><strong>Quam</strong></span> <span class='ocrx_word' id='word_1_555' title='bbox 2608 3390 2730 3445; x_wconf 90' lang='lat' dir='ltr'><strong>licet</strong></span> <span class='ocrx_word' id='word_1_556' title='bbox 2750 3391 2904 3445; x_wconf 88' lang='lat' dir='ltr'><strong>tarde</strong></span> <span class='ocrx_word' id='word_1_557' title='bbox 2929 3400 3168 3456; x_wconf 79' lang='lat' dir='ltr'><strong>exorata,</strong></span> <span class='ocrx_word' id='word_1_558' title='bbox 3190 3391 3291 3446; x_wconf 86' lang='lat' dir='ltr'><strong>sibi</strong></span> <span class='ocrx_word' id='word_1_559' title='bbox 3319 3390 3445 3445; x_wconf 89' lang='lat' dir='ltr'><strong>fecit</strong></span> <span class='ocrx_word' id='word_1_560' title='bbox 3470 3394 3688 3447; x_wconf 84' lang='lat' dir='ltr'><strong>occurri</strong></span> <span class='ocrx_word' id='word_1_561' title='bbox 3738 3411 3840 3463; x_wconf 89' lang='lat' dir='ltr'><strong>per</strong></span> <span class='ocrx_word' id='word_1_562' title='bbox 3869 3408 4016 3452; x_wconf 74' lang='lat' dir='ltr'><strong>tetra:</strong></span> 
     </span>
    </p>
   </div>
   <div class='ocr_carea' id='block_1_78' title="bbox 2411 3483 4013 3556">
    <p class='ocr_par' dir='ltr' id='par_1_78' title="bbox 2411 3483 4013 3556">
     <span class='ocr_line' id='line_1_80' title="bbox 2411 3483 4013 3556; baseline 0.004 -19"><span class='ocrx_word' id='word_1_563' title='bbox 2411 3484 2581 3537; x_wconf 92' lang='lat' dir='ltr'><strong>noctis</strong></span> <span class='ocrx_word' id='word_1_564' title='bbox 2606 3484 2839 3538; x_wconf 85' lang='lat' dir='ltr'><strong>silentia.</strong></span> <span class='ocrx_word' id='word_1_565' title='bbox 2869 3484 3139 3539; x_wconf 84' lang='lat' dir='ltr'><strong>Prostrata</strong></span> <span class='ocrx_word' id='word_1_566' title='bbox 3170 3484 3322 3553; x_wconf 84' lang='lat' dir='ltr'><strong>cujus</strong></span> <span class='ocrx_word' id='word_1_567' title='bbox 3350 3483 3420 3539; x_wconf 87' lang='lat' dir='ltr'><strong>ad</strong></span> <span class='ocrx_word' id='word_1_568' title='bbox 3451 3499 3627 3553; x_wconf 78' lang='lat' dir='ltr'><strong>genua</strong></span> <span class='ocrx_word' id='word_1_569' title='bbox 3661 3495 3726 3541; x_wconf 92' lang='lat' dir='ltr'><strong>ut</strong></span> <span class='ocrx_word' id='word_1_570' title='bbox 3753 3488 4013 3556; x_wconf 73' lang='lat' dir='ltr'><strong>dignare-</strong></span> 
     </span>
    </p>
   </div>
   <div class='ocr_carea' id='block_1_79' title="bbox 2410 3575 4003 3647">
    <p class='ocr_par' dir='ltr' id='par_1_79' title="bbox 2410 3575 4003 3647">
     <span class='ocr_line' id='line_1_81' title="bbox 2410 3575 4003 3647; baseline 0.003 -17"><span class='ocrx_word' id='word_1_571' title='bbox 2410 3583 2496 3630; x_wconf 90' lang='lat' dir='ltr'><strong>tur</strong></span> <span class='ocrx_word' id='word_1_572' title='bbox 2539 3578 2727 3631; x_wconf 86' lang='lat' dir='ltr'><strong>oculos</strong></span> <span class='ocrx_word' id='word_1_573' title='bbox 2771 3578 2892 3646; x_wconf 82' lang='lat' dir='ltr'><strong>ejus</strong></span> <span class='ocrx_word' id='word_1_574' title='bbox 2921 3578 3150 3647; x_wconf 83' lang='lat' dir='ltr'><strong>signare,</strong></span> <span class='ocrx_word' id='word_1_575' title='bbox 3185 3577 3267 3631; x_wconf 86' lang='lat' dir='ltr'><strong>vix</strong></span> <span class='ocrx_word' id='word_1_576' title='bbox 3299 3575 3575 3644; x_wconf 84' lang='lat' dir='ltr'><strong>impetrat.</strong></span> <span class='ocrx_word' id='word_1_577' title='bbox 3633 3579 3772 3646; x_wconf 76' lang='lat' dir='ltr'><strong>Qua:</strong></span> <span class='ocrx_word' id='word_1_578' title='bbox 3795 3596 3923 3635; x_wconf 84' lang='lat' dir='ltr'><strong>mox</strong></span> <span class='ocrx_word' id='word_1_579' title='bbox 3947 3593 4003 3634; x_wconf 84' lang='lat' dir='ltr'><strong>ut</strong></span> 
     </span>
    </p>
   </div>
   <div class='ocr_carea' id='block_1_80' title="bbox 2410 3668 4008 3737">
    <p class='ocr_par' dir='ltr' id='par_1_80' title="bbox 2410 3668 4008 3737">
     <span class='ocr_line' id='line_1_82' title="bbox 2410 3668 4008 3737; baseline 0.003 -14"><span class='ocrx_word' id='word_1_580' title='bbox 2410 3669 2461 3723; x_wconf 91' lang='lat' dir='ltr'><strong>in</strong></span> <span class='ocrx_word' id='word_1_581' title='bbox 2496 3671 2709 3724; x_wconf 89' lang='lat' dir='ltr'><strong>nomine</strong></span> <span class='ocrx_word' id='word_1_582' title='bbox 2733 3668 2938 3724; x_wconf 87' lang='lat' dir='ltr'><strong>Christi</strong></span> <span class='ocrx_word' id='word_1_583' title='bbox 2970 3670 3177 3737; x_wconf 86' lang='lat' dir='ltr'><strong>signum</strong></span> <span class='ocrx_word' id='word_1_584' title='bbox 3220 3669 3395 3724; x_wconf 86' lang='lat' dir='ltr'><strong>crucis</strong></span> <span class='ocrx_word' id='word_1_585' title='bbox 3436 3670 3740 3735; x_wconf 81' lang='lat' dir='ltr'><strong>impressit,</strong></span> <span class='ocrx_word' id='word_1_586' title='bbox 3790 3677 4008 3729; x_wconf 69' lang='lat' dir='ltr'><strong>caecitas</strong></span> 
     </span>
    </p>
   </div>
   <div class='ocr_carea' id='block_1_81' title="bbox 2408 3758 4011 3833">
    <p class='ocr_par' dir='ltr' id='par_1_81' title="bbox 2408 3758 4011 3833">
     <span class='ocr_line' id='line_1_83' title="bbox 2408 3758 4011 3833; baseline 0.004 -19"><span class='ocrx_word' id='word_1_587' title='bbox 2408 3761 2561 3833; x_wconf 81' lang='lat' dir='ltr'><strong>fugit,</strong></span> <span class='ocrx_word' id='word_1_588' title='bbox 2589 3762 2674 3816; x_wconf 86' lang='lat' dir='ltr'><strong>lux</strong></span> <span class='ocrx_word' id='word_1_589' title='bbox 2706 3761 2881 3829; x_wconf 90' lang='lat' dir='ltr'><strong>rediit,</strong></span> <span class='ocrx_word' id='word_1_590' title='bbox 2911 3772 2967 3817; x_wconf 90' lang='lat' dir='ltr'><strong>et</strong></span> <span class='ocrx_word' id='word_1_591' title='bbox 3009 3771 3271 3816; x_wconf 86' lang='lat' dir='ltr'><strong>nocturno</strong></span> <span class='ocrx_word' id='word_1_592' title='bbox 3302 3763 3403 3816; x_wconf 87' lang='lat' dir='ltr'><strong>sub</strong></span> <span class='ocrx_word' id='word_1_593' title='bbox 3449 3758 3701 3832; x_wconf 75' lang='lat' dir='ltr'><strong>tempore</strong></span> <span class='ocrx_word' id='word_1_594' title='bbox 3736 3766 3893 3819; x_wconf 68' lang='lat' dir='ltr'><strong>orba:</strong></span> <span class='ocrx_word' id='word_1_595' title='bbox 3921 3766 4011 3821; x_wconf 88' lang='lat' dir='ltr'><strong>diu</strong></span> 
     </span>
    </p>
   </div>
   <div class='ocr_carea' id='block_1_82' title="bbox 2407 3854 4010 3922">
    <p class='ocr_par' dir='ltr' id='par_1_82' title="bbox 2407 3854 4010 3922">
     <span class='ocr_line' id='line_1_84' title="bbox 2407 3854 4010 3922; baseline 0.004 -14"><span class='ocrx_word' id='word_1_596' title='bbox 2407 3855 2523 3909; x_wconf 87' lang='lat' dir='ltr'><strong>dies</strong></span> <span class='ocrx_word' id='word_1_597' title='bbox 2550 3854 2738 3908; x_wconf 85' lang='lat' dir='ltr'><strong>inluxit</strong></span> <span class='ocrx_word' id='word_1_598' title='bbox 2757 3871 2774 3917; x_wconf 74' lang='grc' dir='ltr'><em>ς</em></span> <span class='ocrx_word' id='word_1_599' title='bbox 2796 3854 2870 3908; x_wconf 90' lang='lat' dir='ltr'><strong>ita</strong></span> <span class='ocrx_word' id='word_1_600' title='bbox 2895 3863 2955 3909; x_wconf 92' lang='lat' dir='ltr'><strong>ut</strong></span> <span class='ocrx_word' id='word_1_601' title='bbox 2979 3862 3144 3909; x_wconf 85' lang='lat' dir='ltr'><strong>tracta</strong></span> <span class='ocrx_word' id='word_1_602' title='bbox 3170 3869 3289 3909; x_wconf 91' lang='lat' dir='ltr'><strong>cum</strong></span> <span class='ocrx_word' id='word_1_603' title='bbox 3311 3855 3570 3922; x_wconf 85' lang='lat' dir='ltr'><strong>venisset,</strong></span> <span class='ocrx_word' id='word_1_604' title='bbox 3601 3856 3754 3911; x_wconf 85' lang='lat' dir='ltr'><strong>nullo</strong></span> <span class='ocrx_word' id='word_1_605' title='bbox 3777 3857 4010 3915; x_wconf 83' lang='lat' dir='ltr'><strong>ducente</strong></span> 
     </span>
    </p>
   </div>
   <div class='ocr_carea' id='block_1_83' title="bbox 2406 3945 2706 4001">
    <p class='ocr_par' dir='ltr' id='par_1_83' title="bbox 2406 3945 2706 4001">
     <span class='ocr_line' id='line_1_85' title="bbox 2406 3945 2706 4001; baseline -0.003 -1"><span class='ocrx_word' id='word_1_606' title='bbox 2406 3945 2706 4001; x_wconf 84' lang='lat' dir='ltr'><strong>recederet.</strong></span> 
     </span>
    </p>
   </div>
   <div class='ocr_carea' id='block_1_84' title="bbox 2475 4035 4004 4109">
    <p class='ocr_par' dir='ltr' id='par_1_84' title="bbox 2475 4035 4004 4109">
     <span class='ocr_line' id='line_1_86' title="bbox 2475 4035 4004 4109; baseline 0.002 -16"><span class='ocrx_word' id='word_1_607' title='bbox 2475 4036 2566 4093; x_wconf 72' lang='lat'><strong>28.</strong></span> <span class='ocrx_word' id='word_1_608' title='bbox 2619 4037 2746 4092; x_wconf 81' lang='lat' dir='ltr'><strong>Item</strong></span> <span class='ocrx_word' id='word_1_609' title='bbox 2775 4036 2948 4107; x_wconf 82' lang='lat' dir='ltr'><strong>puella</strong></span> <span class='ocrx_word' id='word_1_610' title='bbox 2973 4035 3269 4103; x_wconf 79' lang='lat' dir='ltr'><strong>Fraiﬁedis,</strong></span> <span class='ocrx_word' id='word_1_611' title='bbox 3298 4037 3517 4093; x_wconf 91' lang='lat' dir='ltr'><strong>inimico</strong></span> <span class='ocrx_word' id='word_1_612' title='bbox 3541 4038 3859 4109; x_wconf 84' lang='lat' dir='ltr'><strong>instigante,</strong></span> <span class='ocrx_word' id='word_1_613' title='bbox 3881 4042 4004 4096; x_wconf 86' lang='lat' dir='ltr'><strong>dum</strong></span> 
     </span>
    </p>
   </div>
   <div class='ocr_carea' id='block_1_85' title="bbox 2407 4131 4001 4199">
    <p class='ocr_par' dir='ltr' id='par_1_85' title="bbox 2407 4131 4001 4199">
     <span class='ocr_line' id='line_1_87' title="bbox 2407 4131 4001 4199; baseline 0.003 -16"><span class='ocrx_word' id='word_1_614' title='bbox 2407 4140 2747 4199; x_wconf 88' lang='lat' dir='ltr'><strong>torqueretur</strong></span> <span class='ocrx_word' id='word_1_615' title='bbox 2768 4139 2875 4183; x_wconf 89' lang='lat' dir='ltr'><strong>tam</strong></span> <span class='ocrx_word' id='word_1_616' title='bbox 2893 4131 3164 4197; x_wconf 86' lang='lat' dir='ltr'><strong>nequiter,</strong></span> <span class='ocrx_word' id='word_1_617' title='bbox 3188 4144 3367 4185; x_wconf 82' lang='lat' dir='ltr'><strong>sacras</strong></span> <span class='ocrx_word' id='word_1_618' title='bbox 3387 4131 3529 4185; x_wconf 88' lang='lat' dir='ltr'><strong>inter</strong></span> <span class='ocrx_word' id='word_1_619' title='bbox 3555 4146 3752 4187; x_wconf 87' lang='lat' dir='ltr'><strong>manus</strong></span> <span class='ocrx_word' id='word_1_620' title='bbox 3772 4146 4001 4198; x_wconf 66' lang='lat' dir='ltr'><strong>s-mctzr,</strong></span> 
     </span>
    </p>
   </div>
   <div class='ocr_carea' id='block_1_86' title="bbox 2406 4221 4005 4290">
    <p class='ocr_par' dir='ltr' id='par_1_86' title="bbox 2406 4221 4005 4290">
     <span class='ocr_line' id='line_1_88' title="bbox 2406 4221 4005 4290; baseline 0.003 -14"><span class='ocrx_word' id='word_1_621' title='bbox 2406 4236 2507 4277; x_wconf 90' lang='lat' dir='ltr'><strong>nec</strong></span> <span class='ocrx_word' id='word_1_622' title='bbox 2554 4222 2671 4275; x_wconf 87' lang='lat' dir='ltr'><strong>data</strong></span> <span class='ocrx_word' id='word_1_623' title='bbox 2729 4221 3004 4288; x_wconf 88' lang='lat' dir='ltr'><strong>dilatione,</strong></span> <span class='ocrx_word' id='word_1_624' title='bbox 3055 4221 3233 4276; x_wconf 80' lang='lat' dir='ltr'><strong>curari</strong></span> <span class='ocrx_word' id='word_1_625' title='bbox 3315 4224 3634 4290; x_wconf 90' lang='lat' dir='ltr'><strong>promeruit.</strong></span> <span class='ocrx_word' id='word_1_626' title='bbox 3700 4223 3813 4279; x_wconf 78' lang='lat' dir='ltr'><strong>Nec,</strong></span> <span class='ocrx_word' id='word_1_627' title='bbox 3873 4226 4005 4280; x_wconf 81' lang='lat' dir='ltr'><strong>illud</strong></span> 
     </span>
    </p>
   </div>
   <div class='ocr_carea' id='block_1_87' title="bbox 2406 4312 4003 4383">
    <p class='ocr_par' dir='ltr' id='par_1_87' title="bbox 2406 4312 4003 4383">
     <span class='ocr_line' id='line_1_89' title="bbox 2406 4312 4003 4383; baseline 0.003 -18"><span class='ocrx_word' id='word_1_628' title='bbox 2406 4319 2755 4381; x_wconf 69' lang='lat' dir='ltr'><strong>praetereatur</strong></span> <span class='ocrx_word' id='word_1_629' title='bbox 2793 4320 3006 4379; x_wconf 84' lang='lat' dir='ltr'><strong>tempus</strong></span> <span class='ocrx_word' id='word_1_630' title='bbox 3035 4313 3225 4379; x_wconf 62' lang='lat' dir='ltr'><strong>beatas,</strong></span> <span class='ocrx_word' id='word_1_631' title='bbox 3277 4312 3423 4382; x_wconf 87' lang='lat' dir='ltr'><strong>quod</strong></span> <span class='ocrx_word' id='word_1_632' title='bbox 3454 4313 3733 4383; x_wconf 68' lang='lat' dir='ltr'><strong>praestitit.</strong></span> <span class='ocrx_word' id='word_1_633' title='bbox 3782 4315 4003 4370; x_wconf 78' lang='lat' dir='ltr'><strong>Femina</strong></span> 
     </span>
    </p>
   </div>
   <div class='ocr_carea' id='block_1_88' title="bbox 2404 4404 4005 4476">
    <p class='ocr_par' dir='ltr' id='par_1_88' title="bbox 2404 4404 4005 4476">
     <span class='ocr_line' id='line_1_90' title="bbox 2404 4404 4005 4476; baseline 0.002 -17"><span class='ocrx_word' id='word_1_634' title='bbox 2404 4405 2649 4476; x_wconf 70' lang='lat' dir='ltr'><strong>qumdam</strong></span> <span class='ocrx_word' id='word_1_635' title='bbox 2683 4404 2938 4470; x_wconf 85' lang='lat' dir='ltr'><strong>Leubilis,</strong></span> <span class='ocrx_word' id='word_1_636' title='bbox 2962 4406 3088 4460; x_wconf 88' lang='lat' dir='ltr'><strong>dum</strong></span> <span class='ocrx_word' id='word_1_637' title='bbox 3114 4415 3395 4461; x_wconf 79' lang='lat' dir='ltr'><strong>vexaretur</strong></span> <span class='ocrx_word' id='word_1_638' title='bbox 3419 4406 3473 4460; x_wconf 90' lang='lat' dir='ltr'><strong>in</strong></span> <span class='ocrx_word' id='word_1_639' title='bbox 3503 4420 3632 4462; x_wconf 89' lang='lat' dir='ltr'><strong>rure</strong></span> <span class='ocrx_word' id='word_1_640' title='bbox 3660 4408 3729 4461; x_wconf 83' lang='lat' dir='ltr'><strong>ab</strong></span> <span class='ocrx_word' id='word_1_641' title='bbox 3749 4408 4005 4463; x_wconf 85' lang='lat' dir='ltr'><strong>adversa-</strong></span> 
     </span>
    </p>
   </div>
   <div class='ocr_carea' id='block_1_89' title="bbox 713 4616 3630 4713">
    <p class='ocr_par' dir='ltr' id='par_1_89' title="bbox 713 4616 3630 4713">
     <span class='ocr_line' id='line_1_91' title="bbox 713 4616 3630 4713; baseline -0.001 -17"><span class='ocrx_word' id='word_1_642' title='bbox 713 4642 918 4712; x_wconf 83' lang='lat' dir='ltr'><strong>qnando</strong></span> <span class='ocrx_word' id='word_1_643' title='bbox 947 4643 1114 4695; x_wconf 81' lang='lat' dir='ltr'><strong>mollis</strong></span> <span class='ocrx_word' id='word_1_644' title='bbox 1160 4642 1336 4707; x_wconf 77' lang='lat' dir='ltr'><strong>pluma</strong></span> <span class='ocrx_word' id='word_1_645' title='bbox 1379 4644 1590 4707; x_wconf 75' lang='lat' dir='ltr'><strong>fult-ivit,</strong></span> <span class='ocrx_word' id='word_1_646' title='bbox 1623 4662 1785 4713; x_wconf 67' lang='lat' dir='ltr'><strong>neque</strong></span> <span class='ocrx_word' id='word_1_647' title='bbox 1828 4646 2134 4699; x_wconf 75' lang='lat' dir='ltr'><strong>linteaminis</strong></span> <span class='ocrx_word' id='word_1_648' title='bbox 2163 4646 2297 4700; x_wconf 84' lang='lat' dir='ltr'><strong>nitor</strong></span> <span class='ocrx_word' id='word_1_649' title='bbox 2322 4616 2378 4679; x_wconf 65' lang='grc' dir='ltr'><strong><em>Β</em></strong></span> <span class='ocrx_word' id='word_1_650' title='bbox 2401 4641 2466 4697; x_wconf 90' lang='lat' dir='ltr'><strong>iis</strong></span> <span class='ocrx_word' id='word_1_651' title='bbox 2483 4655 2610 4713; x_wconf 68' lang='lat' dir='ltr'><strong>qua!</strong></span> <span class='ocrx_word' id='word_1_652' title='bbox 2637 4640 2866 4713; x_wconf 75' lang='lat' dir='ltr'><strong>diximus</strong></span> <span class='ocrx_word' id='word_1_653' title='bbox 2894 4641 2945 4713; x_wconf 91' lang='lat' dir='ltr'><strong>in</strong></span> <span class='ocrx_word' id='word_1_654' title='bbox 2979 4641 3094 4695; x_wconf 84' lang='lat' dir='ltr'><strong>Vita</strong></span> <span class='ocrx_word' id='word_1_655' title='bbox 3125 4641 3426 4709; x_wconf 79' lang='lat' dir='ltr'><strong>Fortunati,</strong></span> <span class='ocrx_word' id='word_1_656' title='bbox 3452 4658 3507 4713; x_wconf 85' lang='lat' dir='ltr'><strong>tt.</strong></span> <span class='ocrx_word' id='word_1_657' title='bbox 3539 4639 3630 4696; x_wconf 75' lang='grc'><strong>82.</strong></span> 
     </span>
    </p>
   </div>
   <div class='ocr_carea' id='block_1_90' title="bbox 713 4713 2299 4781">
    <p class='ocr_par' dir='ltr' id='par_1_90' title="bbox 713 4713 2299 4781">
     <span class='ocr_line' id='line_1_92' title="bbox 713 4713 2299 4781; baseline 0.002 -14"><span class='ocrx_word' id='word_1_658' title='bbox 713 4716 975 4769; x_wconf 67' lang='lat' dir='ltr'><strong>instruxit.</strong></span> <span class='ocrx_word' id='word_1_659' title='bbox 1022 4713 1315 4778; x_wconf 70' lang='lat' dir='ltr'><strong>&quot;unicam,</strong></span> <span class='ocrx_word' id='word_1_660' title='bbox 1345 4731 1444 4775; x_wconf 85' lang='lat' dir='ltr'><strong>qua</strong></span> <span class='ocrx_word' id='word_1_661' title='bbox 1487 4716 1747 4768; x_wconf 81' lang='lat' dir='ltr'><strong>brachium</strong></span> <span class='ocrx_word' id='word_1_662' title='bbox 1778 4719 2023 4781; x_wconf 59' lang='lat' dir='ltr'><strong>induerat,</strong></span> <span class='ocrx_word' id='word_1_663' title='bbox 2075 4734 2174 4769; x_wconf 85' lang='lat' dir='ltr'><strong>non</strong></span> <span class='ocrx_word' id='word_1_664' title='bbox 2204 4719 2299 4771; x_wconf 82' lang='lat' dir='ltr'><strong>Ita-</strong></span> 
     </span>
    </p>
   </div>
   <div class='ocr_carea' id='block_1_91' title="bbox 713 4786 2291 4855">
    <p class='ocr_par' dir='ltr' id='par_1_91' title="bbox 713 4786 2291 4855">
     <span class='ocr_line' id='line_1_93' title="bbox 713 4786 2291 4855; baseline 0.003 -16"><span class='ocrx_word' id='word_1_665' title='bbox 713 4786 881 4846; x_wconf 83' lang='lat' dir='ltr'><strong>bebat,</strong></span> <span class='ocrx_word' id='word_1_666' title='bbox 913 4786 1009 4838; x_wconf 73' lang='lat' dir='ltr'><strong>nisi</strong></span> <span class='ocrx_word' id='word_1_667' title='bbox 1038 4786 1173 4852; x_wconf 85' lang='lat' dir='ltr'><strong>quod</strong></span> <span class='ocrx_word' id='word_1_668' title='bbox 1199 4786 1258 4836; x_wconf 75' lang='lat' dir='ltr'><strong>dc</strong></span> <span class='ocrx_word' id='word_1_669' title='bbox 1285 4790 1452 4854; x_wconf 80' lang='lat' dir='ltr'><strong>caliga</strong></span> <span class='ocrx_word' id='word_1_670' title='bbox 1476 4804 1569 4840; x_wconf 83' lang='lat' dir='ltr'><strong>sua</strong></span> <span class='ocrx_word' id='word_1_671' title='bbox 1598 4787 1691 4839; x_wconf 71' lang='lat' dir='ltr'><strong>sibi</strong></span> <span class='ocrx_word' id='word_1_672' title='bbox 1736 4787 1862 4838; x_wconf 70' lang='lat' dir='ltr'><strong>duas</strong></span> <span class='ocrx_word' id='word_1_673' title='bbox 1891 4790 2007 4855; x_wconf 73' lang='lat' dir='ltr'><strong>[erit</strong></span> <span class='ocrx_word' id='word_1_674' title='bbox 2044 4790 2291 4843; x_wconf 77' lang='lat' dir='ltr'><strong>manicas.</strong></span> 
     </span>
    </p>
   </div>
   <div class='ocr_carea' id='block_1_92' title="bbox 714 4856 2293 4923">
    <p class='ocr_par' dir='ltr' id='par_1_92' title="bbox 714 4856 2293 4923">
     <span class='ocr_line' id='line_1_94' title="bbox 714 4856 2293 4923; baseline -0.001 -12"><span class='ocrx_word' id='word_1_675' title='bbox 714 4856 819 4911; x_wconf 75' lang='lat' dir='ltr'><strong>Sed</strong></span> <span class='ocrx_word' id='word_1_676' title='bbox 846 4856 917 4908; x_wconf 81' lang='lat' dir='ltr'><strong>ita</strong></span> <span class='ocrx_word' id='word_1_677' title='bbox 961 4872 1012 4908; x_wconf 77' lang='lat' dir='ltr'><strong>ac</strong></span> <span class='ocrx_word' id='word_1_678' title='bbox 1055 4858 1326 4920; x_wconf 81' lang='lat' dir='ltr'><strong>tractabat,</strong></span> <span class='ocrx_word' id='word_1_679' title='bbox 1367 4866 1419 4908; x_wconf 88' lang='lat' dir='ltr'><strong>ut</strong></span> <span class='ocrx_word' id='word_1_680' title='bbox 1467 4857 1575 4910; x_wconf 68' lang='lat' dir='ltr'><strong>Ita’c</strong></span> <span class='ocrx_word' id='word_1_681' title='bbox 1624 4874 1711 4909; x_wconf 67' lang='lat' dir='ltr'><strong>nec</strong></span> <span class='ocrx_word' id='word_1_682' title='bbox 1755 4859 2009 4910; x_wconf 80' lang='lat' dir='ltr'><strong>abbatissa</strong></span> <span class='ocrx_word' id='word_1_683' title='bbox 2059 4860 2293 4923; x_wconf 76' lang='lat' dir='ltr'><strong>sentiret;</strong></span> 
     </span>
    </p>
   </div>
   <div class='ocr_carea' id='block_1_93' title="bbox 712 4924 2294 4994">
    <p class='ocr_par' dir='ltr' id='par_1_93' title="bbox 712 4924 2294 4994">
     <span class='ocr_line' id='line_1_95' title="bbox 712 4924 2294 4994; baseline 0.004 -15"><span class='ocrx_word' id='word_1_684' title='bbox 712 4945 829 4994; x_wconf 65' lang='grc' dir='ltr'><strong>(μιν</strong></span> <span class='ocrx_word' id='word_1_685' title='bbox 862 4928 1078 4981; x_wconf 76' lang='lat' dir='ltr'><strong>desunt.</strong></span> <span class='ocrx_word' id='word_1_686' title='bbox 1104 4925 1155 4978; x_wconf 91' lang='lat' dir='ltr'><strong>in</strong></span> <span class='ocrx_word' id='word_1_687' title='bbox 1196 4924 1365 4980; x_wconf 89' lang='lat' dir='ltr'><strong>Codd.</strong></span> <span class='ocrx_word' id='word_1_688' title='bbox 1392 4943 1522 4983; x_wconf 91' lang='lat' dir='ltr'><strong>mss.</strong></span> <span class='ocrx_word' id='word_1_689' title='bbox 1554 4936 1609 4981; x_wconf 88' lang='lat' dir='ltr'><strong>et</strong></span> <span class='ocrx_word' id='word_1_690' title='bbox 1633 4943 1697 4981; x_wconf 89' lang='lat' dir='ltr'><strong>ex</strong></span> <span class='ocrx_word' id='word_1_691' title='bbox 1731 4929 1820 4981; x_wconf 92' lang='lat' dir='ltr'><strong>lib.</strong></span> <span class='ocrx_word' id='word_1_692' title='bbox 1851 4943 1905 4990; x_wconf 87' lang='grc' dir='ltr'><strong>ιι,</strong></span> <span class='ocrx_word' id='word_1_693' title='bbox 1935 4946 2079 4983; x_wconf 92' lang='lat' dir='ltr'><strong>num.</strong></span> <span class='ocrx_word' id='word_1_694' title='bbox 2114 4932 2171 4994; x_wconf 85' lang='lat'><strong>8,</strong></span> <span class='ocrx_word' id='word_1_695' title='bbox 2201 4931 2294 4985; x_wconf 88' lang='lat' dir='ltr'><strong>de-</strong></span> 
     </span>
    </p>
   </div>
   <div class='ocr_carea' id='block_1_94' title="bbox 712 4995 1274 5051">
    <p class='ocr_par' dir='ltr' id='par_1_94' title="bbox 712 4995 1274 5051">
     <span class='ocr_line' id='line_1_96' title="bbox 712 4995 1274 5051; baseline 0 -1"><span class='ocrx_word' id='word_1_696' title='bbox 712 5008 1011 5051; x_wconf 88' lang='lat' dir='ltr'><strong>sninuntur.</strong></span> <span class='ocrx_word' id='word_1_697' title='bbox 1048 4995 1274 5051; x_wconf 72' lang='lat' dir='ltr'><strong>Mitem.</strong></span> 
     </span>
    </p>
   </div>
   <div class='ocr_carea' id='block_1_95' title="bbox 786 5067 2294 5136">
    <p class='ocr_par' dir='ltr' id='par_1_95' title="bbox 786 5067 2294 5136">
     <span class='ocr_line' id='line_1_97' title="bbox 786 5067 2294 5136; baseline 0.005 -19"><span class='ocrx_word' id='word_1_698' title='bbox 786 5078 811 5104; x_wconf 82' lang='grc' dir='ltr'>ι</span> <span class='ocrx_word' id='word_1_699' title='bbox 840 5067 983 5119; x_wconf 84' lang='lat' dir='ltr'><strong>Alias</strong></span> <span class='ocrx_word' id='word_1_700' title='bbox 1010 5069 1453 5136; x_wconf 78' lang='lat' dir='ltr'><strong>Quulragesimas</strong></span> <span class='ocrx_word' id='word_1_701' title='bbox 1481 5068 1548 5123; x_wconf 91' lang='lat' dir='ltr'><strong>de</strong></span> <span class='ocrx_word' id='word_1_702' title='bbox 1579 5068 1993 5134; x_wconf 70' lang='lat' dir='ltr'><strong>Quadragesima</strong></span> <span class='ocrx_word' id='word_1_703' title='bbox 2025 5069 2294 5125; x_wconf 77' lang='lat' dir='ltr'><strong>Adventus</strong></span> 
     </span>
    </p>
   </div>
   <div class='ocr_carea' id='block_1_96' title="bbox 714 5137 2289 5207">
    <p class='ocr_par' dir='ltr' id='par_1_96' title="bbox 714 5137 2289 5207">
     <span class='ocr_line' id='line_1_98' title="bbox 714 5137 2289 5207; baseline 0.001 -16"><span class='ocrx_word' id='word_1_704' title='bbox 714 5137 923 5191; x_wconf 88' lang='lat' dir='ltr'><strong>Domini</strong></span> <span class='ocrx_word' id='word_1_705' title='bbox 956 5138 1176 5207; x_wconf 82' lang='lat' dir='ltr'><strong>ali.sque</strong></span> <span class='ocrx_word' id='word_1_706' title='bbox 1200 5139 1535 5205; x_wconf 78' lang='lat' dir='ltr'><strong>explicarunt</strong></span> <span class='ocrx_word' id='word_1_707' title='bbox 1562 5141 1649 5207; x_wconf 87' lang='lat' dir='ltr'><strong>qui</strong></span> <span class='ocrx_word' id='word_1_708' title='bbox 1680 5140 1891 5194; x_wconf 80' lang='lat' dir='ltr'><strong>Surtum</strong></span> <span class='ocrx_word' id='word_1_709' title='bbox 1937 5155 2289 5205; x_wconf 84' lang='lat' dir='ltr'><strong>recensuere;</strong></span> 
     </span>
    </p>
   </div>
   <div class='ocr_carea' id='block_1_97' title="bbox 713 5205 2293 5277">
    <p class='ocr_par' dir='ltr' id='par_1_97' title="bbox 713 5205 2293 5277">
     <span class='ocr_line' id='line_1_99' title="bbox 713 5205 2293 5277; baseline 0.003 -18"><span class='ocrx_word' id='word_1_710' title='bbox 713 5207 865 5261; x_wconf 85' lang='lat' dir='ltr'><strong>atde</strong></span> <span class='ocrx_word' id='word_1_711' title='bbox 911 5205 1029 5260; x_wconf 87' lang='lat' dir='ltr'><strong>aliis</strong></span> <span class='ocrx_word' id='word_1_712' title='bbox 1076 5209 1523 5277; x_wconf 69' lang='lat' dir='ltr'><strong>Quadragesimis,</strong></span> <span class='ocrx_word' id='word_1_713' title='bbox 1573 5205 1701 5276; x_wconf 84' lang='lat' dir='ltr'><strong>quas</strong></span> <span class='ocrx_word' id='word_1_714' title='bbox 1750 5221 1872 5263; x_wconf 91' lang='lat' dir='ltr'><strong>ante</strong></span> <span class='ocrx_word' id='word_1_715' title='bbox 1925 5209 2121 5263; x_wconf 76' lang='lat' dir='ltr'><strong>Pascha</strong></span> <span class='ocrx_word' id='word_1_716' title='bbox 2177 5223 2293 5277; x_wconf 90' lang='lat' dir='ltr'><strong>post</strong></span> 
     </span>
    </p>
   </div>
   <div class='ocr_carea' id='block_1_98' title="bbox 716 5278 2290 5344">
    <p class='ocr_par' dir='ltr' id='par_1_98' title="bbox 716 5278 2290 5344">
     <span class='ocr_line' id='line_1_100' title="bbox 716 5278 2290 5344; baseline 0.005 -17"><span class='ocrx_word' id='word_1_717' title='bbox 716 5280 938 5343; x_wconf 84' lang='lat' dir='ltr'><strong>primam</strong></span> <span class='ocrx_word' id='word_1_718' title='bbox 973 5278 1023 5329; x_wconf 93' lang='lat' dir='ltr'><strong>in</strong></span> <span class='ocrx_word' id='word_1_719' title='bbox 1057 5281 1286 5332; x_wconf 81' lang='lat' dir='ltr'><strong>claustro</strong></span> <span class='ocrx_word' id='word_1_720' title='bbox 1315 5282 1487 5340; x_wconf 63' lang='lat' dir='ltr'><strong>exi‘gtit</strong></span> <span class='ocrx_word' id='word_1_721' title='bbox 1536 5279 1901 5344; x_wconf 66' lang='lat' dir='ltr'><strong>Ratlepundis,</strong></span> <span class='ocrx_word' id='word_1_722' title='bbox 1933 5281 2073 5333; x_wconf 85' lang='lat' dir='ltr'><strong>hunc</strong></span> <span class='ocrx_word' id='word_1_723' title='bbox 2119 5284 2290 5335; x_wconf 87' lang='lat' dir='ltr'><strong>locum</strong></span> 
     </span>
    </p>
   </div>
   <div class='ocr_carea' id='block_1_99' title="bbox 713 5350 2287 5410">
    <p class='ocr_par' dir='ltr' id='par_1_99' title="bbox 713 5350 2287 5410">
     <span class='ocr_line' id='line_1_101' title="bbox 713 5350 2287 5410; baseline 0.001 -8"><span class='ocrx_word' id='word_1_724' title='bbox 713 5363 834 5402; x_wconf 85' lang='lat' dir='ltr'><strong>esse</strong></span> <span class='ocrx_word' id='word_1_725' title='bbox 865 5350 1315 5410; x_wconf 73' lang='lat' dir='ltr'><strong>interpretandum</strong></span> <span class='ocrx_word' id='word_1_726' title='bbox 1349 5360 1521 5403; x_wconf 86' lang='lat' dir='ltr'><strong>textus</strong></span> <span class='ocrx_word' id='word_1_727' title='bbox 1545 5351 1849 5404; x_wconf 82' lang='lat' dir='ltr'><strong>consecutio</strong></span> <span class='ocrx_word' id='word_1_728' title='bbox 1869 5352 2042 5405; x_wconf 89' lang='lat' dir='ltr'><strong>docet.</strong></span> <span class='ocrx_word' id='word_1_729' title='bbox 2063 5352 2287 5405; x_wconf 70' lang='grc' dir='ltr'><strong>ΜΑυιιι..</strong></span> 
     </span>
    </p>
   </div>
   <div class='ocr_carea' id='block_1_100' title="bbox 784 5418 2292 5488">
    <p class='ocr_par' dir='ltr' id='par_1_100' title="bbox 784 5418 2292 5488">
     <span class='ocr_line' id='line_1_102' title="bbox 784 5418 2292 5488; baseline 0.003 -17"><span class='ocrx_word' id='word_1_730' title='bbox 784 5424 809 5453; x_wconf 74' lang='grc'><strong><em>⁸³</em></strong></span> <span class='ocrx_word' id='word_1_731' title='bbox 847 5418 1168 5482; x_wconf 65' lang='grc' dir='ltr'><strong>Ρηςιίιιίιηιι,</strong></span> <span class='ocrx_word' id='word_1_732' title='bbox 1203 5422 1369 5483; x_wconf 85' lang='lat' dir='ltr'><strong>inquit</strong></span> <span class='ocrx_word' id='word_1_733' title='bbox 1404 5420 1590 5488; x_wconf 80' lang='lat' dir='ltr'><strong>Papias</strong></span> <span class='ocrx_word' id='word_1_734' title='bbox 1635 5423 1683 5473; x_wconf 90' lang='lat' dir='ltr'><strong>itt</strong></span> <span class='ocrx_word' id='word_1_735' title='bbox 1722 5422 1995 5485; x_wconf 77' lang='lat' dir='ltr'><strong>\&#39;m:ahul.,</strong></span> <span class='ocrx_word' id='word_1_736' title='bbox 2029 5432 2099 5475; x_wconf 62' lang='lat' dir='ltr'><strong>est</strong></span> <span class='ocrx_word' id='word_1_737' title='bbox 2130 5426 2292 5476; x_wconf 55' lang='lat' dir='ltr'><strong>(alvus</strong></span> 
     </span>
    </p>
   </div>
   <div class='ocr_carea' id='block_1_101' title="bbox 713 5491 2289 5559">
    <p class='ocr_par' dir='ltr' id='par_1_101' title="bbox 713 5491 2289 5559">
     <span class='ocr_line' id='line_1_103' title="bbox 713 5491 2289 5559; baseline 0.003 -18"><span class='ocrx_word' id='word_1_738' title='bbox 713 5491 922 5550; x_wconf 84' lang='lat' dir='ltr'><strong>ostium,</strong></span> <span class='ocrx_word' id='word_1_739' title='bbox 957 5491 1144 5541; x_wconf 84' lang='lat' dir='ltr'><strong>dictum</strong></span> <span class='ocrx_word' id='word_1_740' title='bbox 1172 5492 1305 5558; x_wconf 83' lang='lat' dir='ltr'><strong>quod</strong></span> <span class='ocrx_word' id='word_1_741' title='bbox 1334 5505 1579 5544; x_wconf 73' lang='lat' dir='ltr'><strong>remotum</strong></span> <span class='ocrx_word' id='word_1_742' title='bbox 1608 5494 1670 5544; x_wconf 83' lang='lat' dir='ltr'><strong>sit</strong></span> <span class='ocrx_word' id='word_1_743' title='bbox 1695 5509 1724 5542; x_wconf 82' lang='grc' dir='ltr'><em>α</em></span> <span class='ocrx_word' id='word_1_744' title='bbox 1754 5491 1971 5548; x_wconf 76' lang='lat' dir='ltr'><strong>publica.</strong></span> <span class='ocrx_word' id='word_1_745' title='bbox 2004 5491 2208 5559; x_wconf 65' lang='lat' dir='ltr'><strong>Smpins</strong></span> <span class='ocrx_word' id='word_1_746' title='bbox 2239 5493 2289 5545; x_wconf 87' lang='lat' dir='ltr'><strong>itt</strong></span> 
     </span>
    </p>
   </div>
   <div class='ocr_carea' id='block_1_102' title="bbox 716 5561 2287 5630">
    <p class='ocr_par' dir='ltr' id='par_1_102' title="bbox 716 5561 2287 5630">
     <span class='ocr_line' id='line_1_104' title="bbox 716 5561 2287 5630; baseline 0.004 -19"><span class='ocrx_word' id='word_1_747' title='bbox 716 5561 1015 5627; x_wconf 82' lang='lat' dir='ltr'><strong>posteriore</strong></span> <span class='ocrx_word' id='word_1_748' title='bbox 1046 5561 1239 5613; x_wconf 72' lang='lat' dir='ltr'><strong>azdium</strong></span> <span class='ocrx_word' id='word_1_749' title='bbox 1273 5573 1419 5623; x_wconf 85' lang='lat' dir='ltr'><strong>parte</strong></span> <span class='ocrx_word' id='word_1_750' title='bbox 1452 5564 1702 5614; x_wconf 88' lang='lat' dir='ltr'><strong>locatum.</strong></span> <span class='ocrx_word' id='word_1_751' title='bbox 1733 5562 2037 5614; x_wconf 76' lang='lat' dir='ltr'><strong>l’osticiaria</strong></span> <span class='ocrx_word' id='word_1_752' title='bbox 2067 5574 2146 5614; x_wconf 70' lang='lat' dir='ltr'><strong>ost</strong></span> <span class='ocrx_word' id='word_1_753' title='bbox 2169 5578 2287 5630; x_wconf 75' lang='lat' dir='ltr'><strong>quae</strong></span> 
     </span>
    </p>
   </div>
   <div class='ocr_carea' id='block_1_103' title="bbox 715 5630 2290 5699">
    <p class='ocr_par' dir='ltr' id='par_1_103' title="bbox 715 5630 2290 5699">
     <span class='ocr_line' id='line_1_105' title="bbox 715 5630 2290 5699; baseline 0.002 -17"><span class='ocrx_word' id='word_1_754' title='bbox 715 5645 891 5684; x_wconf 77' lang='lat' dir='ltr'><strong>curam</strong></span> <span class='ocrx_word' id='word_1_755' title='bbox 925 5630 1083 5681; x_wconf 85' lang='lat' dir='ltr'><strong>habet</strong></span> <span class='ocrx_word' id='word_1_756' title='bbox 1122 5632 1403 5697; x_wconf 82' lang='lat' dir='ltr'><strong>recipiendi</strong></span> <span class='ocrx_word' id='word_1_757' title='bbox 1435 5650 1495 5684; x_wconf 74' lang='lat' dir='ltr'><strong>ea</strong></span> <span class='ocrx_word' id='word_1_758' title='bbox 1528 5650 1644 5699; x_wconf 68' lang='lat' dir='ltr'><strong>qua:</strong></span> <span class='ocrx_word' id='word_1_759' title='bbox 1696 5636 1743 5684; x_wconf 91' lang='lat' dir='ltr'><strong>in</strong></span> <span class='ocrx_word' id='word_1_760' title='bbox 1789 5648 1971 5683; x_wconf 77' lang='lat' dir='ltr'><strong>inuitas</strong></span> <span class='ocrx_word' id='word_1_761' title='bbox 2001 5636 2165 5687; x_wconf 81' lang='lat' dir='ltr'><strong>eriuiu</strong></span> <span class='ocrx_word' id='word_1_762' title='bbox 2198 5634 2290 5685; x_wconf 82' lang='lat' dir='ltr'><strong>de-</strong></span> 
     </span>
    </p>
   </div>
   <div class='ocr_carea' id='block_1_104' title="bbox 719 5704 2284 5768">
    <p class='ocr_par' dir='ltr' id='par_1_104' title="bbox 719 5704 2284 5768">
     <span class='ocr_line' id='line_1_106' title="bbox 719 5704 2284 5768; baseline 0.004 -19"><span class='ocrx_word' id='word_1_763' title='bbox 719 5712 1012 5763; x_wconf 85' lang='lat' dir='ltr'><strong>portantur,</strong></span> <span class='ocrx_word' id='word_1_764' title='bbox 1035 5711 1086 5752; x_wconf 82' lang='lat' dir='ltr'><strong>ct</strong></span> <span class='ocrx_word' id='word_1_765' title='bbox 1111 5704 1497 5755; x_wconf 65' lang='lat' dir='ltr'><strong>transmittcudi</strong></span> <span class='ocrx_word' id='word_1_766' title='bbox 1524 5720 1588 5768; x_wconf 85' lang='lat' dir='ltr'><strong>qu</strong></span> <span class='ocrx_word' id='word_1_767' title='bbox 1612 5723 1636 5753; x_wconf 87' lang='grc' dir='ltr'><strong>ι·</strong></span> <span class='ocrx_word' id='word_1_768' title='bbox 1662 5704 2111 5765; x_wconf 66' lang='lat' dir='ltr'><strong>transmittuntur,</strong></span> <span class='ocrx_word' id='word_1_769' title='bbox 2131 5704 2284 5768; x_wconf 72' lang='lat' dir='ltr'><strong>vulgo</strong></span> 
     </span>
    </p>
   </div>
   <div class='ocr_carea' id='block_1_105' title="bbox 718 5771 2287 5842">
    <p class='ocr_par' dir='ltr' id='par_1_105' title="bbox 718 5771 2287 5842">
     <span class='ocr_line' id='line_1_107' title="bbox 718 5771 2287 5842; baseline 0.004 -20"><span class='ocrx_word' id='word_1_770' title='bbox 718 5771 763 5842; x_wconf 82' lang='lat' dir='ltr'><strong>ia</strong></span> <span class='ocrx_word' id='word_1_771' title='bbox 797 5772 1036 5833; x_wconf 63' lang='lat' dir='ltr'><strong>tourii&#39;te,</strong></span> <span class='ocrx_word' id='word_1_772' title='bbox 1066 5782 1116 5822; x_wconf 82' lang='lat' dir='ltr'><strong>ut</strong></span> <span class='ocrx_word' id='word_1_773' title='bbox 1156 5772 1435 5824; x_wconf 59' lang='lat' dir='ltr'><strong>Monunius</strong></span> <span class='ocrx_word' id='word_1_774' title='bbox 1478 5783 1657 5825; x_wconf 61' lang='lat' dir='ltr'><strong>nost-r</strong></span> <span class='ocrx_word' id='word_1_775' title='bbox 1696 5774 1881 5842; x_wconf 86' lang='lat' dir='ltr'><strong>probat</strong></span> <span class='ocrx_word' id='word_1_776' title='bbox 1926 5776 1977 5827; x_wconf 90' lang='lat' dir='ltr'><strong>in</strong></span> <span class='ocrx_word' id='word_1_777' title='bbox 2021 5774 2287 5828; x_wconf 81' lang='lat' dir='ltr'><strong>Concord.</strong></span> 
     </span>
    </p>
   </div>
   <div class='ocr_carea' id='block_1_106' title="bbox 715 5841 1617 5907">
    <p class='ocr_par' dir='ltr' id='par_1_106' title="bbox 715 5841 1617 5907">
     <span class='ocr_line' id='line_1_108' title="bbox 715 5841 1617 5907; baseline 0.002 -15"><span class='ocrx_word' id='word_1_778' title='bbox 715 5841 926 5901; x_wconf 61' lang='lat' dir='ltr'><strong>lit«gttl.,</strong></span> <span class='ocrx_word' id='word_1_779' title='bbox 954 5856 1066 5905; x_wconf 86' lang='lat' dir='ltr'><strong>cap.</strong></span> <span class='ocrx_word' id='word_1_780' title='bbox 1095 5844 1179 5900; x_wconf 76' lang='lat' dir='ltr'><strong>lil.</strong></span> <span class='ocrx_word' id='word_1_781' title='bbox 1215 5844 1239 5907; x_wconf 62' lang='grc' dir='ltr'><strong>ξ</strong></span> <span class='ocrx_word' id='word_1_782' title='bbox 1278 5843 1356 5895; x_wconf 66' lang='grc'><strong>34.</strong></span> <span class='ocrx_word' id='word_1_783' title='bbox 1391 5844 1617 5899; x_wconf 61' lang='grc' dir='ltr'><strong>Μλειιιη</strong></span> 
     </span>
    </p>
   </div>
   <div class='ocr_carea' id='block_1_107' title="bbox 790 5912 2288 5987">
    <p class='ocr_par' dir='ltr' id='par_1_107' title="bbox 790 5912 2288 5987">
     <span class='ocr_line' id='line_1_109' title="bbox 790 5912 2288 5987; baseline 0.004 -20"><span class='ocrx_word' id='word_1_784' title='bbox 790 5924 809 5949; x_wconf 72' lang='grc' dir='ltr'><em>ε</em></span> <span class='ocrx_word' id='word_1_785' title='bbox 854 5912 989 5979; x_wconf 75' lang='lat' dir='ltr'><strong>Quid</strong></span> <span class='ocrx_word' id='word_1_786' title='bbox 1022 5914 1196 5968; x_wconf 74' lang='lat' dir='ltr'><strong>veniat</strong></span> <span class='ocrx_word' id='word_1_787' title='bbox 1220 5915 1438 5972; x_wconf 83' lang='lat' dir='ltr'><strong>nomine</strong></span> <span class='ocrx_word' id='word_1_788' title='bbox 1465 5918 1769 5972; x_wconf 63' lang='lat' dir='ltr'><strong>Arelatensis</strong></span> <span class='ocrx_word' id='word_1_789' title='bbox 1799 5916 2005 5987; x_wconf 80' lang='lat' dir='ltr'><strong>rcgula’,</strong></span> <span class='ocrx_word' id='word_1_790' title='bbox 2038 5916 2187 5974; x_wconf 82' lang='lat' dir='ltr'><strong>disce</strong></span> <span class='ocrx_word' id='word_1_791' title='bbox 2218 5931 2288 5973; x_wconf 85' lang='lat' dir='ltr'><strong>ex</strong></span> 
     </span>
    </p>
   </div>
   <div class='ocr_carea' id='block_1_108' title="bbox 2470 4711 4003 4781">
    <p class='ocr_par' dir='ltr' id='par_1_108' title="bbox 2470 4711 4003 4781">
     <span class='ocr_line' id='line_1_110' title="bbox 2470 4711 4003 4781; baseline 0.003 -16"><span class='ocrx_word' id='word_1_792' title='bbox 2470 4711 2495 4750; x_wconf 77' lang='grc' dir='ltr'><strong>ιι</strong></span> <span class='ocrx_word' id='word_1_793' title='bbox 2518 4711 2769 4765; x_wconf 69' lang='grc' dir='ltr'><strong>Βοιιίιηά.</strong></span> <span class='ocrx_word' id='word_1_794' title='bbox 2800 4712 2876 4765; x_wconf 84' lang='lat' dir='ltr'><strong>sic</strong></span> <span class='ocrx_word' id='word_1_795' title='bbox 2905 4712 3067 4780; x_wconf 84' lang='lat' dir='ltr'><strong>legit:</strong></span> <span class='ocrx_word' id='word_1_796' title='bbox 3106 4713 3175 4766; x_wconf 85' lang='lat' dir='ltr'><strong>ad</strong></span> <span class='ocrx_word' id='word_1_797' title='bbox 3224 4729 3397 4766; x_wconf 72' lang='lat' dir='ltr'><strong>omnes</strong></span> <span class='ocrx_word' id='word_1_798' title='bbox 3436 4712 3656 4781; x_wconf 76' lang='lat' dir='ltr'><strong>faciebat</strong></span> <span class='ocrx_word' id='word_1_799' title='bbox 3687 4712 4003 4769; x_wconf 74' lang='lat' dir='ltr'><strong>humanita-</strong></span> 
     </span>
    </p>
   </div>
   <div class='ocr_carea' id='block_1_109' title="bbox 2401 4783 3378 4851">
    <p class='ocr_par' dir='ltr' id='par_1_109' title="bbox 2401 4783 3378 4851">
     <span class='ocr_line' id='line_1_111' title="bbox 2401 4783 3378 4851; baseline -0.001 -15"><span class='ocrx_word' id='word_1_800' title='bbox 2401 4794 2497 4838; x_wconf 80' lang='lat' dir='ltr'><strong>tem</strong></span> <span class='ocrx_word' id='word_1_801' title='bbox 2524 4783 2865 4847; x_wconf 75' lang='lat' dir='ltr'><strong>sanctissima,</strong></span> <span class='ocrx_word' id='word_1_802' title='bbox 2897 4785 3049 4851; x_wconf 72' lang='lat' dir='ltr'><strong>pedes</strong></span> <span class='ocrx_word' id='word_1_803' title='bbox 3085 4785 3248 4848; x_wconf 72' lang='lat' dir='ltr'><strong>lavas,</strong></span> <span class='ocrx_word' id='word_1_804' title='bbox 3271 4792 3378 4837; x_wconf 90' lang='lat' dir='ltr'><strong>etc.</strong></span> 
     </span>
    </p>
   </div>
   <div class='ocr_carea' id='block_1_110' title="bbox 2472 4854 4002 4924">
    <p class='ocr_par' dir='ltr' id='par_1_110' title="bbox 2472 4854 4002 4924">
     <span class='ocr_line' id='line_1_112' title="bbox 2472 4854 4002 4924; baseline 0.001 -17"><span class='ocrx_word' id='word_1_805' title='bbox 2472 4858 2495 4885; x_wconf 73' lang='grc' dir='ltr'><strong>ο</strong></span> <span class='ocrx_word' id='word_1_806' title='bbox 2537 4854 2805 4918; x_wconf 86' lang='lat' dir='ltr'><strong>Bollatnl.,</strong></span> <span class='ocrx_word' id='word_1_807' title='bbox 2860 4854 3083 4908; x_wconf 80' lang='lat' dir='ltr'><strong>intulerit</strong></span> <span class='ocrx_word' id='word_1_808' title='bbox 3134 4855 3266 4923; x_wconf 75' lang='lat' dir='ltr'><strong>ipsa.</strong></span> <span class='ocrx_word' id='word_1_809' title='bbox 3310 4856 3395 4920; x_wconf 83' lang='lat' dir='ltr'><strong>qui</strong></span> <span class='ocrx_word' id='word_1_810' title='bbox 3423 4870 3543 4907; x_wconf 68' lang='lat' dir='ltr'><strong>voca</strong></span> <span class='ocrx_word' id='word_1_811' title='bbox 3569 4855 3744 4923; x_wconf 77' lang='lat' dir='ltr'><strong>refert,</strong></span> <span class='ocrx_word' id='word_1_812' title='bbox 3775 4859 4002 4924; x_wconf 56' lang='lat' dir='ltr'><strong>patior-</strong></span> 
     </span>
    </p>
   </div>
   <div class='ocr_carea' id='block_1_111' title="bbox 2397 4925 4004 4982">
    <p class='ocr_par' dir='ltr' id='par_1_111' title="bbox 2397 4925 4004 4982">
     <span class='ocr_line' id='line_1_113' title="bbox 2397 4925 4004 4982; baseline 0.002 -4"><span class='ocrx_word' id='word_1_813' title='bbox 2397 4926 2570 4981; x_wconf 83' lang='lat' dir='ltr'><strong>rcscit.</strong></span> <span class='ocrx_word' id='word_1_814' title='bbox 2630 4925 2723 4979; x_wconf 87' lang='lat' dir='ltr'><strong>llic</strong></span> <span class='ocrx_word' id='word_1_815' title='bbox 2750 4925 2880 4979; x_wconf 88' lang='lat' dir='ltr'><strong>mihi</strong></span> <span class='ocrx_word' id='word_1_816' title='bbox 2912 4926 3132 4978; x_wconf 78' lang='lat' dir='ltr'><strong>indicari</strong></span> <span class='ocrx_word' id='word_1_817' title='bbox 3166 4926 3375 4977; x_wconf 87' lang='lat' dir='ltr'><strong>videtur</strong></span> <span class='ocrx_word' id='word_1_818' title='bbox 3422 4926 3865 4981; x_wconf 86' lang='lat' dir='ltr'><strong>sanctimonialis</strong></span> <span class='ocrx_word' id='word_1_819' title='bbox 3893 4929 4004 4982; x_wconf 81' lang='lat' dir='ltr'><strong>ali-</strong></span> 
     </span>
    </p>
   </div>
   <div class='ocr_carea' id='block_1_112' title="bbox 2396 4995 3692 5066">
    <p class='ocr_par' dir='ltr' id='par_1_112' title="bbox 2396 4995 3692 5066">
     <span class='ocr_line' id='line_1_114' title="bbox 2396 4995 3692 5066; baseline -0.001 -18"><span class='ocrx_word' id='word_1_820' title='bbox 2396 5011 2517 5066; x_wconf 78' lang='lat' dir='ltr'><strong>qua,</strong></span> <span class='ocrx_word' id='word_1_821' title='bbox 2548 5011 2701 5062; x_wconf 90' lang='lat' dir='ltr'><strong>aqua</strong></span> <span class='ocrx_word' id='word_1_822' title='bbox 2736 4996 2847 5048; x_wconf 78' lang='lat' dir='ltr'><strong>hzec</strong></span> <span class='ocrx_word' id='word_1_823' title='bbox 2877 4995 3041 5049; x_wconf 85' lang='lat' dir='ltr'><strong>relata</strong></span> <span class='ocrx_word' id='word_1_824' title='bbox 3072 4995 3323 5049; x_wconf 82' lang='lat' dir='ltr'><strong>audiebat</strong></span> <span class='ocrx_word' id='word_1_825' title='bbox 3350 4995 3692 5050; x_wconf 46' lang='lat' dir='ltr'><strong>Fortunatus.</strong></span> 
     </span>
    </p>
   </div>
   <div class='ocr_carea' id='block_1_113' title="bbox 2473 5065 4002 5134">
    <p class='ocr_par' dir='ltr' id='par_1_113' title="bbox 2473 5065 4002 5134">
     <span class='ocr_line' id='line_1_115' title="bbox 2473 5065 4002 5134; baseline 0.004 -18"><span class='ocrx_word' id='word_1_826' title='bbox 2473 5065 2490 5103; x_wconf 69' lang='grc' dir='ltr'><em>τ</em></span> <span class='ocrx_word' id='word_1_827' title='bbox 2534 5067 2669 5132; x_wconf 88' lang='lat' dir='ltr'><strong>Quid</strong></span> <span class='ocrx_word' id='word_1_828' title='bbox 2695 5068 2761 5119; x_wconf 87' lang='lat' dir='ltr'><strong>sit</strong></span> <span class='ocrx_word' id='word_1_829' title='bbox 2791 5066 3131 5134; x_wconf 78' lang='lat' dir='ltr'><strong>Aqnammtile</strong></span> <span class='ocrx_word' id='word_1_830' title='bbox 3176 5066 3432 5119; x_wconf 75' lang='lat' dir='ltr'><strong>discimus</strong></span> <span class='ocrx_word' id='word_1_831' title='bbox 3460 5083 3523 5119; x_wconf 88' lang='lat' dir='ltr'><strong>ex</strong></span> <span class='ocrx_word' id='word_1_832' title='bbox 3556 5066 3754 5120; x_wconf 83' lang='lat' dir='ltr'><strong>Ordine</strong></span> <span class='ocrx_word' id='word_1_833' title='bbox 3791 5068 4002 5121; x_wconf 80' lang='lat' dir='ltr'><strong>Roma-</strong></span> 
     </span>
    </p>
   </div>
   <div class='ocr_carea' id='block_1_114' title="bbox 2399 5137 4000 5207">
    <p class='ocr_par' dir='ltr' id='par_1_114' title="bbox 2399 5137 4000 5207">
     <span class='ocr_line' id='line_1_116' title="bbox 2399 5137 4000 5207; baseline 0.003 -18"><span class='ocrx_word' id='word_1_834' title='bbox 2399 5153 2485 5197; x_wconf 85' lang='lat' dir='ltr'><strong>no,</strong></span> <span class='ocrx_word' id='word_1_835' title='bbox 2516 5139 2601 5189; x_wconf 79' lang='lat' dir='ltr'><strong>uni</strong></span> <span class='ocrx_word' id='word_1_836' title='bbox 2624 5137 2731 5207; x_wconf 88' lang='lat' dir='ltr'><strong>agit</strong></span> <span class='ocrx_word' id='word_1_837' title='bbox 2753 5139 2979 5204; x_wconf 77' lang='lat' dir='ltr'><strong>qualiter</strong></span> <span class='ocrx_word' id='word_1_838' title='bbox 2999 5137 3376 5191; x_wconf 84' lang='lat' dir='ltr'><strong>celebrandum</strong></span> <span class='ocrx_word' id='word_1_839' title='bbox 3400 5137 3470 5207; x_wconf 88' lang='lat' dir='ltr'><strong>sit</strong></span> <span class='ocrx_word' id='word_1_840' title='bbox 3490 5137 3727 5190; x_wconf 78' lang='lat' dir='ltr'><strong>ofﬁcium</strong></span> <span class='ocrx_word' id='word_1_841' title='bbox 3763 5141 3958 5192; x_wconf 67' lang='lat' dir='ltr'><strong>missae</strong></span> <span class='ocrx_word' id='word_1_842' title='bbox 3986 5159 4000 5194; x_wconf 90' lang='lat'><strong>:</strong></span> 
     </span>
    </p>
   </div>
   <div class='ocr_carea' id='block_1_115' title="bbox 2396 5206 4003 5273">
    <p class='ocr_par' dir='ltr' id='par_1_115' title="bbox 2396 5206 4003 5273">
     <span class='ocr_line' id='line_1_117' title="bbox 2396 5206 4003 5273; baseline 0.005 -14"><span class='ocrx_word' id='word_1_843' title='bbox 2396 5206 2748 5273; x_wconf 79' lang='lat' dir='ltr'><strong>Aquamanile,</strong></span> <span class='ocrx_word' id='word_1_844' title='bbox 2789 5209 2883 5259; x_wconf 83' lang='lat' dir='ltr'><strong>ltoc</strong></span> <span class='ocrx_word' id='word_1_845' title='bbox 2934 5217 3006 5260; x_wconf 75' lang='lat' dir='ltr'><strong>eat</strong></span> <span class='ocrx_word' id='word_1_846' title='bbox 3065 5223 3149 5260; x_wconf 73' lang='lat' dir='ltr'><strong>ras</strong></span> <span class='ocrx_word' id='word_1_847' title='bbox 3195 5206 3457 5271; x_wconf 80' lang='lat' dir='ltr'><strong>manuale,</strong></span> <span class='ocrx_word' id='word_1_848' title='bbox 3518 5208 3685 5272; x_wconf 71' lang='lat' dir='ltr'><strong>pelvis</strong></span> <span class='ocrx_word' id='word_1_849' title='bbox 3726 5212 4003 5267; x_wconf 85' lang='lat' dir='ltr'><strong>nimirum</strong></span> 
     </span>
    </p>
   </div>
   <div class='ocr_carea' id='block_1_116' title="bbox 2395 5278 4000 5346">
    <p class='ocr_par' dir='ltr' id='par_1_116' title="bbox 2395 5278 4000 5346">
     <span class='ocr_line' id='line_1_118' title="bbox 2395 5278 4000 5346; baseline 0.004 -17"><span class='ocrx_word' id='word_1_850' title='bbox 2395 5290 2548 5346; x_wconf 81' lang='lat' dir='ltr'><strong>aptus</strong></span> <span class='ocrx_word' id='word_1_851' title='bbox 2572 5278 2900 5345; x_wconf 71' lang='lat' dir='ltr'><strong>exeipieudis</strong></span> <span class='ocrx_word' id='word_1_852' title='bbox 2933 5280 3085 5345; x_wconf 86' lang='lat' dir='ltr'><strong>aquis</strong></span> <span class='ocrx_word' id='word_1_853' title='bbox 3110 5294 3170 5330; x_wconf 73' lang='lat' dir='ltr'><strong>ev</strong></span> <span class='ocrx_word' id='word_1_854' title='bbox 3203 5292 3454 5330; x_wconf 88' lang='lat' dir='ltr'><strong>manuum</strong></span> <span class='ocrx_word' id='word_1_855' title='bbox 3491 5280 3707 5331; x_wconf 82' lang='lat' dir='ltr'><strong>iulittt.e.</strong></span> <span class='ocrx_word' id='word_1_856' title='bbox 3744 5278 4000 5335; x_wconf 73' lang='lat' dir='ltr'><strong>Isidorus</strong></span> 
     </span>
    </p>
   </div>
   <div class='ocr_carea' id='block_1_117' title="bbox 2397 5348 4004 5419">
    <p class='ocr_par' dir='ltr' id='par_1_117' title="bbox 2397 5348 4004 5419">
     <span class='ocr_line' id='line_1_119' title="bbox 2397 5348 4004 5419; baseline 0 -18"><span class='ocrx_word' id='word_1_857' title='bbox 2397 5350 2487 5402; x_wconf 93' lang='lat' dir='ltr'><strong>lib.</strong></span> <span class='ocrx_word' id='word_1_858' title='bbox 2519 5364 2553 5400; x_wconf 90' lang='lat' dir='ltr'><strong>tt</strong></span> <span class='ocrx_word' id='word_1_859' title='bbox 2581 5348 2760 5415; x_wconf 79' lang='lat' dir='ltr'><strong>Ol&#39;lic.,</strong></span> <span class='ocrx_word' id='word_1_860' title='bbox 2785 5361 2903 5419; x_wconf 78' lang='lat' dir='ltr'><strong>cap.</strong></span> <span class='ocrx_word' id='word_1_861' title='bbox 2931 5350 2998 5402; x_wconf 73' lang='lat' dir='ltr'><strong>ill</strong></span> <span class='ocrx_word' id='word_1_862' title='bbox 3030 5352 3138 5401; x_wconf 80' lang='lat' dir='ltr'><strong>:Ab</strong></span> <span class='ocrx_word' id='word_1_863' title='bbox 3165 5348 3526 5401; x_wconf 82' lang='lat' dir='ltr'><strong>archidiacono</strong></span> <span class='ocrx_word' id='word_1_864' title='bbox 3554 5351 3810 5419; x_wconf 67' lang='lat' dir='ltr'><strong>scyphum</strong></span> <span class='ocrx_word' id='word_1_865' title='bbox 3842 5368 4004 5419; x_wconf 69' lang='lat' dir='ltr'><strong>aqu</strong></span> 
     </span>
    </p>
   </div>
   <div class='ocr_carea' id='block_1_118' title="bbox 2395 5418 4003 5492">
    <p class='ocr_par' dir='ltr' id='par_1_118' title="bbox 2395 5418 4003 5492">
     <span class='ocr_line' id='line_1_120' title="bbox 2395 5418 4003 5492; baseline 0.005 -22"><span class='ocrx_word' id='word_1_866' title='bbox 2395 5435 2510 5471; x_wconf 79' lang='lat' dir='ltr'><strong>cum</strong></span> <span class='ocrx_word' id='word_1_867' title='bbox 2533 5418 2843 5492; x_wconf 81' lang='lat' dir='ltr'><strong>aquamanili</strong></span> <span class='ocrx_word' id='word_1_868' title='bbox 2868 5430 2912 5471; x_wconf 84' lang='lat' dir='ltr'><strong>et</strong></span> <span class='ocrx_word' id='word_1_869' title='bbox 2946 5422 3316 5492; x_wconf 80' lang='lat' dir='ltr'><strong>titanutergiuut</strong></span> <span class='ocrx_word' id='word_1_870' title='bbox 3342 5419 3642 5492; x_wconf 71' lang='lat' dir='ltr'><strong>accipimus.</strong></span> <span class='ocrx_word' id='word_1_871' title='bbox 3685 5418 3836 5492; x_wconf 63' lang='lat' dir='ltr'><strong>Diale</strong></span> <span class='ocrx_word' id='word_1_872' title='bbox 3867 5418 4003 5492; x_wconf 78' lang='lat' dir='ltr'><strong>ergo</strong></span> 
     </span>
    </p>
   </div>
   <div class='ocr_carea' id='block_1_119' title="bbox 2396 5490 3997 5558">
    <p class='ocr_par' dir='ltr' id='par_1_119' title="bbox 2396 5490 3997 5558">
     <span class='ocr_line' id='line_1_121' title="bbox 2396 5490 3997 5558; baseline 0.006 -18"><span class='ocrx_word' id='word_1_873' title='bbox 2396 5491 2730 5558; x_wconf 83' lang='lat' dir='ltr'><strong>aquamattilc</strong></span> <span class='ocrx_word' id='word_1_874' title='bbox 2779 5504 2898 5543; x_wconf 89' lang='lat' dir='ltr'><strong>cum</strong></span> <span class='ocrx_word' id='word_1_875' title='bbox 2934 5490 3152 5544; x_wconf 86' lang='lat' dir='ltr'><strong>urceolo</strong></span> <span class='ocrx_word' id='word_1_876' title='bbox 3184 5490 3226 5543; x_wconf 27' lang='lat' dir='ltr'><strong>&#39;a</strong></span> <span class='ocrx_word' id='word_1_877' title='bbox 3280 5490 3556 5543; x_wconf 87' lang='lat' dir='ltr'><strong>nonnullis</strong></span> <span class='ocrx_word' id='word_1_878' title='bbox 3605 5490 3997 5551; x_wconf 59' lang='lat' dir='ltr'><strong>cminnditui.</strong></span> 
     </span>
    </p>
   </div>
   <div class='ocr_carea' id='block_1_120' title="bbox 2396 5561 2619 5615">
    <p class='ocr_par' dir='ltr' id='par_1_120' title="bbox 2396 5561 2619 5615">
     <span class='ocr_line' id='line_1_122' title="bbox 2396 5561 2619 5615; baseline 0.009 -2"><span class='ocrx_word' id='word_1_879' title='bbox 2396 5561 2619 5615; x_wconf 73' lang='lat' dir='ltr'><strong>MARILL.</strong></span> 
     </span>
    </p>
   </div>
   <div class='ocr_carea' id='block_1_121' title="bbox 2467 5630 4007 5697">
    <p class='ocr_par' dir='ltr' id='par_1_121' title="bbox 2467 5630 4007 5697">
     <span class='ocr_line' id='line_1_123' title="bbox 2467 5630 4007 5697; baseline -0.004 -13"><span class='ocrx_word' id='word_1_880' title='bbox 2467 5640 2492 5678; x_wconf 75' lang='grc' dir='ltr'>ε</span> <span class='ocrx_word' id='word_1_881' title='bbox 2538 5632 2609 5686; x_wconf 86' lang='lat' dir='ltr'><strong>De</strong></span> <span class='ocrx_word' id='word_1_882' title='bbox 2632 5630 2773 5683; x_wconf 84' lang='lat' dir='ltr'><strong>Bella</strong></span> <span class='ocrx_word' id='word_1_883' title='bbox 2796 5631 2920 5685; x_wconf 86' lang='lat' dir='ltr'><strong>item</strong></span> <span class='ocrx_word' id='word_1_884' title='bbox 2947 5645 3108 5697; x_wconf 68' lang='lat' dir='ltr'><strong>raaca,</strong></span> <span class='ocrx_word' id='word_1_885' title='bbox 3131 5638 3315 5685; x_wconf 86' lang='lat' dir='ltr'><strong>sanata</strong></span> <span class='ocrx_word' id='word_1_886' title='bbox 3339 5632 3405 5683; x_wconf 89' lang='lat' dir='ltr'><strong>ad</strong></span> <span class='ocrx_word' id='word_1_887' title='bbox 3428 5631 3729 5697; x_wconf 86' lang='lat' dir='ltr'><strong>sepulcrum</strong></span> <span class='ocrx_word' id='word_1_888' title='bbox 3765 5631 3838 5688; x_wconf 89' lang='lat' dir='ltr'><strong>S.</strong></span> <span class='ocrx_word' id='word_1_889' title='bbox 3866 5633 4007 5691; x_wconf 70' lang='lat' dir='ltr'><strong>Mar.</strong></span> 
     </span>
    </p>
   </div>
   <div class='ocr_carea' id='block_1_122' title="bbox 2397 5701 4002 5772">
    <p class='ocr_par' dir='ltr' id='par_1_122' title="bbox 2397 5701 4002 5772">
     <span class='ocr_line' id='line_1_124' title="bbox 2397 5701 4002 5772; baseline 0.003 -19"><span class='ocrx_word' id='word_1_890' title='bbox 2397 5701 2490 5755; x_wconf 91' lang='lat' dir='ltr'><strong>tini</strong></span> <span class='ocrx_word' id='word_1_891' title='bbox 2520 5714 2693 5755; x_wconf 87' lang='lat' dir='ltr'><strong>narrat</strong></span> <span class='ocrx_word' id='word_1_892' title='bbox 2727 5702 2888 5769; x_wconf 65' lang='grc' dir='ltr'><strong>(ἴε-ρει.</strong></span> <span class='ocrx_word' id='word_1_893' title='bbox 2920 5702 3116 5755; x_wconf 89' lang='lat' dir='ltr'><strong>Turon.</strong></span> <span class='ocrx_word' id='word_1_894' title='bbox 3154 5703 3245 5755; x_wconf 89' lang='lat' dir='ltr'><strong>lih.</strong></span> <span class='ocrx_word' id='word_1_895' title='bbox 3277 5718 3292 5755; x_wconf 94' lang='lat' dir='ltr'><strong>t</strong></span> <span class='ocrx_word' id='word_1_896' title='bbox 3322 5703 3389 5754; x_wconf 85' lang='lat' dir='ltr'><strong>de</strong></span> <span class='ocrx_word' id='word_1_897' title='bbox 3416 5701 3598 5756; x_wconf 77' lang='lat' dir='ltr'><strong>Mirae.</strong></span> <span class='ocrx_word' id='word_1_898' title='bbox 3650 5703 3707 5754; x_wconf 85' lang='lat' dir='ltr'><strong>S.</strong></span> <span class='ocrx_word' id='word_1_899' title='bbox 3743 5702 4002 5772; x_wconf 76' lang='lat' dir='ltr'><strong>Martini,</strong></span> 
     </span>
    </p>
   </div>
   <div class='ocr_carea' id='block_1_123' title="bbox 2393 5772 4002 5839">
    <p class='ocr_par' dir='ltr' id='par_1_123' title="bbox 2393 5772 4002 5839">
     <span class='ocr_line' id='line_1_125' title="bbox 2393 5772 4002 5839; baseline 0.005 -15"><span class='ocrx_word' id='word_1_900' title='bbox 2393 5789 2509 5839; x_wconf 79' lang='lat' dir='ltr'><strong>cap,</strong></span> <span class='ocrx_word' id='word_1_901' title='bbox 2547 5775 2631 5830; x_wconf 74' lang='lat' dir='ltr'><strong>ill.</strong></span> <span class='ocrx_word' id='word_1_902' title='bbox 2659 5790 2823 5830; x_wconf 71' lang='lat' dir='ltr'><strong>caque</strong></span> <span class='ocrx_word' id='word_1_903' title='bbox 2858 5773 3020 5826; x_wconf 68' lang='lat' dir='ltr'><strong>fuisse</strong></span> <span class='ocrx_word' id='word_1_904' title='bbox 3064 5773 3261 5827; x_wconf 83' lang='lat' dir='ltr'><strong>dicitur</strong></span> <span class='ocrx_word' id='word_1_905' title='bbox 3287 5772 3354 5826; x_wconf 86' lang='lat' dir='ltr'><strong>de</strong></span> <span class='ocrx_word' id='word_1_906' title='bbox 3381 5772 3652 5826; x_wconf 81' lang='lat' dir='ltr'><strong>territorio</strong></span> <span class='ocrx_word' id='word_1_907' title='bbox 3681 5772 4002 5832; x_wconf 77' lang='lat' dir='ltr'><strong>Turmtico.</strong></span> 
     </span>
    </p>
   </div>
   <div class='ocr_carea' id='block_1_124' title="bbox 2396 5844 4005 5968">
    <p class='ocr_par' dir='ltr' id='par_1_124' title="bbox 2396 5844 4005 5968">
     <span class='ocr_line' id='line_1_126' title="bbox 2396 5844 4005 5915; baseline 0.006 -20"><span class='ocrx_word' id='word_1_908' title='bbox 2396 5845 2519 5896; x_wconf 71' lang='lat' dir='ltr'><strong>llrec</strong></span> <span class='ocrx_word' id='word_1_909' title='bbox 2572 5846 2669 5896; x_wconf 77' lang='lat' dir='ltr'><strong>alia</strong></span> <span class='ocrx_word' id='word_1_910' title='bbox 2704 5844 2865 5898; x_wconf 72' lang='lat' dir='ltr'><strong>fuisse</strong></span> <span class='ocrx_word' id='word_1_911' title='bbox 2908 5845 3129 5899; x_wconf 84' lang='lat' dir='ltr'><strong>dicenda</strong></span> <span class='ocrx_word' id='word_1_912' title='bbox 3180 5852 3260 5901; x_wconf 82' lang='lat' dir='ltr'><strong>est</strong></span> <span class='ocrx_word' id='word_1_913' title='bbox 3292 5855 3450 5913; x_wconf 80' lang='lat' dir='ltr'><strong>atque</strong></span> <span class='ocrx_word' id='word_1_914' title='bbox 3502 5844 3589 5898; x_wconf 87' lang='lat' dir='ltr'><strong>illa</strong></span> <span class='ocrx_word' id='word_1_915' title='bbox 3624 5846 3692 5897; x_wconf 88' lang='lat' dir='ltr'><strong>de</strong></span> <span class='ocrx_word' id='word_1_916' title='bbox 3735 5861 3861 5915; x_wconf 83' lang='lat' dir='ltr'><strong>qua</strong></span> <span class='ocrx_word' id='word_1_917' title='bbox 3921 5851 4005 5905; x_wconf 84' lang='lat' dir='ltr'><strong>hic</strong></span> 
     </span>
     <span class='ocr_line' id='line_1_127' title="bbox 2399 5913 2736 5968; baseline 0 0"><span class='ocrx_word' id='word_1_918' title='bbox 2399 5913 2736 5968; x_wconf 77' lang='lat' dir='ltr'><strong>Fortunatus.</strong></span> 
     </span>
    </p>
   </div>
   <div class='ocr_carea' id='block_1_125' title="bbox 2426 5914 2736 5971">
    <p class='ocr_par' dir='ltr' id='par_1_125' title="bbox 2426 5914 2736 5971">
     <span class='ocr_line' id='line_1_128' title="bbox 2426 5914 2736 5971; baseline 0.003 -1"><span class='ocrx_word' id='word_1_919' title='bbox 2426 5914 2736 5971; x_wconf 70' lang='lat' dir='ltr'><strong>&#39;ortuuatus.</strong></span> 
     </span>
    </p>
   </div>
  </div>
