4192 6562
162 389 259 447 509

1232 401 1390 454 Vle
1437 401 1491 456 s.
1537 394 1990 462 RADEGUNDIS
2032 409 2342 466 uectum.

3328 410 3436 477 διο

163 513 235 568 rio
257 511 510 580 graviter,
541 510 788 580 sequenti
816 509 903 566 die
924 523 1103 567 sancta
1135 523 1341 580 orante,
1378 531 1513 569 nma
1545 516 1740 570 Christi
1765 521 1816 580 Δ
1847 520 2011 574 dilato
2043 524 2300 589 remedio,
2354 524 2682 594 carpentarii
2728 526 3007 595 cujusdam
3055 543 3213 595 uxor,
3246 533 3276 571 δ
3305 533 3435 589 dum

163 604 428 659 contione
458 604 510 658 in
557 606 798 674 srapnla,
845 615 1096 680 crepante
1124 614 1246 660 cute
1295 616 1345 659 ct
1388 623 1568 663 verme
1602 607 1742 663 foras

162 707 401 764 exeunte,
428 709 556 750 sana
596 704 678 750 est
722 696 924 750 reddita
948 696 1188 766 publice;
1224 707 1275 750 ct
1303 696 1475 766 ipsum
1507 714 1742 752 vermem

164 793 364 847 calca-ns
393 792 526 860 pede
553 792 773 847 liberata
803 807 859 846 se
883 792 1084 846 retulit.

225 885 313 940 29.
358 885 491 939 Illud
548 885 688 953 quod
742 885 908 954 gessit
956 883 1007 937 in
1064 893 1272 939 secreto
1339 884 1641 954 proferatur
1689 885 1743 940 in

165 980 430 1046 populum.
481 976 736 1031 Monaclm
793 976 1036 1046 quaedam
1065 985 1174 1030 toto
1207 993 1344 1030 anno
1377 978 1425 1029 in
1457 976 1541 1031 die
1569 981 1740 1046 gelata

163 1074 371 1142 lrigore,
406 1087 501 1140 per
529 1084 741 1126 noctem
773 1081 1009 1126 cremata
1064 1072 1193 1140 igni,
1227 1087 1314 1125 sex
1344 1074 1620 1125 mensibus
1646 1089 1744 1128 nec

161 1179 395 1236 gressum
427 1181 669 1232 movens,
730 1182 848 1220 cum
879 1165 1082 1234 juceret
1129 1167 1410 1231 (ιχτιιιίιιιὶέ,
1459 1176 1655 1220 sancta:
1677 1166 1744 1220 de

159 1259 268 1327 ejus
294 1259 603 1313 inﬁrmitate
629 1273 782 1312 sor0r
824 1259 994 1314 altera
1028 1260 1312 1314 nuntiavit.
1376 1259 1441 1314 Et
1467 1261 1590 1331 qu‘a
1623 1274 1743 1328 pcr-

163 1349 329 1404 iuanis
356 1359 521 1414 esset,
555 1352 782 1420 tepidam
819 1349 931 1404 ﬁeri
993 1352 1267 1420 pra-cepit,
1295 1353 1458 1420 ipsam
1489 1361 1741 1420 aegrotant

161 1445 220 1495 ait
244 1458 300 1496 se
333 1442 456 1497 facit
482 1443 532 1496 in
571 1443 759 1498 cellula
811 1443 1105 1514 deportari,
1140 1455 1191 1498 et
1237 1447 1284 1496 in
1322 1443 1494 1512 tepida
1527 1443 1742 1511 deponi.

163 1535 286 1589 llinc
307 1536 460 1604 jubet
488 1550 677 1590 omnes
710 1538 996 1604 removeri,
1042 1550 1354 1590 remanente
1396 1545 1599 1590 tantum
1631 1535 1741 1588 sola

159 1631 308 1684 simul
324 1642 522 1700 ;egr0ta
538 1646 662 1685 cum
678 1631 882 1686 medica
902 1631 1014 1686 fere
1035 1648 1124 1700 per
1141 1632 1296 1685 lioras
1313 1633 1462 1685 duas.
1479 1631 1745 1697 Quantum

159 1731 232 1773 est
253 1723 493 1791 corporis
509 1721 678 1776 forma
708 1739 733 1774 η
759 1724 933 1793 capite
956 1739 1121 1793 usque
1154 1724 1217 1776 ad
1252 1723 1508 1793 plantam,
1535 1723 1743 1777 infirma

160 1813 391 1867 membra
417 1815 762 1884 combajulat.
820 1815 1020 1872 Dehinc
1048 1834 1154 1887 quo
1185 1834 1374 1871 manus
1425 1817 1742 1886 attingebat,

1847 612 2088 682 plurimis
2120 615 2305 668 diebus
2337 629 2700 683 energumeno
2724 628 3083 687 torqueretur,
3110 626 3428 680 venerabilis

1846 706 1960 775 ejus
1989 705 2257 762 abbatissa
2283 718 2304 746 ε
2333 709 2651 779 joculariter
2679 710 2808 765 dicit
2830 711 2895 765 ad
2927 723 3166 766 sanctam
3193 731 3206 769 :
3233 713 3429 782 Crede,

1844 807 2035 862 mater,
2069 803 2477 855 excommunico
2511 810 2582 871 te,
2613 802 2660 856 si
2684 802 2821 857 intra
2846 804 2947 859 hoc
2976 805 3208 861 triduum
3237 809 3430 864 mulier

1845 889 1959 942 ltzcc
1984 891 2050 944 ab
2081 889 2233 945 hoste
2267 902 2488 962 purgata
2521 909 2626 948 non
2664 893 2921 952 redditur.
2954 897 3102 952 Dixit
3127 901 3304 969 plane,
3337 902 3432 956 sed

1845 980 1970 1035 fecit
2016 996 2250 1038 sanctam
2306 987 2583 1041 mulierem
2614 989 2823 1043 occulte
2874 989 3144 1046 reficiendi
3181 999 3426 1060 tempore

1847 1078 2210 1145 ptrnitenteut.
2270 1079 2421 1145 Quod
2453 1095 2516 1134 ne
2545 1096 2816 1137 moremur
2867 1082 2989 1159 quid
3045 1093 3220 1138 actum
3246 1085 3334 1152 sit,
3359 1088 3438 1141 al-

1849 1181 1958 1224 tera
1992 1171 2098 1236 die,
2147 1183 2328 1227 sancta
2378 1183 2629 1240 precante
2684 1176 3024 1231 adversarius
3078 1177 3292 1244 rugiens
3343 1193 3436 1246 per

1846 1279 2026 1316 aurem
2056 1266 2357 1334 egrediens,
2413 1268 2652 1321 invusum
2683 1269 2956 1321 vasculum
2987 1268 3205 1333 deserit,
3238 1271 3433 1324 mulier

1847 1373 1965 1410 cum
1997 1360 2185 1411 marito
2235 1375 2420 1423 δοειιεε
2477 1362 2615 1415 redit
2645 1361 2954 1429 hospitium.
3003 1361 3109 1417 Nec
3137 1362 3266 1415 illud
3301 1378 3429 1430 ναιέ-

1852 1461 2084 1504 tereatur
2113 1451 2252 1520 quod
2284 1463 2365 1506 est
2408 1463 2585 1507 artum
2632 1453 2984 1510 simillimum.
3040 1453 3212 1523 Rogat
3241 1455 3436 1510 beatfs—

1848 1544 1982 1596 sima
2013 1543 2078 1598 de
2112 1545 2226 1597 loco
2259 1561 2356 1598 suo
2381 1545 2538 1601 evelli
2565 1550 2812 1602 arborem
2838 1549 3065 1602 validam
3098 1549 3253 1604 lauri.
3285 1559 3340 1603 et
3368 1551 3433 1602 ad

1849 1655 1995 1691 suam
2038 1639 2282 1692 cellulam
2312 1655 2408 1708 pro
2431 1639 2763 1709 jocuiiditate
2819 1641 3113 1695 transferri.
3151 1642 3264 1708 Quo
3296 1641 3436 1696 facto

1851 1733 2228 1802 transplantata
2279 1751 2382 1788 non
2438 1734 2745 1789 ailliterente
2799 1735 2998 1800 radice,
3047 1735 3106 1788 fit
3156 1743 3264 1789 tota
3295 1735 3435 1789 loliis

1849 1827 2015 1879 arida.
2048 1826 2141 1880 Cui
2177 1827 2445 1880 abbatissa
2465 1825 2774 1897 joculariter
2801 1828 3046 1895 imputat,
3067 1826 3170 1880 nisi
3192 1835 3437 1882 exoratet

159 1907 388 1974 ίυὲίευεη
432 1906 588 1963 (101οΓ
632 1909 700 1963 de
746 1909 986 1978 Ιθηὲξυίιιπ
1015 1929 1027 1974 ;
1060 1922 1111 1963 ει
1140 1928 1298 1978 «tuum
1330 1910 1448 1963 (illa?
1480 1912 1744 1978 ιιειιυδυθο
1777 1893 1824 1955 Β
1853 1930 1908 1972 υι
1935 1919 2092 1972 arbor
2123 1930 2275 1972 terra:
2329 1893 2650 1983 adiuereret,
2709 1936 2765 1973 se
2794 1919 2862 1974 de
2880 1893 3013 1974 icibo
3059 1918 3432 1987 suspenderet.

161 2008 292 2063 rant,
328 2002 455 2055 exiit
486 2001 716 2057 salubris
747 2004 813 2058 de
842 2005 1036 2070 tepida.
1064 2008 1191 2070 Qua:
1223 2007 1400 2058 viuum
1435 2019 1531 2058 nec
1557 2004 1745 2056 odora-

161 2094 261 2155 luit,
297 2095 524 2162 accepit,
559 2094 712 2159 bibit,
744 2101 799 2149 et
825 2095 1017 2150 refecta
1074 2107 1174 2149 est.
1230 2096 1365 2164 Quid
1427 2096 1610 2164 plura?
1657 2110 1743 2149 se-

159 2187 334 2252 q'Ie..Ii
379 2187 464 2241 die
535 2201 657 2241 cum
724 2189 833 2257 jam
888 2201 1194 2256 speraretur
1251 2188 1364 2262 [pro
1416 2187 1746 2260 crcderetur]

156 2279 382 2346 migrare
414 2281 481 2336 de
501 2283 718 2349 sarculo,
749 2286 889 2336 salva
920 2284 1180 2350 processit
1208 2284 1258 2337 in
1286 2282 1583 2352 publicum.

225 2377 313 2429 50.
355 2376 653 2444 Adjiciatur
708 2379 849 2433 laudi
925 2378 1068 2448 quod
1121 2396 1225 2434 non
1279 2380 1483 2451 deperit
1531 2379 1743 2434 metito.

159 2469 343 2524 Mulier
370 2471 617 2540 quaedam
648 2472 770 2525 dum
806 2473 1005 2526 inimiri
1039 2473 1307 2528 invasione
1345 2474 1575 2544 graviter
1601 2473 1746 2526 labo-

158 2574 319 2628 reret,
352 2575 407 2617 ct
437 2566 523 2618 vix
556 2565 620 2618 ad
643 2577 883 2620 sanctam
924 2568 1220 2633 potuissent
1249 2566 1460 2621 hostem
1491 2566 1746 2620 rebellem

157 2655 445 2719 adducere,
495 2657 719 2724 imperat
769 2658 1077 2714 adversario
1105 2669 1161 2714 ut
1189 2674 1248 2715 se
1272 2675 1370 2714 suo
1403 2674 1522 2714 cum
1556 2662 1747 2714 timore

161 2760 462 2812 μινηιςεηιυ
494 2760 876 2817 prosterneret.
917 2749 1037 2806 Mox
1069 2753 1133 2805 ad
1167 2751 1335 2807 beatae
1363 2766 1668 2806 sermonem
1695 2753 1745 2805 in

159 2850 354 2894 terram
402 2857 461 2896 se
513 2841 794 2911 dejiciens,
853 2846 940 2914 qui
988 2845 1277 2900 timebatur
1335 2844 1600 2900 extimuit.
1650 2844 1746 2898 Cui

153 2943 337 2986 sancta
392 2935 544 3002 plena
603 2934 705 2991 tide
750 2952 868 2991 cum
918 2931 1180 2992 calcasset
1220 2937 1270 2991 in
1319 2938 1550 3002 cervice,
1598 2935 1748 2989 fluxu

154 3028 360 3083 ventris
389 3044 637 3094 egressus
673 3037 777 3084 est.
803 3028 903 3085 Est
931 3040 982 3085 et
1014 3031 1066 3085 in
1099 3030 1258 3086 rebus
1296 3030 1532 3085 minimis
1560 3046 1746 3096 magna

155 3119 326 3186 gloria
383 3120 670 3178 Creatoris.
729 3123 865 3192 lfrgo
937 3136 1065 3179 casu
1125 3139 1246 3178 cum
1299 3123 1529 3193 glomus,
1588 3139 1746 3193 quem

151 3224 338 3268 sancta
405 3214 667 3281 iilaverat,
721 3216 1077 3286 perpenderet
1121 3215 1189 3272 de
1239 3232 1472 3283 camera,
1530 3218 1749 3272 veniens

151 3323 316 3362 sorex
339 3317 402 3362 ut
432 3317 692 3377 tangeret,
719 3322 1004 3382 antequam
1025 3311 1173 3368 filum
1201 3311 1485 3379 incideret,
1509 3323 1752 3368 mortuus

155 3399 209 3454 in
241 3416 431 3456 morsu
463 3403 738 3471 pependit.

226 3493 320 3548 51.
361 3495 636 3550 lnseratur
681 3497 828 3566 operi
865 3513 950 3553 res
980 3508 1087 3553 tam
1115 3509 1275 3568 mgna
1316 3494 1593 3553 miraculo.
1628 3498 1751 3554 Flo-

154 3585 302 3651 rcjus
339 3585 565 3654 quidam
619 3587 858 3654 nomine,
909 3585 1070 3644 homo
1119 3587 1360 3657 ejusdem
1403 3601 1625 3655 sanetae,
1658 3604 1754 3658 pro

154 3678 460 3745 piscatione
489 3680 620 3734 dum
654 3683 706 3736 in
732 3697 884 3738 mare
911 3691 1196 3754 satageret,
1249 3684 1442 3738 oborto
1474 3687 1752 3739 ventorum

153 3770 396 3835 turbine,
454 3770 727 3847 ﬂuctuum,
755 3785 1008 3844 surgente
1061 3776 1236 3842 mole,
1270 3784 1297 3813 ⁸
1327 3793 1427 3832 nec
1458 3787 1563 3830 tam
1594 3786 1753 3831 nauta

149 3863 468 3919 seiuiuante
498 3863 783 3937 [sentinam
809 3867 1078 3938 ejicieutej
1116 3884 1273 3938 quam
1306 3869 1441 3922 unda
1474 3884 1757 3936 superver-

149 3965 337 4022 gente,
369 3971 498 4012 cum
530 3957 680 4011 navis
713 3957 868 4025 plena
917 3959 1372 4030 subutergeretur,
1416 3959 1468 4014 in
1501 3959 1757 4014 estretni-

149 4057 262 4100 tate
291 4049 498 4102 damst
529 4066 540 4100 :
573 4048 769 4104 Sancta
796 4049 1158 4119 Itadegnudis,
1184 4052 1307 4103 dum
1335 4052 1428 4105 tibi
1453 4052 1756 4116 obedimus,

150 4139 645 4194 noiisubsidamus
694 4141 1005 4212 naufragio;
1041 4145 1136 4198 sed
1185 4143 1368 4198 o‘btine
1416 4143 1553 4212 apud
1585 4143 1758 4198 Deum

149 4243 208 4285 ut
236 4233 539 4287 liberemur
566 4234 634 4287 de
657 4236 863 4303 pelago.
898 4236 1014 4303 Quo
1034 4235 1200 4302 dicto,
1228 4253 1356 4290 mox
1388 4238 1564 4306 fugata
1594 4237 1760 4304 nube,

147 4331 359 4384 reddita
392 4327 705 4389 serenitate.
745 4329 885 4382 unda
906 4328 1158 4394 cadente,
1175 4342 1335 4397 pora
1357 4330 1609 4383 surrexit.

215 4424 312 4477 3'2.
357 4423 536 4485 Goda,
591 4423 768 4491 puella
809 4423 1107 4488 secuturis,
1157 4432 1277 4491 post
1323 4420 1434 4477 Deo
1497 4421 1760 4476 monacha

143 4521 424 4583 serviens,
458 4517 588 4570 dum
612 4518 770 4586 longo
800 4517 900 4571 sub
931 4513 1172 4586 tempore
1202 4525 1340 4570 tecto
1381 4515 1573 4570 ﬂebilis
1596 4514 1758 4570 decu-

1780 3267 1828 3332 C

1849 2012 1997 2079 Quod
2033 2028 2135 2066 non
2165 2011 2393 2066 inaniter
2422 2013 2618 2066 dictum
2655 2022 2737 2066 est
2765 2028 2777 2064 :
2811 2012 2941 2066 Nam
2974 2023 3155 2066 saneta
3208 2012 3438 2067 interce-

1848 2104 2025 2166 dente,
2054 2101 2211 2167 foliis,
2245 2102 2428 2166 ramis,
2459 2102 2660 2167 radice,
2691 2103 2871 2157 laurus
2898 2104 3094 2158 siccata
3123 2103 3364 2158 reviruit.

1919 2193 2007 2248 54.
2051 2195 2126 2249 De
2197 2194 2569 2250 monacbabus
2634 2196 2874 2265 quaedam
2931 2196 3034 2251 sibi
3105 2193 3434 2262 familiarior,

1848 2287 2004 2356 cujus
2036 2303 2101 2342 ex
2127 2287 2353 2343 humore
2375 2289 2593 2357 sanguis
2636 2297 2945 2343 contexerat
2984 2289 3217 2356 oculum,
3249 2303 3435 2358 appre-

1852 2383 2019 2434 lieusa
2054 2381 2218 2434 herba
2250 2381 2538 2445 absinthio,
2571 2397 2734 2449 quam
2772 2389 2958 2436 sancta
3004 2381 3144 2435 circa
3178 2390 3360 2450 pertus
3383 2390 3439 2435 ut

1849 2474 2190 2541 refrigeraret
2225 2473 2503 2538 habuerat,
2537 2486 2657 2526 cum
2682 2487 2843 2540 super
2868 2473 3076 2527 oculqu
3114 2473 3308 2540 posuit,
3339 2471 3438 2525 do-

1852 2568 1930 2620 lor
1959 2576 2011 2619 et
2058 2581 2215 2619 cruor
2269 2579 2391 2619 mox
2451 2564 2658 2632 cﬂ‘ugit,
2716 2572 2773 2618 et
2823 2567 2890 2619 de
2939 2565 3207 2618 viriditate
3257 2563 3435 2616 lierbzu

1853 2657 2052 2726 purita‘
2086 2655 2217 2710 locis
2247 2656 2485 2710 emicuit.
2519 2654 2819 2708 Revocetur
2853 2652 3106 2708 memoria
3136 2654 3277 2722 quod
3310 2653 3438 2706 taci-

1852 2761 1960 2805 tum
2016 2765 2148 2819 pene
2204 2749 2479 2819 praeteriit.
2534 2749 2872 2812 Anderedus,
2925 2747 2951 2785 ά
3003 2762 3166 2817 agens
3196 2747 3434 2817 ejusdem

1851 2845 2198 2907 beatissimus,
2243 2857 2364 2896 eum
2395 2841 2494 2895 sibi
2521 2840 2620 2896 lilii
2670 2850 3016 2895 nascerentur
3044 2855 3174 2908 quos
3204 2847 3261 2893 ut
3290 2839 3439 2892 vide-

1853 2945 1956 3002 ret,
2013 2952 2135 2990 mox
2211 2934 2486 3004 perderet,
2538 2945 2592 2988 et
2639 2934 2897 3002 cogitaret
2981 2934 3209 3002 sepelire
3261 2941 3437 2987 mater

1855 3031 2019 3086 tristis
2051 3030 2177 3084 dum
2211 3039 2441 3097 pareret,
2472 3027 3111 3084 exanimeminfuotulum
3146 3028 3437 3098 lacrymoti

1857 3135 2107 3194 parentes
2132 3123 2335 3190 jactant
2367 3123 2418 3176 in
2449 3130 2650 3177 sancta:
2687 3120 2940 3175 cilicium.
2985 3121 3088 3188 Qui
3119 3131 3175 3175 ut
3203 3121 3440 3176 saiuber-

1860 3217 2049 3270 rimam
2083 3224 2281 3269 vestem
2313 3229 2439 3269 mox
2472 3214 2852 3284 panninobilis
2881 3214 3075 3284 attigit,
3108 3213 3172 3267 ad
3205 3213 3439 3268 ofﬁcium

1859 3311 2021 3365 vitale
2070 3311 2207 3364 redit
2252 3309 2426 3363 infans
2467 3309 2790 3371 deJuners,
2841 3319 2896 3364 et
2940 3309 3138 3364 rubens
3189 3308 3329 3363 levat
3370 3307 3441 3364 de

1855 3404 2018 3474 pallio
2053 3403 2216 3472 pallor
2237 3401 2440 3457 vicinus
2470 3402 2536 3456 ad
2565 3402 2844 3457 tumulum.

1930 3494 2016 3549 55.
2060 3495 2188 3563 Quis
2213 3505 2459 3550 numeret
2485 3495 2746 3549 mirabilia
2772 3509 2891 3565 quze
2909 3493 3107 3549 Christi
3134 3495 3442 3549 misericors

1858 3599 2112 3658 operatur
2159 3589 2476 3644 clementia?
2507 3589 2715 3643 Animia
2754 3591 3036 3654 mortaelia,
3067 3589 3192 3644 dum
3241 3599 3442 3643 tantum

1862 3681 2116 3754 liydrOpis
2147 3682 2334 3737 morbo
2366 3681 2652 3736 tumefacta
2687 3683 3013 3748 tenderetur,
3039 3692 3098 3736 ut
3124 3683 3270 3735 salus
3298 3692 3444 3736 esset

1858 3777 1910 3830 iu
1951 3775 2160 3842 ultimo,
2191 3784 2248 3830 et
2275 3774 2544 3843 deputatae
2595 3787 2810 3830 sorores
2837 3781 3159 3843 spectarent
3186 3787 3292 3842 quo
3327 3788 3446 3826 mo-

1858 3877 2039 3922 mento
2083 3867 2362 3921 exhalaret
2403 3867 2670 3934 spiritum,
2701 3867 2810 3920 visa
2843 3875 2926 3920 est
2955 3866 3026 3920 illi
3072 3881 3164 3934 per
3193 3880 3441 3935 soporem

1855 3974 1979 4016 cum
2005 3959 2304 4015 veneranda
2327 3959 2597 4012 abbatissa
2627 3958 2781 4013 beata
2811 3957 3146 4029 Radegundis
3172 3959 3221 4012 in
3254 3958 3444 4014 balneo

1858 4053 1976 4106 sine
2004 4051 2213 4121 liquore
2244 4050 2439 4104 nudam
2468 4051 2658 4121 jubere
2689 4052 3047 4106 descendere.
3095 4052 3295 4106 Deinde
3328 4066 3443 4106 ma-

1861 4159 1929 4198 nu
1954 4143 2122 4198 beata!
2150 4143 2263 4197 visa
2289 4149 2372 4197 est
2417 4144 2594 4197 oleum
2625 4153 2839 4212 egrotae
2894 4159 3056 4210 super
3081 4154 3239 4212 caput
3267 4142 3443 4198 eﬂ‘un-

1858 4236 2006 4302 dere,
2037 4247 2090 4291 et
2119 4251 2254 4292 nova
2281 4246 2425 4291 veste
2450 4247 2757 4306 contegere.
2785 4237 2900 4304 Quo
2923 4245 3138 4305 peracto
3161 4239 3442 4310 mysterio,

1858 4329 2130 4400 evigilanti
2165 4329 2235 4385 de
2265 4339 2481 4398 sopore,
2509 4329 2577 4383 de
2614 4328 2802 4383 morbo
2836 4327 2964 4383 nihil
2987 4329 3251 4399 apparuit,
3286 4329 3357 4382 ita
3390 4339 3447 4384 ut

1861 4435 1959 4475 nec
2009 4421 2379 4487 subsudasset,
2411 4421 2463 4474 et
2493 4420 2631 4474 lntu’s
2661 4434 2794 4487 aqua
2850 4432 3166 4490 consumpta
3194 4421 3282 4474 sit.
3327 4420 3449 4488 Quo

1860 4530 1999 4570 novo
2043 4515 2147 4570 sub
2177 4513 2432 4568 miraculo
2461 4530 2567 4567 non
2601 4513 2818 4582 reliquit
2862 4513 2916 4567 in
2960 4521 3242 4572 uterooec
3270 4513 3444 4568 morbi

151 4611 326 4678 baret,
363 4621 423 4665 et
448 4609 695 4677 impenso
727 4607 894 4664 multo
917 4609 1281 4664 medicamine
1314 4609 1429 4677 plus
1455 4610 1752 4676 langueret,
1778 4634 1836 4696 Β
1859 4610 2161 4679 vestigium.
2216 4608 2350 4662 Nam
2381 4623 2500 4678 qum
2540 4606 2860 4662 credebatur
2889 4605 3087 4662 deferri
3109 4621 3352 4678 praeceps
3379 4608 3448 4662 ad

149 4703 545 4761 factacandela
585 4703 659 4756 ad
711 4716 1019 4756 mensuram
1063 4717 1175 4756 sua
1227 4711 1470 4765 staturte,
1527 4701 1754 4756 Domino

151 4798 454 4851 miserante
485 4794 539 4848 in
569 4796 782 4848 nomine
814 4805 1011 4848 sancta:
1038 4793 1269 4860 feminas,
1297 4810 1400 4862 qua
1427 4795 1556 4847 liora
1590 4793 1756 4863 frigus

149 4899 426 4958 speraret,
451 4890 628 4941 lumen
649 4887 890 4941 ascendit
905 4895 957 4939 et
975 4887 1167 4950 tenuit,
1183 4884 1336 4953 cujus
1357 4885 1758 4940 beneficioante

151 4983 336 5052 togata
368 4993 500 5036 sunt
528 4979 724 5049 frigora
739 4995 904 5048 quam
931 4989 1079 5033 esset
1110 4968 1332 5033 earuiéla
1369 4987 1702 5046 consumpta.

223 5079 314 5132 55.
362 5079 423 5132 Si
462 5087 684 5148 propter
716 5077 1027 5129 brevitatem
1078 5075 1241 5127 multa
1278 5074 1755 5142 praetermittimus,

150 5174 271 5242 plus
327 5183 646 5240 peccamus.
702 5166 868 5236 Igitur
923 5169 1161 5235 purgatis
1211 5166 1464 5220 velociter
1515 5165 1756 5234 reliquis,

221 5381 245 5405 ⁸
291 5368 548 5425 Beliand.
597 5381 696 5422 nec
729 5374 835 5419 sum
879 5375 1059 5433 mla,
1106 5364 1372 5418 hauriente
1423 5378 1576 5434 quam
1619 5363 1760 5416 unda

147 5457 300 5512 super
334 5447 597 5511 vergente.

228 5517 252 5551 ι)
298 5513 554 5566 Itollund.
614 5509 936 5580 legitzduru
985 5508 1217 5579 pluribus
1288 5508 1462 5562 diebus
1533 5507 1760 5580 maligno

155 5597 488 5655 torqueretur
539 5575 742 5652 spiritu.
805 5575 996 5636 Surius
1049 5597 1142 5651 pro
1201 5593 1542 5650 energumeno
1601 5575 1760 5633 liabet

154 5673 511 5727 mergumena
539 5673 552 5719 ;
582 5655 730 5727 quod
753 5666 867 5719 seq.

230 5740 254 5768 ε
278 5723 419 5783 ’Νοιι
465 5742 598 5791 ergo
623 5724 982 5793 ltadegundis,
1015 5737 1069 5780 ut
1097 5725 1310 5794 quidam
1369 5735 1631 5788 asserunt,
1664 5723 1758 5777 sed

160 5809 338 5866 Agnes
396 5799 680 5853 abbatissa
706 5796 1030 5866 eratpquod
1085 5800 1243 5850 etiam
1273 5810 1334 5848 es
1390 5794 1678 5849 Fortunato
1705 5794 1760 5847 in

163 5865 250 5925 liti.
287 5889 405 5931 \‘lll,
442 5888 612 5922 carm.
649 5869 704 5931 8,
740 5867 807 5920 de
842 5865 1152 5936 Virginitate
1202 5865 1484 5921 manifeSIe
1515 5879 1753 5932 apparet,

163 5955 272 6004 tum
307 5957 478 6001 etiam
512 5957 580 5996 ex
605 5941 698 5996 ltb.
734 5952 771 5992 tt
801 5937 954 6008 Vitae,
982 5939 1114 5998 intra
1144 5956 1290 5994 nutu.
1316 5939 1368 5994 5.
1403 5938 1543 6008 Lege
1572 5953 1755 5995 rursus

1861 4702 2142 4765 tumulum,
2175 4701 2313 4755 levat
2345 4702 2411 4755 ad
2433 4704 2646 4755 cursum
2676 4699 2740 4753 dc
2769 4700 2983 4766 lectulo,
3004 4703 3063 4754 ut
3083 4699 3188 4755 olei
3208 4700 3449 4755 testimo-

1861 4797 2032 4862 nium,
2073 4795 2206 4851 odor
2235 4795 2435 4850 inesset
2463 4796 2654 4863 capitis
2679 4803 2733 4848 et
2753 4795 2956 4849 ventris
2987 4795 3130 4849 nulla
3164 4796 3445 4863 pernicies.

1933 4889 2022 4942 56.
2066 4886 2377 4942 Proferatur
2429 4888 2482 4941 in
2539 4887 2716 4941 medio
2762 4901 2868 4957 quo
2917 4889 3214 4958 gratuletur
3273 4889 3445 4958 regio.

1860 4981 2099 5049 Quadam
2131 4979 2246 5034 vice
2271 4982 2622 5037 obumbrante
2645 4981 2751 5051 jam
2787 4981 2956 5038 noctis
2999 4983 3337 5052 crepusculo,
3371 4985 3453 5038 iii-

1866 5083 1946 5128 ter
1976 5083 1998 5111 °
2031 5073 2315 5128 choraulas
2339 5087 2392 5128 et
2417 5075 2669 5142 citharas,
2721 5078 2846 5131 dum
2876 5078 3016 5131 circa
3064 5080 3450 5132 monaSIerium

1861 5181 1892 5219 a
1923 5166 2267 5221 srecularibus
2315 5168 2485 5222 multo
2540 5167 2755 5223 fremitu
2813 5179 3142 5234 cantaretur,
3177 5179 3230 5225 et
3265 5181 3449 5226 sancta

1866 5366 2215 5420 Fortunatum
2266 5363 2314 5416 in
2349 5357 2442 5418 lib.
2498 5380 2610 5428 vitt,
2664 5379 2830 5417 carm.
2860 5365 2916 5428 ι,
2949 5365 3034 5434 qui
3063 5367 3300 5421 carmine
3328 5366 3448 5422 '5de

1864 5439 2083 5508 Agnetis
2106 5435 2351 5508 Natilitio
2383 5435 2690 5504 Radeguudi
2713 5437 3026 5503 gratulatur.
3077 5437 3295 5492 Manum.

1935 5510 1957 5545 ά
2002 5509 2190 5560 Surius
2240 5507 2430 5560 vitiose
2479 5509 2559 5631 iul
2612 5508 2988 5561 animadvertit
3058 5509 3218 5571 Boll.)
3284 5509 3451 5564 edidit

1935 5597 1990 5631 us
2015 5579 2076 5631 de
2100 5580 2245 5631 rebus
2273 5594 2449 5631 uacus.
2509 5593 2600 5631 use
2633 5578 2763 5631 Boll.
2800 5592 2894 5631 pro
2923 5592 3099 5631 mute
3121 5580 3244 5631 lenit
3265 5583 3444 5631 cliens-

1862 5597 1990 5633 anus
2015 5579 2076 5632 de
2100 5580 2245 5631 rebus
2273 5594 2449 5646 agens.
2482 5578 2600 5647 Ipse
2633 5578 2763 5632 Boll.
2800 5592 2894 5647 pro
2923 5592 3099 5648 agema
3121 5580 3244 5648 legit
3265 5583 3444 5639 cliens.

1939 5664 1959 5689 ε
2003 5650 2314 5711 (litoraules,
2367 5651 2766 5717 sympltoniaci;
2816 5652 2912 5702 etsi
2952 5650 3167 5704 Vossius
3193 5651 3259 5704 de
3295 5651 3447 5706 Vitiis

1862 5722 2034 5777 Serm.
2098 5723 2229 5772 lianc
2262 5735 2446 5772 vocem
2479 5737 2583 5774 non
2619 5735 2712 5787 pro
2754 5722 3174 5791 symphoniae-is,
3230 5723 3320 5775 sed
3355 5741 3449 5786 pro

1863 5797 1925 5850 iis
1956 5794 2040 5858 qui
2099 5791 2280 5844 tibiam
2329 5793 2512 5844 inflant
2559 5808 2620 5844 ac
2664 5793 2828 5845 choro
2877 5805 3136 5859 prmeum,
3199 5800 3442 5861 usurp-iri

1866 5869 2048 5935 pr--liat
2078 5863 2178 5915 ltoe
2198 5863 2507 5935 proverbio,
2541 5861 2715 5920 Malus
2761 5865 3053 5933 choraules,
3112 5865 3272 5920 bonus
3302 5883 3442 5935 δυνη-

1862 5933 2162 6008 plioniacus.
2193 5933 2414 5989 MABILL.
