4192 6548
742 427 839 485 εει

1455 424 1781 484 VENANTII
1821 426 1979 484 HON.
2021 423 2228 481 CLEM.
2274 421 2664 482 FOBTUNATI
2703 425 2986 485 OPERUM
3031 425 3210 486 PARS
3247 426 3309 484 ll.
3934 427 4024 485 519.

740 540 948 597 duabus
994 537 1216 596 testibus
1273 547 1577 609 perorasset
1617 539 1838 605 diutius,
1894 539 2025 594 dicit
2079 537 2322 608 quazdam
2353 534 2403 593 Α
2431 539 2566 594 viter
2594 539 2960 597 suffocationis
2992 541 3252 612 languore
3283 547 3428 595 totus
3472 539 3758 606 deficeret,
3807 540 4021 597 videba-

742 633 1004 689 monarba
1028 647 1277 688 sermone
1296 633 1521 701 joculari
1549 651 1561 686 :
1596 633 1841 697 Domina,
1867 633 2148 702 recognovi
2175 647 2331 685 unam

745 727 813 781 de
843 726 975 781 meis
997 727 1218 780 canticis
1251 740 1279 777 a
1307 726 1623 780 saltautibus
1654 725 1954 795 praedicari.
1987 724 2083 779 Cui
2107 740 2333 793 respon-

745 819 822 874 dit
853 838 864 872 :
892 818 1106 874 Grande
1136 828 1236 888 est,
1271 820 1313 873 si
1346 828 1396 873 te
1434 820 1664 873 delectat
1708 818 2044 886 conjunctam
2093 816 2334 885 religioni

746 917 932 972 audire
996 917 1212 971 odorem
1279 917 1480 970 surculi.
1539 914 1727 969 Adhuc
1793 929 1945 968 soror
1992 913 2331 982 pronuntiat:

749 1009 913 1075 Vere,
942 1010 1187 1076 Domina,
1242 1010 1374 1064 duas
1405 1018 1458 1063 et
1482 1019 1586 1063 tres
1615 1010 1700 1064 hic
1747 1008 1905 1063 modo
1936 1023 2082 1062 meas
2105 1008 2336 1063 cauticas

749 1101 948 1166 audivi,
1000 1117 1134 1169 quas
1193 1103 1356 1155 tenui.
1426 1100 1620 1156 Sancta
1672 1099 2173 1167 responditz'l'este
2233 1100 2339 1153 l)co

751 1189 884 1264 [Al.,
917 1202 1082 1248 testor
1136 1192 1323 1263 Deum]
1375 1209 1460 1247 me
1497 1193 1628 1246 nihil
1660 1191 1876 1246 audisse
1905 1191 2064 1245 modo
2093 1191 2338 1246 sazculari

751 1283 821 1338 de
867 1287 1093 1337 cantico.
1130 1283 1278 1337 L'nde
1337 1283 1676 1339 manifestum
1725 1292 1808 1337 est
1855 1293 1912 1338 ut
1943 1298 2107 1338 carne
2136 1284 2259 1339 licet
2289 1286 2339 1338 in

753 1375 972 1437 sarculo,
1007 1385 1186 1429 mente
1218 1387 1393 1430 tamen
1420 1387 1565 1431 esset
1595 1378 1645 1430 in
1677 1379 1834 1431 caelo.

832 1469 920 1521 .37.
967 1468 1294 1522 l‘raedicetur
1345 1469 1395 1522 in
1455 1469 1609 1524 laude
1661 1471 1888 1537 Christi,
1925 1477 1947 1503 η
1999 1484 2150 1524 more
2202 1470 2341 1524 beati

761 1559 996 1625 Martini,
1033 1571 1274 1629 tempore
1300 1563 1574 1629 prmsenti,
1604 1563 1810 1639 antiqui
1847 1579 2034 1617 norma
2069 1564 2339 1618 miraculi.

758 1653 888 1706 Cum
915 1653 1221 1707 beatissima
1249 1653 1448 1708 femina
1473 1658 1678 1710 reclusa
1705 1666 1849 1712 esset
1872 1657 1923 1711 in
1949 1657 2164 1722 cellula,
2192 1657 2345 1710 audi-

764 1743 839 1796 vit
870 1743 1051 1798 fletum
1105 1746 1171 1798 de
1214 1747 1496 1809 monacho,
1548 1757 1600 1801 et
1649 1749 1787 1818 signi
1853 1756 1993 1802 tactu
2045 1749 2344 1803 venientem

765 1834 892 1902 quid
930 1835 1056 1888 illud
1089 1845 1234 1890 esset
1289 1837 1600 1906 interrogat.
1647 1839 1775 1905 Qua:
1808 1849 2072 1893 mortuam
2106 1855 2344 1894 sororem

2438 639 2521 685 tur
2552 633 2662 701 ipse
2683 634 2823 704 quod
2853 645 3037 690 saneta
3062 635 3114 690 in
3139 635 3315 690 vicum
3338 635 3458 705 ejus
3480 635 3830 705 dignabiliter
3853 650 4020 691 acces.

2437 722 2613 778 sisset.
2646 726 2847 790 Currit,
2872 728 3088 790 salutat,
3118 726 3568 798 interrogatquid
3599 727 3758 781 beata
3789 730 4027 795 require-

2439 814 2566 868 ret?
2607 815 2756 870 Tunc
2809 817 2920 885 ipsa
2971 817 3099 872 dicit
3148 818 3289 887 quod
3334 817 3400 873 ad
3449 833 3572 872 eum
3604 819 3712 873 illic
3747 818 4025 875 videndum

2441 906 2764 973 pervenerit.
2803 906 2868 960 Et
2902 907 3024 977 quia
3052 916 3234 964 votum
3271 908 3440 977 plebis
3474 919 3591 963 erat
3625 918 3681 962 ut
3728 908 3792 963 Β.
3828 911 4026 965 Martini

2440 1000 2732 1052 oratorium
2763 998 3084 1064 conderent,
3143 1001 3500 1070 apprehendit
3562 1000 3766 1055 tribuni
3821 1019 4025 1056 manum

2451 1091 2758 1144 beatissima
2793 1090 2980 1148 dicens
3013 1110 3022 1144 :
3061 1093 3174 1147 lloc
3208 1095 3325 1148 loco
3356 1093 3464 1146 siut
3487 1092 3828 1147 confessoris
3886 1111 4030 1150 vene-

2446 1185 2629 1238 randa:
2663 1185 2944 1252 rcliquim;
3005 1201 3101 1255 per
3149 1186 3252 1242 boc
3281 1187 3544 1241 mdilicate
3587 1188 3853 1256 templum
3907 1188 4032 1258 quod

2445 1275 2543 1329 sibi
2576 1276 2739 1329 ducat
2768 1276 3162 1346 dignissimum.
3192 1277 3361 1343 Quale
3396 1276 3486 1332 Dei
3519 1279 3846 1347 mysterium
3882 1279 3896 1332 !
3931 1280 4032 1332 luu-

2447 1367 2758 1421 danieutum
2782 1378 2834 1422 et
2866 1371 3229 1438 pavimentum
3253 1379 3528 1438 repertum
3553 1380 3659 1435 est,
3693 1387 3803 1439 quo
3827 1373 4034 1426 basilica

2447 1459 2586 1514 facta
2616 1471 2718 1516 est.
2750 1461 2939 1515 Adhuc
2973 1462 3026 1516 in
3058 1461 3176 1532 ipso
3207 1477 3403 1530 sopore
3457 1478 3680 1516 manum
3738 1464 3908 1518 traliit
3956 1480 4036 1532 per

2451 1553 2630 1609 fauces
2647 1558 2787 1623 ejus,
2818 1564 2871 1610 et
2900 1556 3078 1623 gulam
3111 1556 3202 1610 diu
3250 1555 3540 1621 deliuiens,
3590 1556 3820 1626 insuper
3869 1567 3922 1610 et
3953 1559 4036 1612 hoc

2453 1647 2637 1701 dicens
2670 1665 2680 1699 :
2713 1647 2842 1700 Veni
2875 1657 2931 1700 ut
2962 1647 3058 1700 tibi
3086 1647 3328 1702 meliora
3364 1646 3470 1701 Deo
3491 1647 3694 1700 sanitas
3714 1649 4035 1704 conferatur.

2456 1739 2523 1792 Et
2556 1739 2843 1792 videbatur
2875 1739 2953 1792 sic
2985 1751 3175 1806 rogare
3211 1756 3222 1792 :
3259 1738 3360 1794 Per
3390 1754 3564 1792 meam
3611 1740 3781 1792 vitam
3837 1749 3897 1792 ut
3925 1756 4040 1808 pro-

2457 1842 2575 1898 pter
2605 1846 2690 1884 me
2743 1830 2954 1884 relaxes
2985 1831 3102 1883 illos
3135 1845 3267 1897 quos
3300 1830 3463 1884 habes
3509 1832 3560 1882 iu
3587 1845 3839 1886 carcere.
3879 1832 4040 1900 Evigi-

761 1923 1025 1976 nuutiavit
1079 1924 1394 1979 infantulam
1421 1967 1436 1990 ,
1492 1905 1548 1980 et
1592 1926 1861 1995 frigidam,
1893 1943 1996 1997 qua
2039 1928 2341 1996 lavaretur,
2375 1905 2423 1966 Β
2453 1924 2569 1978 laus
2600 1925 2840 1978 tribunus
2870 1923 3036 1977 refert
3063 1922 3204 1992 quod
3255 1922 3462 1977 viderat
3515 1921 3760 1992 conjugi,
3821 1925 4039 1983 dicens:

767 2025 1028 2083 paratam,
1063 2031 1181 2072 esse
1207 2017 1316 2086 jam
1364 2018 1613 2072 calidam.
1647 2018 1954 2073 Coudolens
1996 2030 2178 2075 saneta
2223 2029 2348 2076 tunc

765 2105 1000 2174 imperat
1031 2117 1087 2162 ut
1128 2111 1356 2163 cadaver
1398 2108 1566 2177 ipsius
1621 2128 1774 2166 suam
1800 2112 2037 2168 deferret
2084 2114 2136 2166 in
2185 2115 2351 2168 cellu-

770 2197 895 2254 lam.
932 2200 1047 2264 Quo
1070 2199 1171 2254 sibi
1195 2201 1496 2270 deportato,
1529 2205 1746 2272 excepit
1778 2219 1937 2257 manu
1981 2205 2215 2274 propria,
2267 2222 2353 2260 rc-

766 2292 951 2346 clausa
983 2302 1102 2360 post
1131 2307 1189 2348 se
1243 2309 1364 2347 mox
1394 2295 1582 2362 janua,
1631 2295 1828 2366 jubens
1869 2298 2024 2367 longe
2052 2297 2349 2366 discedere,

767 2399 838 2440 ne
863 2385 980 2453 quis
1002 2385 1229 2439 sentiret
1254 2388 1378 2454 quid
1407 2401 1626 2456 ageret;
1660 2390 1753 2444 sed
1779 2391 1918 2460 quod
1937 2391 2144 2445 occulte
2167 2393 2351 2460 gessit,

770 2476 931 2530 celari
960 2475 1050 2530 diu
1075 2490 1179 2530 non
1213 2479 1404 2546 potuit.
1441 2479 1582 2535 Inter
1610 2477 1728 2534 haec
1758 2481 1882 2535 dum
1904 2481 2171 2537 defuncta:
2193 2498 2354 2538 exse-

771 2570 911 2638 quite
955 2580 1340 2639 prmparautur,
1372 2571 1484 2627 fere
1533 2590 1627 2641 per
1671 2574 1832 2629 horas
1883 2587 2087 2646 septem
2134 2588 2357 2633 mortuae

775 2668 967 2714 tractat
999 2663 1404 2731 corpusculum.
1429 2665 1534 2720 Sed
1563 2665 1776 2722 Cbristo
1808 2670 2022 2724 vidente
2062 2671 2243 2737 fidem,
2273 2674 2357 2728 cui

778 2766 978 2820 negare
1009 2767 1114 2807 non
1167 2755 1370 2823 potuit,
1430 2757 1636 2812 reddita
1685 2775 1902 2828 prorsus
1942 2763 2136 2827 salute,
2184 2765 2363 2834 surgit

781 2844 899 2899 bmc
921 2845 987 2900 ab
1012 2847 1275 2914 oratione,
1311 2851 1541 2919 resurgit
1574 2851 1660 2905 illa
1690 2852 1755 2908 de
1784 2855 1993 2920 funere,
2046 2865 2101 2910 et
2130 2871 2190 2912 se
2236 2869 2363 2914 tunc

779 2936 1029 2990 Sublevat
1051 2938 1250 3003 vetula,
1273 2953 1392 2994 cum
1417 2943 1698 2998 revixisset
1723 2943 2002 3000 infantula.
2025 2947 2194 3014 Quam
2221 2957 2363 3004 tactu

777 3029 972 3084 iterum
1003 3029 1168 3101 signi,
1204 3031 1468 3088 ltetificata
1516 3037 1693 3092 reddit
1722 3039 1896 3093 vivam
1929 3055 2088 3108 quam
2121 3041 2255 3096 ﬂens
2277 3057 2365 3096 ac-

783 3133 998 3192 ceperat
1049 3136 1335 3181 mortuam.

2452 2019 2592 2074 Vere
2641 2018 2805 2072 credo
2849 2017 2991 2087 quod
3030 2017 3128 2070 hac
3179 2015 3309 2070 liora
3337 2015 3469 2071 exiit
3497 2025 3682 2070 sancta
3718 2016 3790 2070 de
3833 2019 4040 2072 suaculo.

2452 2109 2640 2178 Dirigit
2678 2108 2744 2162 ad
2797 2107 3072 2162 civitatem
3106 2117 3165 2161 ut
3215 2123 3310 2176 per
3343 2106 3446 2161 hoc
3504 2122 3629 2161 vera
3680 2120 4044 2178 cognosceret,

2455 2198 2768 2254 transmittit
2788 2198 2855 2251 ad
2884 2212 3178 2264 carcerem,
3223 2198 3312 2267 qui
3366 2207 3576 2266 septem
3608 2211 3738 2251 reos
3772 2199 3844 2252 ibi
3877 2199 4048 2254 deten-

2456 2301 2541 2346 tos
2573 2290 2876 2345 admonitus
2908 2290 3205 2354 relaxaret;
3252 2285 3510 2344 redeunte
3542 2290 3876 2344 transmisso
3901 2291 4047 2346 refert

2466 2403 2532 2444 ea
2564 2389 2694 2442 liora
2719 2387 2978 2456 migrasse
3005 2385 3204 2454 juSIam
3233 2385 3300 2438 de
3323 2383 3541 2449 sarculo,
3569 2392 3625 2438 et
3644 2383 3851 2453 triplici
3874 2397 4051 2455 myste-

2458 2484 2539 2539 rio
2560 2497 2780 2538 carcere
2803 2481 3068 2549 relaxato,
3104 2480 3319 2535 tribuno
3344 2493 3476 2533 sano
3504 2480 3749 2546 reddito,
3804 2482 4052 2537 :edilicato

2464 2578 2688 2645 templo,
2720 2587 2923 2632 sancta:
2951 2575 3195 2645 probavit
3224 2575 3528 2630 oraculum.

2535 2667 2623 2723 5).
2667 2667 2771 2722 Sed
2803 2667 2870 2720 de
2904 2665 3076 2720 beata:
3104 2664 3394 2720 virtutibus
3423 2663 3656 2719 sufficiat
3682 2667 3974 2737 exiguitas,
3996 2683 4052 2722 ne

2463 2761 2768 2817 fastidiatur
2795 2759 3010 2814 ubertas
3035 2774 3051 2824 ;
3085 2772 3185 2813 nec
3231 2765 3513 2824 reputetur
3533 2757 3949 2823 brevissimum,
3979 2759 4054 2813 ubi

2463 2856 2531 2912 de
2559 2857 2744 2925 paucis
2785 2851 3095 2922 agnoscitur
3130 2851 3181 2905 in
3241 2850 3520 2906 miraculis
3563 2853 3900 2921 amplitudo.
3957 2854 4056 2918 Qua

2467 2950 2686 3020 pietate,
2718 2947 3000 3016 parcitate,
3027 2943 3353 3008 dilectione,
3393 2943 3709 3011 dulcedine,
3745 2945 4054 3013 humilitate,

2469 3044 2775 3106 honestate,
2801 3041 2930 3106 fide,
2972 3039 3184 3095 fervore
3213 3039 3293 3095 sic
3322 3039 3543 3104 vixerit,
3568 3049 3628 3092 ut
3660 3051 3717 3093 et
3747 3040 3923 3108 ipsam
3956 3049 4058 3109 post

2469 3135 2670 3190 obitum
2695 3133 2914 3203 gloriosi
2938 3132 3214 3196 transitus,
3237 3130 3500 3185 mirabilia
3525 3142 3949 3200 prosequantur,
3975 3133 4057 3184 bu-

856 3218 946 3273 38.
992 3217 1460 3276 Commemoretur
1507 3233 1556 3278 et
1615 3223 1744 3278 illud
1787 3225 1964 3280 nobile
2011 3225 2204 3280 laetum
2271 3241 2365 3297 per
2391 3256 2440 3321 ο
2474 3244 2645 3282 manu
2668 3226 2997 3295 eloquentiae
3021 3224 3212 3279 modus
3232 3223 3551 3278 admirando
3574 3225 3847 3278 attonitus
3874 3226 4058 3278 viribus

785 3309 1074 3365 somnium.
1106 3312 1380 3368 Tribunus
1409 3313 1545 3378 fisci,
1601 3326 1962 3386 cognomento
2015 3317 2360 3384 Domolenus,

787 3403 876 3460 die
901 3419 1002 3475 qua
1030 3405 1370 3461 sanctissima
1403 3407 1655 3476 migravit
1705 3410 1772 3464 de
1818 3410 2040 3476 Saeculo,
2087 3410 2212 3464 dum
2242 3425 2366 3480 gra-

861 3555 886 3583 ι
918 3546 1063 3600 Marc
1087 3546 1148 3600 Β.
1187 3548 1440 3615 Martini;
1475 3549 1526 3604 id
1557 3559 1658 3616 cst,
1685 3551 1788 3606 tale
1820 3552 2135 3606 miraculum
2168 3551 2368 3608 editum

2471 3322 2743 3391 explicare
2761 3319 2982 3373 minime
3003 3318 3163 3372 valet.
3187 3317 3268 3370 Sit
3290 3325 3467 3369 tamen
3494 3315 3572 3369 illi
3597 3319 3692 3384 qui
3712 3317 3868 3371 dedit
3886 3318 4060 3387 gloria,

2469 3416 2585 3470 laus
2611 3420 2666 3468 et
2692 3410 3002 3481 imperium,
3029 3409 3085 3464 iu
3117 3408 3315 3464 saecula
3338 3409 3687 3465 sreculurum.
3722 3411 3923 3463 Amen.

2468 3551 2692 3605 Martino
2723 3548 2976 3612 pontifice
3013 3545 3340 3612 Turonensi,
3373 3546 3450 3600 uti
3479 3554 3668 3600 narrat
3718 3545 3988 3616 Sulpitius
4013 3545 4061 3597 iu

783 3631 814 3672 a
839 3617 1164 3688 Badeguude
1186 3631 1268 3675 est
1290 3621 1590 3691 cujusmodi
1625 3633 1750 3678 ante
1793 3623 1998 3678 editum
2033 3623 2206 3678 fuerat
2234 3637 2263 3677 a
2305 3622 2366 3678 Β.
2470 3622 2563 3676 lib.
2589 3622 2656 3676 de
2688 3620 2805 3675 Vita
2831 3618 3099 3690 ejusdem,
3123 3631 3245 3687 cap.
3270 3616 3325 3671 5.

799 3767 4064 3817 Μ

2091 3917 2762 3994 PR/EMONITIO

1476 4091 1538 4146 IN
1576 4092 1775 4146 νιΤΑιι
1809 4094 2187 4154 SEQUENTEI
2222 4095 2276 4146 S.
2300 4093 2567 4146 AMANTII
2602 4092 2891 4146 EPISCOPI
2922 4089 3384 4144 BUTHENENSIS.

868 4227 930 4283 S.
957 4223 1205 4286 Amantii,
1240 4220 1582 4294 Ruthenensis
1610 4221 1854 4292 episcOpi,
1893 4222 2082 4287 Vitam,
2117 4240 2266 4290 quam
2298 4223 2380 4276 hic
2407 4223 2728 4294 subjicimus,
2757 4239 2790 4276 a
2820 4219 3114 4276 Fortunato
3148 4221 3498 4294 ﬁculis-utam
3527 4222 3711 4294 fuisse,
3745 4224 3953 4292 primus
3973 4237 4069 4294 ora:

797 4301 942 4354 nium
967 4296 1220 4350 censuisse
1252 4293 1442 4349 Surius
1470 4293 1695 4364 videtur,
1716 4294 1768 4345 id
1782 4290 2064 4364 Vconjieieus
2091 4311 2155 4350 ex
2177 4297 2310 4364 ston
2332 4305 2379 4347 et
2406 4290 2658 4348 scribendi
2682 4296 2881 4364 ratione
2907 4293 3158 4360 [milieri
3186 4290 3498 4347 Fortunato.
3528 4290 3756 4348 suum
3784 4296 3885 4347 alii
3924 4292 4068 4347 secuti

799 4369 983 4424 deinde
1034 4375 1172 4438 sunt,
1221 4365 1356 4438 inter
1401 4379 1524 4432 quos
1571 4362 1638 4438 τι,
1670 4362 1919 4438 Labbeus,
1940 4367 2034 4438 qui
2057 4369 2170 4438 ejus
2215 4362 2488 4420 auctorem
2506 4365 2842 4438 ﬂuitantium
2871 4363 3257 4438 Fortunatam,
3282 4365 3702 4438 Pictavieuseui»
3742 4367 4068 4434 episcopum,

799 4443 985 4499 fuisse.
1019 4436 1262 4504 quidam,
1308 4435 1400 4497 ait,
1458 4449 1563 4488 non
1616 4433 2036 4500 improbabiliter
2076 4433 2313 4492 sentiunt
2342 4451 2462 4489 cum
2498 4436 2675 4489 Surio.
2710 4433 2956 4489 Fortasse
2995 4435 3150 4488 alicui
3200 4435 3567 4488 dubitationem
3611 4433 3842 4502 injicere
3880 4433 4071 4503 possunt

801 4515 982 4582 forma:
1011 4509 1118 4560 illa:
1135 4506 1396 4582 loquendi,
1422 4520 1538 4582 qui:
1572 4506 1726 4582 plane
1749 4507 1940 4582 poesim
1967 4509 2194 4582 sapiunt,
2232 4508 2412 4576 quibus
2441 4517 2620 4560 auctor
2644 4506 2857 4576 hujusce
2893 4504 3027 4582 Vita:
3051 4505 3111 4559 S.
3136 4505 3368 4582 Amantia:
3396 4507 3707 4582 frequentius
3743 4524 3873 4582 usus
3898 4507 4074 4582 depre-

798 4574 1060 4643 henditur,
1087 4592 1246 4647 quant
1269 4580 1375 4645 fere
1399 4577 1631 4647 uideatur
1658 4576 1712 4629 in
1742 4574 1882 4630 more
1903 4579 2060 4646 fuisse
2088 4574 2404 4644 Fortunato,
2436 4595 2550 4632 eum
2576 4574 2869 4630 sanctorum
2907 4574 3054 4630 Vitas
3092 4576 3480 4647 conscribebat;
3497 4578 3811 4646 cujussnodi
3841 4587 3962 4631 sunt
3985 4576 4075 4627 illa

801 4653 985 4724 quibus
1010 4646 1209 4724 noctem
1237 4646 1550 4724 describens,
1580 4663 1718 4700 num.
1763 4649 1794 4697 b'
1829 4664 1848 4704 :
1880 4649 2158 4724 Itedditur,
2183 4651 2366 4724 inquit.
2402 4651 2562 4704 terris
2591 4663 2814 4724 occasus
2834 4647 2941 4701 diei
2972 4646 3155 4724 noctis_
3177 4646 3416 4724 silentio.
3443 4646 3542 4724 Vix
3569 4648 3739 4724 corda
3778 4649 4072 4724 mortalium

804 4717 913 4777 alta
933 4722 1084 4789 quies
1114 4720 1253 4773 dulci
1285 4733 1479 4789 sopore
1516 4719 1821 4782 laxaverat;
1857 4730 1960 4773 tum
1999 4722 2062 4774 de
2103 4737 2294 4774 aurora
2333 4721 2542 4788 loquens
2569 4734 2602 4771 :-
2636 4719 2838 4773 interea
2879 4733 3086 4789 roseae,
3137 4717 3325 4787 inquit,
3359 4717 3490 4772 lucis
3521 4718 3795 4787 splendor
3830 4718 4073 4780 mundum

803 4787 1044 4850 irradiat,
1079 4791 1321 4858 facieque
1348 4788 1507 4843 rebus
1539 4791 1763 4851 reddita,
1799 4793 1954 4844 terris
1979 4792 2062 4844 iux
2094 4792 2354 4854 redditur,
2387 4787 2528 4853 etc.;
2577 4791 2672 4842 nisi
2707 4790 2840 4856 forte
2869 4787 3222 4858 Fortunatus,
3259 4790 3488 4841 nondum
3511 4800 3756 4842 assuetus
3784 4799 4075 4844 sanctorum

811 4864 942 4919 Vitis
981 4861 1377 4923 conscribendis,
1425 4876 1542 4912 cum
1570 4860 1698 4912 hanc
1728 4861 2067 4924 elucubraret,
2117 4863 2544 4931 qeniupoctarum
2598 4863 2756 4926 paulo
2787 4860 2994 4912 liberius
3043 4857 3322 4931 indulsisse
3359 4859 3614 4912 dicendus
3642 4869 3749 4925 est,
3800 4879 3868 4915 ac
3900 4861 4076 4913 colores

801 4952 1031 5006 poeseos,
1060 4933 1143 4988 cui
1160 4934 1398 5006 impense
1428 4932 1688 4997 studebat,
1717 4931 1791 4983 vel
1822 4933 1878 5006 in
1912 4929 2193 5006 pedestrem
2223 4933 2356 5006 lianc
2387 4934 2824 5006 elucubrationem
2867 4929 3208 5006 transtulisse.
3246 4929 3556 5006 Quanquam
3576 4932 3826 5006 et‘stylus
3851 4934 3965 5006 ipse
4008 4946 4077 4993 po-

803 5000 942 5060 litior
989 5013 1034 5059 et
1085 5000 1271 5065 cultior
1319 5018 1471 5066 quam
1521 5005 1624 5068 fere
1655 5003 1892 5072 proprius
1937 5003 2024 5055 ille
2068 5002 2338 5054 Fortnnmi
2363 5019 2468 5056 esse
2516 5002 2701 5068 soleat,
2751 5017 2811 5054 ac
2840 5000 3173 5072 grandioret
3214 5001 3696 5072 rotundiororatio,
3737 5003 4079 5071 suspicionem

803 5077 960 5130 alicui
989 5074 1176 5141 a/Terre
1202 5084 1412 5140 possunt
1446 5073 1585 5124 haud
1605 5070 1758 5124 illam
1780 5076 2051 5142 genuinum
2077 5089 2181 5126 esse
2213 5076 2440 5142 ejusdem
2473 5077 2650 5141 fetum,
2681 5088 2825 5125 secus
2845 5070 3012 5140 atque
3041 5070 3133 5122 alii
3161 5071 3400 5124 sentiant.
3452 5070 3642 5124 Verum
3671 5089 3776 5125 nec
3804 5070 3944 5126 illud
3975 5071 4079 5142 inﬂ-

807 5140 1049 5200 ciandum
1073 5155 1145 5198 est
1175 5141 1451 5196 Fortunati
1471 5143 1730 5211 ingenium
1763 5140 1807 5195 et
1833 5145 1884 5196 in
1920 5145 2080 5196 verbis
2105 5140 2419 5197 collocandis
2448 5140 2750 5197 industriam
2779 5144 2967 5214 sapius
2995 5143 3048 5195 in
3091 5141 3271 5194 eadem
3291 5158 3538 5211 apparere
3564 5157 3584 5197 :
3612 5146 3969 5211 quamobrem
3998 5140 4074 5194 sub

809 5219 1037 5288 ejusdem
1066 5231 1272 5288 nomine
1298 5214 1718 5288 illaut-edendam
1743 5216 2106 5288 existimemus.

884 5288 1048 5341 Porro
1073 5287 1134 5341 S.
1170 5285 1397 5338 Amantii
1434 5283 1610 5336 Vitam
1637 5285 1794 5338 edidit
1820 5285 2009 5340 Surius
2037 5287 2104 5338 ad
2129 5287 2263 5339 diem
2293 5285 2327 5338 4
2354 5285 2689 5352 Novembris;
2717 5284 2946 5340 eamdem
2972 5294 3138 5337 tamen
3178 5300 3430 5346 mancam,
3469 5285 3753 5353 multisque
3779 5287 3984 5340 mendis
4003 5284 4078 5335 de-

809 5370 1072 5431 pravata_m
1094 5373 1154 5410 ac
1183 5355 1484 5431 deformem.
1511 5354 1758 5431 I'Ianrdeni
1787 5367 1960 5431 postea
1989 5373 2016 5409 e
2043 5359 2564 5431 mss.exemplaribus
2596 5359 2926 5431 exscriptam,
2950 5357 3198 5431 integram
3221 5356 3381 5431 edidit
3406 5355 3475 5409 cl.
3498 5354 3906 5431 oir_Pltilippus
3938 5354 4082 5431 Labbe

807 5424 834 5485 ὲ
865 5446 970 5484 δυσ.
1001 5426 1156 5492 Jesu,
1185 5438 1306 5482 tom.
1339 5425 1398 5478 ll
1430 5424 1592 5479 Nova:
1616 5424 1945 5498 Bibliotheca:
1970 5443 2094 5482 mss.
2125 5430 2393 5493 librorum,
2427 5438 2547 5491 etc.,
2589 5446 2706 5498 pag.
2733 5424 2840 5479 4⁷74
2868 5438 2915 5480 et
2941 5424 3202 5495 seq.'edit.
3237 5425 3407 5498 l’aris.
3439 5444 3530 5481 au.
3582 5427 3724 5481 1637
3762 5424 3779 5493 ᾖ
3805 5424 3814 5427 ⁷
3840 5429 3980 5481 unde
4005 5439 4082 5482 nos

815 5503 964 5554 illam
990 5500 1298 5567 sumpsimus
1327 5514 1480 5567 quam
1508 5497 1754 5566 Uperibus
1805 5496 2039 5550 Venantii
2066 5509 2427 5552 attexcremus.
2460 5496 2707 5551 Eamdcin
2732 5499 3040 5550 contulimus
3061 5512 3178 5550 cum
3203 5497 3386 5561 altera,
3419 5499 3556 5551 edita
3585 5516 3618 5551 a
3647 5497 3840 5559 Suria,
3872 5517 3933 5551 ac
3965 5511 4080 5564 prie-

816 5571 967 5642 ,ίριια
994 5570 1106 5625 loca
1135 5569 1316 5641 quibus
1342 5566 1555 5636 di/ferre
1578 5569 1699 5623 siste
1721 5579 1862 5637 stmt,
1894 5569 2266 5637 indicavimus;
2305 5587 2364 5623 ac
2393 5579 2536 5624 notas
2566 5571 2776 5640 insuper
2806 5571 2998 5640 aliquot
3023 5569 3089 5623 ad
3109 5569 3274 5641 ipsum
3300 5568 3668 5624 illustrandum
3689 5571 3993 5626 attulimus.
