4192 6648
124 441 227 499 515

1001 426 1169 484 VITA
1203 424 1269 483 Β.
1306 419 1598 480 AMANTII
1629 412 2125 475 BRUTENENSIS
2163 409 2450 469 EPISCOP

3291 404 3397 464 ΒΗ

141 545 3397 602 _____________________________.____...____.

678 705 1104 839 VITA
1200 696 1765 834 SANCT

1933 695 1959 732 ³
2051 689 2826 824 ΑΜΑΝΤΙΙ

1290 929 1841 1000 ΒΗΙῊΕΝΕΝΞΙΞ
1885 929 2264 994 EPISCOPI.

575 1165 1227 1263 PBOLOGUSK

213 1337 466 1394 Praeclaro
483 1334 784 1391 succumbit
804 1332 953 1386 oneri
976 1341 1173 1397 panper
1197 1322 1488 1395 ingenium,
1510 1328 1723 1389 tamque

138 1433 404 1487 immensze
437 1431 515 1483 rei
545 1443 724 1484 sermo
753 1425 957 1480 sterilis
994 1431 1050 1477 et
1080 1422 1148 1476 ab
1179 1419 1326 1473 omni
1378 1414 1616 1468 scientiae
1647 1410 1724 1466 fe-

137 1525 406 1580 cunditate
427 1522 647 1592 jejunus
678 1535 783 1574 non
816 1515 1032 1572 sufﬁcit.
1066 1510 1372 1579 Quamlibet
1394 1522 1524 1576 ergo
1573 1503 1727 1559 infir-

137 1635 273 1684 mus,
302 1617 541 1672 humeris
569 1614 876 1684 impositum
903 1622 1039 1666 onus
1065 1605 1381 1662 obedientiac
1413 1615 1554 1655 nunc
1598 1610 1725 1652 sus-

138 1715 350 1783 cipiam,
377 1713 620 1782 ignosce,
664 1721 866 1778 quaeso,
893 1706 1083 1769 lector,
1108 1716 1232 1756 cum
1263 1699 1535 1752 dissonam
1560 1691 1730 1746 inani-

141 1810 242 1864 hus
293 1807 542 1878 paginam
593 1803 914 1872 sumpseris,
961 1813 1082 1854 cum
1135 1809 1292 1849 aures
1324 1802 1442 1846 tuas
1490 1799 1732 1842 murmur

139 1902 414 1956 indoctum
467 1898 685 1969 garrulo
736 1895 968 1950 stridore
1020 1891 1402 1961 percusserit;
1450 1883 1574 1952 quia
1626 1894 1731 1934 non

147 1995 320 2049 minus
349 1994 524 2061 culpce
581 2000 798 2045 estnon
852 1987 1091 2053 paruisse
1141 1997 1262 2038 cum
1319 1979 1519 2049 possis,
1574 1987 1733 2040 quam

142 2088 552 2159 prmsumpsisse
580 2083 719 2149 quod
767 2081 996 2136 nescias.

567 2233 985 2310 INCIPIT
1043 2227 1323 2300 VITA

690 2369 819 2420 CUM
854 2364 1092 2418 MIRACU
1104 2363 1197 2412 LIS

224 2481 276 2534 1.
308 2478 472 2550 Igitur
490 2477 831 2532 beatissimus
848 2485 869 2514 ε
892 2471 1172 2530 Amantius
1193 2469 1457 2525 Rutbens:
1478 2464 1576 2519 Iuit
1594 2462 1740 2518 urbis

1746 1171 1793 1227 Α
1827 1181 1978 1235 Nunc
2004 1178 2152 1234 brevi
2180 1174 2318 1247 stylo
2369 1186 2537 1243 pauca
2589 1171 2847 1226 virtutum
2893 1170 3011 1240 ejus
3061 1171 3417 1242 perstringam

1826 1271 2078 1342 insignia.
2106 1269 2262 1324 Dabit
2291 1267 2550 1322 Dominus
2595 1264 2840 1320 oratione
2882 1263 3022 1321 beati
3051 1265 3306 1321 antistitis
3333 1264 3421 1320 di-

1829 1365 1986 1421 cendi
2017 1365 2178 1429 vires,
2212 1363 2302 1432 qui
2334 1359 2547 1415 divitias
2578 1358 2840 1414 bonitatis
2873 1372 2985 1412 sute
3014 1358 3134 1412 sine
3173 1359 3284 1416 ullo
3325 1358 3422 1413 de-

1830 1459 1970 1514 fectu
1996 1458 2098 1513 scit
2127 1454 2426 1522 eﬂundere,
2464 1463 2486 1490 ε
2530 1462 2584 1508 et
2641 1453 2835 1520 nescit,
2869 1465 2991 1506 cum
3024 1449 3299 1518 elfuderit,
3329 1463 3423 1506 va-

1832 1553 1906 1608 ria
1917 1551 1979 1606 ri.

1901 1647 1957 1702 ‘2.
1998 1645 2159 1717 Igitur
2187 1659 2307 1699 cum
2357 1642 2410 1698 in
2440 1638 2711 1712 prmdiétaa
2742 1639 2890 1696 urbis
2935 1640 3050 1695 foro
3079 1641 3420 1697 consedisset

1834 1754 2036 1810 praeses
2097 1737 2272 1792 altiori
2321 1736 2533 1790 caeteris
2591 1733 2719 1788 sede
2775 1732 3100 1799 sublimior,
3145 1743 3199 1788 et
3237 1731 3427 1789 nefarii

1837 1831 2085 1888 facinoris
2127 1845 2275 1884 reum
2325 1829 2511 1882 ultimo
2565 1825 2739 1882 crucis
2777 1825 3041 1894 supplicio
3091 1835 3144 1880 et
3184 1833 3426 1880 extrema

1837 1943 1994 1997 pinna
2057 1924 2278 1995 patibuli
2345 1923 2692 1988 damnasset,
2764 1931 3017 1991 proiierat
3082 1922 3140 1976 Β.
3209 1921 3432 1976 antistes

1839 2019 1904 2074 ad
1947 2018 2120 2073 forum
2147 2058 2163 2084 ,
2211 2015 2347 2086 petit
2404 2029 2432 2067 a
2478 2013 2705 2084 praeside
2753 2014 2915 2068 vitam
2961 2015 3064 2080 iam
3109 2021 3250 2067 metu
3291 2027 3435 2082 prae-

1841 2110 2076 2173 mortui,
2125 2108 2218 2163 sed
2263 2122 2369 2162 non
2436 2105 2689 2174 impetrat
2735 2124 2746 2158 :
2796 2104 2813 2142 ί
2861 2105 3021 2161 iterat
3065 2120 3294 2175 preces,
3340 2103 3437 2160 sed

1839 2221 1995 2260 mens
2028 2201 2248 2273 superbi
2291 2201 2406 2256 dira
2435 2198 2578 2254 fastu
2615 2215 2720 2253 non
2768 2197 3050 2269 frangitur,
3100 2198 3195 2253 sed
3222 2193 3440 2253 acriore

1842 2296 2093 2352 fervescit
2127 2296 2229 2349 ira.
2267 2293 2451 2363 Itaque
2493 2293 2720 2346 antistes
2751 2290 2999 2346 cellulam
3040 2291 3256 2361 repetit,
3284 2299 3441 2345 terra:

1842 2387 2225 2460 prosternitur,
2260 2386 2436 2442 fundit
2471 2399 2681 2454 preces,
2713 2385 2944 2451 suspiria
2976 2383 3189 2454 gemina
3221 2383 3439 2449 emittit,

1849 2483 2022 2537 tundit
2057 2482 2248 2538 crebro
2286 2479 2514 2536 verbere
2551 2486 2797 2534 sanctum
2832 2489 3049 2548 pectus;
3096 2483 3229 2548 petit
3266 2495 3296 2534 a
3332 2481 3444 2534 Do-

147 2577 419 2638 alumnus,
450 2575 554 2627 vita
591 2580 791 2641 pastor,
828 2582 967 2623 nunc
996 2566 1162 2637 ipsius
1195 2563 1332 2618 felici
1367 2568 1450 2615 est
1483 2568 1735 2629 patronus
1767 2558 1814 2618 B
1844 2577 1991 2633 ωίηο
2033 2576 2174 2646 quod
2232 2589 2262 2628 a
2303 2572 2537 2643 preside
2581 2573 2829 2627 oblinere
2872 2573 3209 2639 nequiverat.
3273 2571 3442 2641 Digna

141 2683 410 2734 excessu;
439 2666 531 2736 qui
561 2665 613 2719 in
644 2666 902 2733 primaevo
947 2662 1120 2715 aetatis
1166 2658 1322 2723 flore,
1359 2652 1601 2722 abruptis
1639 2665 1740 2704 εω-

143 2762 254 2816 culi
284 2759 512 2829 laqueis,
555 2759 800 2812 militiam
832 2753 1030 2810 CliriSti
1072 2749 1487 2822 perseverantiae
1541 2745 1737 2800 defini-

149 2856 302 2910 tione
351 2853 631 2920 suscepit,
687 2858 742 2905 et
795 2849 919 2903 vitia
966 2847 1158 2916 quibus
1207 2843 1450 2913 pulsatur
1500 2840 1735 2892 humana

152 2946 422 3017 fragilitas
455 2945 724 3012 patientiae
773 2942 964 2995 virtute
1006 2938 1235 2993 calcavit
1267 2935 1319 3001 ά,
1367 2936 1553 2990 inanes
1586 2945 1745 2986 curas

145 3039 315 3109 longe
348 3037 562 3107 repulit,
596 3045 777 3091 motus
807 3034 1067 3097 autlaciic,
1100 3031 1418 3085 constantiae
1462 3026 1629 3081 frenis
1662 3033 1742 3079 te-

144 3135 294 3198 luit,
326 3140 382 3186 et
407 3129 787 3201 cogitationum
817 3131 954 3182 inter
982 3142 1040 3182 se
1068 3125 1472 3180 colluctantium
1505 3119 1744 3176 rebelles

147 3226 420 3280 tumultus
450 3224 648 3277 mentis
677 3220 902 3291 imperio
928 3219 1248 3289 subiugavit.
1295 3217 1397 3282 Qui
1430 3216 1592 3269 beato
1647 3213 1752 3266 fcr-

154 3335 298 3374 vens
344 3319 646 3386 proposito,
693 3322 747 3371 et
803 3314 1036 3370 felicium
1082 3312 1399 3367 meritorum
1459 3306 1753 3377 splendore

152 3411 514 3480 conspicuus,
547 3409 835 3464 sacerdotii
865 3409 1077 3463 culmen
1109 3415 1162 3462 et
1192 3403 1441 3460 sublimis
1479 3401 1755 3458 cathedris

143 3503 351 3560 sedem
380 3503 702 3571 promeruit.
755 3499 936 3556 Gessit
981 3508 1215 3554 mentem
1260 3496 1477 3566 fastigio
1535 3493 1756 3549 honoris

146 3595 247 3649 sui
275 3609 496 3662 parem;
529 3593 663 3647 nihil
699 3592 752 3646 in
793 3605 860 3646 eo
915 3591 1012 3645 fuit
1052 3590 1296 3654 dubium,
1354 3588 1486 3643 nihil
1535 3587 1753 3657 duplex,

143 3687 298 3744 nihil
333 3687 563 3741 varium.
591 3685 717 3740 Fuit
737 3699 970 3755 namque
1005 3685 1055 3738 in
1086 3699 1154 3739 eo
1195 3683 1436 3753 perfecta
1454 3679 1758 3746 humilitas,

156 3794 420 3855 prompta
451 3781 851 3845 misericordia,
895 3779 1168 3835 indefessa
1211 3779 1540 3843 liberalitas,
1575 3786 1760 3832 sancta

149 3876 513 3946 simplicitas.
547 3875 667 3931 Fuit
688 3877 740 3930 in
767 3875 957 3946 vigiliis
985 3874 1289 3940 laudabilis,
1314 3875 1376 3931 in
1396 3873 1616 3943 jejuniis
1650 3871 1761 3927 for-

162 3973 266 4040 tis,
295 3972 351 4024 in
374 3971 694 4025 remissione
742 3978 1075 4033 mansuetus,
1105 3970 1159 4024 in
1186 3967 1469 4038 colloquiis
1517 3967 1762 4034 sedulus,

156 4068 221 4122 in
253 4065 658 4120 conﬂictatione
688 4065 843 4130 lenis,
874 4067 925 4120 in
953 4064 1164 4134 injuriis
1187 4062 1353 4127 mitis,
1383 4062 1434 4116 in
1466 4060 1768 4116 tribulatio-

155 4160 344 4215 nibus
374 4159 607 4228 patiens,
639 4157 691 4212 in
725 4157 998 4227 prosperis
1041 4156 1373 4222 moderatus,
1408 4165 1661 4210 constans
1712 4155 1766 4209 in

166 4252 428 4307 tristibus
451 4291 466 4315 ,
500 4252 554 4305 in
584 4250 792 4305 blandis
817 4264 1058 4315 severus,
1093 4249 1236 4304 mitis
1282 4249 1333 4302 in
1382 4246 1612 4315 aSperis.
1662 4245 1772 4300 Nec

164 4345 394 4416 pudore
435 4345 654 4400 libertas
704 4344 921 4409 caruit,
983 4359 1082 4399 nec
1136 4341 1440 4412 jucunditas
1488 4340 1773 4412 gravitate.

264 4515 318 4540 ⁸ο
365 4504 422 4557 S.
477 4502 757 4569 Amantius
809 4503 1013 4569 primus
1071 4503 1354 4571 episcopus
1407 4500 1774 4555 Rutlienorum

181 4575 373 4630 fuisse
405 4576 562 4628 facile
589 4576 656 4628 ab
679 4575 928 4627 omnibus
950 4575 1281 4638 conceditur,
1316 4589 1474 4640 quem
1521 4573 1680 4641 vulgo
1711 4572 1774 4626 S.

176 4645 457 4701 Chamant
492 4644 626 4699 Galli
659 4647 927 4713 appellare
980 4659 1394 4699 CODSuct'el’llnl.
1433 4644 1690 4713 Perpetua
1725 4649 1780 4696 et

185 4729 462 4772 constans
506 4717 645 4784 apud
673 4718 955 4770 ituthenos
984 4717 1148 4786 viguit
1181 4717 1417 4780 traditio,
1468 4715 1525 4770 S.
1583 4717 1779 4768 Aman-

180 4793 331 4842 tium
379 4805 405 4840 a
434 4788 694 4851 Martiale,
724 4789 968 4855 apostolo
1020 4789 1424 4856 Aquitanorum,
1475 4786 1779 4839 ordinatum

180 4863 512 4928 BpiSt'Opum
551 4862 734 4920 fuisse,
761 4870 818 4912 ut
845 4861 1005 4913 refert
1030 4859 1290 4914 Antonius
1319 4858 1502 4913 Bonal.
1538 4861 1582 4911 ls
1613 4858 1784 4923 pridie

176 4933 382 4987 Nonas
413 4932 743 4984 Novembres
772 4940 986 4984 notatur
1036 4932 1086 4984 in
1142 4931 1310 4985 veteri
1371 4931 1782 4999 martyrnlogio,

177 5014 331 5058 ιυιιι.
364 5002 428 5056 ιγ
464 5003 749 5069 bpicilegii.
785 5001 914 5055 Item
947 5003 998 5055 in
1055 5002 1270 5071 Martyr.
1319 5001 1474 5054 Iiom.
1526 5000 1590 5054 ad
1648 5001 1788 5071 hunc

176 5079 350 5202 gem
367 5074 490 5197 tejus
519 5076 711 5128 festum
736 5073 946 5128 colitur.
971 5073 1098 5129 Haec
1124 5070 1532 5129 ex’Sammarth.
1566 5075 1616 5127 in
1647 5070 1787 5129 Gall.

257 5163 360 5200 iris
389 5185 403 5199 .

257 5163 403 5200 H'ISI.

279 5219 310 5256 δ
337 5218 595 5285 Prologus
619 5217 702 5271 hic
750 5219 901 5272 deest
929 5215 1068 5286 apud
1098 5215 1331 5272 Suriuin.
1363 5216 1433 5268 Ex
1497 5217 1612 5284 ipso
1668 5231 1798 5271 vero

190 5299 391 5358 potest
423 5289 641 5357 intelligi
677 5290 1020 5343 Fortunatam
1053 5304 1081 5341 a
1112 5288 1360 5355 quapiam
1393 5289 1796 5354 expostulatum

191 5361 382 5418 fuisse
401 5370 458 5414 ut
480 5361 652 5413 Vitam
676 5361 733 5415 S.
765 5361 997 5414 Amantii
1021 5361 1418 5422 conscriberet;
1451 5359 1798 5427 quemadmo-

189 5437 341 5489 dum
371 5445 423 5486 ct
449 5434 625 5499 plures
654 5435 787 5485 alias
821 5436 945 5485 item
975 5431 1324 5496 elucubravit,
1367 5446 1471 5498 quo
1507 5435 1796 5497 petentium

191 5508 357 5560 votis
388 5505 743 5569 satisfaceret,
774 5513 830 5555 ut
857 5519 957 5556 suo
986 5505 1103 5556 loco
1145 5503 1544 5556 adnotavimus.
1591 5503 1642 5554 Si
1674 5503 1796 5556 licet

190 5578 378 5631 ullam
402 5576 765 5644 conjecturam
793 5574 995 5641 facere,
1018 5590 1138 5627 cum
1171 5576 1214 5626 is
1240 5575 1498 5627 Iiutlicnze
1541 5573 1795 5644 sefuisse

189 5652 452 5704 affirmet
474 5643 527 5700 n.
566 5647 654 5710 14,
678 5662 785 5715 quo
814 5658 1074 5713 tempore,
1100 5661 1164 5699 ex
1191 5647 1484 5712 patrocinio
1506 5645 1561 5698 S.
1597 5643 1797 5698 Aman-

194 5721 303 5784 tii,
369 5737 498 5788 puer
549 5720 802 5788 quidam,
853 5719 1220 5785 Euphrasinus
1278 5720 1537 5783 nomine,
1589 5717 1796 5770 solutus

187 5795 459 5846 daemone
480 5803 582 5856 est,
618 5790 772 5858 cujus
803 5791 1043 5843 miraculi
1076 5791 1188 5857 ipse
1213 5791 1364 5842 testis
1387 5789 1649 5854 oculatus,
1684 5790 1799 5842 fue-

187 5869 271 5921 rit
300 5905 317 5929 ,
358 5865 654 5918 verisimile
694 5871 775 5915 est
829 5861 897 5914 ab
947 5866 1201 5929 episcOpo
1249 5860 1655 5924 Iiuthennrum,
1713 5862 1798 5929 qui

191 5952 339 5990 tunc
372 5938 444 5990 illi
481 5931 738 5989 Ecclesia:
769 5941 1017 6002 praeerat,
1039 5932 1204 5987 fuisse
1236 5933 1630 5999 expostulatum
1661 5942 1714 5983 ut
1742 5934 1798 5986 S.

181 6012 446 6066 Amantii
480 6007 782 6064 decessoris
805 6007 885 6061 sui
913 6004 1082 6060 Vitam
1128 6004 1532 6062 conscriberet:
1562 6018 1788 6074 quomo-

1844 2669 1988 2725 illico
2031 2666 2319 2737 praesidem
2377 2665 2643 2721 immitem
2689 2679 2848 2736 paena
2895 2663 3174 2732 percellit;
3221 2680 3345 2718 nam
3390 2668 3441 2718 in

1845 2761 2123 2827 cathedra,
2163 2761 2250 2814 cui
2288 2759 2450 2812 altior
2483 2757 2789 2824 insederat,
2829 2758 2980 2811 miris
3015 2769 3237 2826 repente
3270 2757 3444 2812 modis

1849 2858 2124 2928 afﬂigitur,
2155 2855 2358 2910 deserit
2395 2868 2518 2907 ossa
2541 2851 2722 2906 vitalis
2760 2850 2928 2915 calor,
2962 2859 3018 2906 et
3049 2852 3223 2904 soluta
3262 2851 3446 2906 nervis

1851 2952 2145 3024 rigentibus
2187 2949 2430 3006 membra
2472 2947 2706 3004 ofﬁcium
2731 2962 2834 3016 quo
2871 2946 3066 3000 animae
3109 2945 3448 3000 famulaban-

1852 3056 1936 3100 tur
1993 3044 2270 3098 amittunt.
2329 3039 2417 3096 Ad
2453 3039 2702 3094 cellulam
2734 3039 3024 3092 beatissimi
3075 3037 3173 3090 viri
3218 3051 3448 3091 concur-

1851 3139 2014 3204 ritur;
2056 3138 2123 3192 ab
2163 3135 2408 3191 oratione
2437 3133 2594 3188 Pater
2636 3131 2940 3202 consurgit,
2984 3129 3051 3185 ad
3098 3130 3268 3184 forum
3313 3144 3449 3199 pro-

1854 3231 2112 3302 greditur.
2152 3227 2338 3283 Sensit
2374 3225 2664 3280 adventum
2705 3224 2806 3278 viri
2848 3238 3069 3292 praeses,
3115 3237 3304 3293 magna
3337 3221 3446 3291 jam

1855 3322 1938 3380 Sui
1963 3332 2111 3392 parte
2136 3331 2513 3392 praemortuus.
2538 3317 2743 3374 Amissi
2776 3316 2953 3386 itaque
2989 3315 3284 3370 redduntur
3319 3329 3448 3370 sen-

1857 3433 1968 3485 sus,
2012 3427 2066 3474 et
2098 3417 2406 3473 famulantia
2448 3415 2631 3470 usibus
2661 3413 2777 3467 suis
2811 3413 2860 3465 in
2897 3411 3134 3482 vigorem
3169 3409 3451 3481 pristinum

1858 3512 2087 3568 redeunt
2125 3510 2388 3566 membra.
2431 3507 2694 3563 Redditur
2716 3520 2843 3575 ergo
2879 3505 3023 3559 salus
3056 3505 3265 3572 praesidi
3288 3545 3306 3569 ,
3349 3504 3461 3559 vita

1844 3604 2150 3666 damnato;
2193 3611 2250 3657 et
2285 3599 2544 3671 quidquid
2585 3597 2666 3653 vel
2714 3597 2805 3651 ille
2847 3595 3196 3660 admittendo,
3245 3593 3329 3648 vel
3372 3594 3458 3650 hic

1863 3712 1969 3752 non
2009 3694 2329 3750 dimittendo
2362 3699 2736 3756 contraxerat,
2784 3699 2808 3738 ε
2858 3688 3066 3743 Domini
3111 3688 3459 3743 miseratione

1868 3791 2205 3847 conceditur.
2276 3787 2518 3858 Denique
2579 3784 2876 3840 condonata
2917 3791 3001 3838 est
3059 3797 3150 3837 reo
3190 3783 3295 3836 vita
3337 3797 3459 3838 cum

1873 3885 2119 3948 crimine,
2159 3892 2214 3939 et
2257 3897 2455 3952 praeses
2499 3879 2692 3936 meruit
2731 3878 2940 3933 veniam
2981 3889 3100 3930 cum
3141 3874 3330 3931 salute.

1949 3978 2003 4032 5.
2049 3978 2162 4032 Νοη
2189 3978 2347 4047 longo
2373 3982 2492 4045 post
2522 3983 2763 4042 tempore
2793 3970 3034 4040 sequitur
3055 3968 3252 4025 clarior
3275 3969 3462 4033 virtus,

1879 4079 1934 4128 et
1976 4077 2124 4126 tanto
2167 4084 2263 4138 par
2302 4064 2514 4122 merito.
2577 4065 2706 4119 Erat
2747 4077 2974 4131 namque
3024 4061 3164 4116 haud
3209 4060 3365 4128 longe
3403 4060 3472 4115 ab

1883 4165 2014 4220 urbe
2043 4164 2096 4218 in
2124 4162 2298 4217 altiori
2323 4161 2437 4216 basi
2467 4158 2711 4215 eminens
2740 4154 3110 4216 simulacrum,
3135 4168 3242 4224 quo
3265 4155 3318 4208 in
3348 4154 3471 4209 loco

1885 4258 2017 4315 mira
2057 4254 2340 4311 multitudo
2376 4253 2657 4323 gentilium
2698 4250 3023 4306 conﬂuebat.
3063 4245 3094 4285 ³*
3127 4248 3309 4320 Itaque
3346 4263 3468 4304 cum

1889 4349 2164 4406 daemoniis
2185 4345 2448 4418 pecudum
2483 4358 2674 4400 carnes
2696 4344 2814 4400 suis
2837 4341 3074 4398 moribus
3097 4341 3276 4410 litant,
3313 4341 3471 4398 dum-

1887 4509 1956 4562 do
1978 4516 2032 4561 et
2053 4507 2210 4561 vitam
2241 4505 2298 4561 S.
2321 4503 2519 4566 Albini,
2540 4501 2776 4570 episcopi
2802 4499 3227 4568 Andegavcnsis,
3255 4499 3471 4570 scripsit

1889 4586 2073 4648 rOgatu
2108 4575 2432 4648 Domitiani,
2469 4569 2594 4628 item
2623 4573 3024 4648 Andegavensis
3043 4569 3312 4648 cpiscopi.
3341 4586 3468 4648 cum

1889 4642 2153 4718 advipsum
2185 4647 2394 4704 itineris
2442 4659 2626 4718 causa,
2672 4643 2998 4718 divertisset.
3033 4642 3192 4698 Certe
3222 4643 3468 4718 obedien-

1893 4724 1977 4776 tiae
2005 4715 2354 4782 vocabulum,
2374 4716 2515 4783 quod
2561 4720 2646 4770 hic
2677 4726 2898 4784 usurpat
2932 4715 3278 4777 Fortunatus,
3333 4715 3476 4767 indi-

1892 4809 2020 4848 care
2047 4792 2258 4846 videtur
2279 4790 2347 4844 ab
2367 4790 2545 4858 aliquo
2573 4788 2701 4842 illud
2734 4787 2914 4840 oneris
2959 4786 3058 4840 sibi
3111 4787 3275 4840 fuisse
3305 4786 3477 4855 impn-

1895 4869 2055 4920 situm
2086 4862 2176 4931 qui
2202 4863 2301 4916 sibi
2326 4861 2584 4931 dignitate
2615 4866 2911 4926 praestaret.

1971 4945 1993 4974 ο
2037 4926 2224 4989 δυ’τίυε
2275 4952 2286 4986 :
2333 4926 2671 4987 Beatissimus
2716 4931 2982 4983 Amantius
3038 4926 3289 4982 But/rents
3339 4929 3479 4984 urbis

1819 5050 1873 5110 D
1898 5008 2155 5077 quondam
2188 5005 2422 5075 fuitcivis
2453 5014 2589 5066 ortu,
2638 5002 2740 5054 vita
2763 5011 2959 5071 pastor,
3009 5016 3145 5055 nunc
3202 5000 3338 5070 felici
3386 5018 3480 5070 pa-

1901 5091 2074 5110 Ιι-Λκηρ
2101 5087 2172 5110 ne!
2215 5092 2418 5110 amt-ncnc:

1898 5091 2010 5133 tron
2019 5095 2074 5131 I18
2099 5087 2172 5131 est
2214 5092 2439 5130 επεεδιιι.

1967 5151 1995 5186 α
2025 5149 2226 5202 Ibidem
2265 5159 2382 5211 post
2413 5148 2525 5200 haec
2553 5145 2710 5199 verba
2730 5185 2745 5206 ,
2787 5144 2969 5198 virtute
3008 5142 3218 5196 calcavit
3239 5183 3251 5205 ,
3285 5142 3480 5196 desunt

1899 5221 2211 5276 intermedia
2243 5234 2408 5286 usque
2452 5217 2515 5269 ad
2545 5216 2688 5278 haec,
2719 5218 2805 5284 qui
2834 5218 2978 5268 beato
3005 5216 3198 5284 fervens
3225 5253 3239 5277 ,
3267 5224 3397 5278 etc.;
3427 5224 3482 5268 et

1900 5302 2018 5362 post
2046 5292 2159 5353 illa,
2193 5300 2304 5358 post
2327 5289 2536 5362 honoris
2563 5289 2651 5362 sui
2674 5305 2869 5362 parem,
2898 5287 3097 5341 reIiCtis
3125 5286 3476 5349 inlerrnediis,

1902 5359 2184 5418 nectuntur
2216 5364 2335 5426 ista,
2365 5376 2499 5413 nunc
2520 5359 2653 5412 brevi
2684 5359 2835 5427 style.

1976 5445 2000 5471 ο
2045 5435 2261 5494 Ibidem,
2288 5443 2330 5486 et
2358 5432 2535 5495 nescit,
2563 5447 2679 5483 cum
2707 5429 2942 5495 e/fuderit
2973 5430 3201 5481 vacuari.

1979 5504 1997 5542 ί
2042 5506 2236 5559 Ibidem
2272 5521 2284 5557 :
2316 5505 2462 5557 iterat
2514 5518 2705 5570 preces,
2755 5503 3036 5554 orationem
3080 5502 3222 5565 apud
3269 5501 3484 5553 surdum

1903 5577 2174 5648 prwsidem
2215 5575 2401 5645 perdit.
2435 5572 2614 5645 Itaque
2651 5573 2960 5648 antistesa‘d
2991 5572 3170 5624 cellam
3202 5576 3484 5648 repedat...

1902 5643 2121 5718 suspiria
2153 5643 2396 5719 geminat,
2445 5643 2622 5719 etc—.m
2673 5644 2830 5719 digna
2869 5643 3007 5719 illico
3049 5659 3233 5719 pr‘wscs
3278 5643 3489 5719 immitis

1905 5714 2054 5789 pinna
2094 5714 2407 5786 percellitur.
2437 5717 2570 5770 Nam
2601 5714 2876 5789 cathedrw,
2915 5716 2997 5767 cui
3021 5716 3175 5767 altius
3207 5715 3488 5780 insederat,

1905 5788 2049 5845 miris
2073 5801 2274 5860 repente
2297 5791 2461 5842 modis
2484 5788 2774 5857 aﬁigitur...

1982 5873 2005 5909 ις
2042 5858 2140 5923 Ib.,
2173 5860 2273 5914 Pia
2302 5861 2505 5913 Domini
2537 5861 2861 5911 miseratione
2887 5858 3123 5911 diluitur.

1980 5930 2007 5969 ³³
2039 5933 2182 5987 Idem
2211 5950 2222 5986 :
2249 5931 2433 6000 Itaque
2474 5933 2596 5983 dum
2621 5931 2936 5982 dwmonibus
2963 5930 3236 5996 pecudum,
3277 5929 3365 6000 vel
3386 5927 3492 5980 suis

1906 6007 2076 6078 potius
2101 5999 2556 6068 mortibus’litaut;
2602 6002 2822 6069 dumque
2847 6003 3013 6057 cuncti
3035 6001 3208 6072 referti
3249 5999 3492 6070 epulis...
