4192 6552
746 415 853 473 δ’ιὸ

1463 403 1787 465 VENANTII
1830 402 1987 465 HON.
2029 399 2237 461 CLEM.
2281 398 2677 460 FORTUNATI
2715 395 2998 457 OPERUM
3035 391 3215 454 PARS
3251 394 3316 452 ll.

3918 387 4024 448 5lﬂ

745 567 849 621 que
890 546 1071 603 referti
1112 543 1286 615 epulis
1326 550 1379 599 et
1420 543 1544 597 vino
1583 542 1724 612 pleni
1758 548 1915 597 cantu
1958 548 2321 609 perstrepunt,
2355 522 2402 582 Α
2430 525 2601 621 "fre":
2631 510 3181 621 19*5‘illlelﬂimeﬂ.
3206 518 3426 613 “uel”?
3465 503 4027 621 εθΐνθιςὶιρδοΐιδβξιε

744 643 1085 700 beatissimus
1136 638 1385 694 sacerdos
1425 637 1682 709 advenit,
1723 636 2015 705 vidensque
2058 634 2332 688 exsultare

744 737 1011 793 infensum
1038 735 1243 805 plebem
1272 731 1415 786 omni
1462 732 1601 786 luctu
1626 731 1856 800 graviori
1887 726 2088 789 latitia,
2116 727 2333 780 trahens

744 832 813 886 ab
854 831 961 883 imo
1006 837 1222 898 pectore
1263 825 1486 893 suspiria
1512 863 1527 888 ,
1570 840 1599 876 a
1642 822 1906 890 sacrilegii
1968 820 2172 873 scelere
2215 833 2333 872 eam

744 922 836 991 pio
876 918 1177 975 hortamine
1224 931 1478 972 revocare
1522 924 1809 984 pertentat.
1854 912 1957 968 Sed
1997 925 2212 980 semper
2251 911 2331 963 in-

747 1015 857 1067 visa
905 1014 1126 1082 ignavim
1171 1010 1403 1066 remedia
1449 994 1575 1062 sunt
1620 1006 1831 1071 salutis,
1871 1019 1991 1075 quae
2032 1005 2207 1074 perire
2251 1016 2337 1057 ar-

745 1106 903 1164 bitrio
941 1121 1038 1159 suo
1071 1119 1229 1175 quant
1266 1104 1497 1158 alienum
1534 1115 1752 1156 servare
1790 1099 2066 1154 consilium
2109 1098 2333 1165 mavult,

745 1207 797 1253 et
835 1197 1049 1252 modum
1092 1194 1299 1249 utilium
1339 1194 1402 1246 ad
1451 1192 1665 1246 modum
1712 1191 1999 1261 voluptatis
2042 1191 2228 1244 nititur
2253 1203 2339 1242 re-

745 1297 1025 1357 torquere,
1073 1284 1374 1354 blandaque
1412 1292 1468 1339 et
1508 1285 1662 1337 noxia
1710 1297 1805 1352 pro
1842 1282 2003 1336 rectis
2042 1295 2103 1335 ac
2147 1292 2337 1335 neces-

745 1382 901 1437 sariis
944 1379 1125 1434 habet.
1150 1378 1299 1432 Totis
1320 1392 1447 1447 ergo
1491 1374 1685 1429 furoris
1722 1373 1952 1429 stimulis
1977 1374 2164 1443 vulgus
2186 1388 2341 1427 exar-

747 1473 853 1539 sit;
900 1473 991 1527 sed
1039 1473 1128 1525 ille
1171 1470 1454 1524 adversum
1512 1468 1798 1523 stevicntcs
1838 1480 1984 1519 arma
2047 1464 2339 1531 arripiens,

746 1567 943 1634 repetit
983 1564 1262 1627 cellulam,
1314 1571 1470 1615 terra:
1514 1559 1892 1627 prosternitur,
1934 1556 2109 1612 fundit
2149 1556 2341 1610 uberes

747 1675 845 1731 pro
879 1658 1123 1713 hostibus
1162 1671 1375 1727 preces,
1400 1652 1693 1723 ingeminat
1729 1666 1825 1721 pro
1864 1650 2095 1705 inimicis
2117 1650 2222 1702 alta
2258 1661 2343 1702 su-

748 1751 934 1821 Spiria,
989 1751 1122 1818 petit
1166 1747 1269 1802 illis
1314 1746 1505 1812 vitam,
1548 1744 1634 1814 qui
1683 1744 1734 1796 in
1780 1756 1965 1796 necem
2006 1754 2156 1795 suam
2199 1745 2345 1793 certe

748 1842 1057 1897 serviebant.
1093 1839 1224 1896 Nam
1263 1839 1355 1892 ille
1394 1838 1532 1906 quod
1565 1844 1917 1889 coronaretur
1953 1832 2190 1904 optabat,
2224 1831 2345 1887 ideo

749 1947 820 1989 ne
851 1934 1163 2001 punirentur
1186 1928 1355 1998 impii,
1384 1926 1465 1997 pia
1505 1927 1642 1996 apud
1686 1924 2107 1980 misericordiam
2136 1921 2342 1976 Domini

750 2038 871 2079 veta
917 2024 1188 2077 fundebat.
1257 2021 1369 2074 Non
1429 2018 1572 2073 enim
1620 2017 1795 2072 mittor
1852 2015 2014 2070 animi
2056 2013 2224 2069 virtus
2262 2026 2343 2070 est

753 2130 851 2186 pro
891 2114 1106 2177 inimico
1166 2126 1420 2167 exorasse
1464 2110 1747 2163 Damiuqu
1800 2122 1956 2176 quam
2000 2105 2346 2177 procubuisse

752 2219 851 2277 pro
889 2206 1143 2269 Domino;
1191 2220 1289 2274 pro
1326 2213 1670 2272 persecutore
1718 2200 1917 2253 fudisse
1959 2211 2148 2268 preces
2187 2210 2346 2267 quam

751 2298 1007 2354 effudisse
1040 2298 1270 2351 animam
1312 2297 1671 2349 innocentem.
1698 2291 1825 2346 Post
1852 2291 2009 2361 longa
2032 2290 2212 2360 itaque
2254 2303 2347 2345 su-

753 2391 915 2460 spiria
958 2398 1198 2443 sanctum
1256 2387 1470 2442 elevans
1513 2393 1706 2451 eaput,
1769 2387 1812 2439 si
1856 2386 2025 2439 nubes
2068 2383 2242 2452 aliqua
2285 2381 2351 2437 ab

754 2493 961 2542 oriente
1002 2493 1366 2554 consurgeret,
1410 2484 1499 2552 qui
1548 2497 1712 2552 prope
1754 2480 1986 2545 astabat,
2013 2495 2234 2547 puerum
2270 2479 2353 2534 in-

753 2580 1083 2647 terrogabat.
1110 2576 1319 2631 Nullam
1370 2576 1456 2629 ille
1498 2590 1556 2629 se
1597 2574 1782 2628 videre
1822 2572 2122 2642 respondit.
2149 2570 2352 2625 Rursus

755 2668 944 2725 beatus
964 2671 1200 2739 pontitex
1229 2678 1383 2721 terra:
1409 2678 1704 2734 prostratus
1728 2664 1983 2735 ingemuit
2008 2707 2022 2731 ,
2067 2674 2356 2731 erectoque

758 2765 955 2822 iterum
996 2782 1023 2817 a
1065 2774 1206 2818 terra
1246 2763 1416 2831 capite
1447 2804 1459 2823 ,
1504 2762 1691 2817 eadem
1734 2774 1855 2829 quae
1897 2759 2043 2829 prius
2081 2774 2109 2813 a
2156 2757 2356 2814 famulo

762 2860 1091 2922 sciscitatur,
1141 2857 1321 2909 videre
1364 2855 1571 2908 siilicct
1596 2869 1652 2907 se
1678 2852 1930 2907 credebat
1952 2850 2092 2922 quod
2119 2850 2354 2906 futurum

761 2952 1099 3025 praeviderat.
1144 2950 1223 3004 Ab
1267 2950 1427 3001 humo
1482 2961 1610 3016 ergo
1653 2945 1746 2999 Dei
1788 2945 1947 2999 homo
1988 2957 2355 3013 consurgens.

760 3054 816 3102 et
837 3045 1052 3109 rtelttm,
1086 3042 1169 3096 cui
1213 3054 1483 3107 nunquam
1523 3046 1705 3091 tuente
1746 3036 1933 3100 defuit,
1962 3037 2220 3090 intuetur.
2252 3032 2366 3091 Το-

764 3140 908 3206 gitur
945 3145 1163 3203 repente
1203 3132 1431 3186 nubibus
1463 3131 1600 3194 dies,
1639 3140 1692 3183 et
1731 3143 1851 3183 mox
1889 3128 2106 3182 diabolo
2137 3125 2360 3183 exitium

766 3228 969 3293 fero-ns,
995 3225 1241 3280 terribilis
1280 3224 1475 3277 tonitru
1514 3223 1689 3290 fragor
1726 3221 2012 3289 increpuit,
2042 3219 2358 3289 pariterque

765 3322 952 3380 infelix
982 3319 1325 3374 simulacrum
1374 3317 1519 3379 ferit,
1544 3315 1731 3369 dividit
1768 3325 1822 3368 et
1855 3312 2131 3384 dispergit.
2168 3313 2359 3367 Fertur

764 3431 863 3488 per
902 3430 1026 3469 aera
1071 3413 1333 3480 lapideum
1381 3409 1762 3477 sacrilegorum
1805 3422 2002 3461 numen
2046 3423 2058 3459 :
2104 3404 2246 3476 quod
2286 3404 2360 3459 ita

765 3509 1033 3566 diversam
1075 3508 1125 3559 in
1166 3513 1368 3572 partem
1413 3500 1621 3555 ultricis
1666 3499 1912 3569 pt-ocellze
1956 3498 2111 3553 turbo
2143 3496 2358 3567 dejecit,

767 3613 828 3659 ut
862 3612 1064 3672 partem
1105 3614 1243 3652 nunc
1271 3598 1386 3662 eius
1415 3606 1435 3631 °
1482 3594 1748 3649 Lautertia
1788 3609 1927 3648 tittnc
1972 3600 2148 3648 teneat
2190 3590 2360 3658 rivus,

769 3706 980 3768 partem
1021 3708 1152 3749 vero
1196 3690 1220 3727 ι)
1268 3689 1551 3745 Avarionis
1609 3686 1804 3741 habeat
1859 3687 1970 3755 ripa
2035 3685 2266 3739 ﬂuminis
2310 3684 2362 3739 in

771 3786 1134 3843 testimonium
1195 3781 1405 3835 virtutis
1463 3787 1716 3847 perpetuo
1769 3790 2066 3831 servatura.
2148 3774 2362 3830 Partem

769 3894 984 3951 quoque
1021 3877 1090 3931 ab
1114 3876 1243 3929 urbe.
1284 3871 1465 3942 procul
1495 3880 1682 3941 patens
1724 3871 1919 3925 retinet
1960 3883 2178 3934 campus
2204 3880 2224 3907 ε
2251 3884 2363 3924 rem

772 3974 905 4029 tanti
950 3968 1187 4024 miraculi
1230 3966 1411 4020 usibus
1458 3963 1706 4017 humanis
1744 3961 2017 4030 ingerens,
2057 3961 2362 4016 admiratio-

776 4079 900 4120 nem
927 4062 1191 4130 pra'bens,
1217 4057 1530 4112 memoriam
1554 4064 1964 4123 repraesentans.
1987 4054 2163 4122 Itaque
2190 4052 2367 4108 divina

777 4154 1109 4225 providentia
1132 4152 1377 4206 verberat
1416 4146 1629 4215 imp’os,
1656 4155 1714 4199 ut
1746 4144 1941 4199 anima:
1974 4146 2216 4199 morbum
2248 4159 2371 4200 cor-

778 4247 926 4316 poris
986 4242 1331 4297 alﬂictatione
1388 4246 1578 4299 sanet,
1631 4245 1687 4291 et
1743 4237 1809 4291 de
1851 4236 2089 4290 adversis
2131 4235 2367 4292 remedia

779 4348 1120 4408 praeparans,
1170 4332 1395 4385 salutem
1453 4328 1757 4382 infirmitate
1804 4328 2081 4392 restituit;
2145 4327 2371 4397 ideoque

782 4429 1096 4498 sacrilegtm
1141 4426 1346 4495 plebent
1389 4422 1671 4487 percussit,
1701 4429 1757 4475 ut
1785 4420 1989 4495 [Forte,
2015 4421 2103 4493 ne]
2128 4422 2377 4490 perderet

783 4536 934 4588 eam;
975 4529 1032 4575 et
1056 4518 1142 4589 pia
1176 4533 1335 4572 manu
1374 4515 1566 4571 inﬂixit
1586 4514 1825 4580 vulnera,
1859 4530 1925 4568 ne
1951 4515 2119 4583 ipsam
2142 4515 2374 4584 puniret.

786 4612 913 4671 Fuit
932 4627 1058 4680 ergo
1091 4624 1320 4680 prassens
1343 4624 1496 4680 pinna
1521 4623 1625 4662 non
1650 4607 1779 4661 ultio
1801 4606 2149 4675 sceleris,scd
2170 4603 2377 4661 medela

801 4706 1028 4778 peccati,
1053 4719 1171 4775 quae
1209 4705 1494 4773 perimeret
1538 4710 1831 4768 peccatum,
1876 4710 2151 4753 coerceret
2193 4711 2383 4768 pecca-

793 4840 948 4913 longa
973 4841 1196 4908 suspiria
1229 4856 1261 4892 a
1283 4837 1948 4913 sacrilegiiimpiousrelere
1968 4835 2053 4913 pio
2076 4836 2382 4913 hortamine,

792 4907 948 4967 ett-1.
992 4907 1148 4976 quam
1170 4913 1338 4963 alieno
1363 4907 1555 4963 servari
1582 4907 1798 4961 consilio
1827 4908 2015 4959 mavult
2049 4922 2069 4961 .'
2091 4907 2141 4976 in
2178 4909 2387 4960 modum

796 4988 1003 5037 utilium
1045 4983 1425 5036 incommodum
1460 4980 1730 5047 uoluptatis
1761 4978 2060 5031 nomineL.
2093 4975 2236 5033 Totis
2264 4995 2388 5049 ergo

799 5058 990 5125 furoris
1020 5054 1240 5107 stimulis
1277 5054 1328 5105 in
1357 5053 1607 5125 injttrittnt
1630 5050 1793 5103 sancti
1832 5049 1929 5102 viri
1955 5051 2249 5102 seditiosum
2278 5049 2389 5102 vul-

800 5123 893 5195 gus
918 5127 1139 5188 exarsit;
1170 5142 1284 5177 cum
1314 5124 1399 5187 pia
1430 5123 1516 5175 ille
1543 5123 1785 5195 adversus
1815 5123 2074 5195 uenientes
2102 5137 2245 5172 arma
2276 5137 2391 5174 cor-

800 5191 1161 5266 ripiens...pro
1183 5197 1409 5248 hostibus
1432 5191 1808 5266 ﬂ.tus_...petit_,
1837 5201 1888 5266 ut
1911 5192 2019 5244 sine
2046 5208 2163 5266 nec:
2194 5209 2286 5266 sua
2314 5192 2392 5245 vel

803 5262 937 5321 certe
973 5262 1184 5336 propria
1215 5262 1529 5319 merentium
1552 5264 1717 5336 furor
1746 5262 2029 5316 desisteret.
2062 5262 2143 5316 Νι
2173 5263 2264 5316 ille
2292 5280 2392 5331 quo

805 5334 1137 5391 coronaretur
1163 5339 1385 5407 optabat,
1416 5351 1510 5406 pro
1541 5334 1643 5401 his,
1687 5350 1746 5386 ne
1773 5347 2073 5407 punirentur
2101 5336 2283 5407 impii,
2308 5335 2393 5403 pia

807 5410 945 5479 apud
989 5405 1367 5461 misericordem
1411 5405 1587 5479 regem,
1630 5414 1743 5459 rota
1789 5405 2053 5479 fundebat.
2092 5405 2215 5479 Post
2244 5405 2395 5479 longa

810 5476 984 5549 itaque
1014 5482 1270 5550 suspiria,
1318 5490 1471 5535 etc...
1504 5478 1612 5550 qui
1648 5491 1805 5546 prope
1833 5476 2120 5538 assistebat,
2148 5477 2395 5550 inspicere

814 5547 1327 5621 puerum...eadrnt,
1376 5565 1492 5620 qua:
1538 5549 1678 5615 prius
1720 5549 1968 5621 [amulum
2021 5547 2392 5600 sciscitabatur.

823 5621 1016 5683 Videri,
1068 5630 1121 5674 ut
1169 5622 1329 5688 prius,
1383 5618 1608 5692 fatim/tis
1651 5630 1821 5687 negat.
1867 5619 1992 5692 (dum
2032 5621 2201 5692 itaque
2249 5618 2396 5670 tertio

816 5703 991 5743 sancta
1023 5701 1172 5746 terra:
1201 5690 1424 5744 membra
1455 5697 1811 5758 prosterneret,
1854 5690 1948 5751 ait,
1991 5691 2073 5742 cui
2124 5691 2177 5740 ill
2230 5690 2396 5759 apcris

814 5762 1099 5831 injunctunt
1137 5764 1301 5831 fuerat
1353 5764 1530 5815 nubem
1571 5764 1631 5812 ab
1682 5761 1873 5812 oriente
1924 5775 2244 5823 pertenuem,
2290 5761 2397 5812 exi-

814 5848 1066 5901 guuntqne
1092 5837 1267 5888 videri.
1313 5833 1518 5889 Scilicet
1553 5832 1669 5884 cred
1692 5831 1763 5883 dit
1789 5834 1926 5901 quod
1956 5833 2185 5898 [murum
2218 5832 2396 5900 pra'vi-

813 5907 1005 5956 ἀργαί..
1034 5906 1244 5956 terribili
1273 5906 1443 5958 sonitu
1471 5903 1665 5973 fulmen
1700 5904 1972 5969 increpuit,
1998 5914 2102 5957 etC.

887 5983 912 6012 ⁸
942 5973 1199 6029 Lanterna
1238 5985 1401 6030 teneat
1430 5976 1586 6029 rivus.
1621 5974 1879 6029 Lanterna
1910 5974 2055 6029 rivus
2085 5988 2206 6029 esse
2231 5972 2399 6028 fluens

2432 609 2589 665 simul
2631 616 2712 662 est
2754 621 2817 660 ex
2856 605 3040 659 dolore
3076 604 3253 668 salus,
3296 617 3361 671 es
3406 604 3483 658 ira
3528 602 3778 655 remissio
3823 602 4026 654 multis.

2432 702 2564 760 Num
2608 710 2670 755 ut
2708 699 3048 754 simulacrum
3091 696 3331 752 fulminis
3374 697 3479 751 ictu
3526 695 3806 760 dissiluit,
3847 697 4026 748 statim

2432 796 2625 865 quibus
2682 795 2852 847 inerat
2891 791 3187 861 juventutis
3250 790 3456 851 robur,
3502 788 3701 859 quique
3742 788 3811 841 de
3856 787 4031 840 inedia

2433 898 2592 944 nocte
2624 887 2913 957 vergebant
2949 886 3000 939 in
3037 884 3267 949 senium,
3293 882 3473 937 auditu
3507 881 3774 936 abstrusis
3809 881 4033 935 auribus

2435 998 2675 1037 caruere.
2717 981 2903 1034 .lunior
2939 993 3068 1035 vero
3102 980 3384 1048 minusque
3428 992 3632 1031 nocens
3665 987 3799 1030 tetas
3837 975 4035 1029 mansit

2438 1076 2751 1139 incolumis;
2814 1074 2906 1129 sed
2951 1074 3004 1127 bi
3044 1073 3238 1144 quibus
3278 1072 3439 1125 altius
3479 1071 3851 1139 scrpentinum
3890 1070 4035 1125 virus

2439 1168 2728 1222 incaluerat
2768 1164 3048 1220 feriuntur.
3089 1163 3234 1230 Quos
3264 1176 3394 1232 ergo
3423 1162 3489 1216 ad
3528 1161 3683 1216 fidem
3720 1160 4035 1229 pm'dtcatio

2439 1270 2621 1313 sancta
2688 1272 2792 1312 non
2836 1264 3106 1323 moverat,
3150 1255 3370 1325 insignis
3427 1251 3672 1308 miraculi
3716 1252 3890 1306 virtus
3932 1252 4036 1308 itu-

2442 1353 2609 1423 pellit.
2673 1350 2753 1405 Ad
2795 1348 3159 1405 beatissimum
3217 1347 3415 1402 etenim
3457 1346 3630 1400 virum
3679 1352 4037 1414 concurrunt,

2443 1444 2693 1501 facinoris
2724 1443 2933 1498 veniam
2969 1447 3223 1510 expetunt
3260 1449 3316 1494 et
3352 1448 3645 1502 merentur,
3676 1437 3917 1492 amissos
3950 1450 4039 1491 re-

2444 1547 2630 1607 petunt
2666 1548 2860 1592 sensus
2894 1543 3056 1605 atque
3093 1533 3415 1604 percipiunt,
3447 1518 3688 1585 sentiunt
3721 1530 3845 1584 sani
3880 1526 4041 1585 fontis

2444 1629 2645 1685 ﬂuenta
2690 1638 2745 1683 et
2789 1627 3060 1681 haun'tmt.
3107 1624 3362 1680 Discessit
3401 1637 3534 1693 ergo
3569 1622 3765 1677 vulnus
3811 1622 4038 1689 illatum,

2445 1733 2662 1777 curatur
2699 1722 3000 1785 inventum,
3047 1732 3145 1773 nec
3184 1718 3322 1773 ultra
3357 1716 3791 1773 cmendatioem
3815 1717 4041 1771 verbera

2450 1816 2557 1870 illis
2590 1813 2954 1869 contulerunt.
2978 1812 3066 1868 Sic
3092 1809 3350 1866 Dominus
3386 1819 3571 1865 noster
3595 1810 3772 1865 ﬁdelis
3800 1809 4044 1865 oratione

2450 1908 2588 1961 servi
2614 1905 2883 1975 antiquam
2912 1902 3248 1972 ptttredinem
3282 1902 3521 1957 ulcerum
3557 1902 3793 1967 curavit,
3821 1902 4045 1955 vulnera

2445 2001 2686 2064 sanavit,
2732 1995 2935 2067 ﬂagella
2979 1995 3200 2061 lenivit,
3243 1992 3378 2048 iram
3435 2003 3649 2049 terrore
3685 1995 4044 2064 compescuit.

2447 2090 2520 2144 lta
2556 2092 2738 2145 divino
2771 2103 2993 2142 munere
3017 2086 3240 2142 bellator
3274 2085 3519 2156 egregius
3549 2085 3788 2155 praedam
3828 2085 4047 2140 inimico

2449 2183 2688 2247 abstulit,
2722 2180 2916 2237 detulit
2951 2180 3132 2244 cmlo;
3197 2178 3428 2233 detraxit
3454 2178 3609 2253 'hosti
3637 2217 3655 2244 ,
3703 2179 3920 2233 auctori
3965 2194 4047 2233 re-

2449 2277 2620 2331 stituit
2662 2292 2674 2329 :
2720 2273 2962 2344 captivos
2999 2272 3143 2327 enim
3190 2269 3427 2327 reddidit
3465 2270 3747 2335 libertati,
3793 2270 4050 2339 praedone

2452 2369 2687 2438 captivo,
2717 2367 2944 2436 vitaeque
2977 2375 3241 2429 mortuos,
3274 2364 3464 2419 mortis
3495 2373 3721 2418 auctore
3759 2375 4049 2432 prostrato,

2455 2460 2790 2517 restauravit.
2818 2460 2886 2513 Et
2918 2458 3062 2513 illico
3082 2457 3150 2513 de
3184 2456 3546 2527 penetralibus
3577 2456 3763 2510 cordis
3784 2455 4054 2526 sacrilegi,

2456 2554 2660 2625 peccati
2701 2550 2959 2617 maculas,
2999 2549 3195 2605 Christi
3236 2561 3422 2602 amore
3462 2546 3703 2615 repulit,
3752 2545 3893 2601 fides
3933 2548 4057 2601 abs-

2462 2647 2640 2712 traxit,
2706 2646 2843 2700 unda
2888 2644 3150 2714 purgavit,
3199 2651 3254 2697 et
3303 2640 3663 2695 validissimus
3703 2640 3917 2695 candor
3954 2649 4058 2697 ter-

2462 2758 2621 2798 renos
2645 2739 2887 2795 homines
2920 2736 3149 2807 spiritali
3176 2734 3295 2789 fidei
3316 2734 3621 2789 velamento
3645 2731 3861 2797 induit;
3884 2734 4061 2801 sicque

2464 2836 2621 2891 Pater
2658 2832 2902 2903 egregius
2937 2827 3218 2898 lidelisque
3262 2841 3453 2882 servus
3497 2827 3813 2894 evangeltci
3864 2842 4062 2895 praece.

2467 2931 2540 2998 pti
2586 2939 2813 2991 memor,
2853 2921 3138 2977 commissa
3180 2918 3284 2975 sibi
3338 2932 3371 2973 a
3410 2916 3645 2973 Domino
3693 2916 3841 2972 felici
3885 2919 4064 2976 fenore

2469 3020 2815 3088 multiplicata
2854 3015 3107 3071 restituit.

2540 3112 2595 3165 4.
2637 3106 3035 3179 Aliquantulum
3056 3118 3185 3159 vero
3206 3111 3325 3173 post
3365 3102 3481 3159 haec
3522 3103 3797 3173 temporis
3819 3102 4066 3173 ﬂuxerat,

2473 3200 2798 3271 etpraecepit
2835 3199 3042 3252 duobus
3079 3196 3326 3252 ecclesize
3368 3194 3581 3250 famulis
3624 3205 3682 3249 ut
3729 3197 3787 3250 in
3828 3197 4069 3263 ﬂumine,

2463 3294 2604 3365 quod
2635 3292 2792 3364 juxta
2831 3295 3017 3347 urbem
3051 3290 3395 3362 prxterﬂuit,
3424 3303 3626 3359 paucos
3649 3303 3754 3359 pro
3777 3290 4071 3347 advenien-

2465 3389 2604 3443 tibus
2629 3387 2803 3457 pisces
2824 3394 3099 3455 caperent.
3119 3383 3272 3439 Hattd
3287 3398 3459 3447 mora,
3479 3385 3769 3452 praeceptis
3790 3384 4069 3448 obediuut,

2465 3482 2640 3549 p‘sces
2664 3477 2901 3547 capiunt,
2930 3474 3033 3530 lina
3072 3474 3275 3543 legunt,
3300 3472 3367 3528 ad
3391 3476 3579 3528 urbem
3611 3486 3904 3540 remeant;
3947 3489 4072 3543 quos

2466 3572 2680 3636 milites,
2733 3568 2824 3639 qui
2870 3569 2919 3622 in
2965 3567 3214 3637 praesidio
3252 3572 3407 3622 erant
3452 3565 3734 3633 civitatis,
3778 3568 4071 3623 redeuntes

2465 3664 2765 3721 offendunt.
2825 3662 2861 3716 li
2913 3659 3094 3715 hostili
3154 3660 3260 3715 ritu
3298 3660 3436 3730 septi
3482 3662 3768 3730 potiuntur
3810 3661 4070 3731 piscibus,

2467 3773 2667 3827 eosque
2706 3755 2845 3810 male
2883 3753 3171 3809 mulctatos
3207 3752 3387 3823 ﬂagris
3420 3753 3737 3821 relinquunt
3771 3755 4073 3809 exanimes.

2468 3854 2548 3909 Ad
2576 3849 2911 3906 sacerdotem
2934 3847 3117 3903 famuli
3138 3848 3387 3913 redeunt,
3405 3856 3461 3902 et
3480 3862 3600 3917 quas
3621 3847 3687 3903 iis
3710 3848 3881 3902 simul
3903 3850 4077 3904 ablata

2471 3946 2723 4014 illataque
2751 3944 2963 4005 fuerant
3000 3941 3149 3996 testis
3180 3940 3355 3996 luctus
3386 3940 3626 3996 edocuit.
3657 3940 3872 4003 Beatus
3906 3953 4074 3997 tamen

2473 4039 2708 4106 pontifex
2768 4038 2980 4092 amissis
3040 4050 3145 4090 non
3212 4034 3382 4093 doluit
3434 4049 3499 4089 ex
3564 4041 3928 4103 cmttcmptu.
3989 4035 4074 4090 sed

2471 4132 2688 4189 afﬂictis
2733 4133 3041 4201 congemuit
3081 4143 3146 4184 ex
3191 4127 3407 4183 aﬂ'ectu.
3451 4128 3477 4167 ἀ
3519 4127 3673 4184 Illinc
3717 4130 4074 4185 constantiam

2474 4228 2625 4295 vigor
2661 4223 2851 4288 tenuit,
2892 4224 3015 4277 hinc
3053 4220 3317 4292 lacrymas
3353 4221 3523 4292 pietas
3560 4220 3722 4276 fudit.
3770 4221 3930 4278 Felix
3962 4238 4074 4278 cum

2475 4319 2599 4375 vicit
2636 4325 2966 4386 contemptu,
3007 4316 3211 4370 felicior
3244 4329 3367 4369 cum
3402 4316 3573 4369 victus
3602 4313 3805 4371 aﬂ'cctu
3833 4327 3943 4372 est.
3976 4316 4074 4370 Do-

2476 4428 2621 4468 mum
2674 4411 2875 4466 interea
2936 4410 3134 4463 milites
3192 4416 3466 4478 repetunt,
3525 4408 3775 4462 nituntur
3839 4411 4072 4481 pradatn

2477 4508 2728 4562 edomare
2767 4503 2998 4558 ﬂammis
3044 4520 3057 4557 :
3112 4500 3354 4573 subjecto
3391 4500 3591 4556 etenim
3636 4501 3763 4572 igne
3806 4499 4077 4557 exsultant

2486 4601 2709 4669 latices,
2775 4598 2870 4652 sed
2917 4611 3056 4651 novo
3114 4604 3335 4664 repente
3374 4596 3670 4659 miraculo,
3745 4596 3932 4665 perdit
3978 4595 4078 4649 \ita

2487 4697 2722 4758 ﬂamma,
2759 4688 3047 4753 dissiliens,
3089 4698 3144 4744 et
3182 4696 3415 4743 testuans
3450 4686 3722 4743 incassnm
3764 4686 4077 4751 furibunda,

2487 4831 2649 4901 apud
2679 4828 2975 4901 Rutheqam
3028 4826 3343 4901 civitatem,
3402 4826 3526 4901 hinc
3592 4832 3771 4901 potest
3829 4824 4077 4901 intellegi.

2560 4902 2582 4938 ι’
2624 4898 2967 4971 Segoduuum
3023 4899 3374 4953 llutltenorum
3421 4900 3593 4967 (aiunt
3640 4899 3979 4971 summartb.
4031 4913 4079 4950 in

2490 4972 2661 5029 Gallia
2703 4969 2901 5041 Sacra),
2950 4972 3077 5026 urbs
3120 4971 3416 5038 Aquitaniae
3445 4974 3651 5041 ιιι-ῆιμτε,
3689 4969 3742 5041 in
3783 4980 4081 5035 conspectu

2490 5047 2771 5101 Averionis
2826 5040 3011 5105 lluvii,
3057 5042 3183 5095 olint
3238 5043 3337 5095 sub
3392 5040 3705 5095 Bituricensi
3763 5043 4080 5107 metrupnli,

2490 5132 2627 5171 nunc
2677 5116 2776 5169 sub
2822 5115 3058 5169 Atbiensi
3107 5125 3159 5167 et
3198 5113 3527 5182 parlamento
3555 5111 3848 5175 Tolosano,
3893 5112 4085 5166 civitas

2493 5188 2860 5241 ltutltenoruut
2892 5186 3211 5254 appellatur,
3243 5194 3346 5238 etc.

2568 5274 2587 5299 ε
2620 5257 2809 5313 Surius
2833 5274 2845 5309 :
2872 5274 3000 5325 opus
3028 5259 3158 5309 tanti
3178 5255 3413 5309 miraculi
3438 5253 3614 5308 usibus
3644 5257 3919 5323 ingerens;
3944 5254 4087 5307 idem

2496 5342 2611 5399 rost
2640 5330 2730 5384 illa
2761 5331 2918 5383 verba
2952 5332 3246 5381 memoriam
3272 5338 3661 5399 reprtcmttans,
3696 5326 3880 5399 subdit
3914 5328 4089 5378 conti-

2496 5397 2599 5456 nuo
2626 5418 2639 5455 :
2671 5400 3048 5469 aliquantulum
3092 5409 3201 5470 post
3244 5400 3353 5470 lttzc
3394 5397 3634 5467 temporis
3678 5398 3933 5466 ﬂuxerat,
3977 5411 4091 5448 cum

2494 5490 2604 5528 ecce
2627 5474 2883 5542 prwccpit,
2913 5482 3042 5535 etc.,
3067 5468 3224 5525 uti...
3251 5468 3287 5520 4
3317 5472 3526 5542 legitur.

2567 5543 2592 5581 ἀ
2626 5539 2766 5598 idem
2792 5539 2812 5594 ῆς
2848 5542 2993 5596 illinc
3014 5541 3365 5596 Constantiam
3409 5541 3551 5611 rigor
3580 5539 3764 5602 tenuit,
3809 5539 3938 5592 hinc
3988 5540 4093 5606 pios

2497 5618 2750 5686 lacrytnas
2780 5614 2986 5683 fudit...
3014 5616 3272 5667 exundant
3297 5613 3493 5686 latices.
3528 5650 3543 5665 .
3566 5612 3760 5686 interea
3790 5627 4094 5679 pmasores

2498 5684 2687 5741 milites
2735 5688 2802 5740 ad
2851 5686 3203 5749 sacerdotem,
3244 5699 3401 5738 etc...
3448 5684 3671 5752 ignoscit
3720 5699 3867 5736 mens
3912 5687 4096 5753 pietate

2499 5758 3091 5828 prontptissima...utoa',
3122 5771 3235 5826 quia
3275 5754 3475 5821 direpta
3504 5756 3638 5828 [locis
3663 5756 3979 5828 intemerata
4007 5759 4097 5808 dti-

2499 5824 2752 5892 rnverant,
2783 5832 2984 5882 reddita
3005 5824 3229 5899 [lautitiis
3248 5830 3569 5899 edoniantur.
3600 5824 3889 5881 Praetoris
3912 5829 4098 5898 glorio-

2500 5904 2668 5972 sisque
2702 5902 2859 5972 signis
2885 5898 3011 5971 plus
3041 5898 3296 5972 stupenda
3321 5898 3635 5952 succedunt.
