  <div class='ocr_page' id='page_1' title='image "/cluster/home/n/w/nwhite01/storage/ocr_20150623/88-89/uc1.31175000868714/264.png"; bbox 0 0 4192 6628; ppageno 0'>
   <div class='ocr_carea' id='block_1_1' title="bbox 181 452 286 508">
    <p class='ocr_par' dir='ltr' id='par_1_1' title="bbox 181 452 286 508">
     <span class='ocr_line' id='line_1_1' title="bbox 181 452 286 508; baseline -0.01 0"><span class='ocrx_word' id='word_1_1' title='bbox 181 452 286 508; x_wconf 75' lang='grc'><strong>517</strong></span> 
     </span>
    </p>
   </div>
   <div class='ocr_carea' id='block_1_2' title="bbox 1100 408 2583 508">
    <p class='ocr_par' dir='ltr' id='par_1_2' title="bbox 1100 408 2583 508">
     <span class='ocr_line' id='line_1_2' title="bbox 1100 408 2583 508; baseline -0.005 -1"><span class='ocrx_word' id='word_1_2' title='bbox 1100 450 1257 507; x_wconf 77' lang='lat' dir='ltr'><strong>VITA</strong></span> <span class='ocrx_word' id='word_1_3' title='bbox 1300 451 1362 508; x_wconf 90' lang='lat' dir='ltr'><strong>S.</strong></span> <span class='ocrx_word' id='word_1_4' title='bbox 1403 445 1694 506; x_wconf 75' lang='lat' dir='ltr'><strong>AMAN&#39;I‘II</strong></span> <span class='ocrx_word' id='word_1_5' title='bbox 1732 408 2217 503; x_wconf 59' lang='lat' dir='ltr'><strong>I‘tIJTHENENSIS</strong></span> <span class='ocrx_word' id='word_1_6' title='bbox 2258 445 2583 503; x_wconf 71' lang='lat' dir='ltr'><strong>ISPISCOPI.</strong></span> 
     </span>
    </p>
   </div>
   <div class='ocr_carea' id='block_1_3' title="bbox 3376 449 3478 507">
    <p class='ocr_par' dir='ltr' id='par_1_3' title="bbox 3376 449 3478 507">
     <span class='ocr_line' id='line_1_3' title="bbox 3376 449 3478 507; baseline 0.02 -2"><span class='ocrx_word' id='word_1_7' title='bbox 3376 449 3478 507; x_wconf 77' lang='lat' dir='ltr'><strong>5I8</strong></span> 
     </span>
    </p>
   </div>
   <div class='ocr_carea' id='block_1_4' title="bbox 181 557 3477 649">
    <p class='ocr_par' dir='ltr' id='par_1_4' title="bbox 181 557 3477 649">
     <span class='ocr_line' id='line_1_4' title="bbox 181 557 3477 649; baseline -0.002 -28"><span class='ocrx_word' id='word_1_8' title='bbox 181 569 422 635; x_wconf 75' lang='lat' dir='ltr'><strong>miroque</strong></span> <span class='ocrx_word' id='word_1_9' title='bbox 463 574 687 635; x_wconf 77' lang='lat' dir='ltr'><strong>repente</strong></span> <span class='ocrx_word' id='word_1_10' title='bbox 739 567 897 620; x_wconf 89' lang='lat' dir='ltr'><strong>modo</strong></span> <span class='ocrx_word' id='word_1_11' title='bbox 957 566 1273 619; x_wconf 87' lang='lat' dir='ltr'><strong>indurantur</strong></span> <span class='ocrx_word' id='word_1_12' title='bbox 1325 564 1495 649; x_wconf 71' lang='lat' dir='ltr'><strong>magis</strong></span> <span class='ocrx_word' id='word_1_13' title='bbox 1537 560 1771 615; x_wconf 90' lang='lat' dir='ltr'><strong>flammis</strong></span> <span class='ocrx_word' id='word_1_14' title='bbox 1798 559 1850 617; x_wconf 82' lang='lat' dir='ltr'><strong>A</strong></span> <span class='ocrx_word' id='word_1_15' title='bbox 1876 558 2159 625; x_wconf 75' lang='lat' dir='ltr'><strong>coniugem</strong></span> <span class='ocrx_word' id='word_1_16' title='bbox 2199 559 2382 614; x_wconf 88' lang='lat' dir='ltr'><strong>deflet.</strong></span> <span class='ocrx_word' id='word_1_17' title='bbox 2428 559 2702 613; x_wconf 88' lang='lat' dir='ltr'><strong>Turbatur</strong></span> <span class='ocrx_word' id='word_1_18' title='bbox 2729 557 2943 626; x_wconf 86' lang='lat' dir='ltr'><strong>domus,</strong></span> <span class='ocrx_word' id='word_1_19' title='bbox 2974 559 3274 631; x_wconf 77' lang='lat' dir='ltr'><strong>junguntur</strong></span> <span class='ocrx_word' id='word_1_20' title='bbox 3323 564 3477 632; x_wconf 85' lang='lat' dir='ltr'><strong>plan-</strong></span> 
     </span>
    </p>
   </div>
   <div class='ocr_carea' id='block_1_5' title="bbox 181 656 1773 729">
    <p class='ocr_par' dir='ltr' id='par_1_5' title="bbox 181 656 1773 729">
     <span class='ocr_line' id='line_1_5' title="bbox 181 656 1773 729; baseline -0.002 -18"><span class='ocrx_word' id='word_1_21' title='bbox 181 660 386 729; x_wconf 89' lang='lat' dir='ltr'><strong>pisces,</strong></span> <span class='ocrx_word' id='word_1_22' title='bbox 431 660 545 729; x_wconf 81' lang='lat' dir='ltr'><strong>lege</strong></span> <span class='ocrx_word' id='word_1_23' title='bbox 589 669 785 713; x_wconf 87' lang='lat' dir='ltr'><strong>mutata</strong></span> <span class='ocrx_word' id='word_1_24' title='bbox 841 670 1077 726; x_wconf 64' lang='lat' dir='ltr'><strong>naturas,</strong></span> <span class='ocrx_word' id='word_1_25' title='bbox 1122 669 1177 713; x_wconf 92' lang='lat' dir='ltr'><strong>et</strong></span> <span class='ocrx_word' id='word_1_26' title='bbox 1223 658 1585 713; x_wconf 87' lang='lat' dir='ltr'><strong>intractabiles</strong></span> <span class='ocrx_word' id='word_1_27' title='bbox 1627 656 1773 722; x_wconf 71' lang='lat' dir='ltr'><strong>duri~</strong></span> 
     </span>
    </p>
   </div>
   <div class='ocr_carea' id='block_1_6' title="bbox 181 747 1781 819">
    <p class='ocr_par' dir='ltr' id='par_1_6' title="bbox 181 747 1781 819">
     <span class='ocr_line' id='line_1_6' title="bbox 181 747 1781 819; baseline -0.001 -16"><span class='ocrx_word' id='word_1_28' title='bbox 181 767 285 819; x_wconf 87' lang='lat' dir='ltr'><strong>que</strong></span> <span class='ocrx_word' id='word_1_29' title='bbox 326 766 521 805; x_wconf 77' lang='lat' dir='ltr'><strong>sensus</strong></span> <span class='ocrx_word' id='word_1_30' title='bbox 564 753 692 805; x_wconf 89' lang='lat' dir='ltr'><strong>tanti</strong></span> <span class='ocrx_word' id='word_1_31' title='bbox 735 752 970 807; x_wconf 77' lang='lat' dir='ltr'><strong>novitate</strong></span> <span class='ocrx_word' id='word_1_32' title='bbox 1027 752 1271 807; x_wconf 81' lang='lat' dir='ltr'><strong>miraculi</strong></span> <span class='ocrx_word' id='word_1_33' title='bbox 1317 749 1652 805; x_wconf 91' lang='lat' dir='ltr'><strong>molliuntur.</strong></span> <span class='ocrx_word' id='word_1_34' title='bbox 1697 747 1781 801; x_wconf 84' lang='lat' dir='ltr'><strong>In-</strong></span> 
     </span>
    </p>
   </div>
   <div class='ocr_carea' id='block_1_7' title="bbox 182 838 1781 908">
    <p class='ocr_par' dir='ltr' id='par_1_7' title="bbox 182 838 1781 908">
     <span class='ocr_line' id='line_1_7' title="bbox 182 838 1781 908; baseline -0.002 -13"><span class='ocrx_word' id='word_1_35' title='bbox 182 852 329 899; x_wconf 75' lang='lat' dir='ltr'><strong>terea</strong></span> <span class='ocrx_word' id='word_1_36' title='bbox 393 843 591 897; x_wconf 88' lang='lat' dir='ltr'><strong>milites</strong></span> <span class='ocrx_word' id='word_1_37' title='bbox 636 844 701 897; x_wconf 93' lang='lat' dir='ltr'><strong>ad</strong></span> <span class='ocrx_word' id='word_1_38' title='bbox 745 843 1079 899; x_wconf 82' lang='lat' dir='ltr'><strong>sacerdotem</strong></span> <span class='ocrx_word' id='word_1_39' title='bbox 1155 851 1521 907; x_wconf 90' lang='lat' dir='ltr'><strong>concurrunt,</strong></span> <span class='ocrx_word' id='word_1_40' title='bbox 1575 838 1781 908; x_wconf 86' lang='lat' dir='ltr'><strong>direpta</strong></span> 
     </span>
    </p>
   </div>
   <div class='ocr_carea' id='block_1_8' title="bbox 181 936 1780 1009">
    <p class='ocr_par' dir='ltr' id='par_1_8' title="bbox 181 936 1780 1009">
     <span class='ocr_line' id='line_1_8' title="bbox 181 936 1780 1009; baseline -0.003 -18"><span class='ocrx_word' id='word_1_41' title='bbox 181 938 443 1001; x_wconf 64' lang='lat' dir='ltr'><strong>referunt,</strong></span> <span class='ocrx_word' id='word_1_42' title='bbox 469 939 695 1009; x_wconf 78' lang='lat' dir='ltr'><strong>genibus</strong></span> <span class='ocrx_word' id='word_1_43' title='bbox 726 938 1025 1005; x_wconf 84' lang='lat' dir='ltr'><strong>adhaerent,</strong></span> <span class='ocrx_word' id='word_1_44' title='bbox 1050 939 1261 993; x_wconf 81' lang='lat' dir='ltr'><strong>veniam</strong></span> <span class='ocrx_word' id='word_1_45' title='bbox 1288 936 1542 992; x_wconf 85' lang='lat' dir='ltr'><strong>facinoris</strong></span> <span class='ocrx_word' id='word_1_46' title='bbox 1575 941 1780 1004; x_wconf 88' lang='lat' dir='ltr'><strong>petunt.</strong></span> 
     </span>
    </p>
   </div>
   <div class='ocr_carea' id='block_1_9' title="bbox 182 1029 1782 1102">
    <p class='ocr_par' dir='ltr' id='par_1_9' title="bbox 182 1029 1782 1102">
     <span class='ocr_line' id='line_1_9' title="bbox 182 1029 1782 1102; baseline -0.001 -19"><span class='ocrx_word' id='word_1_47' title='bbox 182 1031 415 1099; x_wconf 75' lang='lat' dir='ltr'><strong>lgnoscit</strong></span> <span class='ocrx_word' id='word_1_48' title='bbox 466 1047 621 1085; x_wconf 91' lang='lat' dir='ltr'><strong>mens</strong></span> <span class='ocrx_word' id='word_1_49' title='bbox 682 1034 880 1102; x_wconf 80' lang='lat' dir='ltr'><strong>pietate</strong></span> <span class='ocrx_word' id='word_1_50' title='bbox 938 1040 1181 1101; x_wconf 90' lang='lat' dir='ltr'><strong>prompta</strong></span> <span class='ocrx_word' id='word_1_51' title='bbox 1212 1071 1228 1097; x_wconf 91' lang='lat'><strong>,</strong></span> <span class='ocrx_word' id='word_1_52' title='bbox 1268 1030 1433 1085; x_wconf 88' lang='lat' dir='ltr'><strong>donat</strong></span> <span class='ocrx_word' id='word_1_53' title='bbox 1471 1029 1548 1085; x_wconf 87' lang='lat' dir='ltr'><strong>eis</strong></span> <span class='ocrx_word' id='word_1_54' title='bbox 1578 1030 1782 1083; x_wconf 88' lang='lat' dir='ltr'><strong>crimen</strong></span> 
     </span>
    </p>
   </div>
   <div class='ocr_carea' id='block_1_10' title="bbox 181 1124 1778 1196">
    <p class='ocr_par' dir='ltr' id='par_1_10' title="bbox 181 1124 1778 1196">
     <span class='ocr_line' id='line_1_10' title="bbox 181 1124 1778 1196; baseline -0.005 -15"><span class='ocrx_word' id='word_1_55' title='bbox 181 1141 304 1181; x_wconf 85' lang='lat' dir='ltr'><strong>Cum</strong></span> <span class='ocrx_word' id='word_1_56' title='bbox 333 1125 568 1195; x_wconf 89' lang='lat' dir='ltr'><strong>piscibus</strong></span> <span class='ocrx_word' id='word_1_57' title='bbox 602 1141 750 1195; x_wconf 81' lang='lat' dir='ltr'><strong>mox,</strong></span> <span class='ocrx_word' id='word_1_58' title='bbox 781 1142 901 1195; x_wconf 70' lang='lat' dir='ltr'><strong>qua:</strong></span> <span class='ocrx_word' id='word_1_59' title='bbox 925 1125 1131 1196; x_wconf 89' lang='lat' dir='ltr'><strong>direpta</strong></span> <span class='ocrx_word' id='word_1_60' title='bbox 1162 1124 1312 1191; x_wconf 92' lang='lat' dir='ltr'><strong>foris,</strong></span> <span class='ocrx_word' id='word_1_61' title='bbox 1340 1137 1470 1192; x_wconf 82' lang='lat' dir='ltr'><strong>pace</strong></span> <span class='ocrx_word' id='word_1_62' title='bbox 1502 1130 1778 1187; x_wconf 89' lang='lat' dir='ltr'><strong>temerata,</strong></span> 
     </span>
    </p>
   </div>
   <div class='ocr_carea' id='block_1_11' title="bbox 178 1212 1782 1287">
    <p class='ocr_par' dir='ltr' id='par_1_11' title="bbox 178 1212 1782 1287">
     <span class='ocr_line' id='line_1_11' title="bbox 178 1212 1782 1287; baseline -0.004 -14"><span class='ocrx_word' id='word_1_63' title='bbox 178 1218 499 1287; x_wconf 82' lang='lat' dir='ltr'><strong>duruerant,</strong></span> <span class='ocrx_word' id='word_1_64' title='bbox 551 1219 784 1274; x_wconf 85' lang='lat' dir='ltr'><strong>flaminis</strong></span> <span class='ocrx_word' id='word_1_65' title='bbox 833 1218 1059 1274; x_wconf 89' lang='lat' dir='ltr'><strong>redeunt</strong></span> <span class='ocrx_word' id='word_1_66' title='bbox 1104 1228 1159 1273; x_wconf 89' lang='lat' dir='ltr'><strong>et</strong></span> <span class='ocrx_word' id='word_1_67' title='bbox 1206 1216 1512 1273; x_wconf 81' lang='lat' dir='ltr'><strong>domantur.</strong></span> <span class='ocrx_word' id='word_1_68' title='bbox 1576 1213 1672 1268; x_wconf 91' lang='lat' dir='ltr'><strong>llic</strong></span> <span class='ocrx_word' id='word_1_69' title='bbox 1720 1212 1782 1267; x_wconf 81' lang='grc' dir='ltr'><strong>Β.</strong></span> 
     </span>
    </p>
   </div>
   <div class='ocr_carea' id='block_1_12' title="bbox 182 1309 1785 1381">
    <p class='ocr_par' dir='ltr' id='par_1_12' title="bbox 182 1309 1785 1381">
     <span class='ocr_line' id='line_1_12' title="bbox 182 1309 1785 1381; baseline -0.003 -15"><span class='ocrx_word' id='word_1_70' title='bbox 182 1309 445 1379; x_wconf 82' lang='lat' dir='ltr'><strong>pontifex,</strong></span> <span class='ocrx_word' id='word_1_71' title='bbox 475 1315 717 1368; x_wconf 91' lang='lat' dir='ltr'><strong>oratione</strong></span> <span class='ocrx_word' id='word_1_72' title='bbox 745 1314 1103 1379; x_wconf 89' lang='lat' dir='ltr'><strong>sanctissima,</strong></span> <span class='ocrx_word' id='word_1_73' title='bbox 1135 1311 1280 1381; x_wconf 83' lang='lat' dir='ltr'><strong>plebi</strong></span> <span class='ocrx_word' id='word_1_74' title='bbox 1310 1309 1511 1377; x_wconf 86' lang='lat' dir='ltr'><strong>ferendi</strong></span> <span class='ocrx_word' id='word_1_75' title='bbox 1546 1309 1785 1365; x_wconf 86' lang='lat' dir='ltr'><strong>necessi-</strong></span> 
     </span>
    </p>
   </div>
   <div class='ocr_carea' id='block_1_13' title="bbox 183 1403 1783 1476">
    <p class='ocr_par' dir='ltr' id='par_1_13' title="bbox 183 1403 1783 1476">
     <span class='ocr_line' id='line_1_13' title="bbox 183 1403 1783 1476; baseline -0.002 -17"><span class='ocrx_word' id='word_1_76' title='bbox 183 1414 350 1460; x_wconf 83' lang='lat' dir='ltr'><strong>tatem</strong></span> <span class='ocrx_word' id='word_1_77' title='bbox 384 1403 629 1476; x_wconf 67' lang='lat' dir='ltr'><strong>iujurizc,</strong></span> <span class='ocrx_word' id='word_1_78' title='bbox 665 1405 928 1460; x_wconf 85' lang='lat' dir='ltr'><strong>militibus</strong></span> <span class='ocrx_word' id='word_1_79' title='bbox 962 1403 1402 1460; x_wconf 81' lang='lat' dir='ltr'><strong>consuetudinem</strong></span> <span class='ocrx_word' id='word_1_80' title='bbox 1435 1404 1655 1458; x_wconf 86' lang='lat' dir='ltr'><strong>abstulit</strong></span> <span class='ocrx_word' id='word_1_81' title='bbox 1702 1404 1783 1456; x_wconf 86' lang='lat' dir='ltr'><strong>in-</strong></span> 
     </span>
    </p>
   </div>
   <div class='ocr_carea' id='block_1_14' title="bbox 182 1496 1779 1573">
    <p class='ocr_par' dir='ltr' id='par_1_14' title="bbox 182 1496 1779 1573">
     <span class='ocr_line' id='line_1_14' title="bbox 182 1496 1779 1573; baseline -0.004 -20"><span class='ocrx_word' id='word_1_82' title='bbox 182 1498 424 1569; x_wconf 87' lang='lat' dir='ltr'><strong>fligcndi,</strong></span> <span class='ocrx_word' id='word_1_83' title='bbox 470 1501 777 1573; x_wconf 79' lang='lat' dir='ltr'><strong>pariterque</strong></span> <span class='ocrx_word' id='word_1_84' title='bbox 822 1500 1088 1555; x_wconf 88' lang='lat' dir='ltr'><strong>ultricium</strong></span> <span class='ocrx_word' id='word_1_85' title='bbox 1121 1499 1200 1553; x_wconf 90' lang='lat' dir='ltr'><strong>vis</strong></span> <span class='ocrx_word' id='word_1_86' title='bbox 1241 1501 1505 1553; x_wconf 70' lang='lat' dir='ltr'><strong>exstincta</strong></span> <span class='ocrx_word' id='word_1_87' title='bbox 1538 1496 1779 1550; x_wconf 87' lang='lat' dir='ltr'><strong>flamma-</strong></span> 
     </span>
    </p>
   </div>
   <div class='ocr_carea' id='block_1_15' title="bbox 183 1592 1784 1666">
    <p class='ocr_par' dir='ltr' id='par_1_15' title="bbox 183 1592 1784 1666">
     <span class='ocr_line' id='line_1_15' title="bbox 183 1592 1784 1666; baseline -0.003 -15"><span class='ocrx_word' id='word_1_88' title='bbox 183 1613 331 1661; x_wconf 88' lang='lat' dir='ltr'><strong>rum,</strong></span> <span class='ocrx_word' id='word_1_89' title='bbox 370 1606 424 1651; x_wconf 95' lang='lat' dir='ltr'><strong>et</strong></span> <span class='ocrx_word' id='word_1_90' title='bbox 456 1598 760 1652; x_wconf 81' lang='lat' dir='ltr'><strong>emendatio</strong></span> <span class='ocrx_word' id='word_1_91' title='bbox 789 1598 1016 1652; x_wconf 86' lang='lat' dir='ltr'><strong>militum</strong></span> <span class='ocrx_word' id='word_1_92' title='bbox 1047 1612 1109 1651; x_wconf 90' lang='lat' dir='ltr'><strong>ac</strong></span> <span class='ocrx_word' id='word_1_93' title='bbox 1142 1597 1323 1666; x_wconf 90' lang='lat' dir='ltr'><strong>populi</strong></span> <span class='ocrx_word' id='word_1_94' title='bbox 1354 1596 1471 1649; x_wconf 87' lang='lat' dir='ltr'><strong>luit.</strong></span> <span class='ocrx_word' id='word_1_95' title='bbox 1504 1592 1784 1649; x_wconf 63' lang='lat' dir='ltr'><strong>Praeclaris</strong></span> 
     </span>
    </p>
   </div>
   <div class='ocr_carea' id='block_1_16' title="bbox 185 1689 1383 1760">
    <p class='ocr_par' dir='ltr' id='par_1_16' title="bbox 185 1689 1383 1760">
     <span class='ocr_line' id='line_1_16' title="bbox 185 1689 1383 1760; baseline -0.003 -16"><span class='ocrx_word' id='word_1_96' title='bbox 185 1690 547 1760; x_wconf 81' lang='lat' dir='ltr'><strong>gloriosisque</strong></span> <span class='ocrx_word' id='word_1_97' title='bbox 577 1691 740 1760; x_wconf 77' lang='lat' dir='ltr'><strong>signis</strong></span> <span class='ocrx_word' id='word_1_98' title='bbox 770 1690 1031 1760; x_wconf 86' lang='lat' dir='ltr'><strong>stupenda</strong></span> <span class='ocrx_word' id='word_1_99' title='bbox 1064 1689 1383 1745; x_wconf 86' lang='lat' dir='ltr'><strong>succedunt.</strong></span> 
     </span>
    </p>
   </div>
   <div class='ocr_carea' id='block_1_17' title="bbox 264 1776 1783 1849">
    <p class='ocr_par' dir='ltr' id='par_1_17' title="bbox 264 1776 1783 1849">
     <span class='ocr_line' id='line_1_17' title="bbox 264 1776 1783 1849; baseline -0.003 -15"><span class='ocrx_word' id='word_1_100' title='bbox 264 1781 316 1834; x_wconf 84' lang='lat'><strong>5.</strong></span> <span class='ocrx_word' id='word_1_101' title='bbox 348 1791 371 1817; x_wconf 74' lang='grc' dir='ltr'><strong>ε·</strong></span> <span class='ocrx_word' id='word_1_102' title='bbox 392 1782 519 1835; x_wconf 83' lang='lat' dir='ltr'><strong>Etat</strong></span> <span class='ocrx_word' id='word_1_103' title='bbox 546 1797 773 1849; x_wconf 84' lang='lat' dir='ltr'><strong>namque</strong></span> <span class='ocrx_word' id='word_1_104' title='bbox 809 1782 861 1836; x_wconf 93' lang='lat' dir='ltr'><strong>in</strong></span> <span class='ocrx_word' id='word_1_105' title='bbox 891 1782 1031 1845; x_wconf 87' lang='lat' dir='ltr'><strong>foro,</strong></span> <span class='ocrx_word' id='word_1_106' title='bbox 1058 1781 1107 1835; x_wconf 93' lang='lat' dir='ltr'><strong>in</strong></span> <span class='ocrx_word' id='word_1_107' title='bbox 1133 1780 1309 1834; x_wconf 88' lang='lat' dir='ltr'><strong>altiori</strong></span> <span class='ocrx_word' id='word_1_108' title='bbox 1334 1777 1515 1833; x_wconf 89' lang='lat' dir='ltr'><strong>baside</strong></span> <span class='ocrx_word' id='word_1_109' title='bbox 1536 1776 1783 1832; x_wconf 89' lang='lat' dir='ltr'><strong>eminens</strong></span> 
     </span>
    </p>
   </div>
   <div class='ocr_carea' id='block_1_18' title="bbox 186 1870 1779 1944">
    <p class='ocr_par' dir='ltr' id='par_1_18' title="bbox 186 1870 1779 1944">
     <span class='ocr_line' id='line_1_18' title="bbox 186 1870 1779 1944; baseline -0.006 -15"><span class='ocrx_word' id='word_1_110' title='bbox 186 1876 565 1942; x_wconf 80' lang='lat' dir='ltr'><strong>simulacrum,</strong></span> <span class='ocrx_word' id='word_1_111' title='bbox 599 1872 740 1944; x_wconf 89' lang='lat' dir='ltr'><strong>quod</strong></span> <span class='ocrx_word' id='word_1_112' title='bbox 772 1873 851 1928; x_wconf 89' lang='lat' dir='ltr'><strong>vir</strong></span> <span class='ocrx_word' id='word_1_113' title='bbox 884 1874 1247 1938; x_wconf 86' lang='lat' dir='ltr'><strong>beatissimus,</strong></span> <span class='ocrx_word' id='word_1_114' title='bbox 1281 1873 1397 1927; x_wconf 81' lang='lat' dir='ltr'><strong>zelo</strong></span> <span class='ocrx_word' id='word_1_115' title='bbox 1432 1870 1595 1925; x_wconf 87' lang='lat' dir='ltr'><strong>divini</strong></span> <span class='ocrx_word' id='word_1_116' title='bbox 1631 1881 1779 1922; x_wconf 87' lang='lat' dir='ltr'><strong>amo-</strong></span> 
     </span>
    </p>
   </div>
   <div class='ocr_carea' id='block_1_19' title="bbox 1885 652 3478 733">
    <p class='ocr_par' dir='ltr' id='par_1_19' title="bbox 1885 652 3478 733">
     <span class='ocr_line' id='line_1_19' title="bbox 1885 652 3478 733; baseline 0.006 -28"><span class='ocrx_word' id='word_1_117' title='bbox 1885 653 2058 733; x_wconf 84' lang='lat' dir='ltr'><strong>ctibus</strong></span> <span class='ocrx_word' id='word_1_118' title='bbox 2082 653 2314 708; x_wconf 70' lang='lat' dir='ltr'><strong>domina:</strong></span> <span class='ocrx_word' id='word_1_119' title='bbox 2362 656 2612 725; x_wconf 72' lang='lat' dir='ltr'><strong>lacrytna:</strong></span> <span class='ocrx_word' id='word_1_120' title='bbox 2640 652 2958 716; x_wconf 87' lang='lat' dir='ltr'><strong>famularum</strong></span> <span class='ocrx_word' id='word_1_121' title='bbox 2986 673 2999 723; x_wconf 91' lang='lat'>;</span> <span class='ocrx_word' id='word_1_122' title='bbox 3035 656 3101 711; x_wconf 89' lang='lat' dir='ltr'><strong>ad</strong></span> <span class='ocrx_word' id='word_1_123' title='bbox 3133 655 3319 713; x_wconf 86' lang='lat' dir='ltr'><strong>urbem</strong></span> <span class='ocrx_word' id='word_1_124' title='bbox 3349 674 3478 715; x_wconf 77' lang='lat' dir='ltr'><strong>mox</strong></span> 
     </span>
    </p>
   </div>
   <div class='ocr_carea' id='block_1_20' title="bbox 1887 746 3478 817">
    <p class='ocr_par' dir='ltr' id='par_1_20' title="bbox 1887 746 3478 817">
     <span class='ocr_line' id='line_1_20' title="bbox 1887 746 3478 817; baseline 0.008 -20"><span class='ocrx_word' id='word_1_125' title='bbox 1887 756 2160 815; x_wconf 84' lang='lat' dir='ltr'><strong>properat,</strong></span> <span class='ocrx_word' id='word_1_126' title='bbox 2193 755 2249 801; x_wconf 90' lang='lat' dir='ltr'><strong>et</strong></span> <span class='ocrx_word' id='word_1_127' title='bbox 2277 746 2485 802; x_wconf 85' lang='lat' dir='ltr'><strong>turbata</strong></span> <span class='ocrx_word' id='word_1_128' title='bbox 2528 747 2827 816; x_wconf 86' lang='lat' dir='ltr'><strong>collisaque</strong></span> <span class='ocrx_word' id='word_1_129' title='bbox 2856 762 3050 817; x_wconf 82' lang='lat' dir='ltr'><strong>gerens</strong></span> <span class='ocrx_word' id='word_1_130' title='bbox 3093 765 3209 817; x_wconf 91' lang='lat' dir='ltr'><strong>ora,</strong></span> <span class='ocrx_word' id='word_1_131' title='bbox 3246 750 3478 809; x_wconf 83' lang='lat' dir='ltr'><strong>femineo</strong></span> 
     </span>
    </p>
   </div>
   <div class='ocr_carea' id='block_1_21' title="bbox 1885 840 3474 912">
    <p class='ocr_par' dir='ltr' id='par_1_21' title="bbox 1885 840 3474 912">
     <span class='ocr_line' id='line_1_21' title="bbox 1885 840 3474 912; baseline 0.004 -18"><span class='ocrx_word' id='word_1_132' title='bbox 1885 840 2044 894; x_wconf 88' lang='lat' dir='ltr'><strong>simul</strong></span> <span class='ocrx_word' id='word_1_133' title='bbox 2100 840 2278 896; x_wconf 89' lang='lat' dir='ltr'><strong>furore</strong></span> <span class='ocrx_word' id='word_1_134' title='bbox 2330 843 2412 896; x_wconf 88' lang='lat' dir='ltr'><strong>vel</strong></span> <span class='ocrx_word' id='word_1_135' title='bbox 2473 842 2685 910; x_wconf 89' lang='lat' dir='ltr'><strong>planctu</strong></span> <span class='ocrx_word' id='word_1_136' title='bbox 2747 843 3060 912; x_wconf 83' lang='lat' dir='ltr'><strong>aggreditur</strong></span> <span class='ocrx_word' id='word_1_137' title='bbox 3108 845 3474 900; x_wconf 81' lang='lat' dir='ltr'><strong>sacerdotem.</strong></span> 
     </span>
    </p>
   </div>
   <div class='ocr_carea' id='block_1_22' title="bbox 1888 934 3479 1006">
    <p class='ocr_par' dir='ltr' id='par_1_22' title="bbox 1888 934 3479 1006">
     <span class='ocr_line' id='line_1_22' title="bbox 1888 934 3479 1006; baseline 0.002 -18"><span class='ocrx_word' id='word_1_138' title='bbox 1888 934 2020 1002; x_wconf 66' lang='lat' dir='ltr'><strong>Quae</strong></span> <span class='ocrx_word' id='word_1_139' title='bbox 2052 944 2106 989; x_wconf 92' lang='lat' dir='ltr'><strong>ut</strong></span> <span class='ocrx_word' id='word_1_140' title='bbox 2136 936 2479 991; x_wconf 81' lang='lat' dir='ltr'><strong>serenitatem</strong></span> <span class='ocrx_word' id='word_1_141' title='bbox 2514 935 2730 989; x_wconf 87' lang='lat' dir='ltr'><strong>verendi</strong></span> <span class='ocrx_word' id='word_1_142' title='bbox 2758 937 2934 990; x_wconf 87' lang='lat' dir='ltr'><strong>vultus</strong></span> <span class='ocrx_word' id='word_1_143' title='bbox 2980 937 3245 1006; x_wconf 80' lang='lat' dir='ltr'><strong>inspexit,</strong></span> <span class='ocrx_word' id='word_1_144' title='bbox 3299 941 3479 993; x_wconf 75' lang='lat' dir='ltr'><strong>subito</strong></span> 
     </span>
    </p>
   </div>
   <div class='ocr_carea' id='block_1_23' title="bbox 1886 1026 3479 1097">
    <p class='ocr_par' dir='ltr' id='par_1_23' title="bbox 1886 1026 3479 1097">
     <span class='ocr_line' id='line_1_23' title="bbox 1886 1026 3479 1097; baseline 0.003 -17"><span class='ocrx_word' id='word_1_145' title='bbox 1886 1042 2086 1095; x_wconf 84' lang='lat' dir='ltr'><strong>pavore</strong></span> <span class='ocrx_word' id='word_1_146' title='bbox 2114 1028 2458 1082; x_wconf 90' lang='lat' dir='ltr'><strong>contremuit.</strong></span> <span class='ocrx_word' id='word_1_147' title='bbox 2500 1026 2750 1083; x_wconf 88' lang='lat' dir='ltr'><strong>Glorioso</strong></span> <span class='ocrx_word' id='word_1_148' title='bbox 2796 1028 2977 1097; x_wconf 85' lang='lat' dir='ltr'><strong>itaque</strong></span> <span class='ocrx_word' id='word_1_149' title='bbox 3007 1030 3190 1085; x_wconf 80' lang='lat' dir='ltr'><strong>statim</strong></span> <span class='ocrx_word' id='word_1_150' title='bbox 3232 1030 3355 1086; x_wconf 86' lang='lat' dir='ltr'><strong>fidei</strong></span> <span class='ocrx_word' id='word_1_151' title='bbox 3391 1048 3479 1087; x_wconf 87' lang='lat' dir='ltr'><strong>ca-</strong></span> 
     </span>
    </p>
   </div>
   <div class='ocr_carea' id='block_1_24' title="bbox 1889 1120 3479 1192">
    <p class='ocr_par' dir='ltr' id='par_1_24' title="bbox 1889 1120 3479 1192">
     <span class='ocr_line' id='line_1_24' title="bbox 1889 1120 3479 1192; baseline 0.003 -17"><span class='ocrx_word' id='word_1_152' title='bbox 1889 1120 2005 1175; x_wconf 87' lang='lat' dir='ltr'><strong>lore</strong></span> <span class='ocrx_word' id='word_1_153' title='bbox 2057 1136 2334 1187; x_wconf 87' lang='lat' dir='ltr'><strong>succensa,</strong></span> <span class='ocrx_word' id='word_1_154' title='bbox 2392 1122 2618 1192; x_wconf 77' lang='lat' dir='ltr'><strong>genibus</strong></span> <span class='ocrx_word' id='word_1_155' title='bbox 2670 1122 3002 1191; x_wconf 79' lang='lat' dir='ltr'><strong>provolvitur</strong></span> <span class='ocrx_word' id='word_1_156' title='bbox 3056 1126 3376 1191; x_wconf 75' lang='lat' dir='ltr'><strong>sacerdous,</strong></span> <span class='ocrx_word' id='word_1_157' title='bbox 3425 1136 3479 1180; x_wconf 84' lang='lat' dir='ltr'><strong>et</strong></span> 
     </span>
    </p>
   </div>
   <div class='ocr_carea' id='block_1_25' title="bbox 1886 1204 3474 1284">
    <p class='ocr_par' dir='ltr' id='par_1_25' title="bbox 1886 1204 3474 1284">
     <span class='ocr_line' id='line_1_25' title="bbox 1886 1204 3474 1284; baseline 0.001 -17"><span class='ocrx_word' id='word_1_158' title='bbox 1886 1204 2171 1281; x_wconf 64' lang='lat' dir='ltr'><strong>diemmiia,</strong></span> <span class='ocrx_word' id='word_1_159' title='bbox 2196 1229 2326 1284; x_wconf 40' lang='lat' dir='ltr'><strong>,qute</strong></span> <span class='ocrx_word' id='word_1_160' title='bbox 2364 1214 2575 1268; x_wconf 80' lang='lat' dir='ltr'><strong>decenti</strong></span> <span class='ocrx_word' id='word_1_161' title='bbox 2606 1215 2750 1282; x_wconf 90' lang='lat' dir='ltr'><strong>prius</strong></span> <span class='ocrx_word' id='word_1_162' title='bbox 2776 1215 3161 1284; x_wconf 83' lang='lat' dir='ltr'><strong>superstitione</strong></span> <span class='ocrx_word' id='word_1_163' title='bbox 3211 1218 3474 1281; x_wconf 78' lang='lat' dir='ltr'><strong>coluerat,</strong></span> 
     </span>
    </p>
   </div>
   <div class='ocr_carea' id='block_1_26' title="bbox 1888 1304 3480 1376">
    <p class='ocr_par' dir='ltr' id='par_1_26' title="bbox 1888 1304 3480 1376">
     <span class='ocr_line' id='line_1_26' title="bbox 1888 1304 3480 1376; baseline 0.001 -18"><span class='ocrx_word' id='word_1_164' title='bbox 1888 1304 2143 1359; x_wconf 77' lang='lat' dir='ltr'><strong>laudabili</strong></span> <span class='ocrx_word' id='word_1_165' title='bbox 2177 1306 2551 1360; x_wconf 81' lang='lat' dir='ltr'><strong>exsecratione</strong></span> <span class='ocrx_word' id='word_1_166' title='bbox 2600 1305 2943 1361; x_wconf 88' lang='lat' dir='ltr'><strong>condemnat.</strong></span> <span class='ocrx_word' id='word_1_167' title='bbox 3006 1306 3128 1376; x_wconf 90' lang='lat' dir='ltr'><strong>Ipse</strong></span> <span class='ocrx_word' id='word_1_168' title='bbox 3170 1322 3295 1362; x_wconf 71' lang='lat' dir='ltr'><strong>vero</strong></span> <span class='ocrx_word' id='word_1_169' title='bbox 3338 1306 3480 1360; x_wconf 82' lang='lat' dir='ltr'><strong>illico</strong></span> 
     </span>
    </p>
   </div>
   <div class='ocr_carea' id='block_1_27' title="bbox 1889 1394 3479 1465">
    <p class='ocr_par' dir='ltr' id='par_1_27' title="bbox 1889 1394 3479 1465">
     <span class='ocr_line' id='line_1_27' title="bbox 1889 1394 3479 1465; baseline 0.002 -17"><span class='ocrx_word' id='word_1_170' title='bbox 1889 1409 2007 1449; x_wconf 86' lang='lat' dir='ltr'><strong>eam</strong></span> <span class='ocrx_word' id='word_1_171' title='bbox 2034 1395 2153 1451; x_wconf 87' lang='lat' dir='ltr'><strong>labe</strong></span> <span class='ocrx_word' id='word_1_172' title='bbox 2185 1396 2459 1465; x_wconf 88' lang='lat' dir='ltr'><strong>culparum</strong></span> <span class='ocrx_word' id='word_1_173' title='bbox 2489 1394 2811 1463; x_wconf 88' lang='lat' dir='ltr'><strong>emundans,</strong></span> <span class='ocrx_word' id='word_1_174' title='bbox 2849 1396 2971 1453; x_wconf 68' lang='lat' dir='ltr'><strong>vita:</strong></span> <span class='ocrx_word' id='word_1_175' title='bbox 3003 1407 3217 1452; x_wconf 67' lang='lat' dir='ltr'><strong>aeterna:</strong></span> <span class='ocrx_word' id='word_1_176' title='bbox 3249 1398 3479 1452; x_wconf 85' lang='lat' dir='ltr'><strong>lavacris</strong></span> 
     </span>
    </p>
   </div>
   <div class='ocr_carea' id='block_1_28' title="bbox 1892 1488 3480 1561">
    <p class='ocr_par' dir='ltr' id='par_1_28' title="bbox 1892 1488 3480 1561">
     <span class='ocr_line' id='line_1_28' title="bbox 1892 1488 3480 1561; baseline 0.001 -17"><span class='ocrx_word' id='word_1_177' title='bbox 1892 1488 2149 1560; x_wconf 82' lang='lat' dir='ltr'><strong>petfudit,</strong></span> <span class='ocrx_word' id='word_1_178' title='bbox 2177 1492 2363 1560; x_wconf 88' lang='lat' dir='ltr'><strong>sicque</strong></span> <span class='ocrx_word' id='word_1_179' title='bbox 2390 1489 2737 1545; x_wconf 84' lang='lat' dir='ltr'><strong>beatissimus</strong></span> <span class='ocrx_word' id='word_1_180' title='bbox 2766 1490 3001 1560; x_wconf 81' lang='lat' dir='ltr'><strong>pontifex</strong></span> <span class='ocrx_word' id='word_1_181' title='bbox 3034 1490 3297 1547; x_wconf 87' lang='lat' dir='ltr'><strong>infelicem</strong></span> <span class='ocrx_word' id='word_1_182' title='bbox 3341 1506 3480 1561; x_wconf 75' lang='lat' dir='ltr'><strong>pra:-</strong></span> 
     </span>
    </p>
   </div>
   <div class='ocr_carea' id='block_1_29' title="bbox 1886 1584 3479 1651">
    <p class='ocr_par' dir='ltr' id='par_1_29' title="bbox 1886 1584 3479 1651">
     <span class='ocr_line' id='line_1_29' title="bbox 1886 1584 3479 1651; baseline -0.001 -10"><span class='ocrx_word' id='word_1_183' title='bbox 1886 1587 2008 1641; x_wconf 90' lang='lat' dir='ltr'><strong>dam</strong></span> <span class='ocrx_word' id='word_1_184' title='bbox 2040 1587 2108 1641; x_wconf 92' lang='lat' dir='ltr'><strong>de</strong></span> <span class='ocrx_word' id='word_1_185' title='bbox 2135 1585 2381 1640; x_wconf 83' lang='lat' dir='ltr'><strong>faucibus</strong></span> <span class='ocrx_word' id='word_1_186' title='bbox 2426 1585 2626 1647; x_wconf 86' lang='lat' dir='ltr'><strong>diaboli</strong></span> <span class='ocrx_word' id='word_1_187' title='bbox 2677 1584 3016 1651; x_wconf 85' lang='lat' dir='ltr'><strong>abstrahens,</strong></span> <span class='ocrx_word' id='word_1_188' title='bbox 3073 1585 3204 1640; x_wconf 87' lang='lat' dir='ltr'><strong>fecit</strong></span> <span class='ocrx_word' id='word_1_189' title='bbox 3254 1584 3479 1641; x_wconf 84' lang='lat' dir='ltr'><strong>feliciter</strong></span> 
     </span>
    </p>
   </div>
   <div class='ocr_carea' id='block_1_30' title="bbox 1886 1680 3483 1751">
    <p class='ocr_par' dir='ltr' id='par_1_30' title="bbox 1886 1680 3483 1751">
     <span class='ocr_line' id='line_1_30' title="bbox 1886 1680 3483 1751; baseline -0.001 -15"><span class='ocrx_word' id='word_1_190' title='bbox 1886 1695 2057 1736; x_wconf 90' lang='lat' dir='ltr'><strong>suam.</strong></span> <span class='ocrx_word' id='word_1_191' title='bbox 2118 1681 2392 1736; x_wconf 85' lang='lat' dir='ltr'><strong>Venerunt</strong></span> <span class='ocrx_word' id='word_1_192' title='bbox 2443 1696 2658 1751; x_wconf 91' lang='lat' dir='ltr'><strong>quoque</strong></span> <span class='ocrx_word' id='word_1_193' title='bbox 2698 1680 2964 1751; x_wconf 90' lang='lat' dir='ltr'><strong>quondam</strong></span> <span class='ocrx_word' id='word_1_194' title='bbox 3005 1680 3112 1735; x_wconf 91' lang='lat' dir='ltr'><strong>duo</strong></span> <span class='ocrx_word' id='word_1_195' title='bbox 3143 1681 3240 1735; x_wconf 89' lang='lat' dir='ltr'><strong>viri</strong></span> <span class='ocrx_word' id='word_1_196' title='bbox 3286 1680 3352 1734; x_wconf 88' lang='lat' dir='ltr'><strong>ad</strong></span> <span class='ocrx_word' id='word_1_197' title='bbox 3387 1695 3483 1735; x_wconf 85' lang='lat' dir='ltr'><strong>ur-</strong></span> 
     </span>
    </p>
   </div>
   <div class='ocr_carea' id='block_1_31' title="bbox 1887 1776 3480 1848">
    <p class='ocr_par' dir='ltr' id='par_1_31' title="bbox 1887 1776 3480 1848">
     <span class='ocr_line' id='line_1_31' title="bbox 1887 1776 3480 1848; baseline 0.001 -16"><span class='ocrx_word' id='word_1_198' title='bbox 1887 1778 2029 1845; x_wconf 90' lang='lat' dir='ltr'><strong>bem,</strong></span> <span class='ocrx_word' id='word_1_199' title='bbox 2086 1776 2353 1832; x_wconf 90' lang='lat' dir='ltr'><strong>infelicem</strong></span> <span class='ocrx_word' id='word_1_200' title='bbox 2405 1778 2568 1831; x_wconf 88' lang='lat' dir='ltr'><strong>vitam</strong></span> <span class='ocrx_word' id='word_1_201' title='bbox 2605 1787 2858 1847; x_wconf 75' lang='lat' dir='ltr'><strong>gerentes</strong></span> <span class='ocrx_word' id='word_1_202' title='bbox 2907 1779 2961 1833; x_wconf 93' lang='lat' dir='ltr'><strong>in</strong></span> <span class='ocrx_word' id='word_1_203' title='bbox 3014 1780 3261 1835; x_wconf 87' lang='lat' dir='ltr'><strong>scelere:</strong></span> <span class='ocrx_word' id='word_1_204' title='bbox 3298 1788 3480 1848; x_wconf 87' lang='lat' dir='ltr'><strong>tegunt</strong></span> 
     </span>
    </p>
   </div>
   <div class='ocr_carea' id='block_1_32' title="bbox 1890 1868 3482 1939">
    <p class='ocr_par' dir='ltr' id='par_1_32' title="bbox 1890 1868 3482 1939">
     <span class='ocr_line' id='line_1_32' title="bbox 1890 1868 3482 1939; baseline 0.001 -15"><span class='ocrx_word' id='word_1_205' title='bbox 1890 1871 2067 1939; x_wconf 91' lang='lat' dir='ltr'><strong>itaque</strong></span> <span class='ocrx_word' id='word_1_206' title='bbox 2098 1868 2303 1923; x_wconf 87' lang='lat' dir='ltr'><strong>funesta</strong></span> <span class='ocrx_word' id='word_1_207' title='bbox 2348 1870 2597 1924; x_wconf 89' lang='lat' dir='ltr'><strong>demissis</strong></span> <span class='ocrx_word' id='word_1_208' title='bbox 2644 1872 2883 1925; x_wconf 90' lang='lat' dir='ltr'><strong>vultibus</strong></span> <span class='ocrx_word' id='word_1_209' title='bbox 2931 1872 3116 1937; x_wconf 85' lang='lat' dir='ltr'><strong>corda,</strong></span> <span class='ocrx_word' id='word_1_210' title='bbox 3164 1882 3221 1927; x_wconf 89' lang='lat' dir='ltr'><strong>et</strong></span> <span class='ocrx_word' id='word_1_211' title='bbox 3252 1873 3482 1927; x_wconf 80' lang='lat' dir='ltr'><strong>extortis</strong></span> 
     </span>
    </p>
   </div>
   <div class='ocr_carea' id='block_1_33' title="bbox 186 1928 3478 2035">
    <p class='ocr_par' dir='ltr' id='par_1_33' title="bbox 186 1928 3478 2035">
     <span class='ocr_line' id='line_1_33' title="bbox 186 1928 3478 2035; baseline -0.001 -12"><span class='ocrx_word' id='word_1_212' title='bbox 186 1967 265 2023; x_wconf 71' lang='lat' dir='ltr'><strong>ris</strong></span> <span class='ocrx_word' id='word_1_213' title='bbox 316 1983 596 2031; x_wconf 89' lang='lat' dir='ltr'><strong>accensus,</strong></span> <span class='ocrx_word' id='word_1_214' title='bbox 629 1965 827 2035; x_wconf 73' lang='lat' dir='ltr'><strong>deiecit</strong></span> <span class='ocrx_word' id='word_1_215' title='bbox 873 1977 1034 2035; x_wconf 88' lang='lat' dir='ltr'><strong>atque</strong></span> <span class='ocrx_word' id='word_1_216' title='bbox 1082 1966 1367 2034; x_wconf 89' lang='lat' dir='ltr'><strong>confregit.</strong></span> <span class='ocrx_word' id='word_1_217' title='bbox 1428 1964 1483 2017; x_wconf 94' lang='lat' dir='ltr'><strong>In</strong></span> <span class='ocrx_word' id='word_1_218' title='bbox 1517 1963 1779 2015; x_wconf 86' lang='lat' dir='ltr'><strong>ultionem</strong></span> <span class='ocrx_word' id='word_1_219' title='bbox 1814 1928 1861 1989; x_wconf 77' lang='grc' dir='ltr'><strong>Β</strong></span> <span class='ocrx_word' id='word_1_220' title='bbox 1900 1966 2132 2029; x_wconf 90' lang='lat' dir='ltr'><strong>fletibus,</strong></span> <span class='ocrx_word' id='word_1_221' title='bbox 2186 1976 2238 2020; x_wconf 90' lang='lat' dir='ltr'><strong>et</strong></span> <span class='ocrx_word' id='word_1_222' title='bbox 2270 1965 2380 2020; x_wconf 91' lang='lat' dir='ltr'><strong>into</strong></span> <span class='ocrx_word' id='word_1_223' title='bbox 2414 1976 2628 2034; x_wconf 89' lang='lat' dir='ltr'><strong>pectore</strong></span> <span class='ocrx_word' id='word_1_224' title='bbox 2670 1966 2954 2021; x_wconf 79' lang='lat' dir='ltr'><strong>abstractis</strong></span> <span class='ocrx_word' id='word_1_225' title='bbox 2981 1966 3249 2033; x_wconf 88' lang='lat' dir='ltr'><strong>suspiriis,</strong></span> <span class='ocrx_word' id='word_1_226' title='bbox 3293 1966 3478 2021; x_wconf 92' lang='lat' dir='ltr'><strong>vilium</strong></span> 
     </span>
    </p>
   </div>
   <div class='ocr_carea' id='block_1_34' title="bbox 186 2057 1786 2128">
    <p class='ocr_par' dir='ltr' id='par_1_34' title="bbox 186 2057 1786 2128">
     <span class='ocr_line' id='line_1_34' title="bbox 186 2057 1786 2128; baseline -0.004 -15"><span class='ocrx_word' id='word_1_227' title='bbox 186 2059 354 2128; x_wconf 82' lang='lat' dir='ltr'><strong>igitur</strong></span> <span class='ocrx_word' id='word_1_228' title='bbox 387 2059 624 2113; x_wconf 89' lang='lat' dir='ltr'><strong>numinis</strong></span> <span class='ocrx_word' id='word_1_229' title='bbox 663 2060 767 2124; x_wconf 90' lang='lat' dir='ltr'><strong>sui,</strong></span> <span class='ocrx_word' id='word_1_230' title='bbox 822 2060 1096 2128; x_wconf 76' lang='lat' dir='ltr'><strong>saetilega:</strong></span> <span class='ocrx_word' id='word_1_231' title='bbox 1129 2058 1301 2127; x_wconf 86' lang='lat' dir='ltr'><strong>plebis</strong></span> <span class='ocrx_word' id='word_1_232' title='bbox 1332 2057 1623 2111; x_wconf 89' lang='lat' dir='ltr'><strong>multitudo</strong></span> <span class='ocrx_word' id='word_1_233' title='bbox 1654 2069 1786 2108; x_wconf 89' lang='lat' dir='ltr'><strong>con-</strong></span> 
     </span>
    </p>
   </div>
   <div class='ocr_carea' id='block_1_35' title="bbox 184 2150 1783 2223">
    <p class='ocr_par' dir='ltr' id='par_1_35' title="bbox 184 2150 1783 2223">
     <span class='ocr_line' id='line_1_35' title="bbox 184 2150 1783 2223; baseline -0.006 -17"><span class='ocrx_word' id='word_1_234' title='bbox 184 2153 398 2221; x_wconf 76' lang='lat' dir='ltr'><strong>surgit,</strong></span> <span class='ocrx_word' id='word_1_235' title='bbox 460 2152 789 2223; x_wconf 76' lang='lat' dir='ltr'><strong>lymphatico</strong></span> <span class='ocrx_word' id='word_1_236' title='bbox 849 2152 1170 2206; x_wconf 85' lang='lat' dir='ltr'><strong>bellatorum</strong></span> <span class='ocrx_word' id='word_1_237' title='bbox 1240 2150 1420 2202; x_wconf 88' lang='lat' dir='ltr'><strong>furore</strong></span> <span class='ocrx_word' id='word_1_238' title='bbox 1474 2161 1731 2202; x_wconf 89' lang='lat' dir='ltr'><strong>succensa</strong></span> <span class='ocrx_word' id='word_1_239' title='bbox 1768 2187 1783 2212; x_wconf 95' lang='lat'><strong>,</strong></span> 
     </span>
    </p>
   </div>
   <div class='ocr_carea' id='block_1_36' title="bbox 185 2236 1788 2296">
    <p class='ocr_par' dir='ltr' id='par_1_36' title="bbox 185 2236 1788 2296">
     <span class='ocr_line' id='line_1_36' title="bbox 185 2236 1788 2296; baseline -0.006 0"><span class='ocrx_word' id='word_1_240' title='bbox 185 2242 394 2296; x_wconf 58' lang='grc' dir='ltr'><strong>ϋΙιι-ἱμιί</strong></span> <span class='ocrx_word' id='word_1_241' title='bbox 456 2241 702 2296; x_wconf 83' lang='lat' dir='ltr'><strong>bellatori</strong></span> <span class='ocrx_word' id='word_1_242' title='bbox 747 2238 978 2293; x_wconf 89' lang='lat' dir='ltr'><strong>minatur</strong></span> <span class='ocrx_word' id='word_1_243' title='bbox 1021 2240 1261 2293; x_wconf 81' lang='lat' dir='ltr'><strong>exitium.</strong></span> <span class='ocrx_word' id='word_1_244' title='bbox 1299 2238 1404 2294; x_wconf 90' lang='lat' dir='ltr'><strong>Sed</strong></span> <span class='ocrx_word' id='word_1_245' title='bbox 1430 2239 1511 2292; x_wconf 89' lang='lat' dir='ltr'><strong>vir</strong></span> <span class='ocrx_word' id='word_1_246' title='bbox 1540 2236 1788 2290; x_wconf 86' lang='lat' dir='ltr'><strong>beatissi-</strong></span> 
     </span>
    </p>
   </div>
   <div class='ocr_carea' id='block_1_37' title="bbox 183 2330 1783 2401">
    <p class='ocr_par' dir='ltr' id='par_1_37' title="bbox 183 2330 1783 2401">
     <span class='ocr_line' id='line_1_37' title="bbox 183 2330 1783 2401; baseline -0.007 -9"><span class='ocrx_word' id='word_1_247' title='bbox 183 2353 311 2392; x_wconf 89' lang='lat' dir='ltr'><strong>mus</strong></span> <span class='ocrx_word' id='word_1_248' title='bbox 347 2346 575 2391; x_wconf 86' lang='lat' dir='ltr'><strong>niortcm</strong></span> <span class='ocrx_word' id='word_1_249' title='bbox 628 2351 734 2389; x_wconf 93' lang='lat' dir='ltr'><strong>non</strong></span> <span class='ocrx_word' id='word_1_250' title='bbox 788 2333 964 2387; x_wconf 88' lang='lat' dir='ltr'><strong>timuit</strong></span> <span class='ocrx_word' id='word_1_251' title='bbox 1014 2336 1135 2388; x_wconf 70' lang='lat' dir='ltr'><strong>vita:</strong></span> <span class='ocrx_word' id='word_1_252' title='bbox 1167 2349 1368 2388; x_wconf 85' lang='lat' dir='ltr'><strong>amore.</strong></span> <span class='ocrx_word' id='word_1_253' title='bbox 1430 2333 1611 2401; x_wconf 83' lang='lat' dir='ltr'><strong>Neque</strong></span> <span class='ocrx_word' id='word_1_254' title='bbox 1642 2330 1783 2384; x_wconf 88' lang='lat' dir='ltr'><strong>enim</strong></span> 
     </span>
    </p>
   </div>
   <div class='ocr_carea' id='block_1_38' title="bbox 182 2422 1786 2494">
    <p class='ocr_par' dir='ltr' id='par_1_38' title="bbox 182 2422 1786 2494">
     <span class='ocr_line' id='line_1_38' title="bbox 182 2422 1786 2494; baseline -0.005 -11"><span class='ocrx_word' id='word_1_255' title='bbox 182 2428 272 2483; x_wconf 87' lang='lat' dir='ltr'><strong>fas</strong></span> <span class='ocrx_word' id='word_1_256' title='bbox 300 2438 417 2483; x_wconf 88' lang='lat' dir='ltr'><strong>erat</strong></span> <span class='ocrx_word' id='word_1_257' title='bbox 458 2427 813 2481; x_wconf 85' lang='lat' dir='ltr'><strong>fortissimum</strong></span> <span class='ocrx_word' id='word_1_258' title='bbox 862 2426 1176 2480; x_wconf 86' lang='lat' dir='ltr'><strong>bellatorem</strong></span> <span class='ocrx_word' id='word_1_259' title='bbox 1218 2432 1537 2494; x_wconf 79' lang='lat' dir='ltr'><strong>praesentem</strong></span> <span class='ocrx_word' id='word_1_260' title='bbox 1599 2422 1786 2475; x_wconf 73' lang='lat' dir='ltr'><strong>timere</strong></span> 
     </span>
    </p>
   </div>
   <div class='ocr_carea' id='block_1_39' title="bbox 184 2515 1782 2590">
    <p class='ocr_par' dir='ltr' id='par_1_39' title="bbox 184 2515 1782 2590">
     <span class='ocr_line' id='line_1_39' title="bbox 184 2515 1782 2590; baseline -0.006 -14"><span class='ocrx_word' id='word_1_261' title='bbox 184 2528 446 2587; x_wconf 86' lang='lat' dir='ltr'><strong>mortem,</strong></span> <span class='ocrx_word' id='word_1_262' title='bbox 473 2521 559 2590; x_wconf 89' lang='lat' dir='ltr'><strong>qui</strong></span> <span class='ocrx_word' id='word_1_263' title='bbox 592 2528 849 2573; x_wconf 65' lang='lat' dir='ltr'><strong>artcrnam</strong></span> <span class='ocrx_word' id='word_1_264' title='bbox 876 2515 1217 2586; x_wconf 73' lang='lat' dir='ltr'><strong>prtcseutium</strong></span> <span class='ocrx_word' id='word_1_265' title='bbox 1252 2532 1429 2569; x_wconf 89' lang='lat' dir='ltr'><strong>rerum</strong></span> <span class='ocrx_word' id='word_1_266' title='bbox 1473 2523 1782 2579; x_wconf 83' lang='lat' dir='ltr'><strong>contemptu</strong></span> 
     </span>
    </p>
   </div>
   <div class='ocr_carea' id='block_1_40' title="bbox 180 2607 1783 2679">
    <p class='ocr_par' dir='ltr' id='par_1_40' title="bbox 180 2607 1783 2679">
     <span class='ocr_line' id='line_1_40' title="bbox 180 2607 1783 2679; baseline -0.007 -10"><span class='ocrx_word' id='word_1_267' title='bbox 180 2622 487 2669; x_wconf 80' lang='lat' dir='ltr'><strong>meruerat.</strong></span> <span class='ocrx_word' id='word_1_268' title='bbox 525 2612 702 2678; x_wconf 82' lang='lat' dir='ltr'><strong>Itaque</strong></span> <span class='ocrx_word' id='word_1_269' title='bbox 733 2611 886 2679; x_wconf 86' lang='lat' dir='ltr'><strong>plebs</strong></span> <span class='ocrx_word' id='word_1_270' title='bbox 928 2610 1073 2663; x_wconf 88' lang='lat' dir='ltr'><strong>misit</strong></span> <span class='ocrx_word' id='word_1_271' title='bbox 1125 2610 1373 2662; x_wconf 89' lang='lat' dir='ltr'><strong>nuntium</strong></span> <span class='ocrx_word' id='word_1_272' title='bbox 1400 2608 1513 2660; x_wconf 87' lang='lat' dir='ltr'><strong>viro</strong></span> <span class='ocrx_word' id='word_1_273' title='bbox 1548 2607 1783 2669; x_wconf 86' lang='lat' dir='ltr'><strong>cuidam,</strong></span> 
     </span>
    </p>
   </div>
   <div class='ocr_carea' id='block_1_41' title="bbox 184 2697 1785 2771">
    <p class='ocr_par' dir='ltr' id='par_1_41' title="bbox 184 2697 1785 2771">
     <span class='ocr_line' id='line_1_41' title="bbox 184 2697 1785 2771; baseline -0.009 -10"><span class='ocrx_word' id='word_1_274' title='bbox 184 2706 472 2761; x_wconf 83' lang='lat' dir='ltr'><strong>Ilonorato</strong></span> <span class='ocrx_word' id='word_1_275' title='bbox 526 2703 760 2767; x_wconf 88' lang='lat' dir='ltr'><strong>nomine,</strong></span> <span class='ocrx_word' id='word_1_276' title='bbox 817 2702 907 2771; x_wconf 89' lang='lat' dir='ltr'><strong>qui</strong></span> <span class='ocrx_word' id='word_1_277' title='bbox 950 2710 1067 2755; x_wconf 90' lang='lat' dir='ltr'><strong>erat</strong></span> <span class='ocrx_word' id='word_1_278' title='bbox 1109 2701 1198 2755; x_wconf 91' lang='lat' dir='ltr'><strong>illo</strong></span> <span class='ocrx_word' id='word_1_279' title='bbox 1241 2710 1483 2767; x_wconf 90' lang='lat' dir='ltr'><strong>tempore</strong></span> <span class='ocrx_word' id='word_1_280' title='bbox 1530 2697 1785 2749; x_wconf 87' lang='lat' dir='ltr'><strong>natalium</strong></span> 
     </span>
    </p>
   </div>
   <div class='ocr_carea' id='block_1_42' title="bbox 183 2792 1786 2869">
    <p class='ocr_par' dir='ltr' id='par_1_42' title="bbox 183 2792 1786 2869">
     <span class='ocr_line' id='line_1_42' title="bbox 183 2792 1786 2869; baseline -0.008 -15"><span class='ocrx_word' id='word_1_281' title='bbox 183 2798 506 2869; x_wconf 82' lang='lat' dir='ltr'><strong>splendore,</strong></span> <span class='ocrx_word' id='word_1_282' title='bbox 542 2798 805 2850; x_wconf 88' lang='lat' dir='ltr'><strong>bonorum</strong></span> <span class='ocrx_word' id='word_1_283' title='bbox 842 2796 1025 2858; x_wconf 86' lang='lat' dir='ltr'><strong>titulis,</strong></span> <span class='ocrx_word' id='word_1_284' title='bbox 1060 2793 1274 2862; x_wconf 85' lang='lat' dir='ltr'><strong>opibus,</strong></span> <span class='ocrx_word' id='word_1_285' title='bbox 1325 2792 1647 2844; x_wconf 88' lang='lat' dir='ltr'><strong>auctoritate</strong></span> <span class='ocrx_word' id='word_1_286' title='bbox 1680 2803 1786 2841; x_wconf 77' lang='lat' dir='ltr'><strong>ca:-</strong></span> 
     </span>
    </p>
   </div>
   <div class='ocr_carea' id='block_1_43' title="bbox 184 2880 1785 2958">
    <p class='ocr_par' dir='ltr' id='par_1_43' title="bbox 184 2880 1785 2958">
     <span class='ocr_line' id='line_1_43' title="bbox 184 2880 1785 2958; baseline -0.009 -12"><span class='ocrx_word' id='word_1_287' title='bbox 184 2893 326 2947; x_wconf 90' lang='lat' dir='ltr'><strong>teris</strong></span> <span class='ocrx_word' id='word_1_288' title='bbox 375 2891 535 2958; x_wconf 89' lang='lat' dir='ltr'><strong>longe</strong></span> <span class='ocrx_word' id='word_1_289' title='bbox 565 2886 922 2955; x_wconf 69' lang='lat' dir='ltr'><strong>praestantior.</strong></span> <span class='ocrx_word' id='word_1_290' title='bbox 982 2882 1263 2939; x_wconf 81' lang='lat' dir='ltr'><strong>Contrabit</strong></span> <span class='ocrx_word' id='word_1_291' title='bbox 1312 2882 1401 2935; x_wconf 79' lang='lat' dir='ltr'><strong>liic</strong></span> <span class='ocrx_word' id='word_1_292' title='bbox 1450 2880 1785 2935; x_wconf 86' lang='lat' dir='ltr'><strong>servulorum</strong></span> 
     </span>
    </p>
   </div>
   <div class='ocr_carea' id='block_1_44' title="bbox 184 2973 1782 3049">
    <p class='ocr_par' dir='ltr' id='par_1_44' title="bbox 184 2973 1782 3049">
     <span class='ocr_line' id='line_1_44' title="bbox 184 2973 1782 3049; baseline -0.01 -9"><span class='ocrx_word' id='word_1_293' title='bbox 184 2985 385 3040; x_wconf 88' lang='lat' dir='ltr'><strong>solatia</strong></span> <span class='ocrx_word' id='word_1_294' title='bbox 423 2982 649 3035; x_wconf 89' lang='lat' dir='ltr'><strong>:urbem</strong></span> <span class='ocrx_word' id='word_1_295' title='bbox 682 2979 946 3049; x_wconf 88' lang='lat' dir='ltr'><strong>protinus,</strong></span> <span class='ocrx_word' id='word_1_296' title='bbox 973 2976 1103 3032; x_wconf 90' lang='lat' dir='ltr'><strong>sede</strong></span> <span class='ocrx_word' id='word_1_297' title='bbox 1153 2978 1391 3030; x_wconf 85' lang='lat' dir='ltr'><strong>invectus</strong></span> <span class='ocrx_word' id='word_1_298' title='bbox 1442 2973 1633 3037; x_wconf 89' lang='lat' dir='ltr'><strong>curuli,</strong></span> <span class='ocrx_word' id='word_1_299' title='bbox 1689 2987 1782 3040; x_wconf 85' lang='lat' dir='ltr'><strong>pe-</strong></span> 
     </span>
    </p>
   </div>
   <div class='ocr_carea' id='block_1_45' title="bbox 184 3067 1792 3143">
    <p class='ocr_par' dir='ltr' id='par_1_45' title="bbox 184 3067 1792 3143">
     <span class='ocr_line' id='line_1_45' title="bbox 184 3067 1792 3143; baseline -0.011 -10"><span class='ocrx_word' id='word_1_300' title='bbox 184 3079 278 3133; x_wconf 90' lang='lat' dir='ltr'><strong>tit.</strong></span> <span class='ocrx_word' id='word_1_301' title='bbox 307 3077 379 3131; x_wconf 85' lang='lat' dir='ltr'><strong>Et</strong></span> <span class='ocrx_word' id='word_1_302' title='bbox 401 3076 511 3143; x_wconf 85' lang='lat' dir='ltr'><strong>jam</strong></span> <span class='ocrx_word' id='word_1_303' title='bbox 541 3086 790 3128; x_wconf 90' lang='lat' dir='ltr'><strong>emensus</strong></span> <span class='ocrx_word' id='word_1_304' title='bbox 821 3072 957 3139; x_wconf 88' lang='lat' dir='ltr'><strong>iter,</strong></span> <span class='ocrx_word' id='word_1_305' title='bbox 1003 3071 1118 3125; x_wconf 91' lang='lat' dir='ltr'><strong>dire</strong></span> <span class='ocrx_word' id='word_1_306' title='bbox 1160 3072 1420 3133; x_wconf 90' lang='lat' dir='ltr'><strong>fremens,</strong></span> <span class='ocrx_word' id='word_1_307' title='bbox 1456 3067 1571 3121; x_wconf 88' lang='lat' dir='ltr'><strong>dira</strong></span> <span class='ocrx_word' id='word_1_308' title='bbox 1602 3074 1656 3119; x_wconf 91' lang='lat' dir='ltr'><strong>et</strong></span> <span class='ocrx_word' id='word_1_309' title='bbox 1686 3080 1792 3119; x_wconf 79' lang='lat' dir='ltr'><strong>ex-</strong></span> 
     </span>
    </p>
   </div>
   <div class='ocr_carea' id='block_1_46' title="bbox 187 3159 1790 3229">
    <p class='ocr_par' dir='ltr' id='par_1_46' title="bbox 187 3159 1790 3229">
     <span class='ocr_line' id='line_1_46' title="bbox 187 3159 1790 3229; baseline -0.009 -6"><span class='ocrx_word' id='word_1_310' title='bbox 187 3177 370 3223; x_wconf 88' lang='lat' dir='ltr'><strong>trema</strong></span> <span class='ocrx_word' id='word_1_311' title='bbox 401 3164 694 3229; x_wconf 89' lang='lat' dir='ltr'><strong>minitans,</strong></span> <span class='ocrx_word' id='word_1_312' title='bbox 740 3163 857 3218; x_wconf 91' lang='lat' dir='ltr'><strong>urbi</strong></span> <span class='ocrx_word' id='word_1_313' title='bbox 887 3163 1092 3216; x_wconf 89' lang='lat' dir='ltr'><strong>aderat.</strong></span> <span class='ocrx_word' id='word_1_314' title='bbox 1123 3159 1181 3213; x_wconf 93' lang='lat' dir='ltr'><strong>In</strong></span> <span class='ocrx_word' id='word_1_315' title='bbox 1206 3160 1384 3214; x_wconf 92' lang='lat' dir='ltr'><strong>medio</strong></span> <span class='ocrx_word' id='word_1_316' title='bbox 1410 3167 1588 3212; x_wconf 89' lang='lat' dir='ltr'><strong>tamen</strong></span> <span class='ocrx_word' id='word_1_317' title='bbox 1623 3167 1790 3225; x_wconf 80' lang='lat' dir='ltr'><strong>porta:</strong></span> 
     </span>
    </p>
   </div>
   <div class='ocr_carea' id='block_1_47' title="bbox 183 3252 1792 3331">
    <p class='ocr_par' dir='ltr' id='par_1_47' title="bbox 183 3252 1792 3331">
     <span class='ocr_line' id='line_1_47' title="bbox 183 3252 1792 3331; baseline -0.007 -18"><span class='ocrx_word' id='word_1_318' title='bbox 183 3261 370 3331; x_wconf 79' lang='lat' dir='ltr'><strong>pridie</strong></span> <span class='ocrx_word' id='word_1_319' title='bbox 391 3259 577 3315; x_wconf 81' lang='lat' dir='ltr'><strong>beatus</strong></span> <span class='ocrx_word' id='word_1_320' title='bbox 600 3255 837 3326; x_wconf 83' lang='lat' dir='ltr'><strong>pontifex</strong></span> <span class='ocrx_word' id='word_1_321' title='bbox 862 3255 1161 3309; x_wconf 89' lang='lat' dir='ltr'><strong>orationem</strong></span> <span class='ocrx_word' id='word_1_322' title='bbox 1187 3252 1253 3307; x_wconf 88' lang='lat' dir='ltr'><strong>ad</strong></span> <span class='ocrx_word' id='word_1_323' title='bbox 1278 3253 1596 3316; x_wconf 91' lang='lat' dir='ltr'><strong>Dominum,</strong></span> <span class='ocrx_word' id='word_1_324' title='bbox 1633 3260 1792 3306; x_wconf 68' lang='lat' dir='ltr'><strong>IBI&#39;HB</strong></span> 
     </span>
    </p>
   </div>
   <div class='ocr_carea' id='block_1_48' title="bbox 186 3343 1789 3423">
    <p class='ocr_par' dir='ltr' id='par_1_48' title="bbox 186 3343 1789 3423">
     <span class='ocr_line' id='line_1_48' title="bbox 186 3343 1789 3423; baseline -0.006 -18"><span class='ocrx_word' id='word_1_325' title='bbox 186 3359 521 3423; x_wconf 53' lang='lat' dir='ltr'><strong>prostratus,</strong></span> <span class='ocrx_word' id='word_1_326' title='bbox 557 3349 782 3401; x_wconf 87' lang='lat' dir='ltr'><strong>fuderat.</strong></span> <span class='ocrx_word' id='word_1_327' title='bbox 807 3346 923 3413; x_wconf 86' lang='lat' dir='ltr'><strong>Quo</strong></span> <span class='ocrx_word' id='word_1_328' title='bbox 948 3346 997 3398; x_wconf 90' lang='lat' dir='ltr'><strong>in</strong></span> <span class='ocrx_word' id='word_1_329' title='bbox 1023 3345 1139 3399; x_wconf 86' lang='lat' dir='ltr'><strong>loco</strong></span> <span class='ocrx_word' id='word_1_330' title='bbox 1164 3343 1300 3398; x_wconf 89' lang='lat' dir='ltr'><strong>miro</strong></span> <span class='ocrx_word' id='word_1_331' title='bbox 1328 3355 1549 3411; x_wconf 86' lang='lat' dir='ltr'><strong>stupore</strong></span> <span class='ocrx_word' id='word_1_332' title='bbox 1580 3343 1789 3396; x_wconf 83' lang='lat' dir='ltr'><strong>haesere</strong></span> 
     </span>
    </p>
   </div>
   <div class='ocr_carea' id='block_1_49' title="bbox 185 3434 1794 3513">
    <p class='ocr_par' dir='ltr' id='par_1_49' title="bbox 185 3434 1794 3513">
     <span class='ocr_line' id='line_1_49' title="bbox 185 3434 1794 3513; baseline -0.007 -15"><span class='ocrx_word' id='word_1_333' title='bbox 185 3446 357 3513; x_wconf 55' lang='lat' dir='ltr'><strong>biga,</strong></span> <span class='ocrx_word' id='word_1_334' title='bbox 419 3441 653 3495; x_wconf 87' lang='lat' dir='ltr'><strong>Itoniinis</strong></span> <span class='ocrx_word' id='word_1_335' title='bbox 686 3441 828 3492; x_wconf 91' lang='lat' dir='ltr'><strong>illius</strong></span> <span class='ocrx_word' id='word_1_336' title='bbox 857 3438 1131 3501; x_wconf 66' lang='lat' dir='ltr'><strong>animalia,</strong></span> <span class='ocrx_word' id='word_1_337' title='bbox 1180 3448 1232 3494; x_wconf 87' lang='lat' dir='ltr'><strong>et</strong></span> <span class='ocrx_word' id='word_1_338' title='bbox 1260 3445 1317 3489; x_wconf 91' lang='lat' dir='ltr'><strong>ut</strong></span> <span class='ocrx_word' id='word_1_339' title='bbox 1347 3434 1675 3489; x_wconf 81' lang='lat' dir='ltr'><strong>insensibilia</strong></span> <span class='ocrx_word' id='word_1_340' title='bbox 1722 3434 1794 3489; x_wconf 84' lang='lat' dir='ltr'><strong>ri-</strong></span> 
     </span>
    </p>
   </div>
   <div class='ocr_carea' id='block_1_50' title="bbox 185 3524 1790 3605">
    <p class='ocr_par' dir='ltr' id='par_1_50' title="bbox 185 3524 1790 3605">
     <span class='ocr_line' id='line_1_50' title="bbox 185 3524 1790 3605; baseline -0.004 -19"><span class='ocrx_word' id='word_1_341' title='bbox 185 3548 365 3605; x_wconf 77' lang='lat' dir='ltr'><strong>guere</strong></span> <span class='ocrx_word' id='word_1_342' title='bbox 419 3535 589 3600; x_wconf 72' lang='lat' dir='ltr'><strong>signa.</strong></span> <span class='ocrx_word' id='word_1_343' title='bbox 638 3529 720 3583; x_wconf 83' lang='lat' dir='ltr'><strong>Nil</strong></span> <span class='ocrx_word' id='word_1_344' title='bbox 772 3539 935 3599; x_wconf 77' lang='lat' dir='ltr'><strong>agunt</strong></span> <span class='ocrx_word' id='word_1_345' title='bbox 973 3527 1197 3591; x_wconf 80' lang='lat' dir='ltr'><strong>stimuli,</strong></span> <span class='ocrx_word' id='word_1_346' title='bbox 1250 3526 1325 3580; x_wconf 90' lang='lat' dir='ltr'><strong>nil</strong></span> <span class='ocrx_word' id='word_1_347' title='bbox 1379 3524 1601 3580; x_wconf 88' lang='lat' dir='ltr'><strong>verbera</strong></span> <span class='ocrx_word' id='word_1_348' title='bbox 1647 3540 1790 3581; x_wconf 64' lang='lat' dir='ltr'><strong>satva</strong></span> 
     </span>
    </p>
   </div>
   <div class='ocr_carea' id='block_1_51' title="bbox 186 3617 1789 3696">
    <p class='ocr_par' dir='ltr' id='par_1_51' title="bbox 186 3617 1789 3696">
     <span class='ocr_line' id='line_1_51' title="bbox 186 3617 1789 3696; baseline -0.004 -18"><span class='ocrx_word' id='word_1_349' title='bbox 186 3624 509 3696; x_wconf 84' lang='lat' dir='ltr'><strong>proficiunt.</strong></span> <span class='ocrx_word' id='word_1_350' title='bbox 545 3621 677 3675; x_wconf 87' lang='lat' dir='ltr'><strong>Cum</strong></span> <span class='ocrx_word' id='word_1_351' title='bbox 721 3631 899 3674; x_wconf 89' lang='lat' dir='ltr'><strong>autem</strong></span> <span class='ocrx_word' id='word_1_352' title='bbox 932 3619 1012 3673; x_wconf 85' lang='lat' dir='ltr'><strong>vir</strong></span> <span class='ocrx_word' id='word_1_353' title='bbox 1043 3618 1129 3673; x_wconf 87' lang='lat' dir='ltr'><strong>ille</strong></span> <span class='ocrx_word' id='word_1_354' title='bbox 1154 3617 1380 3689; x_wconf 82' lang='lat' dir='ltr'><strong>insignis</strong></span> <span class='ocrx_word' id='word_1_355' title='bbox 1410 3617 1654 3671; x_wconf 86' lang='lat' dir='ltr'><strong>miraculi</strong></span> <span class='ocrx_word' id='word_1_356' title='bbox 1693 3634 1789 3671; x_wconf 83' lang='lat' dir='ltr'><strong>nu-</strong></span> 
     </span>
    </p>
   </div>
   <div class='ocr_carea' id='block_1_52' title="bbox 187 3710 1791 3784">
    <p class='ocr_par' dir='ltr' id='par_1_52' title="bbox 187 3710 1791 3784">
     <span class='ocr_line' id='line_1_52' title="bbox 187 3710 1791 3784; baseline -0.005 -14"><span class='ocrx_word' id='word_1_357' title='bbox 187 3718 369 3769; x_wconf 48' lang='lat' dir='ltr'><strong>\‘itate</strong></span> <span class='ocrx_word' id='word_1_358' title='bbox 414 3712 717 3784; x_wconf 82' lang='lat' dir='ltr'><strong>perculsus,</strong></span> <span class='ocrx_word' id='word_1_359' title='bbox 766 3712 834 3764; x_wconf 89' lang='lat' dir='ltr'><strong>ad</strong></span> <span class='ocrx_word' id='word_1_360' title='bbox 877 3710 1247 3765; x_wconf 86' lang='lat' dir='ltr'><strong>beatissimum</strong></span> <span class='ocrx_word' id='word_1_361' title='bbox 1289 3710 1485 3776; x_wconf 79' lang='lat' dir='ltr'><strong>virum,</strong></span> <span class='ocrx_word' id='word_1_362' title='bbox 1530 3725 1694 3763; x_wconf 92' lang='lat' dir='ltr'><strong>unum</strong></span> <span class='ocrx_word' id='word_1_363' title='bbox 1725 3724 1791 3763; x_wconf 78' lang='lat' dir='ltr'><strong>ex</strong></span> 
     </span>
    </p>
   </div>
   <div class='ocr_carea' id='block_1_53' title="bbox 184 3798 1791 3873">
    <p class='ocr_par' dir='ltr' id='par_1_53' title="bbox 184 3798 1791 3873">
     <span class='ocr_line' id='line_1_53' title="bbox 184 3798 1791 3873; baseline -0.006 -11"><span class='ocrx_word' id='word_1_364' title='bbox 184 3805 525 3863; x_wconf 84' lang='lat' dir='ltr'><strong>necessariis</strong></span> <span class='ocrx_word' id='word_1_365' title='bbox 557 3804 775 3859; x_wconf 88' lang='lat' dir='ltr'><strong>mittens</strong></span> <span class='ocrx_word' id='word_1_366' title='bbox 808 3802 1014 3873; x_wconf 77' lang='lat' dir='ltr'><strong>rogavit</strong></span> <span class='ocrx_word' id='word_1_367' title='bbox 1054 3809 1113 3854; x_wconf 91' lang='lat' dir='ltr'><strong>ut</strong></span> <span class='ocrx_word' id='word_1_368' title='bbox 1146 3800 1231 3870; x_wconf 83' lang='lat' dir='ltr'><strong>pia</strong></span> <span class='ocrx_word' id='word_1_369' title='bbox 1260 3814 1382 3854; x_wconf 89' lang='lat' dir='ltr'><strong>eum</strong></span> <span class='ocrx_word' id='word_1_370' title='bbox 1423 3798 1668 3854; x_wconf 90' lang='lat' dir='ltr'><strong>oratione</strong></span> <span class='ocrx_word' id='word_1_371' title='bbox 1694 3800 1791 3854; x_wconf 89' lang='lat' dir='ltr'><strong>ab-</strong></span> 
     </span>
    </p>
   </div>
   <div class='ocr_carea' id='block_1_54' title="bbox 186 3894 1789 3967">
    <p class='ocr_par' dir='ltr' id='par_1_54' title="bbox 186 3894 1789 3967">
     <span class='ocr_line' id='line_1_54' title="bbox 186 3894 1789 3967; baseline -0.004 -10"><span class='ocrx_word' id='word_1_372' title='bbox 186 3900 444 3957; x_wconf 80' lang='lat' dir='ltr'><strong>solveret</strong></span> <span class='ocrx_word' id='word_1_373' title='bbox 500 3913 660 3967; x_wconf 90' lang='lat' dir='ltr'><strong>quem</strong></span> <span class='ocrx_word' id='word_1_374' title='bbox 724 3897 928 3951; x_wconf 88' lang='lat' dir='ltr'><strong>meritis</strong></span> <span class='ocrx_word' id='word_1_375' title='bbox 998 3896 1152 3965; x_wconf 90' lang='lat' dir='ltr'><strong>quasi</strong></span> <span class='ocrx_word' id='word_1_376' title='bbox 1211 3894 1436 3949; x_wconf 84' lang='lat' dir='ltr'><strong>vinculis</strong></span> <span class='ocrx_word' id='word_1_377' title='bbox 1496 3894 1789 3950; x_wconf 84' lang='lat' dir='ltr'><strong>nexttisset.</strong></span> 
     </span>
    </p>
   </div>
   <div class='ocr_carea' id='block_1_55' title="bbox 185 3987 1793 4057">
    <p class='ocr_par' dir='ltr' id='par_1_55' title="bbox 185 3987 1793 4057">
     <span class='ocr_line' id='line_1_55' title="bbox 185 3987 1793 4057; baseline -0.004 -9"><span class='ocrx_word' id='word_1_378' title='bbox 185 3990 353 4048; x_wconf 81' lang='lat' dir='ltr'><strong>Ilaud</strong></span> <span class='ocrx_word' id='word_1_379' title='bbox 409 4004 579 4053; x_wconf 88' lang='lat' dir='ltr'><strong>mora,</strong></span> <span class='ocrx_word' id='word_1_380' title='bbox 612 3987 867 4043; x_wconf 85' lang='lat' dir='ltr'><strong>sacerdos</strong></span> <span class='ocrx_word' id='word_1_381' title='bbox 914 3987 1152 4053; x_wconf 85' lang='lat' dir='ltr'><strong>advenit,</strong></span> <span class='ocrx_word' id='word_1_382' title='bbox 1209 3998 1524 4057; x_wconf 84' lang='lat' dir='ltr'><strong>carpentum</strong></span> <span class='ocrx_word' id='word_1_383' title='bbox 1558 3988 1793 4042; x_wconf 88' lang='lat' dir='ltr'><strong>devolvi-</strong></span> 
     </span>
    </p>
   </div>
   <div class='ocr_carea' id='block_1_56' title="bbox 188 4083 1791 4157">
    <p class='ocr_par' dir='ltr' id='par_1_56' title="bbox 188 4083 1791 4157">
     <span class='ocr_line' id='line_1_56' title="bbox 188 4083 1791 4157; baseline -0.005 -12"><span class='ocrx_word' id='word_1_384' title='bbox 188 4100 310 4155; x_wconf 88' lang='lat' dir='ltr'><strong>tur,</strong></span> <span class='ocrx_word' id='word_1_385' title='bbox 347 4095 663 4157; x_wconf 86' lang='lat' dir='ltr'><strong>persecutor</strong></span> <span class='ocrx_word' id='word_1_386' title='bbox 691 4084 933 4139; x_wconf 65' lang='lat' dir='ltr'><strong>adhaeret</strong></span> <span class='ocrx_word' id='word_1_387' title='bbox 962 4084 1135 4139; x_wconf 85' lang='lat' dir='ltr'><strong>sancti</strong></span> <span class='ocrx_word' id='word_1_388' title='bbox 1168 4083 1417 4151; x_wconf 88' lang='lat' dir='ltr'><strong>genibus,</strong></span> <span class='ocrx_word' id='word_1_389' title='bbox 1463 4084 1599 4152; x_wconf 86' lang='lat' dir='ltr'><strong>rigat</strong></span> <span class='ocrx_word' id='word_1_390' title='bbox 1631 4084 1791 4151; x_wconf 84' lang='lat' dir='ltr'><strong>pedes</strong></span> 
     </span>
    </p>
   </div>
   <div class='ocr_carea' id='block_1_57' title="bbox 184 4174 1793 4250">
    <p class='ocr_par' dir='ltr' id='par_1_57' title="bbox 184 4174 1793 4250">
     <span class='ocr_line' id='line_1_57' title="bbox 184 4174 1793 4250; baseline -0.007 -11"><span class='ocrx_word' id='word_1_391' title='bbox 184 4180 478 4250; x_wconf 75' lang='lat' dir='ltr'><strong>Iacrymis,</strong></span> <span class='ocrx_word' id='word_1_392' title='bbox 522 4184 796 4246; x_wconf 89' lang='lat' dir='ltr'><strong>peccatum</strong></span> <span class='ocrx_word' id='word_1_393' title='bbox 843 4176 1064 4241; x_wconf 86' lang='lat' dir='ltr'><strong>fatetur,</strong></span> <span class='ocrx_word' id='word_1_394' title='bbox 1116 4175 1247 4243; x_wconf 89' lang='lat' dir='ltr'><strong>petit</strong></span> <span class='ocrx_word' id='word_1_395' title='bbox 1286 4174 1570 4239; x_wconf 80' lang='lat' dir='ltr'><strong>auxilium,</strong></span> <span class='ocrx_word' id='word_1_396' title='bbox 1614 4187 1668 4229; x_wconf 89' lang='lat' dir='ltr'><strong>et</strong></span> <span class='ocrx_word' id='word_1_397' title='bbox 1710 4175 1793 4228; x_wconf 81' lang='lat' dir='ltr'><strong>vix</strong></span> 
     </span>
    </p>
   </div>
   <div class='ocr_carea' id='block_1_58' title="bbox 184 4266 1795 4339">
    <p class='ocr_par' dir='ltr' id='par_1_58' title="bbox 184 4266 1795 4339">
     <span class='ocr_line' id='line_1_58' title="bbox 184 4266 1795 4339; baseline -0.006 -12"><span class='ocrx_word' id='word_1_398' title='bbox 184 4272 365 4327; x_wconf 79' lang='lat' dir='ltr'><strong>verba</strong></span> <span class='ocrx_word' id='word_1_399' title='bbox 420 4268 802 4339; x_wconf 81' lang='lat' dir='ltr'><strong>compleverat,</strong></span> <span class='ocrx_word' id='word_1_400' title='bbox 846 4266 1117 4333; x_wconf 78' lang='lat' dir='ltr'><strong>animalia,</strong></span> <span class='ocrx_word' id='word_1_401' title='bbox 1159 4280 1279 4335; x_wconf 75' lang='lat' dir='ltr'><strong>qua:</strong></span> <span class='ocrx_word' id='word_1_402' title='bbox 1326 4276 1383 4319; x_wconf 91' lang='lat' dir='ltr'><strong>ut</strong></span> <span class='ocrx_word' id='word_1_403' title='bbox 1428 4266 1580 4319; x_wconf 75' lang='lat' dir='ltr'><strong>dura:</strong></span> <span class='ocrx_word' id='word_1_404' title='bbox 1610 4276 1795 4320; x_wconf 84' lang='lat' dir='ltr'><strong>cautes</strong></span> 
     </span>
    </p>
   </div>
   <div class='ocr_carea' id='block_1_59' title="bbox 188 4360 1796 4435">
    <p class='ocr_par' dir='ltr' id='par_1_59' title="bbox 188 4360 1796 4435">
     <span class='ocr_line' id='line_1_59' title="bbox 188 4360 1796 4435; baseline -0.003 -15"><span class='ocrx_word' id='word_1_405' title='bbox 188 4366 520 4435; x_wconf 79' lang='lat' dir='ltr'><strong>riguerant,</strong></span> <span class='ocrx_word' id='word_1_406' title='bbox 572 4361 785 4418; x_wconf 67' lang='lat' dir='ltr'><strong>coalitus</strong></span> <span class='ocrx_word' id='word_1_407' title='bbox 839 4370 1053 4429; x_wconf 88' lang='lat' dir='ltr'><strong>recepta</strong></span> <span class='ocrx_word' id='word_1_408' title='bbox 1113 4360 1453 4423; x_wconf 90' lang='lat' dir='ltr'><strong>mobilitate,</strong></span> <span class='ocrx_word' id='word_1_409' title='bbox 1510 4361 1796 4429; x_wconf 68' lang='lat' dir='ltr'><strong>praeceptis</strong></span> 
     </span>
    </p>
   </div>
   <div class='ocr_carea' id='block_1_60' title="bbox 186 4453 1796 4524">
    <p class='ocr_par' dir='ltr' id='par_1_60' title="bbox 186 4453 1796 4524">
     <span class='ocr_line' id='line_1_60' title="bbox 186 4453 1796 4524; baseline -0.005 -8"><span class='ocrx_word' id='word_1_410' title='bbox 186 4459 488 4524; x_wconf 78' lang='lat' dir='ltr'><strong>obediunt,</strong></span> <span class='ocrx_word' id='word_1_411' title='bbox 520 4456 757 4523; x_wconf 87' lang='lat' dir='ltr'><strong>dumque</strong></span> <span class='ocrx_word' id='word_1_412' title='bbox 805 4454 1006 4508; x_wconf 89' lang='lat' dir='ltr'><strong>sanctis</strong></span> <span class='ocrx_word' id='word_1_413' title='bbox 1057 4453 1394 4507; x_wconf 83' lang='lat' dir='ltr'><strong>orationibus</strong></span> <span class='ocrx_word' id='word_1_414' title='bbox 1427 4463 1614 4506; x_wconf 89' lang='lat' dir='ltr'><strong>natura</strong></span> <span class='ocrx_word' id='word_1_415' title='bbox 1652 4469 1796 4509; x_wconf 91' lang='lat' dir='ltr'><strong>nunc</strong></span> 
     </span>
    </p>
   </div>
   <div class='ocr_carea' id='block_1_61' title="bbox 186 4542 1799 4614">
    <p class='ocr_par' dir='ltr' id='par_1_61' title="bbox 186 4542 1799 4614">
     <span class='ocr_line' id='line_1_61' title="bbox 186 4542 1799 4614; baseline -0.006 -5"><span class='ocrx_word' id='word_1_416' title='bbox 186 4558 464 4614; x_wconf 83' lang='lat' dir='ltr'><strong>mutatur,</strong></span> <span class='ocrx_word' id='word_1_417' title='bbox 512 4561 655 4602; x_wconf 92' lang='lat' dir='ltr'><strong>nunc</strong></span> <span class='ocrx_word' id='word_1_418' title='bbox 700 4546 961 4611; x_wconf 90' lang='lat' dir='ltr'><strong>redditur,</strong></span> <span class='ocrx_word' id='word_1_419' title='bbox 997 4560 1146 4599; x_wconf 91' lang='lat' dir='ltr'><strong>mens</strong></span> <span class='ocrx_word' id='word_1_420' title='bbox 1177 4542 1289 4599; x_wconf 85' lang='lat' dir='ltr'><strong>fera</strong></span> <span class='ocrx_word' id='word_1_421' title='bbox 1333 4546 1503 4614; x_wconf 84' lang='lat' dir='ltr'><strong>prius,</strong></span> <span class='ocrx_word' id='word_1_422' title='bbox 1545 4555 1598 4599; x_wconf 91' lang='lat' dir='ltr'><strong>et</strong></span> <span class='ocrx_word' id='word_1_423' title='bbox 1626 4545 1799 4599; x_wconf 80' lang='lat' dir='ltr'><strong>domi-</strong></span> 
     </span>
    </p>
   </div>
   <div class='ocr_carea' id='block_1_62' title="bbox 190 4639 1797 4715">
    <p class='ocr_par' dir='ltr' id='par_1_62' title="bbox 190 4639 1797 4715">
     <span class='ocr_line' id='line_1_62' title="bbox 190 4639 1797 4715; baseline -0.004 -13"><span class='ocrx_word' id='word_1_424' title='bbox 190 4663 357 4715; x_wconf 87' lang='lat' dir='ltr'><strong>num,</strong></span> <span class='ocrx_word' id='word_1_425' title='bbox 390 4654 446 4698; x_wconf 91' lang='lat' dir='ltr'><strong>ut</strong></span> <span class='ocrx_word' id='word_1_426' title='bbox 469 4644 534 4697; x_wconf 90' lang='lat' dir='ltr'><strong>de</strong></span> <span class='ocrx_word' id='word_1_427' title='bbox 555 4640 705 4697; x_wconf 87' lang='lat' dir='ltr'><strong>duris</strong></span> <span class='ocrx_word' id='word_1_428' title='bbox 727 4639 974 4697; x_wconf 89' lang='lat' dir='ltr'><strong>cautibus</strong></span> <span class='ocrx_word' id='word_1_429' title='bbox 999 4650 1139 4707; x_wconf 91' lang='lat' dir='ltr'><strong>orta,</strong></span> <span class='ocrx_word' id='word_1_430' title='bbox 1174 4656 1280 4697; x_wconf 89' lang='lat' dir='ltr'><strong>non</strong></span> <span class='ocrx_word' id='word_1_431' title='bbox 1312 4644 1571 4708; x_wconf 81' lang='lat' dir='ltr'><strong>sentiens,</strong></span> <span class='ocrx_word' id='word_1_432' title='bbox 1618 4642 1797 4696; x_wconf 90' lang='lat' dir='ltr'><strong>subito</strong></span> 
     </span>
    </p>
   </div>
   <div class='ocr_carea' id='block_1_63' title="bbox 191 4731 1793 4806">
    <p class='ocr_par' dir='ltr' id='par_1_63' title="bbox 191 4731 1793 4806">
     <span class='ocr_line' id='line_1_63' title="bbox 191 4731 1793 4806; baseline -0.004 -12"><span class='ocrx_word' id='word_1_433' title='bbox 191 4738 328 4794; x_wconf 91' lang='lat' dir='ltr'><strong>fidei</strong></span> <span class='ocrx_word' id='word_1_434' title='bbox 385 4738 505 4806; x_wconf 89' lang='lat' dir='ltr'><strong>igne</strong></span> <span class='ocrx_word' id='word_1_435' title='bbox 552 4732 915 4789; x_wconf 89' lang='lat' dir='ltr'><strong>succenditur.</strong></span> <span class='ocrx_word' id='word_1_436' title='bbox 971 4732 1116 4786; x_wconf 92' lang='lat' dir='ltr'><strong>Illico</strong></span> <span class='ocrx_word' id='word_1_437' title='bbox 1158 4731 1394 4786; x_wconf 86' lang='lat' dir='ltr'><strong>maculas</strong></span> <span class='ocrx_word' id='word_1_438' title='bbox 1453 4743 1793 4801; x_wconf 74' lang='lat' dir='ltr'><strong>peccatorum</strong></span> 
     </span>
    </p>
   </div>
   <div class='ocr_carea' id='block_1_64' title="bbox 186 4824 1795 4896">
    <p class='ocr_par' dir='ltr' id='par_1_64' title="bbox 186 4824 1795 4896">
     <span class='ocr_line' id='line_1_64' title="bbox 186 4824 1795 4896; baseline -0.004 -9"><span class='ocrx_word' id='word_1_439' title='bbox 186 4830 348 4887; x_wconf 88' lang='lat' dir='ltr'><strong>unda</strong></span> <span class='ocrx_word' id='word_1_440' title='bbox 382 4828 537 4882; x_wconf 89' lang='lat' dir='ltr'><strong>diluit</strong></span> <span class='ocrx_word' id='word_1_441' title='bbox 560 4826 836 4891; x_wconf 88' lang='lat' dir='ltr'><strong>salutaris,</strong></span> <span class='ocrx_word' id='word_1_442' title='bbox 866 4834 921 4879; x_wconf 87' lang='lat' dir='ltr'><strong>et</strong></span> <span class='ocrx_word' id='word_1_443' title='bbox 963 4824 1356 4881; x_wconf 79' lang='lat' dir='ltr'><strong>incredulitatis</strong></span> <span class='ocrx_word' id='word_1_444' title='bbox 1384 4826 1524 4881; x_wconf 91' lang='lat' dir='ltr'><strong>nube</strong></span> <span class='ocrx_word' id='word_1_445' title='bbox 1557 4828 1795 4896; x_wconf 84' lang='lat' dir='ltr'><strong>detersa,</strong></span> 
     </span>
    </p>
   </div>
   <div class='ocr_carea' id='block_1_65' title="bbox 190 4917 1801 4990">
    <p class='ocr_par' dir='ltr' id='par_1_65' title="bbox 190 4917 1801 4990">
     <span class='ocr_line' id='line_1_65' title="bbox 190 4917 1801 4990; baseline -0.001 -11"><span class='ocrx_word' id='word_1_446' title='bbox 190 4926 417 4981; x_wconf 87' lang='lat' dir='ltr'><strong>clarum</strong></span> <span class='ocrx_word' id='word_1_447' title='bbox 462 4919 667 4990; x_wconf 89' lang='lat' dir='ltr'><strong>pectori</strong></span> <span class='ocrx_word' id='word_1_448' title='bbox 714 4919 893 4973; x_wconf 91' lang='lat' dir='ltr'><strong>lumen</strong></span> <span class='ocrx_word' id='word_1_449' title='bbox 950 4917 1269 4973; x_wconf 86' lang='lat' dir='ltr'><strong>infunditur.</strong></span> <span class='ocrx_word' id='word_1_450' title='bbox 1326 4918 1530 4974; x_wconf 90' lang='lat' dir='ltr'><strong>Interea</strong></span> <span class='ocrx_word' id='word_1_451' title='bbox 1583 4936 1717 4974; x_wconf 87' lang='lat' dir='ltr'><strong>unus</strong></span> <span class='ocrx_word' id='word_1_452' title='bbox 1770 4938 1801 4977; x_wconf 89' lang='lat' dir='ltr'><strong>c</strong></span> 
     </span>
    </p>
   </div>
   <div class='ocr_carea' id='block_1_66' title="bbox 190 5011 1795 5084">
    <p class='ocr_par' dir='ltr' id='par_1_66' title="bbox 190 5011 1795 5084">
     <span class='ocr_line' id='line_1_66' title="bbox 190 5011 1795 5084; baseline 0.001 -13"><span class='ocrx_word' id='word_1_453' title='bbox 190 5014 425 5072; x_wconf 81' lang='lat' dir='ltr'><strong>famulis</strong></span> <span class='ocrx_word' id='word_1_454' title='bbox 478 5028 637 5068; x_wconf 88' lang='lat' dir='ltr'><strong>cursu</strong></span> <span class='ocrx_word' id='word_1_455' title='bbox 686 5013 904 5083; x_wconf 64' lang='lat' dir='ltr'><strong>prcpeti</strong></span> <span class='ocrx_word' id='word_1_456' title='bbox 945 5011 1002 5067; x_wconf 83' lang='lat' dir='ltr'><strong>fit</strong></span> <span class='ocrx_word' id='word_1_457' title='bbox 1042 5012 1277 5067; x_wconf 75' lang='lat' dir='ltr'><strong>dontinze</strong></span> <span class='ocrx_word' id='word_1_458' title='bbox 1324 5014 1493 5069; x_wconf 91' lang='lat' dir='ltr'><strong>tristis</strong></span> <span class='ocrx_word' id='word_1_459' title='bbox 1543 5020 1795 5084; x_wconf 86' lang='lat' dir='ltr'><strong>nuntius;</strong></span> 
     </span>
    </p>
   </div>
   <div class='ocr_carea' id='block_1_67' title="bbox 189 5108 1800 5181">
    <p class='ocr_par' dir='ltr' id='par_1_67' title="bbox 189 5108 1800 5181">
     <span class='ocr_line' id='line_1_67' title="bbox 189 5108 1800 5181; baseline 0.002 -17"><span class='ocrx_word' id='word_1_460' title='bbox 189 5125 325 5181; x_wconf 74' lang='lat' dir='ltr'><strong>qua:</strong></span> <span class='ocrx_word' id='word_1_461' title='bbox 360 5110 642 5177; x_wconf 88' lang='lat' dir='ltr'><strong>repentino</strong></span> <span class='ocrx_word' id='word_1_462' title='bbox 682 5108 825 5163; x_wconf 87' lang='lat' dir='ltr'><strong>luctu</strong></span> <span class='ocrx_word' id='word_1_463' title='bbox 865 5109 1129 5177; x_wconf 88' lang='lat' dir='ltr'><strong>perculsa,</strong></span> <span class='ocrx_word' id='word_1_464' title='bbox 1176 5108 1390 5165; x_wconf 86' lang='lat' dir='ltr'><strong>monilia</strong></span> <span class='ocrx_word' id='word_1_465' title='bbox 1426 5113 1670 5181; x_wconf 81' lang='lat' dir='ltr'><strong>pt-ojicit,</strong></span> <span class='ocrx_word' id='word_1_466' title='bbox 1704 5129 1800 5169; x_wconf 88' lang='lat' dir='ltr'><strong>ve-</strong></span> 
     </span>
    </p>
   </div>
   <div class='ocr_carea' id='block_1_68' title="bbox 190 5201 1801 5275">
    <p class='ocr_par' dir='ltr' id='par_1_68' title="bbox 190 5201 1801 5275">
     <span class='ocr_line' id='line_1_68' title="bbox 190 5201 1801 5275; baseline 0.002 -16"><span class='ocrx_word' id='word_1_467' title='bbox 190 5201 460 5259; x_wconf 87' lang='lat' dir='ltr'><strong>stimenta</strong></span> <span class='ocrx_word' id='word_1_468' title='bbox 513 5201 820 5270; x_wconf 87' lang='lat' dir='ltr'><strong>disrumpit,</strong></span> <span class='ocrx_word' id='word_1_469' title='bbox 861 5202 1056 5258; x_wconf 86' lang='lat' dir='ltr'><strong>scindit</strong></span> <span class='ocrx_word' id='word_1_470' title='bbox 1102 5202 1304 5269; x_wconf 83' lang='lat' dir='ltr'><strong>crines,</strong></span> <span class='ocrx_word' id='word_1_471' title='bbox 1354 5220 1625 5275; x_wconf 87' lang='lat' dir='ltr'><strong>genasque</strong></span> <span class='ocrx_word' id='word_1_472' title='bbox 1665 5208 1801 5261; x_wconf 83' lang='lat' dir='ltr'><strong>dila-</strong></span> 
     </span>
    </p>
   </div>
   <div class='ocr_carea' id='block_1_69' title="bbox 189 5294 1801 5368">
    <p class='ocr_par' dir='ltr' id='par_1_69' title="bbox 189 5294 1801 5368">
     <span class='ocr_line' id='line_1_69' title="bbox 189 5294 1801 5368; baseline 0.004 -16"><span class='ocrx_word' id='word_1_473' title='bbox 189 5304 376 5362; x_wconf 86' lang='lat' dir='ltr'><strong>cerat,</strong></span> <span class='ocrx_word' id='word_1_474' title='bbox 424 5294 609 5367; x_wconf 88' lang='lat' dir='ltr'><strong>irrigat</strong></span> <span class='ocrx_word' id='word_1_475' title='bbox 640 5295 853 5351; x_wconf 85' lang='lat' dir='ltr'><strong>ﬂetibus</strong></span> <span class='ocrx_word' id='word_1_476' title='bbox 894 5297 1123 5363; x_wconf 87' lang='lat' dir='ltr'><strong>vultum,</strong></span> <span class='ocrx_word' id='word_1_477' title='bbox 1156 5313 1217 5353; x_wconf 86' lang='lat' dir='ltr'><strong>ac</strong></span> <span class='ocrx_word' id='word_1_478' title='bbox 1279 5309 1434 5354; x_wconf 90' lang='lat' dir='ltr'><strong>tunso</strong></span> <span class='ocrx_word' id='word_1_479' title='bbox 1466 5310 1681 5368; x_wconf 90' lang='lat' dir='ltr'><strong>pectore</strong></span> <span class='ocrx_word' id='word_1_480' title='bbox 1711 5317 1801 5358; x_wconf 87' lang='lat' dir='ltr'><strong>su-</strong></span> 
     </span>
    </p>
   </div>
   <div class='ocr_carea' id='block_1_70' title="bbox 190 5386 1802 5460">
    <p class='ocr_par' dir='ltr' id='par_1_70' title="bbox 190 5386 1802 5460">
     <span class='ocr_line' id='line_1_70' title="bbox 190 5386 1802 5460; baseline 0.002 -14"><span class='ocrx_word' id='word_1_481' title='bbox 190 5391 368 5460; x_wconf 83' lang='lat' dir='ltr'><strong>spiria</strong></span> <span class='ocrx_word' id='word_1_482' title='bbox 398 5403 541 5458; x_wconf 65' lang='lat' dir='ltr'><strong>egra</strong></span> <span class='ocrx_word' id='word_1_483' title='bbox 574 5386 883 5458; x_wconf 89' lang='lat' dir='ltr'><strong>perfundit;</strong></span> <span class='ocrx_word' id='word_1_484' title='bbox 913 5398 966 5443; x_wconf 90' lang='lat' dir='ltr'><strong>et</strong></span> <span class='ocrx_word' id='word_1_485' title='bbox 998 5404 1141 5444; x_wconf 91' lang='lat' dir='ltr'><strong>nunc</strong></span> <span class='ocrx_word' id='word_1_486' title='bbox 1188 5389 1522 5446; x_wconf 89' lang='lat' dir='ltr'><strong>confractum</strong></span> <span class='ocrx_word' id='word_1_487' title='bbox 1552 5392 1802 5449; x_wconf 84' lang='lat' dir='ltr'><strong>mixtum-</strong></span> 
     </span>
    </p>
   </div>
   <div class='ocr_carea' id='block_1_71' title="bbox 190 5479 1800 5557">
    <p class='ocr_par' dir='ltr' id='par_1_71' title="bbox 190 5479 1800 5557">
     <span class='ocr_line' id='line_1_71' title="bbox 190 5479 1800 5557; baseline 0.006 -22"><span class='ocrx_word' id='word_1_488' title='bbox 190 5497 308 5554; x_wconf 87' lang='lat' dir='ltr'><strong>que</strong></span> <span class='ocrx_word' id='word_1_489' title='bbox 340 5480 553 5551; x_wconf 85' lang='lat' dir='ltr'><strong>pulveri</strong></span> <span class='ocrx_word' id='word_1_490' title='bbox 600 5479 877 5535; x_wconf 90' lang='lat' dir='ltr'><strong>domiuum</strong></span> <span class='ocrx_word' id='word_1_491' title='bbox 934 5496 1113 5549; x_wconf 90' lang='lat' dir='ltr'><strong>suum,</strong></span> <span class='ocrx_word' id='word_1_492' title='bbox 1147 5498 1291 5539; x_wconf 87' lang='lat' dir='ltr'><strong>nunc</strong></span> <span class='ocrx_word' id='word_1_493' title='bbox 1339 5486 1596 5541; x_wconf 88' lang='lat' dir='ltr'><strong>amissum</strong></span> <span class='ocrx_word' id='word_1_494' title='bbox 1647 5489 1800 5557; x_wconf 89' lang='lat' dir='ltr'><strong>quasi</strong></span> 
     </span>
    </p>
   </div>
   <div class='ocr_carea' id='block_1_72' title="bbox 272 5616 1803 5691">
    <p class='ocr_par' dir='ltr' id='par_1_72' title="bbox 272 5616 1803 5691">
     <span class='ocr_line' id='line_1_72' title="bbox 272 5616 1803 5691; baseline 0.006 -19"><span class='ocrx_word' id='word_1_495' title='bbox 272 5626 297 5654; x_wconf 74' lang='grc'><strong>⁸</strong></span> <span class='ocrx_word' id='word_1_496' title='bbox 328 5618 474 5673; x_wconf 89' lang='lat' dir='ltr'><strong>Idem</strong></span> <span class='ocrx_word' id='word_1_497' title='bbox 512 5634 523 5669; x_wconf 91' lang='lat'><strong>:</strong></span> <span class='ocrx_word' id='word_1_498' title='bbox 555 5626 664 5670; x_wconf 88' lang='lat' dir='ltr'><strong>erat</strong></span> <span class='ocrx_word' id='word_1_499' title='bbox 716 5616 769 5669; x_wconf 87' lang='lat' dir='ltr'><strong>in</strong></span> <span class='ocrx_word' id='word_1_500' title='bbox 817 5617 997 5691; x_wconf 76' lang='lat' dir='ltr'><strong>foro...</strong></span> <span class='ocrx_word' id='word_1_501' title='bbox 1033 5620 1151 5688; x_wconf 84' lang='lat' dir='ltr'><strong>quia</strong></span> <span class='ocrx_word' id='word_1_502' title='bbox 1187 5624 1303 5691; x_wconf 86' lang='lat' dir='ltr'><strong>jam</strong></span> <span class='ocrx_word' id='word_1_503' title='bbox 1338 5632 1529 5676; x_wconf 73' lang='lat' dir='ltr'><strong>retenna</strong></span> <span class='ocrx_word' id='word_1_504' title='bbox 1579 5640 1803 5691; x_wconf 72' lang='lat' dir='ltr'><strong>prwsen-</strong></span> 
     </span>
    </p>
   </div>
   <div class='ocr_carea' id='block_1_73' title="bbox 194 5642 1797 5763">
    <p class='ocr_par' dir='ltr' id='par_1_73' title="bbox 194 5642 1797 5763">
     <span class='ocr_line' id='line_1_73' title="bbox 272 5642 1797 5691; baseline 0.005 -19"><span class='ocrx_word' id='word_1_505' title='bbox 272 5642 297 5654; x_wconf 74' lang='lat'><strong>&quot;</strong></span> <span class='ocrx_word' id='word_1_506' title='bbox 328 5642 474 5673; x_wconf 72' lang='lat' dir='ltr'><strong>luem</strong></span> <span class='ocrx_word' id='word_1_507' title='bbox 512 5642 523 5669; x_wconf 82' lang='lat'>;</span> <span class='ocrx_word' id='word_1_508' title='bbox 555 5642 663 5670; x_wconf 77' lang='lat' dir='ltr'><strong>erat</strong></span> <span class='ocrx_word' id='word_1_509' title='bbox 716 5642 769 5669; x_wconf 83' lang='grc' dir='ltr'><strong>ιιι</strong></span> <span class='ocrx_word' id='word_1_510' title='bbox 817 5642 997 5688; x_wconf 61' lang='lat' dir='ltr'><strong>lora...</strong></span> <span class='ocrx_word' id='word_1_511' title='bbox 1033 5642 1151 5688; x_wconf 82' lang='lat' dir='ltr'><strong>qum</strong></span> <span class='ocrx_word' id='word_1_512' title='bbox 1221 5642 1303 5674; x_wconf 85' lang='lat' dir='ltr'><strong>(tm</strong></span> <span class='ocrx_word' id='word_1_513' title='bbox 1338 5642 1529 5676; x_wconf 73' lang='lat' dir='ltr'><strong>menta</strong></span> <span class='ocrx_word' id='word_1_514' title='bbox 1579 5642 1797 5691; x_wconf 73' lang='lat' dir='ltr'><strong>prwsen-</strong></span> 
     </span>
     <span class='ocr_line' id='line_1_74' title="bbox 194 5642 1797 5763; baseline 0.002 -20"><span class='ocrx_word' id='word_1_515' title='bbox 194 5691 329 5745; x_wconf 82' lang='lat' dir='ltr'><strong>tium</strong></span> <span class='ocrx_word' id='word_1_516' title='bbox 358 5706 571 5763; x_wconf 66' lang='lat' dir='ltr'><strong>rerum,</strong></span> <span class='ocrx_word' id='word_1_517' title='bbox 599 5697 765 5763; x_wconf 85' lang='lat' dir='ltr'><strong>_etc.;</strong></span> <span class='ocrx_word' id='word_1_518' title='bbox 817 5690 959 5757; x_wconf 90' lang='lat' dir='ltr'><strong>quod</strong></span> <span class='ocrx_word' id='word_1_519' title='bbox 1006 5642 1364 5746; x_wconf 49' lang='lat' dir='ltr'><strong>tenentium...</strong></span> <span class='ocrx_word' id='word_1_520' title='bbox 1412 5691 1593 5762; x_wconf 83' lang='lat' dir='ltr'><strong>Itaque</strong></span> <span class='ocrx_word' id='word_1_521' title='bbox 1640 5698 1797 5763; x_wconf 79' lang='lat' dir='ltr'><strong>plebs,</strong></span> 
     </span>
    </p>
   </div>
   <div class='ocr_carea' id='block_1_74' title="bbox 191 5759 1801 5849">
    <p class='ocr_par' dir='ltr' id='par_1_74' title="bbox 191 5759 1801 5849">
     <span class='ocr_line' id='line_1_75' title="bbox 191 5759 1801 5849; baseline 0.004 -33"><span class='ocrx_word' id='word_1_522' title='bbox 191 5764 361 5816; x_wconf 59' lang='lat' dir='ltr'><strong>misso</strong></span> <span class='ocrx_word' id='word_1_523' title='bbox 393 5762 448 5813; x_wconf 86' lang='lat' dir='ltr'><strong>in</strong></span> <span class='ocrx_word' id='word_1_524' title='bbox 478 5759 773 5849; x_wconf 52' lang='grc' dir='ltr'><strong>Πηιζιρηεηι</strong></span> <span class='ocrx_word' id='word_1_525' title='bbox 800 5763 1001 5849; x_wconf 58' lang='grc' dir='ltr'><strong>ημηιξο,</strong></span> <span class='ocrx_word' id='word_1_526' title='bbox 1046 5764 1247 5817; x_wconf 83' lang='lat' dir='ltr'><strong>cuidam</strong></span> <span class='ocrx_word' id='word_1_527' title='bbox 1276 5765 1431 5849; x_wconf 70' lang='lat' dir='ltr'><strong>refert</strong></span> <span class='ocrx_word' id='word_1_528' title='bbox 1464 5759 1582 5834; x_wconf 80' lang='lat' dir='ltr'><strong>quia</strong></span> <span class='ocrx_word' id='word_1_529' title='bbox 1613 5759 1718 5821; x_wconf 76' lang='lat' dir='ltr'><strong>erat</strong></span> <span class='ocrx_word' id='word_1_530' title='bbox 1745 5759 1801 5823; x_wconf 83' lang='lat' dir='ltr'><strong>eo</strong></span> 
     </span>
    </p>
   </div>
   <div class='ocr_carea' id='block_1_75' title="bbox 194 5832 1803 5903">
    <p class='ocr_par' dir='ltr' id='par_1_75' title="bbox 194 5832 1803 5903">
     <span class='ocr_line' id='line_1_76' title="bbox 194 5832 1803 5903; baseline 0.006 -23"><span class='ocrx_word' id='word_1_531' title='bbox 194 5842 433 5903; x_wconf 73' lang='grc' dir='ltr'><strong>ιειιιρονρ</strong></span> <span class='ocrx_word' id='word_1_532' title='bbox 463 5834 719 5885; x_wconf 82' lang='lat' dir='ltr'><strong>natalium</strong></span> <span class='ocrx_word' id='word_1_533' title='bbox 764 5832 1058 5901; x_wconf 83' lang='lat' dir='ltr'><strong>splendore,</strong></span> <span class='ocrx_word' id='word_1_534' title='bbox 1108 5844 1266 5889; x_wconf 86' lang='lat' dir='ltr'><strong>etc...</strong></span> <span class='ocrx_word' id='word_1_535' title='bbox 1301 5832 1567 5890; x_wconf 77' lang='lat' dir='ltr'><strong>Contra/tit</strong></span> <span class='ocrx_word' id='word_1_536' title='bbox 1590 5839 1668 5890; x_wconf 80' lang='lat' dir='ltr'><strong>liii:</strong></span> <span class='ocrx_word' id='word_1_537' title='bbox 1698 5857 1803 5892; x_wconf 84' lang='lat' dir='ltr'><strong>scr-</strong></span> 
     </span>
    </p>
   </div>
   <div class='ocr_carea' id='block_1_76' title="bbox 194 5904 1802 5979">
    <p class='ocr_par' dir='ltr' id='par_1_76' title="bbox 194 5904 1802 5979">
     <span class='ocr_line' id='line_1_77' title="bbox 194 5904 1802 5979; baseline 0.004 -20"><span class='ocrx_word' id='word_1_538' title='bbox 194 5904 657 5979; x_wconf 70' lang='lat' dir='ltr'><strong>torunt__au_a:rlia,</strong></span> <span class='ocrx_word' id='word_1_539' title='bbox 710 5904 829 5956; x_wconf 80' lang='lat' dir='ltr'><strong>sede</strong></span> <span class='ocrx_word' id='word_1_540' title='bbox 856 5905 1085 5979; x_wconf 69' lang='lat' dir='ltr'><strong>inrectus</strong></span> <span class='ocrx_word' id='word_1_541' title='bbox 1116 5907 1333 5969; x_wconf 87' lang='lat' dir='ltr'><strong>curruli,</strong></span> <span class='ocrx_word' id='word_1_542' title='bbox 1369 5908 1541 5962; x_wconf 85' lang='lat' dir='ltr'><strong>urbem</strong></span> <span class='ocrx_word' id='word_1_543' title='bbox 1572 5912 1802 5979; x_wconf 78' lang='lat' dir='ltr'><strong>protinus</strong></span> 
     </span>
    </p>
   </div>
   <div class='ocr_carea' id='block_1_77' title="bbox 202 5974 1801 6050">
    <p class='ocr_par' dir='ltr' id='par_1_77' title="bbox 202 5974 1801 6050">
     <span class='ocr_line' id='line_1_78' title="bbox 202 5974 1801 6050; baseline 0.004 -19"><span class='ocrx_word' id='word_1_544' title='bbox 202 5978 349 6049; x_wconf 75' lang='lat' dir='ltr'><strong>petit.</strong></span> <span class='ocrx_word' id='word_1_545' title='bbox 387 5974 455 6030; x_wconf 82' lang='lat' dir='ltr'><strong>Et</strong></span> <span class='ocrx_word' id='word_1_546' title='bbox 478 5977 602 6047; x_wconf 88' lang='lat' dir='ltr'><strong>jam</strong></span> <span class='ocrx_word' id='word_1_547' title='bbox 632 5989 867 6029; x_wconf 73' lang='lat' dir='ltr'><strong>emensus</strong></span> <span class='ocrx_word' id='word_1_548' title='bbox 893 5977 993 6031; x_wconf 85' lang='lat' dir='ltr'><strong>iter</strong></span> <span class='ocrx_word' id='word_1_549' title='bbox 1035 5977 1157 6049; x_wconf 86' lang='lat' dir='ltr'><strong>diei,</strong></span> <span class='ocrx_word' id='word_1_550' title='bbox 1185 5981 1474 6050; x_wconf 80' lang='lat' dir='ltr'><strong>fremens...</strong></span> <span class='ocrx_word' id='word_1_551' title='bbox 1506 5974 1698 6037; x_wconf 67' lang='lat' dir='ltr'><strong>htcscre</strong></span> <span class='ocrx_word' id='word_1_552' title='bbox 1727 5986 1801 6037; x_wconf 87' lang='lat' dir='ltr'><strong>bi-</strong></span> 
     </span>
    </p>
   </div>
   <div class='ocr_carea' id='block_1_78' title="bbox 1891 2056 3479 2126">
    <p class='ocr_par' dir='ltr' id='par_1_78' title="bbox 1891 2056 3479 2126">
     <span class='ocr_line' id='line_1_79' title="bbox 1891 2056 3479 2126; baseline 0.002 -17"><span class='ocrx_word' id='word_1_553' title='bbox 1891 2066 2155 2111; x_wconf 88' lang='lat' dir='ltr'><strong>vetustate</strong></span> <span class='ocrx_word' id='word_1_554' title='bbox 2187 2072 2484 2124; x_wconf 89' lang='lat' dir='ltr'><strong>pannorum</strong></span> <span class='ocrx_word' id='word_1_555' title='bbox 2536 2073 2798 2126; x_wconf 89' lang='lat' dir='ltr'><strong>pauperes</strong></span> <span class='ocrx_word' id='word_1_556' title='bbox 2845 2072 2906 2112; x_wconf 85' lang='lat' dir='ltr'><strong>se</strong></span> <span class='ocrx_word' id='word_1_557' title='bbox 2952 2072 3075 2113; x_wconf 88' lang='lat' dir='ltr'><strong>esse</strong></span> <span class='ocrx_word' id='word_1_558' title='bbox 3121 2056 3479 2112; x_wconf 80' lang='lat' dir='ltr'><strong>mentiuntur.</strong></span> 
     </span>
    </p>
   </div>
   <div class='ocr_carea' id='block_1_79' title="bbox 1893 2148 3482 2213">
    <p class='ocr_par' dir='ltr' id='par_1_79' title="bbox 1893 2148 3482 2213">
     <span class='ocr_line' id='line_1_80' title="bbox 1893 2148 3482 2213; baseline 0.001 -10"><span class='ocrx_word' id='word_1_559' title='bbox 1893 2149 2227 2203; x_wconf 89' lang='lat' dir='ltr'><strong>&#39;I‘ribnuutur</strong></span> <span class='ocrx_word' id='word_1_560' title='bbox 2248 2148 2336 2203; x_wconf 88' lang='lat' dir='ltr'><strong>eis</strong></span> <span class='ocrx_word' id='word_1_561' title='bbox 2369 2152 2677 2205; x_wconf 88' lang='lat' dir='ltr'><strong>necessaria</strong></span> <span class='ocrx_word' id='word_1_562' title='bbox 2710 2151 2891 2213; x_wconf 83' lang='lat' dir='ltr'><strong>victui,</strong></span> <span class='ocrx_word' id='word_1_563' title='bbox 2942 2161 2996 2204; x_wconf 89' lang='lat' dir='ltr'><strong>et</strong></span> <span class='ocrx_word' id='word_1_564' title='bbox 3026 2152 3287 2205; x_wconf 78' lang='lat' dir='ltr'><strong>simulata:</strong></span> <span class='ocrx_word' id='word_1_565' title='bbox 3319 2150 3482 2205; x_wconf 87' lang='lat' dir='ltr'><strong>mise-</strong></span> 
     </span>
    </p>
   </div>
   <div class='ocr_carea' id='block_1_80' title="bbox 1890 2241 3483 2312">
    <p class='ocr_par' dir='ltr' id='par_1_80' title="bbox 1890 2241 3483 2312">
     <span class='ocr_line' id='line_1_81' title="bbox 1890 2241 3483 2312; baseline 0 -15"><span class='ocrx_word' id='word_1_566' title='bbox 1890 2243 1984 2297; x_wconf 68' lang='lat' dir='ltr'><strong>rim</strong></span> <span class='ocrx_word' id='word_1_567' title='bbox 2019 2243 2361 2296; x_wconf 88' lang='lat' dir='ltr'><strong>miseratione</strong></span> <span class='ocrx_word' id='word_1_568' title='bbox 2394 2242 2628 2309; x_wconf 86' lang='lat' dir='ltr'><strong>piissitua</strong></span> <span class='ocrx_word' id='word_1_569' title='bbox 2666 2242 3008 2296; x_wconf 88' lang='lat' dir='ltr'><strong>subvenitur.</strong></span> <span class='ocrx_word' id='word_1_570' title='bbox 3039 2242 3246 2297; x_wconf 88' lang='lat' dir='ltr'><strong>Dellent</strong></span> <span class='ocrx_word' id='word_1_571' title='bbox 3299 2241 3483 2312; x_wconf 83' lang='lat' dir='ltr'><strong>itaque</strong></span> 
     </span>
    </p>
   </div>
   <div class='ocr_carea' id='block_1_81' title="bbox 1891 2333 3483 2403">
    <p class='ocr_par' dir='ltr' id='par_1_81' title="bbox 1891 2333 3483 2403">
     <span class='ocr_line' id='line_1_82' title="bbox 1891 2333 3483 2403; baseline 0.001 -16"><span class='ocrx_word' id='word_1_572' title='bbox 1891 2336 1997 2387; x_wconf 77' lang='lat' dir='ltr'><strong>vim</strong></span> <span class='ocrx_word' id='word_1_573' title='bbox 2053 2350 2172 2389; x_wconf 89' lang='lat' dir='ltr'><strong>sese</strong></span> <span class='ocrx_word' id='word_1_574' title='bbox 2224 2335 2438 2403; x_wconf 82' lang='lat' dir='ltr'><strong>frigoris</strong></span> <span class='ocrx_word' id='word_1_575' title='bbox 2487 2333 2628 2389; x_wconf 74' lang='lat' dir='ltr'><strong>ferre</strong></span> <span class='ocrx_word' id='word_1_576' title='bbox 2682 2351 2788 2389; x_wconf 90' lang='lat' dir='ltr'><strong>non</strong></span> <span class='ocrx_word' id='word_1_577' title='bbox 2841 2349 3029 2403; x_wconf 88' lang='lat' dir='ltr'><strong>posse;</strong></span> <span class='ocrx_word' id='word_1_578' title='bbox 3093 2335 3302 2390; x_wconf 88' lang='lat' dir='ltr'><strong>tandem</strong></span> <span class='ocrx_word' id='word_1_579' title='bbox 3344 2336 3483 2389; x_wconf 83' lang='lat' dir='ltr'><strong>intra</strong></span> 
     </span>
    </p>
   </div>
   <div class='ocr_carea' id='block_1_82' title="bbox 1890 2426 3482 2495">
    <p class='ocr_par' dir='ltr' id='par_1_82' title="bbox 1890 2426 3482 2495">
     <span class='ocr_line' id='line_1_83' title="bbox 1890 2426 3482 2495; baseline 0.002 -16"><span class='ocrx_word' id='word_1_580' title='bbox 1890 2434 2040 2494; x_wconf 76' lang='lat' dir='ltr'><strong>Septa</strong></span> <span class='ocrx_word' id='word_1_581' title='bbox 2099 2427 2431 2495; x_wconf 90' lang='lat' dir='ltr'><strong>recipiuntur</strong></span> <span class='ocrx_word' id='word_1_582' title='bbox 2497 2427 2739 2481; x_wconf 73' lang='lat' dir='ltr'><strong>ecclesize</strong></span> <span class='ocrx_word' id='word_1_583' title='bbox 2770 2443 2784 2480; x_wconf 89' lang='lat'><strong>:</strong></span> <span class='ocrx_word' id='word_1_584' title='bbox 2816 2428 3012 2495; x_wconf 84' lang='lat' dir='ltr'><strong>vixque</strong></span> <span class='ocrx_word' id='word_1_585' title='bbox 3061 2426 3223 2481; x_wconf 92' lang='lat' dir='ltr'><strong>corda</strong></span> <span class='ocrx_word' id='word_1_586' title='bbox 3279 2438 3482 2482; x_wconf 87' lang='lat' dir='ltr'><strong>morta-</strong></span> 
     </span>
    </p>
   </div>
   <div class='ocr_carea' id='block_1_83' title="bbox 1895 2516 3477 2586">
    <p class='ocr_par' dir='ltr' id='par_1_83' title="bbox 1895 2516 3477 2586">
     <span class='ocr_line' id='line_1_84' title="bbox 1895 2516 3477 2586; baseline 0 -16"><span class='ocrx_word' id='word_1_587' title='bbox 1895 2516 2023 2571; x_wconf 90' lang='lat' dir='ltr'><strong>lium</strong></span> <span class='ocrx_word' id='word_1_588' title='bbox 2057 2517 2206 2586; x_wconf 88' lang='lat' dir='ltr'><strong>quies</strong></span> <span class='ocrx_word' id='word_1_589' title='bbox 2241 2518 2426 2583; x_wconf 81' lang='lat' dir='ltr'><strong>prima,</strong></span> <span class='ocrx_word' id='word_1_590' title='bbox 2460 2527 2607 2585; x_wconf 88' lang='lat' dir='ltr'><strong>grata</strong></span> <span class='ocrx_word' id='word_1_591' title='bbox 2638 2532 2885 2570; x_wconf 89' lang='lat' dir='ltr'><strong>curarum</strong></span> <span class='ocrx_word' id='word_1_592' title='bbox 2919 2516 3211 2579; x_wconf 85' lang='lat' dir='ltr'><strong>oblivione,</strong></span> <span class='ocrx_word' id='word_1_593' title='bbox 3257 2518 3477 2570; x_wconf 84' lang='lat' dir='ltr'><strong>laxave-</strong></span> 
     </span>
    </p>
   </div>
   <div class='ocr_carea' id='block_1_84' title="bbox 1894 2610 3484 2681">
    <p class='ocr_par' dir='ltr' id='par_1_84' title="bbox 1894 2610 3484 2681">
     <span class='ocr_line' id='line_1_85' title="bbox 1894 2610 3484 2681; baseline -0.003 -12"><span class='ocrx_word' id='word_1_594' title='bbox 1894 2626 1998 2677; x_wconf 91' lang='lat' dir='ltr'><strong>rat,</strong></span> <span class='ocrx_word' id='word_1_595' title='bbox 2024 2630 2145 2667; x_wconf 90' lang='lat' dir='ltr'><strong>eum</strong></span> <span class='ocrx_word' id='word_1_596' title='bbox 2196 2612 2267 2667; x_wconf 91' lang='lat' dir='ltr'><strong>illi</strong></span> <span class='ocrx_word' id='word_1_597' title='bbox 2315 2613 2604 2666; x_wconf 89' lang='lat' dir='ltr'><strong>admittunt</strong></span> <span class='ocrx_word' id='word_1_598' title='bbox 2637 2612 3004 2675; x_wconf 84' lang='lat' dir='ltr'><strong>latrocinium,</strong></span> <span class='ocrx_word' id='word_1_599' title='bbox 3050 2620 3102 2665; x_wconf 90' lang='lat' dir='ltr'><strong>et</strong></span> <span class='ocrx_word' id='word_1_600' title='bbox 3133 2625 3283 2665; x_wconf 88' lang='lat' dir='ltr'><strong>sacra</strong></span> <span class='ocrx_word' id='word_1_601' title='bbox 3325 2610 3484 2681; x_wconf 85' lang='lat' dir='ltr'><strong>(prob</strong></span> 
     </span>
    </p>
   </div>
   <div class='ocr_carea' id='block_1_85' title="bbox 1894 2698 3488 2772">
    <p class='ocr_par' dir='ltr' id='par_1_85' title="bbox 1894 2698 3488 2772">
     <span class='ocr_line' id='line_1_86' title="bbox 1894 2698 3488 2772; baseline -0.004 -13"><span class='ocrx_word' id='word_1_602' title='bbox 1894 2706 2102 2772; x_wconf 71' lang='lat' dir='ltr'><strong>nel&#39;asl,</strong></span> <span class='ocrx_word' id='word_1_603' title='bbox 2155 2702 2374 2771; x_wconf 90' lang='lat' dir='ltr'><strong>pollutis</strong></span> <span class='ocrx_word' id='word_1_604' title='bbox 2421 2703 2668 2755; x_wconf 90' lang='lat' dir='ltr'><strong>manibus</strong></span> <span class='ocrx_word' id='word_1_605' title='bbox 2712 2701 2870 2769; x_wconf 90' lang='lat' dir='ltr'><strong>pallia</strong></span> <span class='ocrx_word' id='word_1_606' title='bbox 2923 2700 3155 2766; x_wconf 85' lang='lat' dir='ltr'><strong>adeunt,</strong></span> <span class='ocrx_word' id='word_1_607' title='bbox 3194 2699 3308 2753; x_wconf 85' lang='lat' dir='ltr'><strong>vela</strong></span> <span class='ocrx_word' id='word_1_608' title='bbox 3352 2698 3488 2768; x_wconf 88' lang='lat' dir='ltr'><strong>deji-</strong></span> 
     </span>
    </p>
   </div>
   <div class='ocr_carea' id='block_1_86' title="bbox 1892 2792 3475 2867">
    <p class='ocr_par' dir='ltr' id='par_1_86' title="bbox 1892 2792 3475 2867">
     <span class='ocr_line' id='line_1_87' title="bbox 1892 2792 3475 2867; baseline -0.006 -13"><span class='ocrx_word' id='word_1_609' title='bbox 1892 2802 2084 2864; x_wconf 91' lang='lat' dir='ltr'><strong>ciunt,</strong></span> <span class='ocrx_word' id='word_1_610' title='bbox 2141 2798 2499 2867; x_wconf 74' lang='lat' dir='ltr'><strong>reseratisque</strong></span> <span class='ocrx_word' id='word_1_611' title='bbox 2541 2796 2721 2864; x_wconf 88' lang='lat' dir='ltr'><strong>januis</strong></span> <span class='ocrx_word' id='word_1_612' title='bbox 2764 2796 2930 2863; x_wconf 79' lang='lat' dir='ltr'><strong>gradu</strong></span> <span class='ocrx_word' id='word_1_613' title='bbox 2977 2794 3210 2857; x_wconf 86' lang='lat' dir='ltr'><strong>concito,</strong></span> <span class='ocrx_word' id='word_1_614' title='bbox 3272 2792 3475 2860; x_wconf 79' lang='lat' dir='ltr'><strong>fugam,</strong></span> 
     </span>
    </p>
   </div>
   <div class='ocr_carea' id='block_1_87' title="bbox 1894 2887 3485 2958">
    <p class='ocr_par' dir='ltr' id='par_1_87' title="bbox 1894 2887 3485 2958">
     <span class='ocr_line' id='line_1_88' title="bbox 1894 2887 3485 2958; baseline -0.004 -11"><span class='ocrx_word' id='word_1_615' title='bbox 1894 2894 2117 2947; x_wconf 88' lang='lat' dir='ltr'><strong>crimine</strong></span> <span class='ocrx_word' id='word_1_616' title='bbox 2159 2891 2492 2955; x_wconf 89' lang='lat' dir='ltr'><strong>stimulante,</strong></span> <span class='ocrx_word' id='word_1_617' title='bbox 2536 2888 2800 2958; x_wconf 89' lang='lat' dir='ltr'><strong>arripiunt</strong></span> <span class='ocrx_word' id='word_1_618' title='bbox 2834 2906 2845 2942; x_wconf 92' lang='lat'>:</span> <span class='ocrx_word' id='word_1_619' title='bbox 2880 2889 2968 2955; x_wconf 90' lang='lat' dir='ltr'><strong>qui</strong></span> <span class='ocrx_word' id='word_1_620' title='bbox 3016 2888 3087 2941; x_wconf 90' lang='lat' dir='ltr'><strong>ita</strong></span> <span class='ocrx_word' id='word_1_621' title='bbox 3126 2888 3289 2956; x_wconf 81' lang='lat' dir='ltr'><strong>digno</strong></span> <span class='ocrx_word' id='word_1_622' title='bbox 3328 2887 3485 2941; x_wconf 64' lang='lat' dir='ltr'><strong>caeci-</strong></span> 
     </span>
    </p>
   </div>
   <div class='ocr_carea' id='block_1_88' title="bbox 1897 2978 3487 3051">
    <p class='ocr_par' dir='ltr' id='par_1_88' title="bbox 1897 2978 3487 3051">
     <span class='ocr_line' id='line_1_89' title="bbox 1897 2978 3487 3051; baseline -0.003 -14"><span class='ocrx_word' id='word_1_623' title='bbox 1897 2985 2022 3038; x_wconf 88' lang='lat' dir='ltr'><strong>tatis</strong></span> <span class='ocrx_word' id='word_1_624' title='bbox 2051 2984 2319 3051; x_wconf 90' lang='lat' dir='ltr'><strong>supplicio</strong></span> <span class='ocrx_word' id='word_1_625' title='bbox 2364 2981 2649 3043; x_wconf 86' lang='lat' dir='ltr'><strong>feriuntur,</strong></span> <span class='ocrx_word' id='word_1_626' title='bbox 2684 2990 2742 3033; x_wconf 89' lang='lat' dir='ltr'><strong>ut</strong></span> <span class='ocrx_word' id='word_1_627' title='bbox 2785 2978 2971 3034; x_wconf 81' lang='lat' dir='ltr'><strong>nefarii</strong></span> <span class='ocrx_word' id='word_1_628' title='bbox 3012 2979 3186 3043; x_wconf 92' lang='lat' dir='ltr'><strong>oculi,</strong></span> <span class='ocrx_word' id='word_1_629' title='bbox 3220 2981 3308 3047; x_wconf 90' lang='lat' dir='ltr'><strong>qui</strong></span> <span class='ocrx_word' id='word_1_630' title='bbox 3345 2979 3487 3033; x_wconf 89' lang='lat' dir='ltr'><strong>indi-</strong></span> 
     </span>
    </p>
   </div>
   <div class='ocr_carea' id='block_1_89' title="bbox 1895 3072 3482 3142">
    <p class='ocr_par' dir='ltr' id='par_1_89' title="bbox 1895 3072 3482 3142">
     <span class='ocr_line' id='line_1_90' title="bbox 1895 3072 3482 3142; baseline -0.003 -10"><span class='ocrx_word' id='word_1_631' title='bbox 1895 3093 1985 3132; x_wconf 86' lang='lat' dir='ltr'><strong>ces</strong></span> <span class='ocrx_word' id='word_1_632' title='bbox 2009 3076 2296 3131; x_wconf 85' lang='lat' dir='ltr'><strong>criminum</strong></span> <span class='ocrx_word' id='word_1_633' title='bbox 2332 3076 2565 3135; x_wconf 86' lang='lat' dir='ltr'><strong>fuerant,</strong></span> <span class='ocrx_word' id='word_1_634' title='bbox 2598 3072 2764 3128; x_wconf 90' lang='lat' dir='ltr'><strong>duces</strong></span> <span class='ocrx_word' id='word_1_635' title='bbox 2789 3088 2909 3127; x_wconf 90' lang='lat' dir='ltr'><strong>esse</strong></span> <span class='ocrx_word' id='word_1_636' title='bbox 2935 3074 3068 3142; x_wconf 75' lang='lat' dir='ltr'><strong>fngze</strong></span> <span class='ocrx_word' id='word_1_637' title='bbox 3101 3088 3205 3131; x_wconf 91' lang='lat' dir='ltr'><strong>non</strong></span> <span class='ocrx_word' id='word_1_638' title='bbox 3238 3082 3482 3141; x_wconf 81' lang='lat' dir='ltr'><strong>possent.</strong></span> 
     </span>
    </p>
   </div>
   <div class='ocr_carea' id='block_1_90' title="bbox 1898 3165 3486 3236">
    <p class='ocr_par' dir='ltr' id='par_1_90' title="bbox 1898 3165 3486 3236">
     <span class='ocr_line' id='line_1_91' title="bbox 1898 3165 3486 3236; baseline -0.004 -12"><span class='ocrx_word' id='word_1_639' title='bbox 1898 3170 2011 3225; x_wconf 92' lang='lat' dir='ltr'><strong>Iluc</strong></span> <span class='ocrx_word' id='word_1_640' title='bbox 2044 3171 2219 3236; x_wconf 89' lang='lat' dir='ltr'><strong>itaque</strong></span> <span class='ocrx_word' id='word_1_641' title='bbox 2250 3178 2301 3221; x_wconf 93' lang='lat' dir='ltr'><strong>et</strong></span> <span class='ocrx_word' id='word_1_642' title='bbox 2326 3167 2454 3219; x_wconf 91' lang='lat' dir='ltr'><strong>illuc</strong></span> <span class='ocrx_word' id='word_1_643' title='bbox 2485 3166 2719 3219; x_wconf 87' lang='lat' dir='ltr'><strong>incertos</strong></span> <span class='ocrx_word' id='word_1_644' title='bbox 2760 3165 3034 3230; x_wconf 87' lang='lat' dir='ltr'><strong>implicant</strong></span> <span class='ocrx_word' id='word_1_645' title='bbox 3064 3166 3246 3228; x_wconf 84' lang='lat' dir='ltr'><strong>orbes,</strong></span> <span class='ocrx_word' id='word_1_646' title='bbox 3301 3174 3355 3219; x_wconf 90' lang='lat' dir='ltr'><strong>et</strong></span> <span class='ocrx_word' id='word_1_647' title='bbox 3388 3178 3486 3217; x_wconf 86' lang='lat' dir='ltr'><strong>va-</strong></span> 
     </span>
    </p>
   </div>
   <div class='ocr_carea' id='block_1_91' title="bbox 1900 3256 3484 3326">
    <p class='ocr_par' dir='ltr' id='par_1_91' title="bbox 1900 3256 3484 3326">
     <span class='ocr_line' id='line_1_92' title="bbox 1900 3256 3484 3326; baseline -0.005 -8"><span class='ocrx_word' id='word_1_648' title='bbox 1900 3280 2001 3319; x_wconf 92' lang='lat' dir='ltr'><strong>cuo</strong></span> <span class='ocrx_word' id='word_1_649' title='bbox 2036 3272 2242 3317; x_wconf 88' lang='lat' dir='ltr'><strong>noctem</strong></span> <span class='ocrx_word' id='word_1_650' title='bbox 2271 3262 2455 3315; x_wconf 87' lang='lat' dir='ltr'><strong>labore</strong></span> <span class='ocrx_word' id='word_1_651' title='bbox 2487 3267 2830 3315; x_wconf 89' lang='lat' dir='ltr'><strong>consumunt.</strong></span> <span class='ocrx_word' id='word_1_652' title='bbox 2862 3258 3124 3312; x_wconf 82' lang='lat' dir='ltr'><strong>Redditur</strong></span> <span class='ocrx_word' id='word_1_653' title='bbox 3156 3258 3314 3313; x_wconf 84' lang='lat' dir='ltr'><strong>terris</strong></span> <span class='ocrx_word' id='word_1_654' title='bbox 3344 3256 3484 3326; x_wconf 89' lang='lat' dir='ltr'><strong>dies,</strong></span> 
     </span>
    </p>
   </div>
   <div class='ocr_carea' id='block_1_92' title="bbox 1899 3351 3487 3421">
    <p class='ocr_par' dir='ltr' id='par_1_92' title="bbox 1899 3351 3487 3421">
     <span class='ocr_line' id='line_1_93' title="bbox 1899 3351 3487 3421; baseline -0.004 -10"><span class='ocrx_word' id='word_1_655' title='bbox 1899 3353 2204 3421; x_wconf 81' lang='lat' dir='ltr'><strong>agnoscitur</strong></span> <span class='ocrx_word' id='word_1_656' title='bbox 2258 3353 2483 3417; x_wconf 77' lang='lat' dir='ltr'><strong>facinus,</strong></span> <span class='ocrx_word' id='word_1_657' title='bbox 2548 3352 2606 3405; x_wconf 90' lang='lat' dir='ltr'><strong>fit</strong></span> <span class='ocrx_word' id='word_1_658' title='bbox 2658 3351 2723 3405; x_wconf 88' lang='lat' dir='ltr'><strong>ad</strong></span> <span class='ocrx_word' id='word_1_659' title='bbox 2776 3351 3115 3405; x_wconf 86' lang='lat' dir='ltr'><strong>sacerdotem</strong></span> <span class='ocrx_word' id='word_1_660' title='bbox 3166 3364 3487 3404; x_wconf 87' lang='lat' dir='ltr'><strong>concursus.</strong></span> 
     </span>
    </p>
   </div>
   <div class='ocr_carea' id='block_1_93' title="bbox 1899 3444 3488 3513">
    <p class='ocr_par' dir='ltr' id='par_1_93' title="bbox 1899 3444 3488 3513">
     <span class='ocr_line' id='line_1_94' title="bbox 1899 3444 3488 3513; baseline -0.005 -10"><span class='ocrx_word' id='word_1_661' title='bbox 1899 3446 2243 3503; x_wconf 81' lang='lat' dir='ltr'><strong>DemonStrat</strong></span> <span class='ocrx_word' id='word_1_662' title='bbox 2288 3447 2473 3499; x_wconf 88' lang='lat' dir='ltr'><strong>beatus</strong></span> <span class='ocrx_word' id='word_1_663' title='bbox 2505 3444 2728 3497; x_wconf 84' lang='lat' dir='ltr'><strong>antistes</strong></span> <span class='ocrx_word' id='word_1_664' title='bbox 2759 3458 2893 3513; x_wconf 60' lang='lat' dir='ltr'><strong>quos</strong></span> <span class='ocrx_word' id='word_1_665' title='bbox 2933 3444 3175 3497; x_wconf 85' lang='lat' dir='ltr'><strong>oratione</strong></span> <span class='ocrx_word' id='word_1_666' title='bbox 3209 3450 3488 3509; x_wconf 89' lang='lat' dir='ltr'><strong>tenuerat,</strong></span> 
     </span>
    </p>
   </div>
   <div class='ocr_carea' id='block_1_94' title="bbox 1898 3538 3493 3611">
    <p class='ocr_par' dir='ltr' id='par_1_94' title="bbox 1898 3538 3493 3611">
     <span class='ocr_line' id='line_1_95' title="bbox 1898 3538 3493 3611; baseline -0.003 -14"><span class='ocrx_word' id='word_1_667' title='bbox 1898 3545 2079 3611; x_wconf 88' lang='lat' dir='ltr'><strong>aitque</strong></span> <span class='ocrx_word' id='word_1_668' title='bbox 2112 3550 2361 3596; x_wconf 87' lang='lat' dir='ltr'><strong>auctores</strong></span> <span class='ocrx_word' id='word_1_669' title='bbox 2390 3539 2631 3596; x_wconf 90' lang='lat' dir='ltr'><strong>criminis</strong></span> <span class='ocrx_word' id='word_1_670' title='bbox 2660 3555 2823 3610; x_wconf 89' lang='lat' dir='ltr'><strong>prope</strong></span> <span class='ocrx_word' id='word_1_671' title='bbox 2852 3549 3069 3610; x_wconf 90' lang='lat' dir='ltr'><strong>pontem</strong></span> <span class='ocrx_word' id='word_1_672' title='bbox 3091 3540 3179 3607; x_wconf 91' lang='lat' dir='ltr'><strong>qui</strong></span> <span class='ocrx_word' id='word_1_673' title='bbox 3210 3538 3493 3608; x_wconf 79' lang='lat' dir='ltr'><strong>proximus</strong></span> 
     </span>
    </p>
   </div>
   <div class='ocr_carea' id='block_1_95' title="bbox 1898 3628 3490 3701">
    <p class='ocr_par' dir='ltr' id='par_1_95' title="bbox 1898 3628 3490 3701">
     <span class='ocr_line' id='line_1_96' title="bbox 1898 3628 3490 3701; baseline -0.003 -13"><span class='ocrx_word' id='word_1_674' title='bbox 1898 3636 2017 3689; x_wconf 90' lang='lat' dir='ltr'><strong>urbi</strong></span> <span class='ocrx_word' id='word_1_675' title='bbox 2056 3643 2133 3688; x_wconf 85' lang='lat' dir='ltr'><strong>est</strong></span> <span class='ocrx_word' id='word_1_676' title='bbox 2180 3635 2422 3688; x_wconf 84' lang='lat' dir='ltr'><strong>caecitate</strong></span> <span class='ocrx_word' id='word_1_677' title='bbox 2460 3645 2584 3688; x_wconf 90' lang='lat' dir='ltr'><strong>esse</strong></span> <span class='ocrx_word' id='word_1_678' title='bbox 2624 3644 2940 3701; x_wconf 87' lang='lat' dir='ltr'><strong>percussos,</strong></span> <span class='ocrx_word' id='word_1_679' title='bbox 2996 3638 3052 3684; x_wconf 90' lang='lat' dir='ltr'><strong>et</strong></span> <span class='ocrx_word' id='word_1_680' title='bbox 3098 3642 3269 3684; x_wconf 89' lang='lat' dir='ltr'><strong>vacuo</strong></span> <span class='ocrx_word' id='word_1_681' title='bbox 3318 3628 3490 3684; x_wconf 88' lang='lat' dir='ltr'><strong>lassos</strong></span> 
     </span>
    </p>
   </div>
   <div class='ocr_carea' id='block_1_96' title="bbox 1898 3721 3485 3793">
    <p class='ocr_par' dir='ltr' id='par_1_96' title="bbox 1898 3721 3485 3793">
     <span class='ocr_line' id='line_1_97' title="bbox 1898 3721 3485 3793; baseline -0.005 -12"><span class='ocrx_word' id='word_1_682' title='bbox 1898 3728 2093 3781; x_wconf 88' lang='lat' dir='ltr'><strong>itinere</strong></span> <span class='ocrx_word' id='word_1_683' title='bbox 2130 3726 2433 3781; x_wconf 71' lang='lat' dir='ltr'><strong>considere.</strong></span> <span class='ocrx_word' id='word_1_684' title='bbox 2474 3725 2555 3778; x_wconf 83' lang='lat' dir='ltr'><strong>Ad</strong></span> <span class='ocrx_word' id='word_1_685' title='bbox 2594 3733 2812 3793; x_wconf 90' lang='lat' dir='ltr'><strong>pontem</strong></span> <span class='ocrx_word' id='word_1_686' title='bbox 2853 3736 2982 3791; x_wconf 81' lang='lat' dir='ltr'><strong>ergo</strong></span> <span class='ocrx_word' id='word_1_687' title='bbox 3033 3722 3159 3786; x_wconf 86' lang='lat' dir='ltr'><strong>itur,</strong></span> <span class='ocrx_word' id='word_1_688' title='bbox 3200 3721 3485 3790; x_wconf 89' lang='lat' dir='ltr'><strong>reperiun-</strong></span> 
     </span>
    </p>
   </div>
   <div class='ocr_carea' id='block_1_97' title="bbox 1900 3811 3487 3881">
    <p class='ocr_par' dir='ltr' id='par_1_97' title="bbox 1900 3811 3487 3881">
     <span class='ocr_line' id='line_1_98' title="bbox 1900 3811 3487 3881; baseline -0.004 -10"><span class='ocrx_word' id='word_1_689' title='bbox 1900 3826 1985 3871; x_wconf 89' lang='lat' dir='ltr'><strong>tur</strong></span> <span class='ocrx_word' id='word_1_690' title='bbox 2025 3816 2215 3871; x_wconf 76' lang='lat' dir='ltr'><strong>nefarii</strong></span> <span class='ocrx_word' id='word_1_691' title='bbox 2261 3816 2502 3870; x_wconf 84' lang='lat' dir='ltr'><strong>criminls</strong></span> <span class='ocrx_word' id='word_1_692' title='bbox 2554 3815 2654 3879; x_wconf 87' lang='lat' dir='ltr'><strong>rei,</strong></span> <span class='ocrx_word' id='word_1_693' title='bbox 2704 3812 3121 3881; x_wconf 87' lang='lat' dir='ltr'><strong>interrogatique</strong></span> <span class='ocrx_word' id='word_1_694' title='bbox 3170 3828 3277 3880; x_wconf 89' lang='lat' dir='ltr'><strong>quo</strong></span> <span class='ocrx_word' id='word_1_695' title='bbox 3317 3811 3487 3875; x_wconf 91' lang='lat' dir='ltr'><strong>irent,</strong></span> 
     </span>
    </p>
   </div>
   <div class='ocr_carea' id='block_1_98' title="bbox 1900 3902 3487 3977">
    <p class='ocr_par' dir='ltr' id='par_1_98' title="bbox 1900 3902 3487 3977">
     <span class='ocr_line' id='line_1_99' title="bbox 1900 3902 3487 3977; baseline -0.003 -16"><span class='ocrx_word' id='word_1_696' title='bbox 1900 3908 2099 3977; x_wconf 84' lang='lat' dir='ltr'><strong>quidve</strong></span> <span class='ocrx_word' id='word_1_697' title='bbox 2139 3908 2217 3961; x_wconf 84' lang='lat' dir='ltr'><strong>eis</strong></span> <span class='ocrx_word' id='word_1_698' title='bbox 2248 3916 2393 3961; x_wconf 83' lang='lat' dir='ltr'><strong>esset</strong></span> <span class='ocrx_word' id='word_1_699' title='bbox 2422 3904 2647 3975; x_wconf 89' lang='lat' dir='ltr'><strong>negotii,</strong></span> <span class='ocrx_word' id='word_1_700' title='bbox 2694 3906 2845 3959; x_wconf 88' lang='lat' dir='ltr'><strong>aiunt</strong></span> <span class='ocrx_word' id='word_1_701' title='bbox 2871 3920 2931 3959; x_wconf 90' lang='lat' dir='ltr'><strong>se</strong></span> <span class='ocrx_word' id='word_1_702' title='bbox 2953 3903 3163 3972; x_wconf 81' lang='lat' dir='ltr'><strong>longius</strong></span> <span class='ocrx_word' id='word_1_703' title='bbox 3195 3902 3331 3957; x_wconf 90' lang='lat' dir='ltr'><strong>velle</strong></span> <span class='ocrx_word' id='word_1_704' title='bbox 3365 3918 3487 3971; x_wconf 88' lang='lat' dir='ltr'><strong>per-</strong></span> 
     </span>
    </p>
   </div>
   <div class='ocr_carea' id='block_1_99' title="bbox 1898 3996 3491 4071">
    <p class='ocr_par' dir='ltr' id='par_1_99' title="bbox 1898 3996 3491 4071">
     <span class='ocr_line' id='line_1_100' title="bbox 1898 3996 3491 4071; baseline -0.003 -16"><span class='ocrx_word' id='word_1_705' title='bbox 1898 4016 2044 4071; x_wconf 89' lang='lat' dir='ltr'><strong>gere,</strong></span> <span class='ocrx_word' id='word_1_706' title='bbox 2078 4000 2170 4055; x_wconf 90' lang='lat' dir='ltr'><strong>sed</strong></span> <span class='ocrx_word' id='word_1_707' title='bbox 2201 4015 2327 4055; x_wconf 88' lang='lat' dir='ltr'><strong>cum</strong></span> <span class='ocrx_word' id='word_1_708' title='bbox 2350 4009 2496 4054; x_wconf 88' lang='lat' dir='ltr'><strong>esset</strong></span> <span class='ocrx_word' id='word_1_709' title='bbox 2522 3997 2650 4051; x_wconf 84' lang='lat' dir='ltr'><strong>hora</strong></span> <span class='ocrx_word' id='word_1_710' title='bbox 2678 3998 2788 4053; x_wconf 89' lang='lat' dir='ltr'><strong>fere</strong></span> <span class='ocrx_word' id='word_1_711' title='bbox 2819 3997 2921 4051; x_wconf 90' lang='lat' dir='ltr'><strong>diei</strong></span> <span class='ocrx_word' id='word_1_712' title='bbox 2950 3996 3128 4061; x_wconf 91' lang='lat' dir='ltr'><strong>tertia,</strong></span> <span class='ocrx_word' id='word_1_713' title='bbox 3158 4010 3187 4049; x_wconf 90' lang='lat' dir='ltr'><strong>a</strong></span> <span class='ocrx_word' id='word_1_714' title='bbox 3217 4006 3398 4062; x_wconf 72' lang='lat' dir='ltr'><strong>empto</strong></span> <span class='ocrx_word' id='word_1_715' title='bbox 3429 4010 3491 4051; x_wconf 87' lang='lat' dir='ltr'><strong>se</strong></span> 
     </span>
    </p>
   </div>
   <div class='ocr_carea' id='block_1_100' title="bbox 1899 4087 3483 4160">
    <p class='ocr_par' dir='ltr' id='par_1_100' title="bbox 1899 4087 3483 4160">
     <span class='ocr_line' id='line_1_101' title="bbox 1899 4087 3483 4160; baseline -0.002 -12"><span class='ocrx_word' id='word_1_716' title='bbox 1899 4094 2084 4148; x_wconf 89' lang='lat' dir='ltr'><strong>dicunt</strong></span> <span class='ocrx_word' id='word_1_717' title='bbox 2136 4092 2322 4146; x_wconf 89' lang='lat' dir='ltr'><strong>itinere</strong></span> <span class='ocrx_word' id='word_1_718' title='bbox 2369 4105 2553 4160; x_wconf 70' lang='lat' dir='ltr'><strong>opacas</strong></span> <span class='ocrx_word' id='word_1_719' title='bbox 2598 4090 2773 4144; x_wconf 90' lang='lat' dir='ltr'><strong>noctis</strong></span> <span class='ocrx_word' id='word_1_720' title='bbox 2813 4087 3053 4143; x_wconf 87' lang='lat' dir='ltr'><strong>tenebris</strong></span> <span class='ocrx_word' id='word_1_721' title='bbox 3096 4088 3365 4158; x_wconf 83' lang='lat' dir='ltr'><strong>impediri.</strong></span> <span class='ocrx_word' id='word_1_722' title='bbox 3404 4089 3483 4145; x_wconf 75' lang='lat' dir='ltr'><strong>Ad</strong></span> 
     </span>
    </p>
   </div>
   <div class='ocr_carea' id='block_1_101' title="bbox 1898 4178 3497 4252">
    <p class='ocr_par' dir='ltr' id='par_1_101' title="bbox 1898 4178 3497 4252">
     <span class='ocr_line' id='line_1_102' title="bbox 1898 4178 3497 4252; baseline -0.003 -12"><span class='ocrx_word' id='word_1_723' title='bbox 1898 4184 2235 4240; x_wconf 87' lang='lat' dir='ltr'><strong>sacerdotem</strong></span> <span class='ocrx_word' id='word_1_724' title='bbox 2290 4183 2523 4252; x_wconf 88' lang='lat' dir='ltr'><strong>denique</strong></span> <span class='ocrx_word' id='word_1_725' title='bbox 2577 4181 2979 4250; x_wconf 86' lang='lat' dir='ltr'><strong>pertrahuntur.</strong></span> <span class='ocrx_word' id='word_1_726' title='bbox 3023 4179 3205 4249; x_wconf 88' lang='lat' dir='ltr'><strong>Itaque</strong></span> <span class='ocrx_word' id='word_1_727' title='bbox 3244 4196 3365 4235; x_wconf 91' lang='lat' dir='ltr'><strong>cum</strong></span> <span class='ocrx_word' id='word_1_728' title='bbox 3408 4178 3497 4237; x_wconf 83' lang='lat' dir='ltr'><strong>vir</strong></span> 
     </span>
    </p>
   </div>
   <div class='ocr_carea' id='block_1_102' title="bbox 1901 4273 3482 4344">
    <p class='ocr_par' dir='ltr' id='par_1_102' title="bbox 1901 4273 3482 4344">
     <span class='ocr_line' id='line_1_103' title="bbox 1901 4273 3482 4344; baseline -0.006 -9"><span class='ocrx_word' id='word_1_729' title='bbox 1901 4280 2247 4335; x_wconf 87' lang='lat' dir='ltr'><strong>beatissimus</strong></span> <span class='ocrx_word' id='word_1_730' title='bbox 2279 4278 2482 4333; x_wconf 87' lang='lat' dir='ltr'><strong>illatam</strong></span> <span class='ocrx_word' id='word_1_731' title='bbox 2536 4276 2638 4331; x_wconf 92' lang='lat' dir='ltr'><strong>sibi</strong></span> <span class='ocrx_word' id='word_1_732' title='bbox 2681 4275 2943 4344; x_wconf 57' lang='lat' dir='ltr'><strong>injuriatn:</strong></span> <span class='ocrx_word' id='word_1_733' title='bbox 2974 4274 3121 4330; x_wconf 87' lang='lat' dir='ltr'><strong>velut</strong></span> <span class='ocrx_word' id='word_1_734' title='bbox 3163 4275 3212 4328; x_wconf 89' lang='lat' dir='ltr'><strong>itt</strong></span> <span class='ocrx_word' id='word_1_735' title='bbox 3266 4273 3482 4329; x_wconf 87' lang='lat' dir='ltr'><strong>sublimi</strong></span> 
     </span>
    </p>
   </div>
   <div class='ocr_carea' id='block_1_103' title="bbox 1902 4365 3486 4442">
    <p class='ocr_par' dir='ltr' id='par_1_103' title="bbox 1902 4365 3486 4442">
     <span class='ocr_line' id='line_1_104' title="bbox 1902 4365 3486 4442; baseline -0.004 -16"><span class='ocrx_word' id='word_1_736' title='bbox 1902 4370 2107 4442; x_wconf 71' lang='lat' dir='ltr'><strong>positus</strong></span> <span class='ocrx_word' id='word_1_737' title='bbox 2154 4383 2278 4425; x_wconf 87' lang='lat' dir='ltr'><strong>ante</strong></span> <span class='ocrx_word' id='word_1_738' title='bbox 2306 4369 2631 4439; x_wconf 88' lang='lat' dir='ltr'><strong>despiceret,</strong></span> <span class='ocrx_word' id='word_1_739' title='bbox 2674 4377 2854 4421; x_wconf 89' lang='lat' dir='ltr'><strong>tamen</strong></span> <span class='ocrx_word' id='word_1_740' title='bbox 2888 4366 3016 4421; x_wconf 91' lang='lat' dir='ltr'><strong>licet</strong></span> <span class='ocrx_word' id='word_1_741' title='bbox 3062 4365 3227 4419; x_wconf 89' lang='lat' dir='ltr'><strong>divini</strong></span> <span class='ocrx_word' id='word_1_742' title='bbox 3276 4379 3486 4420; x_wconf 91' lang='lat' dir='ltr'><strong>memor</strong></span> 
     </span>
    </p>
   </div>
   <div class='ocr_carea' id='block_1_104' title="bbox 1902 4458 3493 4535">
    <p class='ocr_par' dir='ltr' id='par_1_104' title="bbox 1902 4458 3493 4535">
     <span class='ocr_line' id='line_1_105' title="bbox 1902 4458 3493 4535; baseline -0.003 -16"><span class='ocrx_word' id='word_1_743' title='bbox 1902 4474 2045 4519; x_wconf 88' lang='lat' dir='ltr'><strong>esset</strong></span> <span class='ocrx_word' id='word_1_744' title='bbox 2088 4463 2366 4535; x_wconf 61' lang='lat' dir='ltr'><strong>pt&#39;zscepti,</strong></span> <span class='ocrx_word' id='word_1_745' title='bbox 2419 4462 2624 4519; x_wconf 88' lang='lat' dir='ltr'><strong>alienas</strong></span> <span class='ocrx_word' id='word_1_746' title='bbox 2671 4461 2841 4516; x_wconf 87' lang='lat' dir='ltr'><strong>ttoluit</strong></span> <span class='ocrx_word' id='word_1_747' title='bbox 2890 4460 3077 4529; x_wconf 88' lang='lat' dir='ltr'><strong>culpas</strong></span> <span class='ocrx_word' id='word_1_748' title='bbox 3116 4458 3232 4514; x_wconf 87' lang='lat' dir='ltr'><strong>sine</strong></span> <span class='ocrx_word' id='word_1_749' title='bbox 3272 4458 3493 4528; x_wconf 90' lang='lat' dir='ltr'><strong>pr0pria</strong></span> 
     </span>
    </p>
   </div>
   <div class='ocr_carea' id='block_1_105' title="bbox 1905 4552 3491 4627">
    <p class='ocr_par' dir='ltr' id='par_1_105' title="bbox 1905 4552 3491 4627">
     <span class='ocr_line' id='line_1_106' title="bbox 1905 4552 3491 4627; baseline -0.003 -15"><span class='ocrx_word' id='word_1_750' title='bbox 1905 4561 2101 4614; x_wconf 86' lang='lat' dir='ltr'><strong>virtute</strong></span> <span class='ocrx_word' id='word_1_751' title='bbox 2130 4556 2416 4627; x_wconf 80' lang='lat' dir='ltr'><strong>caStigari;</strong></span> <span class='ocrx_word' id='word_1_752' title='bbox 2450 4570 2594 4619; x_wconf 89' lang='lat' dir='ltr'><strong>nam,</strong></span> <span class='ocrx_word' id='word_1_753' title='bbox 2615 4554 2833 4623; x_wconf 88' lang='lat' dir='ltr'><strong>dempto</strong></span> <span class='ocrx_word' id='word_1_754' title='bbox 2858 4553 3023 4623; x_wconf 90' lang='lat' dir='ltr'><strong>pallio</strong></span> <span class='ocrx_word' id='word_1_755' title='bbox 3050 4566 3173 4617; x_wconf 90' lang='lat' dir='ltr'><strong>suo,</strong></span> <span class='ocrx_word' id='word_1_756' title='bbox 3198 4552 3491 4619; x_wconf 85' lang='lat' dir='ltr'><strong>sacrilegos</strong></span> 
     </span>
    </p>
   </div>
   <div class='ocr_carea' id='block_1_106' title="bbox 1824 4643 3490 4741">
    <p class='ocr_par' dir='ltr' id='par_1_106' title="bbox 1824 4643 3490 4741">
     <span class='ocr_line' id='line_1_107' title="bbox 1824 4643 3490 4741; baseline -0.007 -32"><span class='ocrx_word' id='word_1_757' title='bbox 1824 4676 1881 4741; x_wconf 60' lang='grc' dir='ltr'><strong><em>Β</em></strong></span> <span class='ocrx_word' id='word_1_758' title='bbox 1907 4654 1988 4708; x_wconf 89' lang='lat' dir='ltr'><strong>bis</strong></span> <span class='ocrx_word' id='word_1_759' title='bbox 2017 4660 2108 4705; x_wconf 87' lang='lat' dir='ltr'><strong>aut</strong></span> <span class='ocrx_word' id='word_1_760' title='bbox 2136 4650 2294 4705; x_wconf 91' lang='lat' dir='ltr'><strong>tertio</strong></span> <span class='ocrx_word' id='word_1_761' title='bbox 2326 4650 2376 4702; x_wconf 93' lang='lat' dir='ltr'><strong>in</strong></span> <span class='ocrx_word' id='word_1_762' title='bbox 2410 4648 2571 4702; x_wconf 85' lang='lat' dir='ltr'><strong>dorso</strong></span> <span class='ocrx_word' id='word_1_763' title='bbox 2614 4644 2909 4724; x_wconf 84' lang='lat' dir='ltr'><strong>percussit,</strong></span> <span class='ocrx_word' id='word_1_764' title='bbox 2941 4644 3082 4713; x_wconf 90' lang='lat' dir='ltr'><strong>quod</strong></span> <span class='ocrx_word' id='word_1_765' title='bbox 3116 4646 3186 4696; x_wconf 90' lang='lat' dir='ltr'><strong>ita</strong></span> <span class='ocrx_word' id='word_1_766' title='bbox 3217 4643 3268 4696; x_wconf 93' lang='lat' dir='ltr'><strong>in</strong></span> <span class='ocrx_word' id='word_1_767' title='bbox 3300 4657 3490 4698; x_wconf 90' lang='lat' dir='ltr'><strong>eorum</strong></span> 
     </span>
    </p>
   </div>
   <div class='ocr_carea' id='block_1_107' title="bbox 1907 4736 3492 4805">
    <p class='ocr_par' dir='ltr' id='par_1_107' title="bbox 1907 4736 3492 4805">
     <span class='ocr_line' id='line_1_108' title="bbox 1907 4736 3492 4805; baseline -0.004 -5"><span class='ocrx_word' id='word_1_768' title='bbox 1907 4743 2162 4800; x_wconf 87' lang='lat' dir='ltr'><strong>membris</strong></span> <span class='ocrx_word' id='word_1_769' title='bbox 2210 4740 2429 4805; x_wconf 90' lang='lat' dir='ltr'><strong>insedit,</strong></span> <span class='ocrx_word' id='word_1_770' title='bbox 2459 4749 2516 4793; x_wconf 91' lang='lat' dir='ltr'><strong>ut</strong></span> <span class='ocrx_word' id='word_1_771' title='bbox 2542 4739 2689 4794; x_wconf 91' lang='lat' dir='ltr'><strong>omni</strong></span> <span class='ocrx_word' id='word_1_772' title='bbox 2721 4738 2789 4791; x_wconf 90' lang='lat' dir='ltr'><strong>ab</strong></span> <span class='ocrx_word' id='word_1_773' title='bbox 2822 4736 2954 4804; x_wconf 89' lang='lat' dir='ltr'><strong>ipsis</strong></span> <span class='ocrx_word' id='word_1_774' title='bbox 2996 4737 3232 4791; x_wconf 87' lang='lat' dir='ltr'><strong>atrocius</strong></span> <span class='ocrx_word' id='word_1_775' title='bbox 3266 4736 3492 4793; x_wconf 81' lang='lat' dir='ltr'><strong>verbere</strong></span> 
     </span>
    </p>
   </div>
   <div class='ocr_carea' id='block_1_108' title="bbox 1902 4830 3488 4903">
    <p class='ocr_par' dir='ltr' id='par_1_108' title="bbox 1902 4830 3488 4903">
     <span class='ocr_line' id='line_1_109' title="bbox 1902 4830 3488 4903; baseline -0.006 -10"><span class='ocrx_word' id='word_1_776' title='bbox 1902 4838 2005 4893; x_wconf 90' lang='lat' dir='ltr'><strong>sibi</strong></span> <span class='ocrx_word' id='word_1_777' title='bbox 2038 4851 2163 4891; x_wconf 89' lang='lat' dir='ltr'><strong>esse</strong></span> <span class='ocrx_word' id='word_1_778' title='bbox 2194 4841 2491 4903; x_wconf 90' lang='lat' dir='ltr'><strong>putaretur.</strong></span> <span class='ocrx_word' id='word_1_779' title='bbox 2536 4832 2731 4887; x_wconf 83' lang='lat' dir='ltr'><strong>Multos</strong></span> <span class='ocrx_word' id='word_1_780' title='bbox 2768 4844 2981 4899; x_wconf 91' lang='lat' dir='ltr'><strong>quoque</strong></span> <span class='ocrx_word' id='word_1_781' title='bbox 3014 4830 3252 4898; x_wconf 77' lang='lat' dir='ltr'><strong>regulam</strong></span> <span class='ocrx_word' id='word_1_782' title='bbox 3300 4830 3488 4884; x_wconf 83' lang='lat' dir='ltr'><strong>meliu-</strong></span> 
     </span>
    </p>
   </div>
   <div class='ocr_carea' id='block_1_109' title="bbox 1904 4920 3489 4995">
    <p class='ocr_par' dir='ltr' id='par_1_109' title="bbox 1904 4920 3489 4995">
     <span class='ocr_line' id='line_1_110' title="bbox 1904 4920 3489 4995; baseline -0.004 -13"><span class='ocrx_word' id='word_1_783' title='bbox 1904 4930 1977 4983; x_wconf 91' lang='lat' dir='ltr'><strong>ris</strong></span> <span class='ocrx_word' id='word_1_784' title='bbox 2008 4928 2132 4981; x_wconf 62' lang='lat' dir='ltr'><strong>vita</strong></span> <span class='ocrx_word' id='word_1_785' title='bbox 2163 4936 2546 4995; x_wconf 87' lang='lat' dir='ltr'><strong>transgressos,</strong></span> <span class='ocrx_word' id='word_1_786' title='bbox 2601 4923 2770 4976; x_wconf 88' lang='lat' dir='ltr'><strong>sancti</strong></span> <span class='ocrx_word' id='word_1_787' title='bbox 2804 4920 3055 4991; x_wconf 84' lang='lat' dir='ltr'><strong>tegminis</strong></span> <span class='ocrx_word' id='word_1_788' title='bbox 3104 4922 3211 4975; x_wconf 88' lang='lat' dir='ltr'><strong>levi</strong></span> <span class='ocrx_word' id='word_1_789' title='bbox 3247 4928 3390 4975; x_wconf 88' lang='lat' dir='ltr'><strong>tactu</strong></span> <span class='ocrx_word' id='word_1_790' title='bbox 3422 4921 3489 4975; x_wconf 91' lang='lat' dir='ltr'><strong>ad</strong></span> 
     </span>
    </p>
   </div>
   <div class='ocr_carea' id='block_1_110' title="bbox 1902 5012 3483 5081">
    <p class='ocr_par' dir='ltr' id='par_1_110' title="bbox 1902 5012 3483 5081">
     <span class='ocr_line' id='line_1_111' title="bbox 1902 5012 3483 5081; baseline -0.006 -4"><span class='ocrx_word' id='word_1_791' title='bbox 1902 5019 2293 5077; x_wconf 85' lang='lat' dir='ltr'><strong>emendationis</strong></span> <span class='ocrx_word' id='word_1_792' title='bbox 2324 5017 2609 5071; x_wconf 83' lang='lat' dir='ltr'><strong>sanitatem</strong></span> <span class='ocrx_word' id='word_1_793' title='bbox 2632 5013 2877 5078; x_wconf 78' lang='lat' dir='ltr'><strong>reduxit;</strong></span> <span class='ocrx_word' id='word_1_794' title='bbox 2910 5012 3005 5068; x_wconf 90' lang='lat' dir='ltr'><strong>sed</strong></span> <span class='ocrx_word' id='word_1_795' title='bbox 3035 5028 3256 5081; x_wconf 88' lang='lat' dir='ltr'><strong>semper</strong></span> <span class='ocrx_word' id='word_1_796' title='bbox 3285 5029 3483 5068; x_wconf 87' lang='lat' dir='ltr'><strong>secun-</strong></span> 
     </span>
    </p>
   </div>
   <div class='ocr_carea' id='block_1_111' title="bbox 1903 5109 3496 5182">
    <p class='ocr_par' dir='ltr' id='par_1_111' title="bbox 1903 5109 3496 5182">
     <span class='ocr_line' id='line_1_112' title="bbox 1903 5109 3496 5182; baseline -0.004 -12"><span class='ocrx_word' id='word_1_797' title='bbox 1903 5116 2025 5170; x_wconf 91' lang='lat' dir='ltr'><strong>dum</strong></span> <span class='ocrx_word' id='word_1_798' title='bbox 2061 5114 2274 5168; x_wconf 90' lang='lat' dir='ltr'><strong>modum</strong></span> <span class='ocrx_word' id='word_1_799' title='bbox 2306 5111 2511 5182; x_wconf 90' lang='lat' dir='ltr'><strong>peccati</strong></span> <span class='ocrx_word' id='word_1_800' title='bbox 2540 5109 2953 5180; x_wconf 84' lang='lat' dir='ltr'><strong>itnpendebatur</strong></span> <span class='ocrx_word' id='word_1_801' title='bbox 2982 5124 3110 5164; x_wconf 89' lang='lat' dir='ltr'><strong>cura</strong></span> <span class='ocrx_word' id='word_1_802' title='bbox 3146 5109 3393 5175; x_wconf 83' lang='lat' dir='ltr'><strong>remedii,</strong></span> <span class='ocrx_word' id='word_1_803' title='bbox 3440 5117 3496 5164; x_wconf 90' lang='lat' dir='ltr'><strong>et</strong></span> 
     </span>
    </p>
   </div>
   <div class='ocr_carea' id='block_1_112' title="bbox 1905 5201 3492 5280">
    <p class='ocr_par' dir='ltr' id='par_1_112' title="bbox 1905 5201 3492 5280">
     <span class='ocr_line' id='line_1_113' title="bbox 1905 5201 3492 5280; baseline -0.002 -19"><span class='ocrx_word' id='word_1_804' title='bbox 1905 5224 2000 5280; x_wconf 84' lang='lat' dir='ltr'><strong>pro</strong></span> <span class='ocrx_word' id='word_1_805' title='bbox 2047 5208 2300 5277; x_wconf 87' lang='lat' dir='ltr'><strong>qualitate</strong></span> <span class='ocrx_word' id='word_1_806' title='bbox 2352 5208 2525 5275; x_wconf 68' lang='lat' dir='ltr'><strong>culpa:</strong></span> <span class='ocrx_word' id='word_1_807' title='bbox 2564 5205 2653 5275; x_wconf 80' lang='lat' dir='ltr'><strong>jus</strong></span> <span class='ocrx_word' id='word_1_808' title='bbox 2700 5202 3026 5260; x_wconf 80' lang='lat' dir='ltr'><strong>inferebatur</strong></span> <span class='ocrx_word' id='word_1_809' title='bbox 3068 5201 3340 5258; x_wconf 66' lang='lat' dir='ltr'><strong>vindictae.</strong></span> <span class='ocrx_word' id='word_1_810' title='bbox 3397 5202 3492 5259; x_wconf 90' lang='lat' dir='ltr'><strong>Sic</strong></span> 
     </span>
    </p>
   </div>
   <div class='ocr_carea' id='block_1_113' title="bbox 1904 5296 3489 5373">
    <p class='ocr_par' dir='ltr' id='par_1_113' title="bbox 1904 5296 3489 5373">
     <span class='ocr_line' id='line_1_114' title="bbox 1904 5296 3489 5373; baseline -0.005 -13"><span class='ocrx_word' id='word_1_811' title='bbox 1904 5319 2031 5373; x_wconf 90' lang='lat' dir='ltr'><strong>ergo</strong></span> <span class='ocrx_word' id='word_1_812' title='bbox 2087 5302 2260 5359; x_wconf 88' lang='lat' dir='ltr'><strong>sancti</strong></span> <span class='ocrx_word' id='word_1_813' title='bbox 2324 5302 2376 5356; x_wconf 92' lang='lat' dir='ltr'><strong>in</strong></span> <span class='ocrx_word' id='word_1_814' title='bbox 2436 5300 2680 5355; x_wconf 90' lang='lat' dir='ltr'><strong>oratione</strong></span> <span class='ocrx_word' id='word_1_815' title='bbox 2735 5298 2833 5354; x_wconf 87' lang='lat' dir='ltr'><strong>viri</strong></span> <span class='ocrx_word' id='word_1_816' title='bbox 2889 5298 2942 5353; x_wconf 92' lang='lat' dir='ltr'><strong>in</strong></span> <span class='ocrx_word' id='word_1_817' title='bbox 3000 5297 3222 5354; x_wconf 88' lang='lat' dir='ltr'><strong>latebris</strong></span> <span class='ocrx_word' id='word_1_818' title='bbox 3293 5296 3489 5353; x_wconf 86' lang='lat' dir='ltr'><strong>factum</strong></span> 
     </span>
    </p>
   </div>
   <div class='ocr_carea' id='block_1_114' title="bbox 1904 5388 3327 5460">
    <p class='ocr_par' dir='ltr' id='par_1_114' title="bbox 1904 5388 3327 5460">
     <span class='ocr_line' id='line_1_115' title="bbox 1904 5388 3327 5460; baseline -0.006 -9"><span class='ocrx_word' id='word_1_819' title='bbox 1904 5395 2097 5452; x_wconf 75' lang='lat' dir='ltr'><strong>anima:</strong></span> <span class='ocrx_word' id='word_1_820' title='bbox 2128 5395 2347 5460; x_wconf 90' lang='lat' dir='ltr'><strong>vulnus,</strong></span> <span class='ocrx_word' id='word_1_821' title='bbox 2380 5392 2570 5447; x_wconf 92' lang='lat' dir='ltr'><strong>fortius</strong></span> <span class='ocrx_word' id='word_1_822' title='bbox 2602 5390 2774 5447; x_wconf 91' lang='lat' dir='ltr'><strong>morbi</strong></span> <span class='ocrx_word' id='word_1_823' title='bbox 2806 5388 3103 5446; x_wconf 87' lang='lat' dir='ltr'><strong>remedium</strong></span> <span class='ocrx_word' id='word_1_824' title='bbox 3135 5388 3327 5445; x_wconf 88' lang='lat' dir='ltr'><strong>sensit.</strong></span> 
     </span>
    </p>
   </div>
   <div class='ocr_carea' id='block_1_115' title="bbox 1975 5481 3489 5560">
    <p class='ocr_par' dir='ltr' id='par_1_115' title="bbox 1975 5481 3489 5560">
     <span class='ocr_line' id='line_1_116' title="bbox 1975 5481 3489 5560; baseline -0.005 -16"><span class='ocrx_word' id='word_1_825' title='bbox 1975 5492 2028 5544; x_wconf 72' lang='lat' dir='ltr'><strong>t‘i.</strong></span> <span class='ocrx_word' id='word_1_826' title='bbox 2062 5488 2224 5560; x_wconf 82' lang='lat' dir='ltr'><strong>Igitur</strong></span> <span class='ocrx_word' id='word_1_827' title='bbox 2254 5486 2577 5544; x_wconf 88' lang='lat' dir='ltr'><strong>criminosus</strong></span> <span class='ocrx_word' id='word_1_828' title='bbox 2603 5485 2823 5555; x_wconf 87' lang='lat' dir='ltr'><strong>quidam</strong></span> <span class='ocrx_word' id='word_1_829' title='bbox 2856 5482 3131 5539; x_wconf 82' lang='lat' dir='ltr'><strong>hortulum</strong></span> <span class='ocrx_word' id='word_1_830' title='bbox 3162 5482 3335 5538; x_wconf 88' lang='lat' dir='ltr'><strong>sancti</strong></span> <span class='ocrx_word' id='word_1_831' title='bbox 3366 5481 3489 5550; x_wconf 90' lang='lat' dir='ltr'><strong>viri,</strong></span> 
     </span>
    </p>
   </div>
   <div class='ocr_carea' id='block_1_116' title="bbox 1898 5620 3488 5698">
    <p class='ocr_par' dir='ltr' id='par_1_116' title="bbox 1898 5620 3488 5698">
     <span class='ocr_line' id='line_1_117' title="bbox 1898 5620 3488 5698; baseline -0.005 -17"><span class='ocrx_word' id='word_1_832' title='bbox 1898 5628 2069 5698; x_wconf 78' lang='lat' dir='ltr'><strong>juges,</strong></span> <span class='ocrx_word' id='word_1_833' title='bbox 2100 5634 2147 5679; x_wconf 84' lang='lat' dir='ltr'><strong>et</strong></span> <span class='ocrx_word' id='word_1_834' title='bbox 2171 5633 2222 5676; x_wconf 89' lang='lat' dir='ltr'><strong>ut</strong></span> <span class='ocrx_word' id='word_1_835' title='bbox 2245 5621 2625 5698; x_wconf 73' lang='lat' dir='ltr'><strong>insensibilia...</strong></span> <span class='ocrx_word' id='word_1_836' title='bbox 2669 5632 2774 5698; x_wconf 81' lang='lat' dir='ltr'><strong>tum</strong></span> <span class='ocrx_word' id='word_1_837' title='bbox 2798 5620 2873 5698; x_wconf 77' lang='lat' dir='ltr'><strong>vir</strong></span> <span class='ocrx_word' id='word_1_838' title='bbox 2903 5620 2991 5674; x_wconf 79' lang='lat' dir='ltr'><strong>ille</strong></span> <span class='ocrx_word' id='word_1_839' title='bbox 3018 5620 3301 5690; x_wconf 81' lang='lat' dir='ltr'><strong>insignis...</strong></span> <span class='ocrx_word' id='word_1_840' title='bbox 3336 5626 3488 5698; x_wconf 69' lang='lat' dir='ltr'><strong>rogat</strong></span> 
     </span>
    </p>
   </div>
   <div class='ocr_carea' id='block_1_117' title="bbox 1905 5691 3489 5764">
    <p class='ocr_par' dir='ltr' id='par_1_117' title="bbox 1905 5691 3489 5764">
     <span class='ocr_line' id='line_1_118' title="bbox 1905 5691 3489 5764; baseline -0.006 -13"><span class='ocrx_word' id='word_1_841' title='bbox 1905 5691 2075 5764; x_wconf 55' lang='lat' dir='ltr'><strong>ut&#39;pia</strong></span> <span class='ocrx_word' id='word_1_842' title='bbox 2121 5698 2390 5764; x_wconf 84' lang='lat' dir='ltr'><strong>dignanter</strong></span> <span class='ocrx_word' id='word_1_843' title='bbox 2439 5694 2669 5748; x_wconf 86' lang='lat' dir='ltr'><strong>oratione</strong></span> <span class='ocrx_word' id='word_1_844' title='bbox 2721 5691 3356 5764; x_wconf 54' lang='lat' dir='ltr'><strong>absolveret..._rarpvnto</strong></span> <span class='ocrx_word' id='word_1_845' title='bbox 3399 5691 3489 5742; x_wconf 74' lang='lat' dir='ltr'><strong>de-</strong></span> 
     </span>
    </p>
   </div>
   <div class='ocr_carea' id='block_1_118' title="bbox 1904 5760 3487 5837">
    <p class='ocr_par' dir='ltr' id='par_1_118' title="bbox 1904 5760 3487 5837">
     <span class='ocr_line' id='line_1_119' title="bbox 1904 5760 3487 5837; baseline -0.007 -12"><span class='ocrx_word' id='word_1_846' title='bbox 1904 5760 2119 5825; x_wconf 70' lang='lat' dir='ltr'><strong>uoluitur</strong></span> <span class='ocrx_word' id='word_1_847' title='bbox 2145 5760 2502 5837; x_wconf 78' lang='lat' dir='ltr'><strong>persecutor...</strong></span> <span class='ocrx_word' id='word_1_848' title='bbox 2534 5767 2657 5832; x_wconf 83' lang='lat' dir='ltr'><strong>petit</strong></span> <span class='ocrx_word' id='word_1_849' title='bbox 2685 5766 3010 5837; x_wconf 40' lang='lat' dir='ltr'><strong>remedium;</strong></span> <span class='ocrx_word' id='word_1_850' title='bbox 3044 5760 3149 5816; x_wconf 77' lang='lat' dir='ltr'><strong>Vix</strong></span> <span class='ocrx_word' id='word_1_851' title='bbox 3172 5761 3325 5816; x_wconf 73' lang='lat' dir='ltr'><strong>verba</strong></span> <span class='ocrx_word' id='word_1_852' title='bbox 3349 5777 3487 5837; x_wconf 81' lang='lat' dir='ltr'><strong>com-</strong></span> 
     </span>
    </p>
   </div>
   <div class='ocr_carea' id='block_1_119' title="bbox 1906 5831 3483 5911">
    <p class='ocr_par' dir='ltr' id='par_1_119' title="bbox 1906 5831 3483 5911">
     <span class='ocr_line' id='line_1_120' title="bbox 1906 5831 3483 5911; baseline -0.005 -16"><span class='ocrx_word' id='word_1_853' title='bbox 1906 5831 2191 5911; x_wconf 74' lang='lat' dir='ltr'><strong>presserai,</strong></span> <span class='ocrx_word' id='word_1_854' title='bbox 2218 5848 2262 5891; x_wconf 85' lang='lat' dir='ltr'><strong>et</strong></span> <span class='ocrx_word' id='word_1_855' title='bbox 2292 5831 2608 5911; x_wconf 69' lang='lat' dir='ltr'><strong>animalia...</strong></span> <span class='ocrx_word' id='word_1_856' title='bbox 2665 5836 2905 5889; x_wconf 80' lang='lat' dir='ltr'><strong>obediunt</strong></span> <span class='ocrx_word' id='word_1_857' title='bbox 2935 5831 3107 5911; x_wconf 76' lang='lat' dir='ltr'><strong>.-_Po_st</strong></span> <span class='ocrx_word' id='word_1_858' title='bbox 3147 5849 3266 5911; x_wconf 59' lang='lat' dir='ltr'><strong>quas</strong></span> <span class='ocrx_word' id='word_1_859' title='bbox 3295 5833 3483 5911; x_wconf 82' lang='lat' dir='ltr'><strong>conti-</strong></span> 
     </span>
    </p>
   </div>
   <div class='ocr_carea' id='block_1_120' title="bbox 1908 5905 3486 5977">
    <p class='ocr_par' dir='ltr' id='par_1_120' title="bbox 1908 5905 3486 5977">
     <span class='ocr_line' id='line_1_121' title="bbox 1908 5905 3486 5977; baseline -0.005 -9"><span class='ocrx_word' id='word_1_860' title='bbox 1908 5905 2014 5968; x_wconf 84' lang='lat' dir='ltr'><strong>nuo</strong></span> <span class='ocrx_word' id='word_1_861' title='bbox 2043 5910 2306 5966; x_wconf 84' lang='lat' dir='ltr'><strong>subditur.</strong></span> <span class='ocrx_word' id='word_1_862' title='bbox 2339 5907 2678 5977; x_wconf 79' lang='lat' dir='ltr'><strong>Criminostts,</strong></span> <span class='ocrx_word' id='word_1_863' title='bbox 2709 5921 2839 5973; x_wconf 88' lang='lat' dir='ltr'><strong>etc.,</strong></span> <span class='ocrx_word' id='word_1_864' title='bbox 2872 5906 3094 5976; x_wconf 87' lang='lat' dir='ltr'><strong>reliquis</strong></span> <span class='ocrx_word' id='word_1_865' title='bbox 3125 5905 3341 5962; x_wconf 86' lang='lat' dir='ltr'><strong>omissis</strong></span> <span class='ocrx_word' id='word_1_866' title='bbox 3364 5920 3486 5975; x_wconf 62' lang='lat' dir='ltr'><strong>qua;</strong></span> 
     </span>
    </p>
   </div>
   <div class='ocr_carea' id='block_1_121' title="bbox 1907 5982 2245 6054">
    <p class='ocr_par' dir='ltr' id='par_1_121' title="bbox 1907 5982 2245 6054">
     <span class='ocr_line' id='line_1_122' title="bbox 1907 5982 2245 6054; baseline -0.024 -12"><span class='ocrx_word' id='word_1_867' title='bbox 1907 5982 2245 6054; x_wconf 80' lang='lat' dir='ltr'><strong>interjacent.</strong></span> 
     </span>
    </p>
   </div>
  </div>
