4192 6540
783 383 884 443 ΜΒ

1505 378 1824 436 VENANTII
1866 379 2024 436 HON.
2065 377 2272 434 CLEM.
2315 375 2708 434 FORTUNATI
2749 374 3034 436 OPERUM
3076 376 3248 436 PARS
3287 379 3346 436 11.

3948 377 4042 435 520

780 499 1027 563 exiguium
1079 490 1295 563 quidem
1327 491 1546 560 spatiis,
1601 493 1734 546 L'Blls
1767 504 1941 546 tamen
1983 491 2240 560 conspicit
2271 490 2352 543 vi.
2384 493 2434 551 Α
2463 489 2596 544 Iesto
2649 491 2803 545 mella
2857 491 2924 544 ab
2965 493 3269 547 alvearibus
3300 500 3567 548 nocturno
3621 489 3843 560 dempta
3889 492 4037 558 furto,

778 595 982 641 rentem
1011 594 1035 621 η
1066 583 1320 638 oleribus.
1372 581 1676 651 Ampliabat
1723 582 1986 650 siquidem
2029 583 2202 650 spatio
2252 581 2356 635 loci

775 678 1047 744 angustias
1111 687 1321 728 ammna
1371 672 1694 742 iucunditas.
1763 672 1954 725 Statim
2011 688 2138 741 ergo
2187 673 2353 727 atroci

776 777 954 823 tuente
988 766 1108 820 furti
1141 764 1349 818 facinus
1396 763 1647 832 concipit.
1701 763 1880 833 Itaque
1912 765 2152 819 redditur
2199 770 2352 820 terris

772 876 994 915 occasus
1042 858 1147 913 diei
1191 859 1362 912 noctis
1399 856 1632 910 silentio.
1686 856 1782 910 Vix
1829 858 1989 911 corda
2045 860 2348 911 mortalium

773 957 872 1006 alia
906 953 1058 1021 quies
1089 951 1227 1004 dulci
1271 963 1465 1018 sopore
1516 951 1823 1013 laxaverat,
1857 963 1976 1002 cum
2012 950 2102 1004 ille
2129 966 2348 1005 accom-

775 1047 986 1097 inoduiu
1043 1043 1212 1097 fraudi
1239 1053 1446 1110 tempus
1486 1042 1854 1109 amplectens,
1891 1043 2096 1110 prosilit
2127 1043 2348 1096 audacia

775 1141 962 1204 pte-ius
992 1135 1058 1189 ad
1084 1135 1308 1199 scelera,
1351 1132 1560 1202 levique
1593 1132 1824 1202 impulsu
1856 1135 2046 1186 transit
2075 1134 2214 1200 quod
2248 1136 2347 1188 oh-

771 1231 944 1284 staliat
973 1249 983 1282 :
1011 1229 1119 1282 adit
1151 1227 1446 1291 hortulum,
1475 1226 1620 1280 olera
1665 1226 1869 1295 diripit,
1913 1227 2062 1281 abire
2095 1227 2348 1292 festinat;

771 1325 946 1376 utilius
977 1333 1150 1374 tamen
1186 1319 1440 1374 redeundi
1486 1319 1669 1374 exitus
1702 1328 1867 1387 patet,
1894 1319 2015 1385 quia
2048 1333 2170 1372 reus
2205 1319 2351 1373 tenui

773 1430 901 1483 sepe
929 1413 1077 1484 quasi
1135 1428 1288 1466 muro
1333 1412 1596 1477 vallatus,
1651 1412 1835 1480 exigua
1891 1409 2158 1464 obstacula
2209 1411 2354 1465 velut

775 1510 920 1564 omni
971 1517 1276 1563 constructa
1316 1505 1633 1569 munimine,
1676 1517 1938 1576 crescere
1991 1503 2208 1573 fugienti
2251 1503 2352 1557 sibi

771 1603 1017 1656 videntur
1051 1600 1102 1654 in
1151 1600 1372 1654 molem.
1409 1597 1590 1652 Noctis
1618 1611 1745 1665 ergo
1779 1595 1937 1650 totius
1981 1595 2080 1650 iter
2124 1595 2351 1664 spatium

771 1693 964 1747 hortuli
1014 1691 1130 1744 fuit.
1176 1690 1380 1744 Interea
1425 1703 1594 1743 rosere
1629 1688 1762 1742 lucis
1806 1688 2063 1756 splendor
2093 1689 2350 1743 mundum

771 1784 1008 1850 irradiat,
1053 1785 1294 1852 facieque
1342 1783 1505 1836 rebus
1548 1782 1780 1848 reddita,
1835 1781 1990 1836 terris
2037 1782 2126 1836 lux
2177 1782 2353 1836 reddi-

2462 580 2742 648 delataque
2772 580 3013 646 domum,
3044 581 3096 634 in
3129 581 3261 648 picis
3294 595 3514 650 prorsus
3544 593 3797 635 naturam
3828 591 4040 646 mutata,

2459 679 2513 723 et
2543 671 2810 738 stupuisse
2857 685 3010 725 reum
3037 671 3394 726 admiratione
3419 673 3659 736 virtutis,
3700 686 3825 726 cum
3872 672 4041 724 crimi-

2458 763 2541 815 nis
2572 776 2675 816 non
2706 759 2922 817 deesset
2952 760 2978 800 ἀ
3003 778 3188 828 causa,
3220 773 3276 818 et
3309 766 3641 821 conscientia
3673 765 3920 819 criminis
3947 775 4048 817 tatr-

2456 866 2644 924 queret
2689 858 2998 912 auctorem?
3027 858 3265 914 Tandem
3309 874 3494 914 verum
3546 870 3632 914 est
3674 860 4044 922 criminosum,

2456 952 2564 1004 alto
2594 950 2788 1004 mentis
2811 964 3009 1020 sopore
3056 951 3382 1017 discussum,
3433 951 3497 1005 ad
3525 953 3832 1007 antistitem
3864 967 4044 1021 prone-

2458 1058 2626 1107 rasse,
2679 1043 2927 1097 retulisse
2979 1044 3204 1109 furtum,
3253 1046 3560 1114 sanctisque
3600 1055 3936 1114 prostratum
3968 1061 4046 1098 ve-

2460 1137 2634 1205 stigiis
2665 1140 2875 1191 veniam
2929 1135 3183 1192 facinoris
3211 1139 3536 1206 postulasse,
3566 1147 3621 1193 et
3654 1136 3914 1207 perfacile
3932 1152 4046 1204 sup-

2458 1230 2670 1299 plicanti
2705 1229 2991 1285 indulsisse
3022 1229 3334 1284 antistitem.
3389 1230 3454 1284 Et
3484 1230 3562 1285 sic
3591 1242 3845 1284 naturam
3877 1230 4044 1284 mellis

2460 1336 2564 1375 non
2601 1319 2822 1375 minoris
2861 1321 3086 1376 rediisse
3116 1321 3351 1376 miraculi
3387 1320 3484 1375 fuit
3510 1336 3676 1391 quam
3723 1321 3948 1376 mutari.
3979 1321 4046 1375 Ita

2458 1427 2606 1466 reum
2663 1427 2757 1480 pro
2798 1411 3060 1482 supplicio
3115 1414 3366 1480 veniam,
3415 1428 3615 1470 munus
3659 1417 3917 1471 retulisse
3961 1428 4048 1486 pro

2456 1502 2700 1558 crimine.

2527 1596 2581 1649 8.
2617 1594 2862 1666 Dumque
2895 1596 2980 1652 his
3009 1596 3270 1653 virtutum
3314 1597 3546 1671 fulgeret
3593 1599 3714 1670 ipse
3759 1599 4047 1669 miraculis,

2457 1687 2666 1741 beatqu
2699 1689 2948 1758 gloriosa:
2978 1689 3093 1758 ejus
3122 1692 3605 1747 consummationis
3642 1703 3863 1763 tempus
3894 1696 4044 1751 adre-

2458 1777 2582 1831 nit:
2615 1778 2708 1831 sed
2753 1795 2873 1832 eum
2917 1777 3081 1834 fracta
3119 1781 3226 1850 jam
3277 1798 3392 1836 :evo
3444 1784 3689 1840 membra
3736 1788 4045 1854 deficerent,

773 1889 878 1932 tur.
908 1878 1066 1946 Igitur
1090 1877 1276 1931 beatus
1299 1891 1460 1932 senex
1489 1877 1541 1930 in
1565 1877 1782 1939 cellula,
1809 1876 1895 1928 ubi
1920 1875 2118 1944 spretis
2148 1876 2352 1929 somnis
2383 1853 2430 1912 Β
2461 1867 2713 1922 afflictum
2751 1871 2774 1898 ε
2806 1881 3184 1942 mortuumque
3229 1890 3426 1944 corpus
3470 1877 3817 1934 abstinentia:
3871 1881 4049 1936 labore

773 1971 1052 2036 inertibus,
1101 1979 1310 2023 noctem
1365 1968 1512 2022 dulci
1546 1966 1906 2032 meditatione
1952 1975 2009 2021 et
2055 1976 2242 2020 saneto
2276 1967 2352 2020 la-

772 2064 901 2118 bore
932 2071 1286 2132 transegerat,
1327 2076 1490 2116 unum
1521 2075 1552 2115 e
1581 2060 1839 2114 fratribus
1883 2069 2060 2125 vocat,
2109 2062 2356 2115 mittens-

771 2171 876 2226 que
923 2156 974 2208 in
1020 2154 1289 2209 hortulum
1335 2152 1632 2206 mandatut
1661 2167 1817 2222 quem
1851 2150 1922 2205 ibi
1955 2165 2137 2205 errore
2189 2151 2354 2204 lassa-

779 2257 890 2299 tum
919 2259 1016 2299 suo
1060 2255 1113 2299 et
1138 2245 1279 2298 velut
1318 2244 1634 2309 quibusdam
1685 2253 1942 2296 arctatum
1977 2242 2224 2306 vinculis,
2281 2244 2350 2296 ita

771 2351 1023 2392 innexum
1081 2333 1305 2389 crimine
1377 2333 1708 2403 reperisset,
1777 2331 2134 2386 abstraheret.
2199 2331 2348 2386 Haud

769 2443 940 2494 mora,
974 2427 1107 2492 adit,
1156 2425 1375 2495 reperit,
1409 2423 1432 2460 ι’
1464 2425 1743 2478 abstrahit.
1775 2425 1940 2478 Adest
1977 2423 2120 2477 illico
2171 2423 2353 2478 crimi-

769 2534 955 2585 nosus,
1009 2519 1205 2572 furtutu
1239 2521 1289 2571 in
1334 2516 1509 2572 medio
1553 2517 1782 2586 projicit,
1815 2517 1978 2585 pedes
2025 2516 2352 2585 complecti-

770 2622 855 2667 tur
895 2612 1210 2666 sacerdotis.
1262 2611 1440 2680 Itaque
1481 2610 1562 2664 vir
1603 2611 1797 2679 pietate
1848 2611 2058 2680 plenus,
2112 2610 2354 2681 indulget

769 2704 1001 2768 crimen,
1060 2703 1330 2770 donatqnc
1381 2702 1614 2766 furtum;
1679 2717 1902 2756 monens
1955 2717 2073 2754 eum
2123 2716 2265 2770 smpe
2297 2711 2352 2755 ut

771 2798 882 2853 suis
915 2797 1090 2866 potius
1134 2795 1436 2850 necessaria
1479 2793 1658 2848 usibus
1690 2802 1833 2862 petat
1867 2808 2024 2861 quam
2077 2797 2268 2862 rapiat,
2301 2802 2355 2849 et

776 2886 1079 2944 necessaria
1105 2887 1204 2942 sibi
1235 2885 1522 2941 tribuentis
1548 2900 1769 2938 munere
1802 2899 1905 2938 non
1936 2883 2136 2953 rapina:
2154 2886 2354 2941 scelere

772 2982 1154 3038 conferantur:
1193 2992 1215 3019 ο
1259 2981 1336 3035 sic
1383 2995 1511 3049 ergo
1561 2979 1890 3048 indulgentia
1929 2994 1959 3033 a
2016 2990 2202 3034 sancto
2250 2979 2350 3034 sibi

775 3088 1056 3140 concessa,
1087 3074 1154 3126 ab
1183 3088 1246 3127 eo
1279 3071 1544 3126 discessit.

2457 1969 2606 2027 erat;
2637 1971 2692 2017 et
2719 1963 2862 2032 quod
2914 1973 3103 2020 natura
3148 1979 3461 2036 negaverat,
3514 1973 3770 2027 meritum
3814 1975 4049 2030 confere~

2456 2054 2564 2110 bat.
2602 2053 2828 2123 Fuitque
2877 2065 3058 2112 tantus
3102 2059 3156 2112 iu
3202 2071 3390 2115 sancto
3430 2061 3549 2116 viro
3596 2063 3722 2118 fidei
3773 2064 3972 2130 fervor,
4000 2077 4048 2119 ut

2457 2146 2742 2203 insatiabili
2773 2150 2988 2215 ardore,
3038 2165 3144 2218 quo
3176 2153 3295 2221 plus
3316 2155 3529 2222 corpori
3577 2155 3938 2210 districtionis
3968 2157 4044 2209 in-

2456 2238 2683 2304 tulisset,
2713 2240 2910 2297 inlerre
2955 2241 3075 2312 plus
3095 2255 3317 2313 cuperet
3351 2263 3364 2298 :
3389 2256 3444 2300 et
3473 2245 3544 2299 ita
3573 2258 3732 2301 erant
3762 2260 4044 2318 augmenti

2455 2331 2774 2386 meritorum
2791 2333 3133 2389 incitamenta
3159 2337 3514 2404 prolectuu-m.
3539 2341 3710 2393 Arnor
3729 2341 3934 2410 quippe
3958 2341 4045 2398 Dei

2455 2424 2680 2478 reticere
2711 2423 2947 2479 animum
2981 2435 3175 2496 potest,
3207 2429 3404 2483 satiare
3435 2431 3770 2484 desiderium
3808 2448 3917 2487 non
3961 2448 4044 2502 po-

2456 2525 2597 2582 test;
2625 2518 2718 2573 sed
2764 2519 2934 2587 magis
2965 2519 3286 2590 magisquet
3319 2537 3441 2576 cum
3478 2522 3748 2588 hauritur,
3797 2527 3943 2579 sitim
3973 2529 4048 2579 in-

2464 2606 2731 2674 flammat,
2774 2607 3109 2676 jucunditate
3160 2611 3300 2666 enim
3349 2628 3444 2666 sua
3484 2613 3683 2668 excitat
3731 2616 4047 2684 appetitum,

2454 2703 2550 2758 sed
2583 2718 2690 2756 non
2723 2701 2843 2756 facit
2875 2702 2944 2757 de
2981 2703 3232 2757 satietate
3263 2703 3561 2757 fastidium.
3606 2705 3776 2772 Igitur
3804 2707 4049 2761 beatissi-

2456 2812 2574 2852 mus
2605 2795 2884 2852 Amantius
2916 2796 3016 2852 hac
3044 2798 3354 2852 meritorum
3382 2797 3502 2852 luce
3526 2797 3762 2866 fulgens,
3784 2809 3809 2846 ις
3847 2811 4052 2855 terrena

2457 2890 2612 2947 terris
2661 2890 2897 2945 membra
2942 2889 3144 2955 condit,
3193 2889 3287 2944 sed
3327 2889 3567 2945 caelestis
3623 2891 3855 2960 spiritus
3907 2892 4045 2947 celsa

2457 2982 2806 3048 conscendit;
2856 2981 2963 3037 illic
3011 2995 3152 3036 nunc
3208 2982 3432 3037 interest
3479 2983 3664 3038 choris
3716 2985 4052 3052 angelorum,

2458 3074 2542 3130 hic
2594 3074 2756 3143 fulget
2800 3073 3042 3129 claritate
3086 3075 3370 3136 virtutum;
3421 3074 3530 3128 illic
3585 3075 3907 3142 interpellat
3965 3090 4053 3144 pro

843 3171 898 3224 7.
930 3168 1067 3236 Quid
1099 3181 1392 3234 memorem
1421 3165 1473 3220 in
1502 3163 1689 3220 eodem
1735 3164 1946 3218 hortulo
1975 3177 2004 3216 a
2037 3163 2198 3219 simili
2232 3178 2351 3220 sce-
2383 3203 2430 3268 ο
2462 3165 2673 3221 famulis
2721 3179 2849 3220 voce
2898 3161 3148 3232 supplici,
3194 3162 3281 3218 hic
3331 3171 3511 3217 tuetur
3565 3161 3802 3219 famulos
3862 3166 4052 3220 virtute

847 3328 871 3356 ο
901 3323 1044 3380 Idem
1077 3343 1089 3376 :
1122 3324 1363 3377 nitescere
1387 3321 1610 3376 oleribus
1635 3339 1652 3386 ;
1683 3321 1961 3390 ampliabat
1983 3320 2231 3389 siquidem
2253 3321 2354 3374 loci

772 3398 1107 3465 angustias...
1153 3411 1267 3447 cum
1315 3395 1407 3447 ille
1450 3393 1772 3465 commodum
1811 3393 1984 3459 fraudi
2021 3403 2214 3465 tempus
2245 3409 2356 3443 am-

774 3464 996 3540 plectens
1029 3466 1227 3540 prosilit
1267 3465 1484 3540 audacia
1516 3464 1694 3540 plenus
1719 3474 1767 3516 et
1799 3465 2017 3540 scelere,
2039 3464 2229 3540 leuique
2257 3465 2353 3540 im-l

774 3534 925 3609 'pulsu
972 3552 1086 3605 qua:
1133 3536 1419 3609 robstabant
1437 3535 1746 3609 cedentibus,
1806 3535 1942 3585 abire
1992 3536 2217 3609 festinat,
2268 3534 2356 3586 sed

775 3605 1016 3661 divinitus
1046 3608 1318 3660 retinetur.
1369 3605 1563 3658 Nullus
1595 3607 1780 3657 etenim
1803 3606 2047 3656 remeanti
2083 3613 2218 3670 patet
2269 3619 2356 3656 ex-

779 3681 900 3742 itus,
934 3690 980 3732 et
1012 3680 1082 3730 ita
1110 3693 1226 3730 reus
1255 3679 1390 3730 tenui
1412 3692 1528 3742 sepe
1547 3677 1695 3744 quasi
1720 3689 1872 3744 muro
1893 3675 2112 3726 vallatus
2138 3683 2354 3728 tenetur.

779 3751 985 3816 Exigua
1016 3765 1234 3816 namque
1277 3750 1563 3808 obstacula,
1615 3755 1768 3800 etc...
1823 3743 2001 3797 Noctis
2043 3761 2160 3814 ergo
2204 3745 2356 3797 totius

774 3810 1044 3889 spatium,
1088 3810 1183 3870 iter
1225 3818 1415 3870 hortuli
1463 3819 1627 3889 fuit...
1675 3817 1868 3889 mundi
1891 3810 2355 3889 [aciein'irradiag

774 3882 875 3960 qua
898 3882 1045 3944 rebus
1075 3889 1298 3951 reddita,
1349 3889 1496 3942 terris
1541 3887 1634 3960 lux
1659 3887 1810 3960 redit.
1841 3882 2006 3960 Igitur
2039 3885 2100 3939 Β.
2120 3901 2277 3960 senex
2300 3886 2357 3960 in

776 3955 980 4025 cellam,
1032 3961 1116 4012 ubi
1147 3973 1324 4028 preces
1353 3959 1622 4021 insomnis,
1669 3958 1725 4009 in
1761 3958 1966 4010 testibus
1992 3959 2176 4022 noctis,
2219 3955 2358 4009 dulci

777 4032 1168 4086 meditatione...
1192 4028 1488 4082 attraheret.

851 4101 876 4140 δ
907 4102 1071 4161 Idem,
1097 4099 1327 4152 attrahit.

853 4186 873 4211 ε
911 4174 1000 4226 Sic
1032 4187 1150 4241 ergo
1179 4168 1553 4239 indulgentiam
1574 4185 1604 4220 α
1632 4177 1806 4222 sancto
1830 4169 1938 4223 viro
1965 4170 2264 4238 promeruit,
2315 4179 2361 4224 et

778 4245 1030 4298 discessit.

851 4313 876 4351 ιι
907 4317 1046 4367 ldetu
1080 4331 1090 4362 :
1126 4311 1253 4364 Cum
1283 4311 1511 4364 criminis
1553 4312 1742 4363 deesset
1773 4327 1950 4373 causa,
1979 4313 2068 4364 sed
2095 4312 2361 4366 conscien-

782 4389 855 4438 tia
904 4385 1130 4438 criminis
1169 4393 1422 4452 torqueret
1452 4392 1709 4434 auctorem
1749 4396 1766 4432 :
1799 4397 1915 4434 cum
1946 4384 2085 4451 furto
2116 4384 2362 4435 damnum

782 4466 1084 4525 superesset,
1136 4454 1191 4506 in
1209 4469 1312 4521 qua
1343 4463 1547 4505 mantus
1584 4453 1755 4525 atroci
1795 4465 2018 4505 numeret
2061 4455 2111 4505 in
2149 4458 2354 4507 scelere.

782 4523 1013 4580 Tandem
1039 4541 1156 4578 vero
1178 4525 1508 4576 criminosum
1539 4523 1644 4575 alto
1689 4526 1864 4574 mentis
1888 4535 2092 4590 stupore
2133 4526 2362 4577 discusso

783 4601 849 4650 ad
879 4597 1173 4656 antistitem,
1228 4604 1380 4648 etc...
1420 4593 1771 4659 Naturamque
1814 4594 1978 4648 mellis
2020 4610 2122 4647 non
2173 4599 2366 4648 utiitore

785 4669 996 4721 rediisse
1024 4667 1292 4728 miraculo,
1327 4680 1477 4733 quam
1513 4675 1802 4718 mutasse...
1838 4682 2018 4718 munus
2049 4668 2256 4718 domum
2285 4683 2365 4720 re-

787 4741 982 4801 tulisse,
1013 4747 1118 4792 etc.

860 4815 883 4841 ε
912 4809 1055 4860 Idem
1090 4817 1507 4871 :entortuumque
1553 4822 1734 4876 corpus
1763 4822 1892 4860 onus
1936 4807 2254 4861 abstinentia
2282 4823 2366 4861 ro-

789 4877 1024 4934 borabat.

864 4949 1037 5002 ‘Cuin
1085 4951 1319 5003 hattritur
1365 4951 1686 5018 inﬂammat,
1738 4949 2064 5017 jucunditate
2108 4948 2241 5002 enint
2287 4951 2366 5003 sui

787 5023 994 5086 excitat,
1029 5031 1156 5088 etc.,
1190 5033 1386 5074 terrena
1409 5022 1551 5073 terris
1585 5020 1806 5074 membra
1830 5024 2164 5073 commendat.

865 5104 888 5138 κ
919 5093 1032 5154 Quo
1055 5108 1192 5144 anno
1240 5093 1300 5145 S.
1353 5094 1635 5146 Amantius
1665 5093 1983 5154 decesserit,
2017 5092 2153 5143 haud
2189 5099 2364 5156 potest

788 5173 940 5216 certo
969 5163 1205 5215 deliniri.
1240 5163 1499 5216 Nimirum
1525 5162 1582 5220 S,
1611 5163 1950 5229 Quintianus,
1979 5162 2067 5229 qui
2091 5161 2230 5214 sedit
2250 5172 2367 5228 post

789 5239 847 5289 δ.
909 5237 1256 5297 Amantium,
1311 5243 1540 5302 praeerat
1601 5233 1930 5288 ltutheuensi
1992 5233 2248 5285 Ecclesia:
2299 5234 2365 5285 ad

793 5322 881 5357 an.
925 5304 1050 5366 500,
1100 5322 1204 5371 quo
1252 5320 1389 5358 anno
1441 5306 1762 5372 subscripsit
1811 5306 1895 5358 ille
1947 5304 2173 5357 concilio
2222 5309 2360 5370 Aga-

795 5377 968 5429 thensi
1010 5392 1023 5437 ;
1063 5376 1313 5443 idemque
1368 5376 1605 5428 interluit
1662 5377 1867 5443 synodo
1917 5376 2287 5426 AurelianenSI
2346 5389 2361 5426 ι

793 5462 882 5499 an.
916 5445 1036 5498 iiII.
1095 5447 1298 5500 Interea
1344 5463 1462 5499 cum
1514 5448 1832 5512 Quintianus
1884 5445 1979 5513 (uti
2006 5445 2171 5497 refert
2203 5446 2362 5507 Greg.

794 5516 997 5572 Turon.
1051 5518 1100 5571 in
1131 5517 1371 5586 ejusdem
1427 5517 1560 5579 \‘ita,
1609 5534 1725 5584 qua:
1765 5525 1946 5570 exstat
1989 5531 2037 5568 c.
2071 5517 2104 5569 4
2135 5519 2199 5569 de
2234 5515 2366 5570 Vitis

798 5588 1061 5653 Patrum),
1111 5599 1261 5642 aucta
1297 5601 1347 5642 et
1388 5590 1707 5652 amplilicata
1743 5590 1955 5640 basilica
2002 5589 2061 5641 S.
2111 5588 2364 5650 Amantii,

796 5669 1023 5712 sanctum
1041 5661 1266 5729 ejusdem
1289 5674 1473 5728 corpus
1496 5659 1546 5709 in
1575 5669 1692 5710 ante
1716 5659 2070 5720 transtulisset,
2096 5659 2149 5709 ὃ.
2174 5659 2368 5710 Antan-

796 5732 898 5783 tius
923 5740 1076 5783 noctu
1113 5746 1203 5798 per
1246 5733 1414 5783 visum
1448 5729 1624 5783 eidem
1672 5745 1960 5796 apparens,
2017 5730 2366 5796 reprehendit

797 5803 1024 5868 graviter
1071 5803 1151 5854 his
1197 5802 1418 5856 verbis:
1455 5801 1590 5865 Quia
1643 5815 1773 5852 ausu
1819 5802 2085 5854 temerario
2128 5810 2268 5851 artus
2314 5801 2368 5852 in

796 5887 920 5944 pace
947 5874 1251 5940 Quiescentes
1283 5888 1416 5927 visus
1464 5890 1517 5927 es
1545 5880 1807 5941 amorissr,
1849 5899 1958 5935 ecce
1987 5901 2077 5954 ego
2110 5870 2370 5925 "movebo

2461 3333 2508 3377 te
2530 3323 2592 3377 ab
2619 3323 2714 3375 hac
2739 3323 2878 3386 urbe,
2912 3329 2960 3376 et
2988 3321 3086 3374 eris
3125 3324 3272 3376 exsul
3314 3323 3365 3376 in
3389 3323 3594 3391 regione
3621 3326 3836 3388 altera;
3867 3343 4056 3381 veruin-

2463 3408 2756 3466 tamennon
2788 3394 3063 3457 prioaberis
3092 3398 3158 3466 ab
3191 3396 3386 3446 honore
3431 3411 3536 3464 quo
3570 3398 3786 3458 frueris.
3827 3396 3884 3451 ld
3918 3400 4051 3466 quod

2463 3482 2568 3520 non
2620 3465 2786 3518 multo
2826 3476 2947 3531 post
2995 3464 3208 3518 accidit.
3254 3466 3322 3518 At
3373 3465 3513 3519 inter
3538 3465 3596 3520 S.
3652 3464 3978 3522 Amantium
4007 3482 4053 3523 et

2466 3538 2521 3591 S.
2551 3534 2892 3601 Quintianum
2943 3535 3033 3586 alii
3066 3534 3272 3588 sedisse
3319 3537 3562 3601 episcopi
3597 3539 3868 3591 videntur
3893 3581 3908 3602 ,
3941 3555 4051 3593 cum

2465 3607 2713 3660 Sidonius
2757 3605 3105 3671 Apollinaris,
3156 3606 3312 3667 epist.
3350 3603 3403 3656 6.
3439 3607 3531 3659 lib.
3568 3623 3665 3668 vit,
3703 3608 3966 3664 scribens
3996 3612 4053 3664 ad

2466 3678 2742 3742 Basilium,
2763 3678 2899 3728 inter
2912 3683 3163 3738 crateras,
3184 3674 3540 3730 Ruthenensnt
3565 3677 3834 3732 Ecclesia:
3864 3692 4050 3734 Statum

2464 3749 2707 3812 deploret
2753 3749 2834 3799 bis
2881 3745 3058 3818 verbis
3100 3761 3116 3798 :
3159 3744 3490 3818 Burdenata,
3556 3746 3897 3818 Petrocorii,
3956 3750 4054 3803 Ruo

2465 3819 2674 3870 theni...
2705 3816 2917 3870 summis
2951 3817 3303 3870 sacerdotibus
3337 3817 3566 3883 ipsorum
3600 3831 3772 3873 marte
3804 3816 4054 3876 truncatis

2465 3906 2552 3942 nec
2576 3889 2700 3962 ullis
2736 3889 2972 3954 deinceps
3001 3888 3246 3962 episcOpis
3276 3891 3327 3941 in
3360 3892 3726 3962 defunctorum
3754 3893 3929 3959 oﬁicia
3953 3897 4054 3962 suf-

2466 3960 2610 4028 fectis
2640 3961 2656 4029 (
2683 3975 2768 4021 per
2797 3972 2923 4026 quos
2947 3959 3119 4024 utique
3164 3960 3417 4012 minorum
3455 3959 3728 4013 hominum
3767 3959 4052 4017 titinisteria

2465 4029 2923 4100 subrogabantur)
2984 4029 3145 4080 latum
3225 4030 3512 4099 spiritualis
3583 4032 3757 4086 ruina
3847 4037 4074 4093 limitem,

2465 4099 2643 4174 traait.
2678 4101 2881 4174 Quibus
2903 4100 3079 4174 verbis
3103 4099 3341 4174 indicare
3371 4100 3591 4174 videtur,
3611 4103 3913 4170 Ruthenis,
3943 4115 4052 4174 post

2465 4169 2522 4225 S.
2576 4171 2904 4234 Amantium,
2938 4170 3145 4240 sedisse
3191 4171 3474 4239 episcopos
3523 4172 3683 4236 alios,
3735 4177 3835 4240 qui
3889 4169 4053 4230 morte

2467 4241 2672 4295 multati
2713 4242 2964 4295 obierint.
2997 4239 3156 4294 Certe
3203 4240 3562 4296 Ituthenensis
3591 4239 3854 4299 Ecclesia
3907 4246 4052 4300 vidua

2465 4321 2584 4386 erat
2611 4323 2664 4386 et
2683 4313 2812 4365 orba
2839 4323 3051 4386 pastore
3064 4325 3180 4386 ‘quo
3210 4317 3450 4381 tempore
3489 4315 3749 4386 Sidonius
3776 4316 4052 4386 Apollina-

2467 4383 2568 4446 ris,
2600 4383 2952 4437 Arveruensis
2990 4381 3294 4450 episeopus,
3347 4383 3646 4438 accersitus
3676 4385 3782 4440 fuit
3823 4381 3896 4442 ib
3943 4389 4054 4441 Ela-

2471 4454 2645 4526 pliio,_
2676 4470 2780 4526 quo
2834 4460 3176 4526 consecraret
3219 4452 3596 4519 baptisterium
3639 4457 3786 4524 quod
3836 4460 3957 4526 ipse
4005 4460 4049 4512 iu

2468 4538 2598 4592 agro
2633 4524 2961 4576 Ituthenensi
3006 4531 3399 4587 construxerat,
3444 4526 3519 4578 uti
3567 4528 3834 4594 colligere
3862 4524 4048 4583 estex

2393 4579 2446 4640 ι)
2471 4579 2628 4662 epist.
2655 4595 2720 4648 ts
2752 4595 2842 4647 lib.
2876 4609 2926 4647 ιν
2967 4595 3078 4649 Sid.
3108 4596 3207 4662 Ap.
3238 4595 3341 4660 Qui
3386 4579 3534 4649 enim
3563 4579 3833 4665 Elapbius
3866 4579 4051 4654 {neas

2474 4667 2617 4720 urbis
2643 4675 2699 4720 et
2725 4666 2870 4719 sedis
2899 4669 3211 4733 episcopum
3244 4670 3621 4721 accersrvisset
3665 4683 3768 4734 per
3809 4672 4050 4724 ditticilia

2475 4739 2763 4804 prmsertim
2795 4747 2847 4790 et
2873 4739 3069 4801 hieme,
3098 4751 3161 4790 ac
3183 4737 3392 4791 nivibus
3416 4739 3588 4792 obsita
3619 4738 3849 4805 itinera,
3877 4744 3921 4795 si
3951 4742 4053 4795 Ru-

2473 4809 2746 4862 thenensis
2785 4808 3020 4862 Ecclesia
3061 4809 3276 4876 proprio
3323 4818 3536 4875 pastore
3589 4823 3698 4862 non
3745 4812 4052 4866 caruisset?

2472 4880 2586 4932 Non
2634 4878 2855 4932 multum
2895 4879 3151 4946 temporis
3181 4887 3356 4932 tamen
3398 4879 3540 4932 inter
3569 4878 3628 4934 S.
3651 4881 3978 4937 Amantium
4008 4895 4057 4936 et

2471 4950 2808 5016 Quintianum
2842 4951 3146 5003 interfuisse
3179 4950 3269 5002 illa
3301 4947 3583 5002 Fortunati
3615 4952 3779 5004 verba
3816 4956 4058 5008 indicare

2472 5021 2740 5084 videntur,
2769 5021 2958 5089 quibus
2979 5021 3051 5072 ait
3073 5035 3222 5073 num.
3261 5019 3317 5074 il
3360 5037 3372 5072 :
3406 5017 3654 5074 Nondum
3677 5039 3895 5090 quoque
3925 5028 4086 5078 mut--

2471 5101 2634 5143 torum
2685 5107 2881 5143 emensa
2929 5099 3239 5160 temporum,
3297 5093 3416 5144 orbe
3464 5092 3747 5158 completo,
3799 5098 4084 5150 redierant

2471 5163 2753 5222 curricula,
2792 5176 2906 5214 cum
2935 5163 2998 5216 S.
3055 5163 3363 5227 Quintianus
3403 5162 3671 5230 episcopus
3712 5175 3839 5218 ante
3890 5183 4060 5220 sacro-

2469 5243 2642 5308 sancta
2664 5235 2849 5286 altaria
2877 5249 3118 5308 capacem
3130 5304 3139 5308 Δ
3159 5235 3343 5285 tumuli
3374 5232 3740 5308 locuinAelegit,
3775 5237 3870 5289 ubi
3899 5241 4063 5308 ipsum

2473 5307 2599 5356 miro
2622 5319 2770 5373 opere
2799 5314 2846 5357 et
2890 5304 3140 5358 latedabili
3176 5313 3282 5357 arte
3311 5305 3600 5369 collocavit,
3633 5316 3747 5360 etc.
3794 5304 4060 5374 Quocirca

2473 5392 2616 5428 mors
2639 5383 2694 5429 δ.
2726 5376 2960 5430 Amantii
2992 5376 3202 5430 videtur
3227 5375 3521 5442 contigisse
3553 5391 3659 5429 non
3690 5379 3873 5432 multo
3908 5392 4057 5432 ante-

2471 5461 2628 5516 quam
2661 5445 2820 5501 Gothi
2868 5448 2919 5500 iu
2968 5446 3191 5500 Galliam
3233 5446 3567 5516 irruperunt,
3622 5449 3725 5502 sub
3792 5450 4062 5504 Evaricho

2474 5515 2598 5584 rege
2633 5533 2775 5589 :quo
2815 5528 3058 5587 tempore
3101 5518 3183 5570 vel
3231 5515 3488 5589 Ruthena
3529 5517 3656 5572 urbs
3699 5529 3864 5589 capta
3907 5532 3960 5576 et
3990 5524 4083 5573 al‘-.

2474 5589 2614 5642 Ilicta
2650 5588 2766 5642 fuit.
2803 5589 2857 5643 Id
2890 5604 3016 5643 Vero
3065 5587 3284 5656 contigit
3329 5588 3533 5642 saeculo
3564 5587 3863 5658 quinto'ad
3906 5595 4066 5647 tinem

2474 5671 2747 5733 vergente.
2779 5659 2932 5726 Quod
2964 5661 3008 5714 si
3032 5668 3136 5726 est,
3170 5659 3299 5733 falsa
3338 5659 3698 5733 existimanda
3720 5663 3917 5732 opinio
3951 5665 4065 5733 ple-

2474 5731 2554 5785 bis
2579 5733 2936 5786 Itutbeuensis
2957 5746 3075 5800 qua:
3097 5734 3152 5786 5.
3177 5731 3487 5784 Amantium
3518 5746 3548 5783 a
3569 5732 3628 5786 S.
3654 5731 3915 5801 Martiali,
3937 5731 4068 5800 apo-

2474 5802 2612 5862 Stolo
2642 5806 3052 5873 Aquitanorum,
3085 5803 3403 5871 episcopum
3432 5801 3745 5864 ordinatum
3776 5808 4037 5864 credidit.
