4192 6548
171 423 272 480 521

1072 421 1232 478 VITA
1267 423 1327 478 S.
1369 419 1659 477 AMANTII
1697 418 2168 481 RL'THENENSIS
2208 423 2521 484 BPlSCOPI.

3357 433 3467 491 522

169 539 423 606 sublimi;
461 540 576 596 illic
613 541 769 610 petit,
820 539 906 596 liie
947 549 1203 610 praestat;
1259 541 1370 595 illic
1399 551 1521 594 vota
1569 540 1763 606 fundit,
1797 549 1843 606 Α
1874 558 1942 598 ne
1967 543 2184 598 deseras
2211 544 2420 598 viduam
2453 553 2506 598 et
2537 557 2849 614 pauperem,
2879 545 3187 602 divitiarum
3219 564 3464 608 mearum

164 633 260 688 tiic
289 635 432 689 votis
460 635 788 703 respomiet;
831 634 939 689 illic
971 649 1113 689 nunc
1145 645 1345 690 aeterna
1379 629 1766 703 circumseptus

165 733 194 761 ι
218 728 422 782 emicat
441 727 698 791 liice,-vel
723 727 1038 781 meritorum
1083 727 1373 798 splendore
1394 728 1564 792 claro,
1593 729 1674 782 vel
1705 727 1769 782 il-

163 816 297 871 latae
336 819 514 874 crucis
545 833 724 885 roseo,
773 833 838 873 ac
882 819 1090 887 fulgore
1126 833 1417 888 purpureo.
1471 820 1602 874 Nam
1635 820 1765 874 etin

161 909 459 978 semetipso
494 919 550 964 et
597 920 913 980 persecutor
951 911 1074 964 vitia
1112 912 1462 982 exsequendo
1509 913 1770 968 cxstinxit

160 1013 223 1059 et
247 1015 456 1075 martyr
503 1005 873 1076 eruciligendo
918 1020 1115 1074 corpus
1142 1009 1386 1073 emicuit,
1433 1008 1769 1078 adeptusque

160 1106 253 1150 est
298 1112 404 1150 non
450 1109 702 1163 mortem,
747 1098 842 1151 sed
885 1099 1063 1152 carnis
1113 1099 1530 1154 mortificatione
1570 1111 1771 1170 marty-

159 1187 333 1243 rium.
399 1187 466 1242 Et
515 1204 636 1244 cum
694 1189 765 1243 sit
816 1190 868 1245 in
917 1200 1212 1261 conspectu
1272 1192 1482 1247 Domini
1533 1193 1767 1262 pretiosa

159 1300 320 1340 mors
352 1288 628 1358 martyris,
684 1289 811 1342 dum
843 1288 1190 1344 beatissimus
1233 1292 1517 1346 Amantius
1555 1292 1765 1346 hostem

163 1381 528 1448 persequitur
556 1391 609 1434 et
632 1383 945 1450 prosternit,
989 1382 1090 1437 fuit
1119 1385 1351 1454 pretiosa
1388 1386 1440 1439 iii
1475 1397 1763 1458 conspectu

156 1473 382 1530 Domini
416 1491 564 1530 mors
588 1478 840 1532 viventis.

235 1565 294 1622 9.
315 1567 583 1624 Hactenus
605 1571 821 1639 quidem
845 1570 1014 1624 Vitam
1044 1573 1182 1626 beati
1211 1573 1538 1629 confessoris
1562 1577 1766 1630 Aman-

157 1660 253 1722 tii,
303 1663 496 1716 divino
548 1680 796 1728 munere,
836 1676 894 1718 ut
941 1667 1111 1733 potui,
1167 1669 1306 1737 stylo
1353 1669 1569 1739 digessi.
1618 1671 1768 1724 [\‘uuc

155 1767 334 1823 pauca
369 1756 437 1810 de
468 1755 550 1810 his
576 1771 697 1826 quae
728 1757 1088 1828 triumphator
1116 1762 1361 1830 egregius
1397 1764 1584 1830 gessit,
1620 1764 1766 1817 brevi

155 1860 418 1901 sermone
465 1849 853 1917 constringam.
904 1850 1066 1918 Igitur
1100 1855 1289 1906 mulier
1336 1856 1579 1923 qtncdam
1628 1866 1763 1918 erat,

1873 637 2146 702 solatium,
2177 647 2230 692 et
2258 638 2427 691 virttis
2454 653 2594 694 mea.
2619 639 2862 709 Cumque
2895 641 2997 697 hoc
3024 643 3246 711 supplex
3274 645 3466 714 depro-

1872 739 2065 797 meret,
2097 731 2249 784 miris
2279 740 2502 800 repente
2535 731 2706 784 modis
2735 734 2998 800 conspicit
3023 735 3078 788 in
3109 736 3287 791 medio
3323 740 3467 796 atrio

1872 825 1927 880 iti
1978 838 2182 880 morem
2237 825 2410 879 cautis
2462 823 2689 896 riguisse
2739 828 3108 897 cornipedem.
3175 831 3467 888 Acciderat

1872 921 2015 974 enim
2040 930 2096 972 ut
2125 935 2188 975 ea
2219 921 2309 975 die
2340 935 2506 976 sacrae
2534 921 2889 992 depositionis
2916 926 3030 992 ejus
3058 927 3462 986 celebrarentur

1874 1013 2032 1076 festa,
2063 1029 2245 1068 annuo
2269 1015 2403 1069 orbe
2426 1015 2715 1083 completo,
2744 1026 2799 1071 et
2829 1018 3245 1086 egrediebantur
3273 1023 3342 1076 de
3367 1024 3465 1079 ba-

1875 1105 2029 1177 silica
2064 1105 2243 1175 populi
2273 1107 2506 1174 expletis
2536 1122 2598 1160 ex
2636 1123 2783 1163 more
2827 1111 3182 1178 solemnibus,
3211 1122 3458 1183 stupent-

1873 1213 1978 1267 que
2006 1200 2247 1253 miraculi
2274 1200 2509 1254 novitate
2542 1201 2790 1268 perculsi.
2821 1202 3067 1258 llaereliat
3094 1221 3308 1276 quoque
3341 1223 3464 1263 reus

1875 1302 2096 1362 stupens
2127 1309 2371 1363 oorpore,
2407 1296 2580 1349 stabat
2610 1310 2744 1348 auus
2791 1298 2966 1350 innixa
3002 1302 3210 1356 baculo.
3266 1302 3468 1358 Fundit

1875 1386 2088 1439 tandem
2137 1387 2456 1442 criminosus
2488 1391 2680 1443 uberes
2711 1388 2888 1454 fletus,
2918 1400 3195 1458 peccatum
3245 1397 3464 1469 fatetur,

1875 1483 2156 1549 pecuniam
2207 1486 2401 1552 reddit,
2431 1495 2482 1538 et.
2529 1487 2845 1555 abStilvitur,
2894 1490 3220 1560 domumque
3265 1503 3470 1549 remeat

1876 1574 2171 1631 absolutus.
2222 1579 2381 1632 Plebs
2412 1580 2568 1647 igitur
2598 1589 2796 1633 tantam
2827 1583 3079 1638 virtutem
3115 1587 3246 1639 mira
3279 1587 3466 1642 exsul-

1876 1671 2076 1722 tatione
2107 1679 2159 1723 ct
2190 1671 2442 1725 inetfabili
2476 1674 2628 1727 laude
2657 1675 2722 1726 ad
2767 1676 2934 1729 caelos
2959 1677 3134 1740 effert,
3169 1690 3220 1731 et
3254 1680 3324 1732 ita
3349 1681 3468 1748 glo-

1877 1760 2050 1814 riosus
2097 1763 2319 1817 antistes
2347 1766 2441 1818 fitit
2472 1765 2520 1819 in
2554 1766 2875 1820 defensione
2916 1769 3164 1836 pauperis
3210 1769 3386 1835 fortis,
3414 1773 3468 1826 in

1877 1853 2214 1909 absolutione
2275 1857 2550 1910 criiiiiuosi
2601 1861 2924 1923 misericors,
2986 1862 3315 1932 praebuitque
3368 1867 3470 1918 int-

156 1938 375 1993 Juliana
428 1941 667 2004 nomine,
696 1941 879 2005 vidua,
926 1951 982 1995 et
1028 1958 1186 2010 anus,
1227 1954 1280 1999 et
1325 1961 1524 2016 pauper
1561 1967 1571 2001 :
1606 1964 1764 2015 quam
1800 1931 1848 1992 Β
1876 1961 2059 2000 mensa
2090 1948 2371 2015 miracula,
2405 1952 2484 2002 vel
2519 1966 2637 2004 eum
2669 1952 2818 2005 audit
2846 1955 3207 2020 innocentem,
3244 1957 3325 2011 vel
3357 1959 3469 2012 sol-

156 2031 453 2085 arctabaiit
502 2033 704 2100 pariter
732 2034 988 2104 fragilitas
1019 2036 1175 2101 senii,
1201 2046 1256 2091 et
1285 2040 1536 2104 solitudo,
1562 2052 1613 2095 ct
1645 2058 1765 2107 ege-

154 2132 295 2177 stas.
331 2123 557 2192 Vigebat
590 2127 640 2177 in
669 2141 730 2179 ea
767 2136 943 2180 tamen
969 2128 1120 2182 fortis
1137 2131 1347 2183 animus
1378 2148 1765 2187 terutnnarum-

154 2229 270 2282 que
291 2224 662 2282 contemptor.
688 2215 813 2270 llmc
838 2233 944 2286 qtto
974 2219 1189 2288 propior
1215 2221 1394 2274 divino
1423 2225 1569 2291 operi
1605 2226 1760 2292 l'orct,

154 2312 419 2365 cellulam
454 2329 622 2384 prope
653 2317 822 2369 sancti
854 2320 1112 2372 antistitis
1143 2320 1423 2376 basilicam
1455 2325 1760 2390 collocavit,

154 2414 217 2457 ut
255 2405 638 2471 frequentiam,
673 2422 830 2474 quam
880 2410 1026 2462 tarda
1072 2425 1326 2465 senectus
1363 2415 1409 2466 ei
1456 2425 1762 2483 negaverat,

153 2497 414 2552 vicinitas
446 2500 659 2554 cellula:
691 2513 1040 2558 restauraret.
1071 2504 1205 2559 lltiic
1234 2510 1506 2562 mercandi
1531 2513 1765 2564 venden-

153 2587 330 2656 dique
361 2590 468 2642 vini
517 2605 670 2643 nsunt
707 2595 1024 2658 necessitas,
1053 2596 1320 2650 Variarutit
1359 2601 1552 2653 artium
1597 2603 1764 2669 inagi-

152 2689 302 2744 ltra,
356 2691 774 2738 monstraverat.
820 2685 1153 2742 lllercaliatur
1195 2694 1371 2761 itaque
1398 2696 1766 2763 veiidebatqiie

157 2773 270 2828 hoc
306 2773 472 2826 modo
503 2775 649 2838 viiia,
683 2777 909 2845 utquod
939 2793 1218 2845 supererat
1251 2785 1406 2850 pretii
1444 2787 1598 2838 fieret
1639 2787 1766 2840 sub-

152 2867 356 2920 stantia
385 2868 711 2932 laborantis;
747 2887 919 2940 neque
951 2875 1070 2942 plus
1099 2876 1228 2929 lucri
1254 2889 1473 2944 caperet
1504 2893 1766 2945 augmen-

153 2967 296 3021 tum,
334 2972 496 3026 quam
531 2962 700 3014 vietus
748 2965 1041 3019 necessitas
1084 2968 1407 3034 postulabat.
1448 2969 1603 3022 Venit
1637 2986 1765 3039 ergo

151 3050 225 3102 ad
261 3049 402 3104 hanc
435 3051 516 3105 vir
539 3054 754 3119 quidam
785 3057 952 3110 atroci
978 3060 1205 3122 scelere,
1242 3062 1360 3114 aliis
1394 3061 1550 3131 longe
1579 3065 1763 3118 erimi-

151 3144 313 3199 nosis
350 3149 655 3213 immanior,
684 3150 865 3218 aitque
902 3165 962 3205 se
991 3154 1126 3206 velle
1159 3155 1340 3207 vinum
1389 3159 1640 3210 mercari.
1676 3158 1764 3211 llla

155 3253 297 3294 vero
335 3256 458 3293 cuin
500 3244 637 3294 intra
666 3244 910 3296 cellulam
947 3247 1152 3315 recepit
1184 3258 1241 3301 tit
1271 3261 1592 3318 emptorem.
1625 3259 1679 3304 et
1708 3260 1765 3302 ut

151 3350 230 3390 ne
277 3335 481 3389 diutius
515 3346 721 3391 teneret
768 3353 941 3406 reum,
977 3339 1198 3394 forsitan
1245 3355 1642 3411 properantem,
1678 3358 1767 3398 cca

152 3427 398 3483 leritatis
424 3426 607 3480 studio
636 3429 836 3483 seniles
878 3431 1105 3501 castigat
1137 3448 1333 3486 moras.
1371 3433 1463 3488 Ille
1497 3450 1629 3490 vero
1658 3435 1766 3490 cir-

151 3528 544 3586 cumspectare
592 3519 758 3588 coepit
787 3520 993 3586 omnia,
1046 3523 1297 3592 vagisque
1329 3525 1618 3578 luminibus
1651 3525 1766 3579 uni-

151 3623 320 3664 versa
348 3623 691 3676 percurrere,
717 3612 760 3663 si
793 3625 912 3680 qua:
942 3623 1126 3666 essent
1154 3630 1273 3680 quae
1319 3617 1490 3669 viduae
1517 3616 1679 3670 simul
1713 3627 1767 3671 et

150 3705 390 3774 pauperi
441 3703 852 3758 crudelissimus
899 3705 1083 3772 pra-do
1115 3717 1297 3774 posset
1339 3707 1571 3762 auferre.
1631 3710 1762 3763 Dum

150 3811 296 3864 ergo
326 3796 443 3849 huic
483 3796 730 3850 muliebri
763 3797 976 3849 levitate
1008 3799 1274 3864 turbatur,
1306 3816 1427 3854 mox
1455 3801 1543 3856 ille
1572 3817 1765 3870 capsu-

150 3889 272 3945 lam
305 3903 429 3943 cum
459 3891 658 3958 exigua
705 3891 927 3957 pecunia
972 3892 1254 3960 conspicit,
1289 3894 1472 3962 diripit
1520 3896 1763 3950 abstulit-

148 3997 291 4054 que,
321 3991 375 4036 et
409 3983 530 4036 vino
556 3995 794 4038 mercato
820 3985 1044 4052 aufugit,
1080 3987 1335 4054 venitque
1376 3996 1497 4054 post
1525 3988 1760 4043 triduum

150 4077 318 4142 quasi
343 4075 703 4129 innocentiam
726 4090 878 4130 suam
907 4077 1319 4144 praesentialiter
1345 4089 1758 4136 monstraturus.

150 4169 255 4225 Illa
291 4168 436 4222 illico
482 4167 672 4221 nefarii
724 4167 856 4222 furis
900 4169 1222 4235 certissima,
1253 4173 1418 4239 Cpril
1464 4175 1676 4228 evolare
1709 4175 1759 4229 in

150 4261 362 4317 faciem
414 4261 549 4330 ejus,
585 4275 852 4330 Opemque
888 4263 1214 4318 clamoribus
1258 4280 1500 4334 (Illifl‘el'e
1535 4267 1762 4320 :crimi-

153 4369 334 4410 nosns
361 4363 415 4406 et
447 4354 564 4422 ipse
591 4354 936 4408 COIISCieﬂliiB
963 4371 1074 4409 suae
1097 4358 1302 4411 scelere
1332 4359 1573 4424 territus,
1604 4374 1763 4414 cursu

152 4446 348 4502 subito
378 4445 486 4498 cito
535 4459 594 4499 se
626 4445 854 4514 proripit
900 4463 1206 4516 equumque
1251 4450 1582 4504 conscendit.
1617 4452 1767 4504 Atius

156 4538 351 4610 prodit
398 4552 430 4591 e
475 4537 694 4601 cellula,
739 4539 963 4607 cupiens
1008 4541 1200 4610 praeire
1231 4542 1558 4598 clamoribus
1606 4560 1764 4613 quem

1869 2038 2044 2093 vendo
2070 2040 2378 2096 damnatum

1943 2155 2027 2207 l0.
2064 2155 2177 2208 Non
2208 2157 2365 2226 longo
2396 2174 2526 2213 vero
2555 2169 2675 2227 post
2701 2170 2963 2230 tempore,
2989 2162 3114 2216 dum
3146 2163 3259 2230 ipse
3287 2164 3340 2218 in
3375 2181 3468 2234 pe-

1868 2245 2047 2300 riculis
2074 2249 2228 2303 adest
2249 2252 2480 2314 famulis,
2503 2253 2748 2320 sequitur
2765 2254 2906 2307 clara
2933 2257 3101 2308 virtus
3122 2269 3183 2308 ac
3207 2257 3464 2311 maxima.

1868 2337 2095 2406 Jamque
2148 2341 2200 2392 iu
2233 2342 2254 2374 ιι
2299 2342 2681 2409 Septimaniam
2739 2346 2950 2413 quidam
3005 2348 3186 2400 vinum
3236 2351 3466 2404 mercari

1869 2433 2092 2499 cupiens
2125 2435 2462 2500 properabat,
2513 2436 2659 2503 prius
2693 2445 2869 2492 tamen
2921 2437 3196 2493 basilicam
3245 2443 3465 2510 gloriosi

1870 2525 2272 2592 lliUlllplltliif'iS
2318 2527 2595 2595 ingressus
2647 2532 2910 2585 tumulum
2960 2534 3076 2600 ejus
3121 2535 3290 2604 petit,
3349 2537 3466 2592 solo

1870 2624 2242 2684 prosternitur,
2271 2622 2676 2685 pro~peritatcm
2712 2624 2881 2688 poscit
2909 2624 3132 2684 itineris,
3157 2639 3279 2678 vcta
3303 2641 3467 2694 spon-

1869 2708 1977 2761 det.
2015 2708 2133 2762 Mox
2165 2709 2526 2776 progreditur,
2554 2711 2766 2782 levique
2797 2713 2979 2768 labore
3001 2713 3253 2770 diffusum
3283 2735 3468 2774 cmen-

1869 2816 1961 2856 Sus
1996 2801 2095 2854 iter
2126 2802 2178 2855 iii
2212 2802 2600 2871 Septimaniam
2648 2805 2816 2870 venit,
2865 2806 3046 2861 vinum
3075 2819 3366 2876 mercatur,
3403 2812 3469 2866 ad

1871 2897 2054 2950 urbem
2108 2907 2332 2952 remeat.
2383 2899 2449 2951 Et
2491 2900 2599 2967 jam
2635 2900 2892 2968 medium,
2945 2904 3200 2958 secundis
3229 2905 3468 2974 gaudetis

1870 2991 2052 3054 rebus,
2118 2991 2216 3044 iter
2257 2992 2664 3056 transgreditur.
2719 2991 2838 3047 Jam
2893 3009 3118 3050 summa:
3156 2996 3225 3051 tle
3270 2997 3470 3052 vertice

1871 3084 2020 3148 rupis
2044 3085 2247 3149 primm,
2284 3100 2440 3138 amne
2463 3085 2564 3139 leui
2599 3086 2853 3140 liuentem
2892 3097 2914 3125 ε
2951 3087 3181 3143 Tarnem
3209 3092 3472 3160 conspicit

1869 3173 2090 3227 ﬂumen.
2121 3173 2236 3228 Jaui
2286 3176 2494 3229 vicinus
2527 3177 2639 3231 urbi
2674 3179 2854 3233 alacer
2891 3194 3013 3234 eam
3057 3180 3314 3247 intuetur,
3357 3183 3468 3250 jam

1796 3295 1839 3356 ρ
1874 3277 2095 3319 vocatus
2140 3278 2260 3318 vota
2293 3267 2557 3322 dissolvit.
2613 3269 2747 3324 Dum
2791 3286 2920 3340 ergo
2949 3286 3045 3340 spe
3080 3282 3222 3328 totus
3253 3274 3304 3327 in
3338 3275 3471 3330 urbe

1874 3369 1978 3420 est,
2011 3370 2064 3412 et
2113 3359 2310 3414 excelsi
2362 3363 2560 3416 montis
2604 3361 2747 3431 jugia
2795 3365 2958 3433 cmpit
2989 3367 3202 3434 itinera,
3247 3377 3474 3437 repente

1869 3451 2035 3504 atroci
2095 3451 2240 3506 luctu
2293 3455 2482 3520 gaudia
2536 3459 2934 3520 perturbuitur.
2983 3457 3118 3512 Nam
3174 3461 3465 3529 impulsum

1868 3559 2002 3598 saxo
2032 3544 2337 3598 vehiculum
2390 3549 2648 3614 quatitur,
2698 3564 3032 3618 excussaque
3082 3551 3329 3606 vehiculo
3375 3567 3470 3606 vas

1868 3637 2039 3691 atroci
2074 3641 2295 3690 resultat
2325 3653 2484 3700 sono,
2529 3651 2688 3708 atque
2719 3641 2820 3694 itiia
2856 3651 3045 3710 potens
3075 3643 3230 3698 vallis
3261 3644 3314 3698 in
3357 3646 3472 3714 pla-

1869 3732 1954 3786 nis
2003 3731 2215 3786 tandem
2269 3733 2574 3785 collabitur.
2623 3735 2774 3800 Quod
2826 3747 3040 3801 emptor
3097 3739 3462 3806 perspiciens,

1867 3823 2141 3891 abrumpit
2168 3827 2468 3890 cmsarieiii,
2501 3840 2772 3894 genasque
2803 3826 3046 3892 dilaniat,
3079 3839 3127 3882 et
3159 3839 3374 3884 vertens
3400 3830 3467 3884 ad

1867 3918 2064 3970 muenia
2090 3918 2284 3970 oblitos
2309 3919 2561 3987 lacrymis
2589 3920 2799 3984 oculos,
2832 3919 2970 3973 fatur
2995 3921 3072 3976 sic
3103 3923 3286 3990 paucis
3316 3941 3330 3980 :
3365 3923 3467 3989 Te,

1868 4026 1903 4065 ο
1931 4013 2244 4066 beatissime
2277 4014 2536 4080 poutilex,
2583 4014 2737 4080 duec,
2773 4026 3015 4070 extrema
3057 4019 3163 4072 adii
3198 4018 3352 4084 loca;
3403 4036 3470 4075 cn

1870 4103 2122 4159 desertus
2151 4118 2180 4156 a
2215 4114 2287 4169 te,
2318 4104 2426 4172 jam
2474 4113 2660 4173 patriai
2691 4107 2954 4161 adductus
2985 4110 3036 4163 in
3070 4110 3282 4173 finibus.
3317 4117 3469 4183 gravi

1868 4215 2232 4255 aerumnarum
2281 4202 2423 4254 mole
2455 4216 2765 4270 oppressus,
2801 4203 2990 4271 dignas
3021 4207 3230 4259 meritis
3280 4223 3469 4276 ptenas

1871 4293 1984 4349 luo.
2020 4295 2144 4348 lltec
2167 4302 2347 4348 autem
2379 4293 2578 4362 ingenti
2625 4295 2768 4348 luctu
2801 4311 3257 4363 commemorans,
3288 4300 3356 4353 ad
3393 4302 3470 4355 lo-

1868 4399 1992 4438 cum
2022 4384 2072 4437 in
2105 4400 2212 4454 quo
2243 4400 2334 4435 vas
2367 4385 2642 4438 deciderat
2677 4389 3022 4455 pr0perabat,
3049 4404 3170 4444 cum
3205 4395 3473 4462 lacryiiias

1869 4478 2076 4533 scilicet
2113 4492 2268 4532 causa
2304 4479 2666 4548 lacryiiiaruni
2700 4489 2944 4548 augeret.
2991 4491 3045 4536 et
3092 4482 3248 4536 dolor
3289 4485 3471 4539 damni

1872 4573 2155 4640 prmsentis
2202 4571 2439 4639 majores
2491 4588 2519 4625 a
2573 4573 2770 4626 misero
2805 4588 2992 4642 pinnas
3031 4576 3293 4644 exigeret.
3336 4577 3470 4632 Cum

154 4631 326 4740 ξ’θηξξξ
355 4632 503 4700 “qm
538 4645 724 4732 mss“
765 4646 882 4740 """_
919 4641 1146 4740 pmfrat’
1179 4633 1548 4740 Adf’a'P'a"!
1583 4643 1760 4691 "me"
1790 4663 1846 4726 Ι)
1869 4631 1999 4733 ergo
2045 4663 2109 4718 ad
2143 4663 2316 4718 locum
2346 4664 2480 4717 flens
2509 4666 2674 4732 Venit,
2706 4665 2900 4734 aspicit
2947 4679 3171 4734 repente
3197 4673 3468 4740 stupende

154 4723 447 4781 basilicam
496 4725 710 4791 erigens
766 4724 970 4788 oculos,
1015 4723 1117 4778 hoc
1177 4723 1319 4779 fideli
1372 4726 1654 4782 devotione
1710 4737 1765 4782 et

156 4817 406 4875 maxima
439 4830 569 4870 voce
598 4816 963 4886 proclamabat
993 4833 1008 4872 :
1038 4818 1114 4873 Ne
1143 4821 1311 4888 sinas,
1347 4834 1554 4876 summe
1585 4835 1765 4876 Sacer-

155 4913 293 4978 dos,
320 4909 680 4979 defensorque
701 4908 1015 4981 fortissime,
1040 4913 1190 4968 abire
1222 4913 1528 4983 praedonem
1561 4930 1763 4984 meum,

237 5082 264 5106 υ
310 5069 500 5126 Surius
545 5087 559 5123 :
615 5069 767 5123 micat
829 5071 941 5124 luce
995 5072 1072 5124 vel
1133 5071 1408 5138 splendore
1464 5075 1762 5126 meritorum

158 5144 334 5205 clara,
361 5143 440 5194 uel
480 5141 639 5213 iilatte
668 5143 835 5194 crucis
881 5143 1162 5205 tormentis,
1206 5159 1350 5196 roseo
1383 5145 1530 5212 quasi
1561 5146 1764 5213 fulgore

159 5227 466 5285 purpurea.
488 5210 628 5285 Nam
658 5213 767 5277 ipse
793 5215 846 5264 in
879 5221 1028 5266 semet
1057 5224 1349 5284 persecutor
1391 5210 1763 5283 exstinguenda

162 5283 294 5340 nua
336 5283 573 5338 exstitit..
606 5286 920 5351 adeptusque
968 5293 1042 5336 est
1083 5300 1265 5336 novum
1297 5301 1400 5338 non
1431 5287 1629 5352 mortis,
1672 5289 1761 5339 sed

163 5357 439 5410 crtrnis....
500 5356 776 5407 Amantius
806 5356 858 5406 in
887 5355 1052 5418 seipso
1081 5354 1276 5408 hostem
1327 5365 1374 5408 et
1422 5359 1760 5426 persequitur,

163 5439 290 5484 et...
341 5442 481 5480 mors
523 5426 747 5495 pretiosa
789 5427 1017 5480 viventis.
1069 5427 1198 5492 Quae
1230 5437 1528 5497 sequuntur
1571 5430 1765 5482 desunt

162 5514 377 5555 omnia.

243 5570 274 5610 ιο
314 5568 644 5637 Septimania
702 5567 890 5622 Gallia!
959 5569 1229 5636 provincia
1295 5579 1417 5635 est,
1475 5587 1591 5636 qua:
1637 5571 1765 5626 olim

170 5642 608 5711 Wisigotharum
638 5639 875 5711 regibus,
909 5639 960 5695 in
995 5641 1246 5710 llispania
1279 5642 1612 5711 degentibus,
1641 5644 1768 5696 sub-

166 5709 460 5785 jicieliatur
503 5730 518 5785 _:
573 5709 838 5785 interdum
886 5709 1176 5785 propterci
1235 5709 1488 5779 Hispania
1537 5713 1768 5769 Citerior

170 5781 314 5841 dicta
345 5794 450 5838 est.
501 5783 644 5848 Lege
671 5781 845 5835 Vales.
885 5783 978 5835 liti.
1013 5799 1083 5836 vn
1136 5785 1332 5836 lterum
1368 5785 1636 5849 Francia,
1673 5786 1758 5838 ubi

172 5859 278 5915 hoc
309 5870 643 5923 postreiiiutn
694 5868 755 5906 ex
807 5863 1044 5906 veterum
1095 5857 1416 5910 testimoniis
1457 5858 1757 5913 confirmat.

248 5940 272 5968 ι
304 5927 501 5984 Tarnis
526 5924 673 5981 ﬂuvii
702 5926 937 5979 nictuinit
967 5925 1216 5979 Sidonius
1240 5931 1563 5990 Apollinaris
1590 5944 1756 5983 Carm.

540 6047 820 6107 Ps'rnor.
861 6043 1278 6107 LXXXVHI.

1874 4757 2155 4826 miraculo,
2198 4770 2291 4810 vas
2338 4757 2606 4825 integrum
2639 4760 2874 4828 vinoque
2915 4761 3152 4828 plenum,
3198 4771 3254 4817 et
3293 4775 3476 4833 patro-

1873 4869 2024 4919 num,
2057 4869 2215 4920 quem
2238 4853 2565 4923 querebatur
2593 4855 2896 4923 absentem,
2927 4857 3129 4915 virtute
3159 4861 3303 4915 clara
3333 4877 3472 4932 prai-

1874 4954 2083 5000 sentem
2113 4944 2384 5015 intelligit.
2417 4946 2694 5018 Lacrymaa
2740 4947 2902 5020 igitur
2928 4960 3210 5008 vertuntur
3238 4953 3292 5008 in
3337 4970 3472 5027 gau-

1869 5106 1960 5171 24,
1991 5105 2061 5162 ita
2091 5107 2368 5178 alloquens
2398 5106 2640 5162 libellum
2674 5127 2685 5161 :

2119 5199 2305 5264 Hom!!!
2327 5211 2436 5264 cum
2459 5199 2619 5249 fueris
2640 5202 2749 5264 sinu
2775 5208 3028 5264 receptus,

2122 5260 2223 5309 liiis
2246 5261 2515 5323 Trevidon,
2535 5270 2587 5311 et
2607 5262 2916 5312 calumniosis

2121 5323 2342 5372 Vicinum
2370 5325 2531 5383 nimls,
2559 5325 2683 5373 heul
2705 5327 2876 5386 jugum
2901 5326 3156 5379 Ruthenis.

2117 5447 2245 5514 ﬂlnc
2267 5455 2320 5498 to
2349 5449 2549 5510 Lcsora,
2577 5451 2841 5500 Caucasum
2867 5453 3158 5514 Scytharum

2119 5509 2351 5577 )‘iticons,
2379 5515 2602 5573 aspiciet,
2623 5516 2846 5577 citusque
2867 5509 3064 5576 Tarnis,

2120 5571 2387 5640 Limosuiii,
2413 5571 2463 5623 et
2482 5577 2638 5626 solido
2661 5571 2836 5638 sapore
2855 5571 3097 5640 pressum,

2117 5635 2309 5686 Piscom
2338 5640 2594 5698 perspicua
2620 5635 2806 5702 gerens
2835 5635 2880 5687 in
2905 5641 3051 5689 unda.

1869 5721 2038 5776 Porro
2073 5721 2256 5774 Tarnis
2288 5721 2372 5788 (ut
2413 5722 2594 5777 subdit
2641 5725 2710 5777 cl.
2745 5724 3063 5779 Sirmondiit
3111 5725 3163 5778 in
3210 5726 3352 5780 notis
3400 5728 3467 5782 ad

1871 5793 2178 5855 Sidonium)
2227 5795 2416 5864 ﬂuvius
2446 5795 2638 5855 uuril‘rr
2686 5807 2782 5856 est,
2814 5799 2901 5864 qui
2939 5814 2965 5849 e
3012 5796 3260 5852 Cebennis
3303 5807 3471 5864 ortus,

1872 5882 1961 5935 per
2005 5866 2292 5934 Aquitania:
2326 5864 2773 5936 Nat'boiicustsque
2820 5871 2946 5938 ﬁnes
2990 5869 3239 5923 evolvitur
3279 5871 3335 5923 in
3359 5868 3471 5925 Ga-

1873 5952 2108 5990 rumnum
2119 5980 2128 5990 .

3011 6044 3083 6104 17
