4192 6548
757 406 862 464 525

1467 401 1788 459 VENANTII
1827 401 1986 459 HON.
2027 402 2229 462 CLEM.
2275 399 2672 460 FORTUNATI
2713 403 3002 464 OPERUM
3035 406 3222 467 PARS
3257 409 3321 466 ll.

3937 410 4041 469 εει

756 522 864 586 dia,
894 525 948 573 et
1001 530 1201 573 mearor
1248 518 1299 571 iit
1353 515 1590 571 laetitiam
1620 525 1974 585 permutatur.
2025 516 2092 571 Et
2123 517 2195 574 ita
2241 517 2340 572 fuit
2367 517 2421 579 Α
2447 532 2634 572 manus
2674 518 2864 589 illaesa,
2893 521 3270 594 abstractaque
3310 537 3497 582 rursus
3525 527 3680 584 oneri
3720 529 3818 599 pio
3871 531 4038 604 subjiv

756 612 977 681 majoris
1019 609 1282 674 miraculi,
1335 622 1468 670 rem,
1519 607 1828 677 patrociniis
1869 608 2122 665 antistitis
2164 612 2338 666 sancti

753 706 1120 767 commissam,
1172 705 1248 756 sic
1299 702 1462 758 fuisse
1505 704 1789 768 salvatam,
1835 718 1993 774 quam
2026 720 2130 760 non
2177 707 2340 761 fuisse

751 799 1048 870 dilapsam;
1079 797 1239 850 duras
1267 805 1452 850 cautes
1485 811 1588 851 non
1624 796 1881 863 sensisse,
1904 799 2028 852 dum
2059 799 2339 854 collidere-

753 903 862 963 tur,
894 906 1048 962 quam
1079 890 1315 946 evasisse
1357 890 1610 959 pericula,
1638 889 1766 944 dum
1810 899 2134 960 servaretur,
2176 907 2336 948 exce-

753 989 899 1057 pisse
923 999 1132 1054 aspera,
1162 991 1218 1038 et
1259 983 1499 1039 nescisse
1536 982 1882 1049 discrimina;
1914 984 2169 1040 transisse
2199 985 2337 1040 inter

751 1086 1039 1149 praerupta,
1068 1091 1226 1146 quam
1257 1077 1302 1131 si
1346 1089 1376 1129 a
1408 1074 1699 1145 praeruptis
1731 1083 1878 1131 esset
1921 1076 2125 1146 integre
2153 1085 2334 1132 custo-

747 1169 875 1224 dita.

821 1261 908 1314 ll.
943 1258 1184 1314 Nondum
1215 1272 1426 1328 quoque
1449 1258 1741 1316 multorum
1759 1274 1980 1316 emensa
2009 1269 2332 1331 temporum,

745 1355 875 1409 orbe
903 1353 1188 1419 compieto,
1223 1353 1494 1408 redierant
1524 1354 1813 1418 curricula,
1842 1368 1963 1409 cum
2005 1354 2063 1410 S.
2089 1353 2334 1421 Quintia-

745 1462 844 1500 nus
871 1447 1156 1516 episcOpus
1201 1455 1325 1500 ante
1371 1452 1722 1499 sacrosancta
1755 1445 1939 1499 altaria
1969 1460 2218 1515 capacem
2250 1455 2334 1501 tu-

746 1543 876 1598 muli
910 1543 1080 1595 locum
1125 1540 1309 1609 elegit,
1339 1539 1430 1594 ubi
1464 1540 1635 1609 ipsum
1673 1539 1808 1594 miro
1848 1555 2011 1609 opere
2050 1548 2105 1594 et
2149 1540 2331 1594 lauda-

745 1635 837 1688 bili
864 1643 982 1688 arte
1021 1633 1323 1688 collocavit.
1375 1633 1503 1686 Nam
1535 1634 1680 1702 prius
1711 1633 1761 1686 in
1791 1632 2006 1686 basilica
2033 1633 2202 1688 sancti
2232 1634 2331 1688 viri

741 1742 971 1787 extensa
1017 1731 1319 1798 sepulcrum
1351 1729 1494 1782 velut
1533 1728 1848 1797 praefulgens
1896 1728 2096 1797 lampas
2145 1729 2327 1798 splen-

741 1821 872 1875 dore
903 1821 1128 1889 propria:
1171 1819 1430 1874 claritatis
1470 1829 1680 1874 mentes
1737 1821 2161 1888 exspectantium
2210 1821 2326 1875 illu-

739 1910 964 1964 strabat.
1000 1909 1109 1964 lloc
1133 1909 1310 1974 itaque
1357 1917 1462 1962 tam
1506 1909 1781 1976 pulchrum
1813 1909 2017 1964 facinus
2047 1912 2328 1979 episcopus

738 2015 918 2058 tuente
945 2003 1210 2070 concepit,
1262 2003 1544 2056 devotione
1576 2001 1886 2069 spopondit,
1920 2013 2324 2058 consummato-

738 2114 842 2168 que
869 2113 1052 2165 opere,
1100 2097 1241 2150 diem
1273 2110 1438 2148 sacra:
1477 2094 1844 2150 translationis
1875 2097 2170 2150 Constituit.
2203 2097 2329 2152 lltec

738 2207 865 2260 ergo
895 2190 1173 2244 celerrima
1223 2189 1361 2241 fama
1411 2187 1739 2254 percrebuit,
1773 2198 1828 2240 et
1872 2202 1976 2240 non
2025 2190 2197 2240 solum
2228 2186 2329 2240 dif-

739 2284 871 2336 fusae
902 2282 1048 2334 urbis
1076 2279 1324 2333 conclusa
1355 2278 1578 2331 ﬁmbriis
1610 2279 1747 2342 loca,
1777 2277 1870 2332 sed
1914 2279 2140 2334 diversa:
2165 2278 2326 2335 etiam

736 2377 921 2441 urbes,
953 2374 1299 2443 conlitiesque
1349 2374 1653 2440 provinciae,
1705 2373 1788 2427 vel
1836 2376 2116 2442 pontilices
2159 2377 2224 2430 ad
2275 2377 2328 2431 id

739 2467 937 2520 misere
970 2465 1046 2517 vel
1076 2464 1322 2533 populos.
1359 2463 1509 2518 Fidei
1543 2463 1722 2532 itaque
1766 2466 2138 2520 convenientia
2181 2482 2327 2520 com-

740 2558 903 2628 pleta,
924 2557 1069 2610 venit
1097 2557 1257 2609 etiam
1285 2569 1316 2608 e
1339 2553 1671 2608 Narbonensi
1703 2555 1833 2609 urbe
1856 2555 2142 2610 Marturins
2163 2557 2326 2612 abbas

716 2651 952 2722 quidam
985 2649 1267 2704 laudabilis
1317 2657 1371 2702 et
1419 2650 1527 2702 vita
1567 2650 1904 2717 conspicuus.
1939 2649 2098 2703 Prius
2145 2661 2324 2705 tamen

738 2741 932 2796 artifex
985 2741 1198 2807 eligitur
1247 2739 1337 2807 qui
1373 2739 1578 2792 tumulo
1621 2738 1960 2806 Cil'Cllllljf‘Cla
2007 2740 2188 2793 demat
2234 2741 2325 2808 qui

738 2836 918 2889 statim
960 2848 1126 2887 saera:
1171 2832 1532 2886 vent-rationis
1582 2833 1753 2884 locum
1807 2834 2096 2896 ittgrtisrlts,
2134 2833 2320 2886 ευ).ίυὶ

749 2936 898 2982 motu
931 2927 997 2980 de
1039 2925 1288 2992 sepulcro
1329 2923 1570 2991 Opposita
1599 2923 1827 2992 expulit,
1863 2925 1955 2977 sed
1987 2925 2126 2977 illico
2156 2925 2323 2977 insur-

741 3020 914 3089 gentis
951 3019 1189 3072 dexterae
1238 3017 1345 3069 ictu
1390 3029 1676 3083 percussus
1718 3016 1994 3084 ingemuit,
2042 3017 2324 3085 nltricique

738 3125 896 3180 parua
931 3108 1204 3162 temc'itas
1238 3105 1485 3174 prolapsa
1528 3105 1830 3171 procubuit.
1890 3105 2113 3174 Jamque
2157 3121 2322 3160 sacra:

739 3198 1101 3255 translationis
1148 3197 1319 3250 dicata
1351 3196 1468 3250 dies
1491 3196 1759 3263 illuxerat,
1799 3213 1916 3265 qua:
1949 3199 2148 3265 primos
2175 3197 2323 3252 urbis

741 3291 928 3345 Romae
956 3291 1205 3344 doctores
1239 3289 1454 3342 Petrum
1497 3297 1551 3342 et
1577 3285 1823 3354 Paulum,
1861 3287 1966 3340 duo
1998 3287 2181 3341 mundi
2224 3289 2323 3341 sci-

740 3383 866 3437 licet
895 3385 1123 3434 maxima
1175 3379 1396 3444 lumina,
1432 3377 1741 3446 triumphali
1791 3377 2050 3446 supplicio
2093 3380 2323 3433 vietores

745 3475 892 3530 misit
918 3474 984 3528 ad
1015 3474 1203 3528 caelos.
1238 3473 1346 3526 llac
1375 3487 1504 3542 ergo
1533 3473 1621 3528 die
1642 3473 1878 3526 omnium
1906 3480 2208 3538 exspectata
2237 3487 2323 3525 voc

741 3567 811 3619 tis
860 3563 1170 3618 sacerdotes
1215 3562 1428 3627 adsunt,
1475 3563 1652 3630 populi
1705 3563 2001 3624 conlinunt,
2036 3561 2207 3614 oratio
2256 3576 2321 3616 ex

746 3673 896 3712 more
918 3656 1190 3720 indicitur,
1219 3654 1369 3718 plebs
1392 3654 1506 3706 solo
1525 3651 1893 3719 prosternitur,
1919 3651 2153 3705 tumulus
2174 3666 2323 3705 com-

741 3757 1007 3804 movetur.
1071 3746 1188 3800 Mox
1232 3759 1360 3798 vero
1405 3743 1679 3810 repentino
1727 3743 1983 3796 miraculo
2026 3750 2168 3794 tanta
2214 3743 2321 3794 fra-

751 3842 954 3912 grantia
1000 3839 1066 3894 de
1096 3837 1299 3892 tumqu
1341 3833 1662 3890 ineffabilem
1709 3834 1961 3887 exhalans
2006 3831 2322 3886 suavitatem

744 3934 960 4004 prodiit,
986 3940 1042 3986 ut
1065 3945 1174 3986 non
1203 3929 1379 3984 solum
1402 3936 1652 3981 cunctum
1685 3926 1736 3978 in
1766 3932 1946 3979 sancta
1978 3925 2200 3979 ecclesia
2226 3938 2321 3991 po-

743 4026 946 4095 pulum,
993 4036 1179 4077 vernm
1228 4020 1386 4074 etiam
1436 4017 1593 4072 sitam
1643 4017 1694 4070 in
1735 4016 2022 4084 porticibus
2071 4015 2324 4082 atriisque

743 4117 952 4186 plebem
998 4112 1278 4168 dulcedine
1325 4109 1488 4163 nimia
1525 4111 1778 4176 repleret,
1807 4118 1861 4162 et
1904 4107 2050 4161 velut
2093 4105 2323 4174 quodam

743 4204 1116 4261 retributionis
1149 4214 1392 4262 munere,
1421 4197 1640 4267 speciali
1672 4197 1909 4260 banstro,
1941 4195 2207 4250 reficeret.
2239 4194 2322 4249 ln-

745 4307 890 4352 terea
921 4293 1174 4365 subjectis
1204 4290 1449 4347 manibus
1477 4287 1710 4342 ﬁdelium
1743 4285 1986 4340 vehiculo
2014 4285 2139 4339 felix
2190 4299 2322 4342 onus

744 4387 990 4450 infertur,
1021 4382 1227 4438 tumulo
1256 4393 1443 4435 manus
1491 4377 1731 4433 Marturii
1761 4376 1970 4430 abbatis
2015 4376 2323 4444 comprimi-

747 4490 854 4533 tur.
887 4476 979 4528 Ille
1007 4489 1139 4528 vero
1171 4485 1346 4541 neque
1377 4483 1592 4523 manum
1625 4473 1897 4521 retrahere
1927 4466 2324 4536 nititur,neque

745 4566 1204 4625 circumstantium
1253 4578 1431 4633 opem,
1481 4560 1552 4616 uti
1599 4560 1903 4629 sepulcrum
1945 4559 2200 4622 elevetur,
2242 4557 2320 4612 in-

744 4661 926 4731 quirit.
957 4658 1062 4713 Sed
1090 4658 1186 4725 piis
1210 4654 1482 4725 questibus
1503 4653 1757 4706 auxilium
1777 4651 2066 4706 beatissimi
2090 4651 2322 4706 Amantli

747 4753 1031 4817 implorare
1060 4761 1166 4801 non
1213 4745 1434 4809 desinit,
1465 4743 1577 4796 hazc
1607 4741 1791 4795 humili
1823 4755 1952 4796 voce
1995 4755 2321 4796 commento-

751 4857 876 4895 ran.
907 4857 918 4891 :
952 4838 1093 4902 Noli,
1139 4835 1390 4891 sacerdos
1427 4833 1695 4904 quondam
1738 4843 1939 4897 noster,
1968 4848 2107 4888 nunc
2146 4833 2324 4888 socius

753 4935 1086 4999 angelorum,
1135 4930 1240 4983 noli
1273 4929 1573 4997 Opprimere
1604 4941 1816 4982 manum
1867 4927 2068 4992 famuli,
2099 4942 2166 4981 ne
2212 4942 2324 4983 ser-

758 5040 881 5076 vum
915 5033 1059 5076 tuum
1092 5022 1200 5073 ullo
1232 5019 1533 5072 afﬂictionis
1555 5033 1787 5074 maerore
1809 5033 2122 5088 eanperes;
2148 5019 2324 5088 jucun-

757 5115 872 5168 dior
921 5113 1047 5166 mihi
1091 5111 1249 5166 melle
1297 5111 1560 5174 dulcedo,
1615 5125 1681 5164 ne
1727 5111 1874 5164 sinas
1913 5111 2101 5178 gaudia
2148 5119 2325 5164 nostra

753 5203 982 5259 tristitia:
1015 5201 1194 5255 nubilo
1217 5199 1490 5264 maculari,
1512 5200 1761 5269 gaudium
1792 5210 1846 5252 et
1870 5200 2156 5255 exsultatio
2188 5216 2322 5268 mea,

753 5312 910 5365 quem
955 5293 1022 5348 ad
1070 5294 1456 5348 solemnitatem
1502 5301 1646 5346 tuam
1694 5293 1989 5362 perduxisti
2040 5293 2324 5362 hospitem,

757 5390 964 5444 cellula:
994 5388 1156 5443 reduc
1185 5403 1295 5442 sua:
1342 5389 1696 5444 incolumem!
1734 5389 1830 5443 Vix
1880 5388 2038 5443 verba
2090 5388 2323 5458 ﬁniebat,

757 5493 878 5534 cum
920 5481 1160 5534 elevatur
1186 5479 1365 5534 subito
1412 5489 1601 5549 sponte
1639 5480 1893 5546 tumulus,
1924 5488 1976 5534 et
2003 5479 2329 5534 abstraltitur

828 5614 1224 5678 ﬂMarcomani,
1273 5629 1403 5682 gens
1442 5615 1769 5679 Germaniae,
1824 5629 1883 5668 ea
1917 5613 2167 5667 tenebant
2215 5613 2326 5667 loca

759 5688 846 5740 ubi
880 5702 1022 5740 nunc
1052 5687 1246 5752 degunt
1273 5688 1468 5740 Moravi
1503 5697 1587 5739 aut
1625 5685 1826 5748 lloemi,
1859 5694 1912 5738 ut
1945 5685 2056 5736 vult
2087 5684 2324 5750 Cluver.,

755 5759 832 5810 sic
863 5757 1110 5821 appellati
1143 5760 1210 5805 ait
1237 5761 1369 5823 equis
1394 5774 1410 5818 ;
1435 5759 1574 5823 quod
1613 5760 1706 5824 ipsr
1739 5771 1954 5821 equum,
1990 5772 2025 5806 ci
2047 5757 2136 5815 Ite,
2171 5771 2327 5822 quem

757 5828 834 5883 Ge
860 5830 1008 5880 mani
1041 5829 1218 5878 λιιρνείι
1242 5846 1290 5890 ;ι,
1325 5833 1584 5881 vocabant
1614 5848 1622 5878 :
1657 5839 1710 5879 ut
1743 5829 1929 5887 legitur
1963 5829 2012 5878 it.
2064 5839 2204 5878 notis
2240 5827 2326 5878 lli-

752 5899 899 5953 cardi
929 5898 1219 5953 Bartlt'ol'ttti
1251 5900 1484 5955 debello
1517 5903 1702 5953 Not-icit
1735 5901 1766 5951 l.
1803 5913 1916 5964 vnt,
1949 5897 2080 5967 apud
2114 5897 2321 5952 Jllilllm

2353 4609 2405 4670 D

2447 613 2603 668 citur.

2514 703 2603 758 12.
2635 702 2842 760 Interea
2872 706 3090 762 obvium
3131 707 3236 764 sibi
3274 713 3558 781 quemdam
3587 716 3901 774 vehiculum
3930 721 4034 777 im-

2445 794 2598 863 pulit,
2620 796 3020 866 impulsumque
3043 803 3357 872 prostravit,
3377 813 3541 876 atque
3559 807 3856 878 obliquatis
3881 812 4035 868 strati

2443 887 2666 955 pedibus
2706 888 3013 946 discurrens
3047 901 3167 947 rota
3211 897 3564 963 pertransiit:
3609 900 3706 955 sed
3747 901 3821 956 ita
3861 905 4035 960 mina-

2448 994 2564 1036 cem
2597 982 2851 1052 impetnm
2874 986 3022 1055 jussa
3049 990 3352 1059 suspendit,
3371 1001 3429 1046 ut
3454 1007 3554 1049 nec
3582 1008 3803 1051 sensum
3825 998 4028 1056 doloris

2441 1079 2610 1128 strato
2647 1074 2929 1144 indigeret,
2963 1093 3062 1134 nec
3104 1081 3258 1152 signa
3298 1082 3483 1138 livoris
3527 1085 3884 1157 imprimeret.
3920 1089 4023 1145 Cu-

2439 1165 2606 1219 currit
2629 1180 2757 1236 ergo
2799 1179 2946 1224 motu
2981 1171 3169 1237 celeri,
3203 1189 3306 1231 nec
3335 1176 3576 1243 subjecta
3622 1182 3901 1249 contrivit,
3934 1183 4029 1238 sed

2440 1257 2736 1313 ministeria
2781 1263 3066 1332 complevit
3097 1265 3322 1329 itineris,
3356 1269 3666 1340 relinquens
3710 1273 3862 1344 signa
3913 1276 4027 1330 vir-

2441 1351 2588 1405 tutis.
2642 1351 2782 1408 Inter
2833 1354 2947 1410 haec
2997 1372 3126 1413 vero
3171 1358 3551 1416 miraculomm
3595 1365 3846 1436 insignia,
3881 1369 4028 1425 nullo

2439 1442 2762 1509 impediente
2791 1445 2991 1513 labore,
3013 1462 3224 1504 summo
3245 1461 3556 1508 cunctorum
3579 1457 3801 1526 gaudio,
3819 1461 3870 1514 in
3904 1461 4026 1516 loco

2442 1535 2678 1590 studiose
2704 1550 3025 1606 praeparato,
3055 1543 3294 1603 reliquias
3323 1559 3488 1602 sacras
3519 1549 3842 1606 conduntur.
3881 1555 4026 1610 Non-

2435 1627 2562 1681 nulli
2589 1640 2764 1684 antem
2790 1633 2854 1686 ad
2885 1637 3140 1690 tumulum
3169 1639 3339 1692 sancti
3364 1642 3462 1694 viri
3494 1657 3694 1698 vesano
3722 1661 4023 1720 praesump-

2435 1731 2552 1771 sere
2599 1733 2729 1773 ausu
2760 1723 2932 1776 scelus
2965 1727 3126 1792 priori
3166 1729 3372 1784 scelere
3415 1733 3723 1801 cumulare;
3756 1738 3852 1792 sed
3893 1754 4020 1795 eor-

2437 1813 2573 1877 repti
2621 1815 2861 1881 protinus
2893 1817 3071 1873 furore
3115 1817 3441 1888 lymphatico
3487 1824 3699 1882 solvere
3728 1832 4017 1902 supplicia,

2358 1890 2407 1950 B
2435 1904 2726 1975 alﬁictique
2774 1909 3013 1964 horribili
3042 1910 3277 1976 fremitu,
3311 1924 3366 1969 et
3413 1918 3637 1973 occultis
3667 1890 3848 1977 exusti
3871 1890 4024 1980 llam:

2434 1998 2536 2051 mis
2567 1999 2916 2066 prodiderunt
2942 2003 3111 2068 nefas,
3137 2004 3482 2062 reddiderunt
3519 2009 3751 2080 sublata,
3785 2024 4024 2083 prostra-

2435 2093 2578 2161 tique
2606 2094 2741 2160 solo,
2778 2096 2990 2150 veniam
3023 2097 3225 2164 petiere
3247 2097 3543 2156 facinorum
3588 2120 3602 2156 :
3641 2119 3703 2158 ac
3726 2107 3845 2161 sine
3872 2124 4023 2164 mora

2435 2185 2728 2242 beatissimi
2769 2188 2964 2244 virtute
2994 2189 3267 2257 antistitis,
3311 2192 3560 2249 obscenis
3603 2200 3872 2269 contagiis
3909 2216 4023 2258 rne-

2432 2290 2592 2332 rucie
2632 2279 2868 2346 purgari.
2901 2280 2976 2333 Ita
3009 2280 3106 2335 bos
3137 2291 3189 2337 et
3217 2282 3349 2338 ultio
3372 2284 3513 2354 justa
3547 2290 3803 2356 perculit,
3835 2301 3890 2348 et
3921 2294 4022 2349 mi-

2433 2369 2630 2421 seratio
2661 2369 2875 2436 pietatis
2905 2371 3152 2426 absolvit.

2507 2458 2592 2510 15.
2637 2460 2840 2514 llnr~us
2889 2477 3010 2514 cum
3054 2461 3306 2518 adversus
3353 2463 3730 2526 Rutltenenses
3763 2472 4022 2530 ‘Marco-

2430 2551 2574 2606 mani
2606 2563 2780 2606 truces
2822 2553 3154 2620 ingruerent,
3181 2571 3500 2625 omnemque
3538 2560 3646 2614 late
3683 2564 4020 2628 provinciam

2431 2641 2554 2696 belli
2590 2643 2726 2694 nube.
2761 2645 3054 2707 texissent;
3087 2643 3253 2698 atroci
3279 2648 3477 2700 etenim
3510 2663 3707 2704 corona
3737 2653 4020 2710 cinxerant

2429 2732 2725 2794 civitatem,
2758 2732 3050 2786 horrebant
3073 2749 3351 2788 murorum
3379 2737 3660 2806 interiecto
3683 2741 4014 2811 discrimine,

2429 2825 2629 2878 strictis
2661 2839 2859 2878 nmero:
2887 2827 3025 2880 il-us.
3061 2827 3304 2882 Addebat
3352 2832 3512 2886 etiam
3555 2831 3805 2888 ﬁduciam
3846 2835 4019 2891 hosti-

2429 2914 2528 2967 bus
2577 2915 3096 2986 mnltitndningens,
3146 2928 3331 2973 natura
3363 2921 3532 2988 ferox,
3564 2940 3794 2992 quorum
3840 2928 4020 2996 fugam

2427 3009 2703 3060 sternebat
2747 3007 2942 3075 passim
2983 3008 3094 3061 dira
3128 3012 3264 3077 lues,
3302 3011 3492 3066 immiti
3542 3028 3692 3080 ense,
3744 3016 3885 3072 fame
3921 3019 4018 3074 ob-

2427 3113 2608 3152 scena.
2644 3099 2926 3168 Consurgit
2956 3100 3172 3154 tandem
3205 3103 3257 3155 in
3288 3103 3545 3159 ultionem
3577 3107 3905 3164 famulorum
3931 3125 4024 3166 sa-

2429 3191 2619 3243 cerdos
2682 3200 2864 3244 noster
2920 3201 3388 3261 propugnatorqne
3429 3196 3781 3264 lortissinius,
3837 3209 3895 3256 et
3949 3203 4021 3258 ita

2430 3293 2643 3350 gentem
2681 3289 2843 3335 totam
2875 3297 2982 3336 uno
3015 3284 3211 3339 timore
3241 3289 3524 3354 percussit,
3554 3292 3697 3359 quod
3734 3294 4021 3349 disceden-

2434 3383 2512 3427 tes
2541 3386 2742 3440 pavore
2774 3372 2951 3440 fugant
2977 3373 3299 3443 arriperent,
3331 3376 3469 3432 sicut
3498 3380 3806 3438 vehementi
3839 3388 4021 3443 furore

2431 3482 2577 3520 arma
2608 3477 2915 3535 rapuerant.
2947 3468 3079 3522 Nam
3124 3485 3246 3524 cum
3279 3470 3588 3527 fortissimae
3635 3480 3811 3543 gentis
3853 3479 4020 3532 duces

2431 3559 2843 3630 ingrederentur
2874 3577 2940 3615 ex
2988 3577 3138 3617 more
3166 3562 3462 3627 basilicam,
3518 3566 3592 3618 uti
3632 3580 3720 3621 res
3750 3570 4019 3624 secundas

2428 3662 2720 3718 poscerent
2750 3652 2883 3717 suis,
2934 3653 3195 3707 tumulum
3227 3655 3431 3722 petiere
3456 3671 3468 3706 :
3493 3656 3674 3710 statim
3728 3659 4020 3727 circumjeo

2428 3751 2514 3795 cta
2565 3743 2814 3810 sepulcro
2841 3741 3109 3798 velamina
3157 3757 3296 3798 nunc
3345 3744 3572 3800 alteram
3625 3748 3677 3800 itt
3711 3759 3920 3816 partem
3965 3762 4020 3806 ut

2428 3841 2543 3886 acta
2575 3833 2759 3888 ﬂabris
2803 3849 2956 3888 nove
2984 3835 3194 3890 virtutis
3245 3835 3503 3891 miraculo
3550 3835 3857 3907 sinuantur,
3906 3856 4021 3895 ma-

2428 3939 2564 3994 gnus
2616 3941 2646 3980 θ
2703 3926 2909 3980 tumulo
2963 3926 3196 3996 liquatur
3251 3929 3462 3981 sudor:
3497 3930 4020 3989 commemoratione

2428 4017 2588 4072 etiam
2639 4019 2774 4071 mira
2825 4033 3037 4073 sacrum
3079 4018 3146 4074 de
3191 4021 3397 4074 tumulo
3447 4020 3691 4076 velamen
3721 4024 4021 4092 excutitur,

2430 4118 2746 4164 sternuntur
2771 4109 2888 4164 solo
2912 4110 3096 4176 duces,
3127 4126 3224 4180 pro
3243 4111 3412 4180 gloria
3435 4109 3691 4178 reditum,
3715 4112 3896 4182 fugam
3920 4130 4020 4184 pro

2428 4204 2685 4260 felicitate
2727 4213 3034 4274 poscentes,
3064 4214 3119 4260 et
3150 4205 3252 4274 ipsi
3279 4206 3448 4260 atroci
3479 4205 3630 4274 prius
3663 4205 3870 4272 saevitia
3912 4208 4020 4263 im-

2431 4296 2743 4350 manitatem
2789 4296 3107 4365 transgressi
3143 4294 3390 4359 feralem,
3422 4295 3475 4348 in
3509 4295 3788 4350 hominum
3835 4310 4022 4354 mores

2428 4401 2567 4441 novo
2595 4385 2820 4441 redeunt
2850 4395 2996 4440 metu
3019 4384 3272 4455 perculsi.
3306 4384 3389 4438 Ab
3408 4385 3653 4440 oratione
3675 4385 3855 4454 itaque
3877 4401 4020 4440 con-

2429 4485 2673 4548 surgunt,
2712 4477 3042 4546 terribilique
3069 4492 3207 4532 sono
3250 4475 3392 4531 tulne
3421 4491 3552 4545 gens
3583 4485 3695 4531 tota
3728 4479 4019 4532 contrahi-

2433 4577 2516 4623 tur
2541 4587 2556 4625 :
2579 4567 2760 4638 prodit
2787 4579 2987 4623 metum
3018 4569 3212 4638 pallor,
3249 4565 3456 4621 timoris
3486 4567 3665 4630 index,
3702 4565 4023 4638 factumque

2433 4663 2676 4730 trepidus
2725 4678 2906 4718 sermo
2947 4662 3268 4718 miraculum
3295 4680 3308 4716 :
3335 4665 3522 4717 horror
3555 4663 3797 4716 omnium
3839 4665 4022 4732 quatit

2425 4755 2686 4816 membra.
2739 4755 2972 4809 novitate
3011 4754 3224 4809 virtutis
3270 4754 3442 4822 placet
3474 4753 3616 4822 fuga,
3647 4755 3813 4808 densa
3869 4756 4022 4811 mole

2426 4845 2728 4902 referuntur
2763 4847 2830 4901 ad
2861 4849 3106 4916 patriam.
3142 4847 3367 4901 Peracto
3412 4846 3592 4916 itaque
3621 4845 3873 4912 triennio,
3911 4847 4023 4904 hoc

2428 4955 2534 5009 quo
2572 4942 2717 5010 prius
2749 4940 2970 4994 veniunt
3001 4941 3180 4994 furore
3219 4941 3486 5003 succensi,
3520 4940 3623 4993 hac
3650 4940 3884 4994 saeviunt
3915 4942 4022 4996 im-

2427 5035 2686 5088 manitate
2717 5033 3065 5100 bacchantes,
3092 5048 3156 5086 ex
3187 5033 3291 5087 hoc
3320 5031 3544 5088 redeunt
3571 5033 3831 5086 miraculo
3859 5048 4022 5088 como

2427 5127 2637 5190 moniti,
2670 5127 2873 5195 hocque
2905 5125 3109 5194 fugiunt
3151 5139 3346 5193 pavore
3397 5122 3665 5190 perculsi;
3717 5132 3771 5176 et
3818 5124 3890 5175 ita
3921 5140 4022 5192 pa~

2429 5229 2538 5272 stor
2561 5217 2805 5286 egregius
2834 5230 3048 5286 gregem
3077 5229 3233 5272 suum
3269 5215 3335 5269 ab
3376 5212 3599 5268 incursu
3628 5212 3883 5281 luporum
3929 5214 4021 5270 bis

2429 5313 2564 5366 eruit
2591 5324 2693 5363 una
2724 5311 2935 5364 virtute.

2503 5401 2589 5454 14.
2636 5400 2815 5455 Dicam
2846 5399 3040 5455 iterum
3077 5396 3388 5453 miraculum
3415 5395 3579 5465 quod,
3611 5395 3726 5466 ipsa
3759 5394 4023 5452 Ruthena

2431 5492 2562 5546 urbe
2596 5499 2751 5557 teste,
2779 5489 3054 5560 conspexi.
3105 5489 3338 5544 Puerum
3366 5486 3671 5556 quemdam,
3717 5485 4023 5553 Euphrasi-

2430 5625 2753 5689 Renbcrum,
2783 5638 2898 5693 pag.
2933 5622 3054 5677 652.
3087 5624 3156 5676 At
3183 5621 3519 5693 Hermannus
3543 5619 3611 5693 de
3641 5617 3897 5671 Lerbecke
3928 5634 4025 5693 re.

2434 5697 2530 5749 fert
2578 5690 2946 5748 Marcori'iaitos
2990 5695 3205 5748 vocitari
3240 5692 3420 5760 plebes
3451 5690 4020 5760 undecutique‘colle-

2432 5784 2562 5825 etas.
2602 5782 2713 5832 quae.
2743 5765 2948 5821 Marcus
2981 5757 3451 5822 incoluntJPlures
3483 5775 3610 5817 vero
3641 5775 3761 5816 esse
3790 5757 4020 5814 Marco:

2436 5841 2485 5894 in
2520 5840 2816 5892 liiirlavonitt.
