4192 6544
179 432 282 485 529

176 649 384 700 serere,
420 634 651 705 plurima
695 634 1000 703 praeterire;
1035 630 1061 668 δ
1092 646 1218 685 nam
1249 631 1295 685 si
1329 640 1475 687 tanta
1509 630 1768 686 virtutum

176 741 399 781 suarum
464 726 692 797 insignia
746 726 929 781 dicere
974 724 1335 793 cmperimus,
1397 734 1489 777 aut
1546 723 1769 778 ariditas

176 821 348 872 nostri
393 818 661 872 sermonis
693 833 798 873 non
844 814 1014 886 possit
1057 816 1332 881 excolere,
1364 825 1453 868 aut
1504 814 1769 869 memoria

174 914 439 979 retinere,
473 914 594 983 plus
626 913 826 967 habere
859 921 1067 981 poterat
1116 911 1400 965 terminum
1432 910 1524 964 lux
1557 909 1769 965 hodier-

174 1018 281 1071 na,
329 1019 487 1073 qnam
547 1004 734 1073 pagina
788 1003 987 1072 capiat.
1044 1001 1365 1068 lntendebat
1410 1002 1491 1057 vir
1525 1012 1546 1041 ε
1580 1003 1768 1058 beatus

172 1093 453 1165 Remigius
469 1096 782 1164 jactantiam
799 1097 1054 1150 virtutum
1072 1095 1277 1165 fugere,
1294 1095 1348 1148 in
1366 1110 1472 1164 quo
1490 1110 1594 1151 non
1619 1104 1767 1164 pote-

171 1199 261 1244 rat
310 1191 475 1259 gratia
504 1189 529 1226 ἀ
570 1190 714 1245 celsa
775 1191 962 1244 latere.
1021 1189 1153 1244 Cum
1186 1189 1234 1244 ei
1277 1203 1408 1244 vero
1451 1188 1767 1258 contigisset

172 1282 383 1337 habere
414 1286 553 1337 inter
595 1283 919 1336 domesticos
950 1297 1078 1335 suos
1115 1291 1135 1315 υ
1169 1282 1432 1335 secretius
1460 1283 1763 1336 convivium

170 1384 229 1429 et
272 1375 635 1430 delectaretur
662 1376 713 1428 in
743 1374 991 1428 libertate
1022 1372 1767 1437 charorum,»descendebant

168 1466 240 1520 ad
264 1482 386 1521 eum
424 1464 444 1503 ί
479 1466 733 1535 intrepidi
761 1480 1032 1534 passeres,
1057 1475 1113 1519 et
1144 1464 1196 1517 in
1229 1481 1388 1517 manu
1417 1467 1534 1531 ejus
1566 1481 1766 1521 mensa:

169 1560 431 1629 reliquias
461 1561 806 1629 colligebant.
858 1558 1215 1613 Discedehant
1246 1559 1334 1612 alii
1368 1562 1563 1627 saturi,
1607 1574 1765 1614 acce-

166 1652 375 1707 debant
399 1654 486 1705 alii
504 1652 803 1706 saturandi.
828 1650 919 1705 Sic
936 1651 1353 1705 mansucscebat
1377 1651 1563 1705 feritas
1589 1655 1764 1706 avium

166 1747 222 1801 in
254 1746 573 1815 operatione
601 1747 879 1799 virtutum.

237 1842 296 1896 4.
340 1840 547 1894 Accidit
594 1849 804 1905 autem,
865 1838 1096 1908 quodam
1167 1848 1439 1906 tempore,
1472 1851 1495 1887 ὅ
1526 1855 1644 1893 cum
1697 1856 1759 1896 ex

164 1948 324 1988 more
376 1934 628 2004 pastorali
686 1932 904 1988 solertia
960 1933 1221 2000 paraecias
1256 1930 1281 1966 λλ
1308 1934 1583 2000 circuiret,
1620 1945 1676 1987 ut
1716 1936 1761 1990 si

164 2025 502 2095 negligenter
532 2024 729 2091 aliquid
753 2025 804 2077 in
825 2024 1020 2078 divinis
1042 2024 1272 2077 cultibus
1296 2036 1562 2091 ageretur,
1592 2027 1762 2082 lidelis

163 2132 360 2173 servus
388 2118 590 2173 Christi
623 2131 941 2188 agnosceret
971 2134 985 2182 ;
1024 2118 1074 2172 in
1108 2118 1227 2171 vico
1250 2118 1523 2184 similiter,
1552 2120 1634 2173 cui
1666 2137 1760 2173 vo-

163 2216 423 2271 cabulum
468 2214 598 2270 esti
663 2214 983 2269 Calmieiaco
1040 2213 1207 2282 ipsius
1265 2214 1549 2268 deviitione
1600 2217 1760 2270 studii

160 2313 417 2366 accessit.
470 2310 567 2366 Ubi
601 2311 725 2364 dum
774 2310 987 2379 quidam
1032 2325 1210 2365 caecus
1257 2311 1324 2363 ab
1373 2325 1438 2364 eo
1463 2328 1617 2380 opem
1652 2315 1762 2366 mi-

161 2404 480 2459 sericordim
537 2405 856 2477 postularet,
917 2402 1115 2469 erepit,
1176 2417 1277 2470 qua
1328 2403 1524 2455 dudum
1578 2417 1761 2470 captus

163 2497 383 2561 fuerat,
435 2496 782 2549 inlestatione
834 2493 1130 2560 diBIIIOIIlS,
1181 2493 1427 2562 corporis
1480 2496 1761 2551 vexatione

163 2588 435 2657 torqueri.
488 2587 640 2641 Tunc
688 2598 909 2640 sanctus
962 2586 1232 2655 llemigius
1263 2589 1314 2640 iii
1343 2588 1604 2653 oratione,
1640 2606 1758 2657 qua

162 2695 384 2747 semper
407 2680 585 2731 anima
608 2690 791 2732 saneta
822 2680 1118 2733 intentione
1143 2681 1366 2733 vacabat
1395 2695 1676 2747 corporea,
1702 2697 1762 2737 se

167 2774 182 2825 i
229 2773 519 2828 sedulitate
568 2773 884 2839 prostravit,
921 2772 1222 2841 raptimque
1264 2772 1441 2826 lumen
1477 2776 1758 2841 prisninum

164 2864 408 2920 reddidit
431 2865 623 2928 oculis,
653 2872 708 2918 et
728 2874 927 2931 pestem
954 2865 1212 2918 immundi
1236 2865 1455 2932 spiritus
1481 2866 1757 2933 ell'ugavit.

162 2959 209 3012 υ
257 2958 549 3012 inellabilis
595 2957 771 3026 gratia
816 2958 1063 3025 pietatis;
1095 2973 1125 3010 a
1157 2973 1263 3027 quo
1302 2958 1428 3010 dum
1462 2958 1761 3013 substantia

164 3050 285 3102 sola
314 3051 534 3116 petitur,
569 3048 761 3114 triplex
787 3047 1082 3103 remedium
1114 3049 1404 3102 obtinetur.
1437 3046 1583 3101 Victu
1611 3048 1761 3117 pavit

164 3156 425 3211 egenum,
458 3140 765 3194 muneravit
794 3139 909 3194 visit
938 3150 1194 3194 cmeatum
1214 3182 1229 3206 ,
1260 3139 1491 3193 reddidit
1522 3140 1758 3193 libertati

1510 428 1665 483 Vl'l‘A
1707 429 1765 482 S.
1808 426 2092 485 REMIGII.

178 551 442 611 rogativa,
472 552 499 579 σι
530 541 874 596 contulerim.
928 539 1251 595 Studeamus
1291 551 1422 608 ergo
1462 553 1630 607 pauca
1660 540 1769 593 dis—
1798 544 1851 599 Α

3354 442 3457 499 5'50

1948 544 1998 595 ii.
2057 544 2071 578 ι
2118 544 2206 599 Sic
2237 555 2292 599 ut
2320 559 2532 616 semper
2561 567 2688 618 ergo
2721 551 2937 606 humani
2965 556 3176 624 generis
3206 556 3460 612 adversa-

1876 630 1989 685 rius
2036 649 2185 688 suam
2218 650 2324 689 non
2354 637 2569 692 desistit
2618 642 2909 697 ostendere
2940 646 3168 700 nocendi
3199 647 3460 703 virtutum

1875 725 2190 792 potentiam,
2239 729 2511 784 civitatem
2566 729 2916 801 Rhemorum,
2972 736 3167 791 eodem
3214 748 3462 807 tempore

1873 820 2213 886 surgentibus
2244 823 2420 875 subito
2467 822 2803 880 ﬂammarum
2853 828 3049 896 globis,
3077 829 3267 885 oborta
3292 831 3462 888 nimia

1872 910 2190 978 vastatione,
2217 916 2587 981 succenderat,
2620 929 2672 973 et
2697 921 2803 988 jam
2838 920 2952 977 fere
2995 934 3196 989 partem
3246 926 3458 982 tertiam

1873 1001 2065 1056 favillis
2095 1008 2403 1061 extantibus
2463 1013 2829 1066 concrematio
2860 1026 3070 1080 peracta
3102 1031 3457 1086 consumpse-

1869 1101 1973 1157 rat,
2001 1102 2075 1161 et,
2108 1096 2248 1164 quod
2283 1099 2554 1153 residuum
2585 1110 2721 1167 erat,
2760 1103 2948 1157 victrix
2980 1104 3199 1159 ﬂamma
3252 1107 3461 1162 lambe-

1871 1179 1960 1234 bat
1992 1186 2009 1233 :‘
2060 1192 2202 1249 tunc,
2259 1202 2378 1242 cum
2409 1198 2446 1225 ω
2479 1190 2597 1260 ejus
2645 1191 2717 1244 rei
2770 1195 2987 1247 nuntius
3041 1197 3105 1251 ad
3160 1198 3460 1255 beatissimi

1871 1271 2092 1343 Retiiigii
2124 1281 2375 1334 antistitis
2423 1284 2755 1350 pervenisset
2786 1286 3053 1352 auditum,
3090 1288 3253 1356 illico,
3304 1291 3453 1346 velut

1870 1364 2098 1420 invictus
2144 1371 2365 1435 athleta,
2418 1376 2481 1428 ad
2532 1378 2744 1430 ruinam
2788 1379 2936 1432 urbis
2979 1382 3141 1436 celeri
3172 1384 3454 1439 velocitate

1870 1464 2152 1531 percurrit,
2196 1477 2357 1533 atque
2387 1484 2444 1522 se
2479 1469 2581 1538 igni
2628 1472 2867 1536 obvium,
2905 1475 3121 1541 impleta
3175 1478 3450 1545 oratione,

1871 1557 2190 1609 monstravit
2220 1558 2269 1623 (υ
2302 1557 2478 1612 statim
2532 1561 2671 1614 velut
2722 1566 2953 1629 quodam
2988 1574 3136 1618 reatu
3169 1566 3336 1621 fracta
3369 1570 3454 1623 vel

1868 1645 2115 1711 concisa,
2161 1650 2358 1716 pepuli)
2413 1661 2569 1715 teste,
2614 1653 2754 1706 inse
2806 1656 3032 1707 vastatio
3066 1664 3090 1690 ο
3125 1657 3330 1711 reducit
3373 1658 3456 1712 in-

1868 1740 2086 1805 cendii),
2122 1751 2173 1794 et
2204 1758 2298 1809 per
2332 1753 2599 1810 patentem
2652 1756 2859 1813 portam
2905 1749 3192 1803 admodum
3246 1752 3456 1818 lugiens

1870 1831 2136 1895 discessit,
2169 1844 2225 1887 ut
2265 1838 2514 1891 omnibus
2560 1849 2951 1893 meiistraretur
3008 1843 3149 1910 quod
3203 1843 3283 1897 vir
3331 1845 3451 1910 Dei,

1794 1902 1841 1962 Β
1871 1926 2057 1993 plenus
2106 1927 2225 1982 lidei
2260 1930 2398 1998 igne,
2433 1941 2459 1978 ι’
2493 1932 2610 1999 plus
2658 1936 2840 1997 caluit,
2866 1938 2954 2006 qui
3001 1938 3262 1994 smvitiam
3293 1950 3454 1995 tanta:

1867 2020 2247 2088 indignationis
2280 2032 2334 2077 et
2360 2024 2521 2078 evicit
2551 2034 2604 2078 et
2631 2029 2861 2080 extinxit
2895 2032 3124 2085 meritis.

1937 2113 1989 2166 6.
2033 2114 2289 2179 Quaniam
2326 2131 2451 2171 vero
2486 2121 2682 2187 puella,
2716 2121 2782 2175 ab
2816 2125 2945 2177 urbe
2978 2124 3195 2191 Tolosa,
3230 2130 3453 2194 prmcla-

1864 2203 1936 2256 ris
1975 2217 2089 2257 orta
2141 2206 2435 2271 natalibus,
2488 2209 2554 2262 ab
2596 2211 2919 2267 adolescenti
2982 2214 3203 2271 infantia
3270 2221 3454 2277 vesani

1863 2297 2082 2364 Spiritus
2137 2300 2414 2353 tenebatur
2471 2302 2754 2357 obsidione
2805 2306 3039 2374 captiva.
3102 2312 3271 2375 Quam
3326 2328 3452 2367 cum

1867 2398 2051 2442 tenero
2084 2406 2267 2444 amore
2295 2392 2578 2462 diligerent
2609 2395 2830 2461 piissimi
2862 2400 3157 2468 genitores,
3188 2402 3253 2455 ad
3278 2406 3452 2459 sancti

1868 2478 2005 2535 Petri
2037 2483 2339 2547 sepulcrum
2372 2496 2398 2534 (ι
2432 2487 2481 2538 iii
2513 2485 2806 2542 Romanam
2841 2491 3025 2544 urbem
3066 2509 3185 2548 cum
3220 2496 3453 2563 plurima

1866 2575 2205 2629 multitudine
2233 2589 2286 2629 et
2318 2580 2485 2633 multa
2518 2579 2802 2635 devotione
2856 2581 3145 2641 duxerunt.
3201 2587 3271 2641 lbi
3321 2589 3450 2657 qui-

1864 2668 1984 2720 dam
2024 2667 2114 2719 Dei
2147 2682 2332 2722 servus
2366 2678 2388 2706 τ
2414 2684 2535 2724 cum
2586 2674 2788 2727 auxilio
2842 2677 2979 2729 sacri
3012 2680 3254 2745 corporis
3284 2681 3452 2749 pluri-

1867 2775 1951 2813 ma
2002 2759 2255 2827 implebat
2304 2762 2451 2831 signa
2503 2764 2737 2818 virtutis.
2786 2766 2934 2822 llanc
2992 2779 3166 2824 tamen
3218 2772 3451 2841 puellam

1864 2866 1985 2905 cum
2020 2854 2160 2907 nulla
2215 2856 2473 2922 potuisset
2520 2856 2906 2914 intercessione
2956 2876 3204 2932 purgare,
3253 2880 3352 2919 nec
3382 2866 3452 2922 ab

1864 2944 1978 3012 ipsa
2040 2947 2219 3001 callidi
2290 2950 2553 3004 (lil‘lllOlllS
2608 2954 2752 3007 virus
2813 2956 3066 3012 valuisset
3134 2961 3449 3029 expellere,

1867 3050 1888 3076 ³
1920 3043 2042 3095 hinc
2090 3058 2412 3113 responsum
2462 3047 2629 3100 hostis
2681 3051 2929 3114 antiquus
2976 3052 3229 3122 reddidit,
3283 3056 3449 3110 divini

1869 3133 2149 3189 ‘nominis
2195 3136 2568 3193 obsecratione
2615 3141 3127 3211 constrictus,quod
3178 3162 3449 3217 nunquam

166 3238 483 3306 captivum;
517 3244 678 3304 atque
700 3233 770 3287 ita
793 3235 1016 3305 conligit,
1057 3249 1149 3303 per
1182 3233 1283 3288 hoc
1313 3234 1521 3304 insigne
1556 3244 1757 3303 mysle.
1781 3260 1831 3325 ο
1864 3234 1891 3261 υ
1934 3225 2003 3279 ab
2030 3225 2248 3279 alterius
2289 3228 2355 3281 de
2388 3229 2578 3283 εοάθιη
2613 3230 2940 3299 babitaculo,
2974 3236 3071 3289 nisi
3118 3236 3276 3307 hujus
3318 3240 3451 3295 bea.

166 3335 338 3396 rimn,
366 3340 442 3397 ut,
474 3332 600 3384 dum
625 3329 876 3399 apparuit
904 3344 1040 3385 unus
1072 3330 1124 3383 in
1158 3343 1394 3399 paupere
1415 3370 1431 3397 ,
1458 3329 1670 3386 trinitas
1701 3344 1759 3386 se

165 3428 411 3484 ostendit
439 3427 462 3463 ¹ί
497 3426 549 3481 in
578 3428 830 3483 salutem.

246 3631 271 3659 ³
314 3622 471 3676 Hunc
499 3635 719 3676 sensum
767 3635 1015 3675 mancum
1049 3622 1255 3676 restitui
1302 3635 1461 3689 posse
1490 3622 1763 3677 aflirmant

164 3692 549 3757 Bollandistte,
597 3693 638 3745 si
692 3707 789 3761 pro
841 3692 1147 3745 contulerim
1206 3693 1414 3754 leuatur
1458 3694 1756 3762 contulerit,

165 3766 510 3830 addaturque
555 3763 776 3815 verbum
805 3778 1081 3829 exponam,
1112 3772 1203 3815 aut
1230 3764 1425 3818 simile.
1464 3763 1518 3817 In
1553 3762 1758 3829 Chilll.,

164 3852 235 3889 ac
270 3834 576 3888 Divioneiisi
624 3833 783 3895 ϐοά..
814 3845 870 3886 ut
894 3833 1052 3886 iidem
1107 3836 1362 3894 rel‘eront,
1395 3837 1472 3887 sic
1502 3837 1757 3889 habetur:

166 3906 414 3971 Longum
436 3912 508 3957 est
552 3904 727 3973 itaque
749 3904 911 3957 verbis
952 3915 1119 3957 terere
1148 3906 1222 3970 (in
1262 3905 1492 3965 Divion.,
1525 3922 1759 3970 compre-

164 3976 425 4041 hendere)
456 3992 517 4026 ne
556 3976 839 4045 irrogemus
878 3974 1204 4045 audientibus
1228 3975 1292 4027 de
1312 3977 1469 4028 nimia
1495 3976 1573 4028 Itis
1595 3977 1759 4042 proli-

165 4050 337 4102 xitate
376 4044 679 4113 fastidium.’
723 4046 982 4109 Quantum
1014 4044 1063 4095 in
1093 4062 1206 4097 eum
1250 4047 1501 4099 bonorum
1533 4048 1760 4099 omnium

166 4124 504 4175 ornamenta,
556 4131 671 4182 quis
702 4127 814 4169 sunt
870 4115 1116 4181 pretiosa.
1141 4116 1217 4169 rel
1245 4118 1475 4169 maxima
1526 4133 1763 4184 superna:

164 4187 605 4242 remunerationis
654 4186 999 4254 prwrogativu
1038 4188 1272 4239 contulit.
1320 4189 1446 4239 Item
1496 4191 1631 4253 apud
1662 4193 1762 4243 Su-

173 4264 321 4315 rium
356 4269 559 4326 integer
590 4259 814 4309 habetur
842 4271 1030 4309 senSns
1062 4258 1248 4309 iisdem
1282 4256 1395 4310 fere
1425 4260 1622 4311 verbis.

248 4330 275 4367 δ
322 4332 425 4383 Ista
450 4332 501 4381 in
540 4327 662 4380 Mss.
695 4327 875 4380 illiilli.
906 4342 965 4380 ac
995 4327 1201 4379 Divion.
1235 4330 1402 4381 sancti
1436 4329 1652 4395 lleiiigni
1685 4331 1763 4385 sic

168 4404 357 4471 legere
388 4410 501 4454 est:
539 4399 677 4450 Nam
708 4400 749 4451 si
781 4409 1037 4471 tantarum
1073 4400 1317 4451 virtutum
1347 4416 1557 4451 suarum
1589 4403 1760 4471 signa,

168 4469 263 4525 aut
310 4473 528 4523 ariditas
560 4471 724 4523 nostri
770 4469 1018 4522 sermonis
1054 4479 1221 4537 posset
1259 4474 1510 4531 excolere,
1542 4469 1765 4525 aut—me-

170 4545 349 4596 moria
382 4543 621 4605 retinere,
651 4541 793 4608 prius
829 4539 1009 4591 habere
1035 4540 1218 4607 νοέω-ἐι
1250 4543 1517 4593 terminum
1548 4542 1636 4593 lux
1668 4544 1763 4595 lio-

1864 3319 2055 3373 tissimi
2104 3318 2329 3390 Remigii
2374 3322 2628 3377 antistitis
2677 3328 3114 3385 cmundatione'
3147 3332 3319 3400 possit
3357 3349 3451 3390 ex-

1862 3412 2005 3481 pelli.
2035 3412 2185 3469 Tunc
2215 3426 2463 3483 parentes
2504 3416 2640 3487 ejus,
2672 3430 2727 3474 et
2778 3422 2944 3490 ipsius
2998 3433 3024 3461 ι
3075 3425 3363 3496 benedicti,
3394 3440 3452 3485 et

1942 3617 1957 3700 ξ
1985 3618 2059 3699 .ln
2090 3619 2306 3700 Chifﬂ._:
2340 3622 2447 3676 Sed
2472 3625 2605 3700 sicut
2638 3641 2841 3691 semper
2870 3645 2990 3698 erga
3010 3634 3223 3686 humani
3252 3635 3451 3700 generis

1865 3690 2169 3742 detrimenta
2222 3694 2545 3748 adversarius
2592 3690 2883 3752 suam'non
2927 3690 3132 3756 desistit
3187 3690 3451 3760 osleiidere

1865 3760 2082 3843 nocendi
2136 3762 2381 3816 virtutum
2440 3762 2529 3835 [in
2584 3765 2815 3835 Divion.,
2847 3771 3073 3843 virium]
3142 3777 3443 3843 potentiam.

1867 3833 2139 3886 Bonum.

1935 3912 1973 3938 π’
1996 3903 2171 3976 Chii].
2206 3904 2376 3976 hujus.

1936 3982 1964 4052 ξι
2008 3975 2130 4052 Haec
2161 3975 2308 4029 uncis
2339 3978 2543 4052 inclusa
2576 3979 2835 4049 descripsi
2861 3998 2924 4037 ex
2948 3984 3153 4052 (lliilﬂ.;
3188 3988 3237 4042 in
3264 4000 3451 4045 nostro

1865 4045 2108 4125 enim-sic
2159 4050 2464 4125 tneiidosiiis
2515 4045 2816 4125 legebatur:
2853 4054 3060 4123 Fracta,
3096 4045 3176 4111 vel
3222 4063 3448 4125 concisa,

1867 4117 2042 4183 pepuli
2069 4127 2195 4198 testa
2223 4120 2275 4198 in
2307 4136 2359 4172 se
2382 4122 2709 4198 vastationem
2736 4126 2933 4181 reducit
2956 4117 3201 4183 incendit.
3237 4117 3446 4198 Surius,

1867 4202 1961 4253 pro
1984 4199 2148 4248 reatu,
2185 4189 2344 4242 habet
2372 4201 2561 4243 rotatu.
2598 4192 2768 4247 Ituran.

1940 4268 1963 4291 υ
2006 4258 2117 4318 ΑΙ..
2148 4262 2425 4314 reducitur.

1939 4326 2205 4409 βιαιιίῑὶιά
2241 4327 2580 4415 Plusculuit,
2607 4352 2775 4415 etiam
2801 4339 2993 4415 satvitia
3017 4351 3173 4415 tanta:
3201 4344 3447 4415 indigna-

1867 4401 2036 4470 tionis,
2063 4414 2216 4470 quam
2245 4412 2291 4452 et
2318 4404 2463 4454 evicit
2492 4408 2705 4469 meritis,
2737 4418 2782 4459 ct
2805 4411 3067 4465 exstinxit.
3103 4401 3376 4470 Bonan}.

1939 4480 1966 4518 ιι
2004 4468 2185 4532 Clum,
2218 4472 2269 4523 in
2304 4470 2538 4525 Romana
2567 4468 2709 4531 urbe.

1944 4550 1974 4623 -'_
2009 4541 2059 4593 lii
2091 4542 2207 4595 solo
2257 4542 2432 4596 Cliilll.
2485 4545 2698 4623 additur
2746 4551 2952 4623 nomine
3003 4550 3349 4623 Benedictus;
3390 4567 3449 4613 at

171 4616 362 4667 dierna
405 4628 559 4681 quam
608 4611 823 4679 pagina.
875 4609 1071 4683 Nostro
1110 4615 1377 4683 consentit
1405 4613 1759 4681 Mombritius,
1793 4624 1841 4683 ι)
1869 4620 2357 4683 οετιεᾼβῡιοιιειωιι,
2390 4625 2444 4669 ut
2468 4631 2592 4672 mox
2622 4619 2888 4676 dicemus.
2919 4622 3064 4677 Bou.

175 4695 379 4753 praeter
418 4678 582 4749 quam
610 4678 749 4747 quod
784 4696 883 4753 pro
908 4678 1022 4753 plus
1056 4690 1251 4733 rectius
1290 4682 1483 4736 ltabeat
1511 4684 1675 4751 prius,
1711 4678 1764 4738 et

169 4750 368 4824 poterit
396 4766 488 4819 pro
518 4759 741 4820 poterat.
794 4750 1131 4807 Cbillletiano
1180 4754 1348 4820 magis
1384 4764 1642 4808 consonat
1670 4757 1769 4809 Su-

172 4829 319 4880 rius.
356 4824 630 4876 BOLLAND.

255 4908 280 4934 ε
328 4896 438 4959 AL,
473 4903 705 4948 sanctus.

251 4966 283 5003 ⁸³
323 4967 440 5031 AL,
464 4966 660 5017 caclica.

255 5046 284 5075 ο
328 5038 405 5090 lla
448 5037 656 5089 correxi
708 5050 771 5090 ex
820 5034 1030 5090 caeteris
1060 5035 1214 5098 Mss.,
1240 5044 1291 5090 et
1324 5035 1521 5102 Editis;
1570 5053 1690 5092 nam
1722 5040 1772 5093 in

174 5120 370 5165 nostro
402 5108 669 5171 legebatur
693 5108 1030 5160 secretiorem.
1066 5106 1226 5160 BoLL.

259 5178 277 5218 ί
325 5178 381 5233 lii
407 5179 587 5231 Chilll.
619 5181 700 5241 (ait
731 5180 866 5233 forte
896 5181 1055 5232 etiam
1102 5177 1334 5247 Divion.)
1367 5188 1447 5232 est
1478 5180 1683 5246 trepidi,
1714 5196 1775 5236 ac

178 5266 312 5308 mox
345 5248 480 5303 infra
511 5251 727 5302 saturuti
760 5265 851 5317 pro
878 5250 1069 5312 saturi;
1100 5250 1193 5302 sed
1224 5260 1409 5303 nostro
1428 5250 1608 5303 Codici
1636 5267 1766 5305 con—

177 5332 385 5379 sonant
423 5320 776 5384 Mombritius,
808 5322 1019 5383 Siiriiis,
1047 5328 1207 5389 atque
1232 5320 1344 5386 ipse
1372 5336 1585 5388 quoque
1615 5321 1775 5375 Hinc-

180 5410 370 5449 marns
424 5393 472 5445 in
528 5392 643 5444 Vita
691 5392 1044 5461 subjicienda,
1094 5409 1146 5445 ιι.
1200 5393 1289 5455 20,
1346 5392 1434 5444 ubi
1485 5394 1582 5444 ista
1619 5408 1777 5447 esito

183 5464 467 5521 Fortunati
500 5466 799 5531 exemplari
839 5462 1027 5518 iisdem
1060 5462 1237 5518 verbis
1266 5463 1469 5517 retulit.
1498 5462 1661 5518 BULL.

258 5546 283 5583 ε
327 5535 512 5601 Cliill.,
548 5551 687 5587 eum.

255 5604 291 5645 ³³
330 5608 491 5673 lbid.,
514 5607 808 5660 circumire.

265 5678 283 5717 ί
329 5679 443 5733 Hoc
474 5680 792 5730 vocabulum
828 5674 1159 5741 Calmiciaco,
1193 5676 1369 5746 aliqua
1402 5674 1775 5735 immutatione

184 5752 486 5807 litterarum
507 5788 524 5812 ,
551 5750 769 5802 allertur
797 5749 850 5804 in
882 5748 1013 5806 MSS.
1046 5761 1105 5805 ut
1130 5756 1213 5804 est
1240 5749 1379 5818 apud
1409 5749 1546 5804 Boll.

255 5827 272 5873 ι
302 5820 459 5877 Chill'.
488 5820 616 5875 add.
648 5820 819 5875 etiam.

255 5892 286 5932 ι
323 5893 485 5962 lbitL,
517 5893 573 5947 in
600 5890 786 5945 salute.

1950 4689 1970 4716 ³
2013 4681 2123 4742 ΑΙ..
2149 4683 2264 4737 hoc.

1951 4754 1969 4788 ί
2012 4753 2194 4819 ΟΙιὶίῙ.,
2222 4756 2462 4810 numinis.

1948 4833 1973 4859 ει
2012 4822 2168 4884 lbid.,
2199 4825 2351 4881 deest
2371 4828 2455 4880 ab.

1947 4904 1974 4932 ν
2009 4895 2091 4948 Al.
2124 4896 2273 4959 lbid.,
2310 4910 2497 4965 posset.

1950 4965 2386 5056 :Hanehvoc‘cni
2428 4969 2712 5056 Benedicti,
2766 4990 2885 5043 qua:
2924 4979 3275 5056 {Fortunato
3301 4986 3447 5056 adje-

1879 5039 2004 5119 ειὲιςε
2034 5039 2309 5119 positalest
2355 5040 2420 5092 de
2454 5044 2707 5119 praedicto
2733 5039 2892 5119 servo
2939 5048 3032 5105 Dei
3080 5052 3159 5118 (id
3204 5039 3447 5119 quod'ali

1880 5110 2066 5188 eodem
2098 5108 2659 5188 factitatumhristendit
2682 5117 2765 5188 cl.
2801 5117 2980 5172 Mabil.
3027 5108 3146 5175 mox
3180 5108 3449 5188 citandusl

1883 5181 2233 5261 lliucmariis,
2270 5182 2317 5230 iii
2365 5180 2477 5261 Vita
2526 5185 2691 5237 sancti
2743 5187 2965 5257 llemigii
3017 5193 3357 5261 substantive,
3394 5180 3450 5251 ui

1881 5251 2090 5314 dicunt,
2121 5262 2325 5317 accepit
2357 5254 2579 5317 positam
2602 5295 2616 5318 ,
2650 5270 2819 5321 eaque
2850 5251 2984 5314 [οἷ-ιθ
3010 5273 3252 5320 sanctum
3282 5251 3450 5320 licite-

1879 5324 2101 5404 dictum,
2136 5324 2517 5403 monachorum
2550 5329 2602 5377 in
2636 5328 2923 5404 (recalente
2966 5331 3199 5397 Patrem,
3244 5337 3448 5404 signifi-

1880 5402 2056 5472 catum
2084 5394 2430 5472 existimavit,
2459 5396 2907 5472 quemadmodum
2934 5412 2986 5455 et
3017 5404 3123 5466 alii,
3158 5394 3330 5472 ipson}
3361 5423 3448 5462 se-

1880 5464 1986 5517 cuti
2020 5465 2216 5531 opinati
2248 5478 2390 5532 sunt,
2428 5477 2482 5519 ut
2510 5470 2591 5520 vel
2625 5472 2848 5532 epistola
2880 5464 3196 5539 proferatur;
3224 5486 3281 5528 ut
3303 5478 3449 5533 vide—

1881 5544 2004 5599 tur,
2057 5542 2456 5602 Contineiititia,
2520 5554 2676 5605 quam
2738 5553 2950 5595 sanctus
3008 5546 3323 5601 Benedictus
3379 5549 3450 5607 ad

1877 5618 2119 5685 sanctum
2155 5609 2444 5674 liemigium
2472 5610 2777 5688 scripserit:
2807 5615 2853 5665 in
2887 5629 2987 5682 qua
3016 5618 3263 5682 puellam,
3288 5634 3449 5688 qnam

1878 5677 1923 5730 is
1954 5693 2142 5733 satiate
2173 5694 2275 5731 non
2309 5688 2535 5745 poterat,
2569 5682 2739 5734 eidem
2773 5677 3062 5738 sanainlain
3084 5677 3444 5744 Commendat.

1880 5748 2250 5822 liollandistte,
2304 5752 2795 5822 in_i-oiiiniciitario
2838 5756 3057 5822 pra-lim
3106 5757 3233 5813 Vita:
3280 5762 3451 5816 sancti

1879 5819 2127 5888 Remigii,
2161 5836 2308 5875 tium.
2335 5820 2402 5872 75
2425 5831 2477 5875 et
2504 5838 2680 5889 seqq.
2730 5819 2848 5878 hinc
2880 5844 2981 5879 uno
3024 5830 3252 5883 maxime
3293 5832 3449 5885 talem

1879 5894 2181 5963 opinionem
2214 5893 2457 5950 rel’cllunt
2486 5934 2499 5962 ,
2533 5896 2672 5963 quod
2726 5912 2992 5967 nunquam
3045 5899 3300 5955 traditum
3323 5943 3336 5969 ,
3364 5917 3432 5959 ait
