4192 6544
1533 404 1850 462 VENANTII
1889 406 2046 462 HON.
2077 405 2281 462 CLEM.
2316 405 2709 465 FORTUNATI
2738 407 3021 466 OPERUM
3059 407 3239 467 PARS
3268 409 3330 465 li.

777 522 804 553 ι
836 515 1036 571 Aiarici
1086 518 1228 587 regis
1258 516 1576 584 Gothorum,
1606 516 1852 572 affatibus
1903 518 2195 586 suffragati,
2228 533 2346 571 cum
2374 521 2426 581 Α
2451 535 2544 590 gra
2578 522 2940 578 incolumitate
2989 523 3260 590 surrexit,
3311 530 3366 578 et
3413 519 3482 577 ad
3535 518 3755 592 propria
3803 519 4034 578 feliciter

774 605 1018 663 devincta
1077 611 1264 664 sobole
1311 609 1376 663 ad
1418 619 1662 664 sanctum
1715 609 2014 680 Remigium
2055 611 2347 666 antistitem

773 713 1176 768 pervenerunt,
1230 703 1579 773 deprecantes
1619 713 1676 758 ut
1720 705 1968 759 virtutem
2019 706 2134 775 ejus
2181 721 2344 777 agno-

774 803 990 851 scerent
1025 796 1078 850 in
1127 794 1446 866 purgatione
1496 796 1698 852 sobolis
1729 837 1746 864 ,
1793 812 1950 867 quam
2003 796 2346 868 przescierant

771 883 828 938 in
850 887 1192 943 confessione
1222 888 1460 942 latronis.

845 979 898 1032 7.
941 977 1091 1035 Tune
1120 979 1456 1036 beatissimus
1491 979 1796 1050 Remigius,
1823 977 1854 1016 ι)
1887 995 2008 1037 cum
2035 981 2223 1036 diurna
2255 982 2347 1036 lu-

771 1072 1007 1127 ctatione
1033 1088 1094 1129 se
1121 1088 1228 1128 non
1257 1088 1379 1130 esse
1407 1073 1626 1144 dignum
1657 1084 1958 1140 assereret,
1996 1083 2052 1130 et
2094 1084 2348 1131 consueta

772 1165 1025 1233 patientia
1054 1175 1406 1238 repugnaret,
1439 1165 1690 1235 precibus
1714 1176 1796 1222 est
1832 1167 2009 1234 populi
2039 1167 2349 1236 supplican-

772 1256 842 1311 tis
870 1259 1106 1324 evictus,
1154 1267 1210 1312 ut
1256 1259 1550 1314 orationem
1583 1273 1680 1327 pro
1718 1261 1830 1326 ipsa
1861 1257 2138 1316 funderet.
2172 1271 2225 1314 et
2252 1275 2345 1327 pa-

770 1359 982 1403 rentum
1012 1349 1258 1420 lacrymis
1278 1350 1608 1404 condolcret.
1638 1349 1788 1404 Tunc
1813 1359 2028 1404 sanctus
2055 1351 2348 1418 Remigius,

770 1443 975 1495 meritis
1003 1443 1300 1497 sanctitatis
1335 1454 1595 1505 armatus,
1623 1445 1772 1498 verbi
1822 1445 2077 1510 praecepit
2123 1445 2349 1510 imperio

767 1542 828 1590 ut
854 1535 1066 1603 iniquus
1089 1535 1292 1608 praedo,
1319 1549 1416 1604 per
1441 1547 1462 1573 ε
1489 1536 1926 1613 quodingressus
1949 1538 2140 1595 fuerat.
2170 1536 2346 1590 disce-

769 1627 942 1694 deret,
970 1637 1021 1681 et
1051 1626 1252 1680 ChriSIi
1285 1625 1536 1681 famulam
1571 1628 1859 1682 relaxaret.
1891 1630 2070 1697 itaque
2111 1645 2231 1682 cum
2265 1629 2346 1681 ni-

769 1721 879 1774 mio
923 1719 1124 1774 vomitu
1175 1727 1230 1775 et
1281 1723 1516 1776 obsceno
1569 1722 1741 1775 fetore
1793 1737 1888 1788 per
1932 1740 2012 1784 os,
2049 1738 2151 1788 quo
2177 1721 2347 1776 fuerat

767 1812 1139 1874 intromissus,
1175 1813 1454 1867 abscessit.
1485 1809 1511 1848 ιι
1543 1813 1646 1866 Sed
1679 1812 1837 1880 paulo
1869 1821 1989 1880 post
2037 1813 2345 1867 discedente

2450 618 2728 670 remeavit.
2764 616 3012 671 JudiCare
3045 617 3190 671 enim
3223 628 3510 685 possumus
3548 621 3782 685 quantus
3811 615 3866 669 in
3894 627 4031 684 prte-

2449 710 2586 764 senti
2614 709 2870 764 miraculo
2899 707 3089 764 fuisset
3117 716 3396 777 parentum
3424 706 3623 762 fletusl
3665 719 3766 776 pro
3797 702 4027 775 gaudio,

2450 797 2565 852 laus
2594 801 2772 869 populi
2800 797 2825 835 ιε
2852 814 2946 868 pro
2969 799 3262 868 triumpho.
3294 799 3528 855 Putasne
3553 811 3680 854 eum
3703 811 3812 868 quo
3831 796 4033 868 gemitu

2450 901 2752 959 quantaque
2796 892 3081 948 devotione
3109 889 3291 944 Gloria
3327 891 3381 944 in
3411 889 3631 945 excelsis
3661 887 3772 944 Dee
3823 886 4032 945 cecine-

2449 992 2591 1045 runt,
2621 983 2710 1051 qui
2733 998 2828 1052 per
2857 998 3068 1038 sacrum
3090 983 3384 1038 antistitem
3410 982 3593 1037 divina
3623 981 3807 1037 videre
3827 987 4031 1051 myste-

2450 1075 2526 1128 ria
2559 1077 2900 1131 meruerunt?
2931 1076 3108 1132 Potuit
3126 1076 3270 1132 enim
3291 1077 3385 1132 ille
3406 1076 3616 1146 plebem
3635 1089 3793 1132 suam
3817 1075 3887 1130 de
3907 1087 4034 1128 casu

2451 1167 2742 1236 cujuslibet
2797 1167 3020 1236 periculi
3074 1168 3406 1225 imminentis
3459 1169 3711 1239 eripere,
3752 1167 3846 1238 qui
3871 1168 4032 1222 vitam

2459 1257 2475 1295 ι
2504 1271 2726 1312 mortuae
2757 1259 2920 1313 valuit
2949 1269 3275 1316 restaurare.

2521 1350 2574 1404 9.
2604 1351 2744 1406 inter
2767 1351 3069 1420 hujusmodi
3100 1354 3257 1423 igitur
3279 1353 3537 1408 virtutum
3560 1365 3780 1409 suarum
3803 1350 4031 1422 .nsignia

2449 1442 2605 1512 elegit
2653 1445 2834 1498 beatus
2865 1445 3139 1514 Remigius
3165 1486 3180 1510 ,
3211 1445 3414 1501 athleta
3457 1444 3698 1511 Christi,
3744 1443 4032 1499 transitum

2449 1534 2678 1590 lethiferi
2695 1539 2901 1604 soporis
2921 1538 3215 1606 excipiens,
3242 1541 3507 1607 procellas
3520 1537 3734 1605 mundi,
3752 1537 3906 1592 senio
3924 1539 4031 1606 jam

2450 1640 2692 1697 urgente,
2723 1631 3006 1696 deserere,
3042 1642 3093 1684 ct
3122 1633 3189 1686 ad
3223 1641 3434 1699 portum
3475 1629 3711 1686 caelestis
3742 1627 4032 1684 habitaculi

2450 1723 2744 1790 pervenire.
2783 1723 2907 1777 l’ost
2937 1733 2972 1757 ω
3007 1722 3161 1792 cujus
3211 1741 3340 1779 vero
3384 1723 3590 1778 obitum
3637 1731 3785 1778 tanta
3837 1724 3904 1776 ad
3955 1720 4033 1776 sui

2448 1813 2686 1879 corporis
2715 1813 3008 1880 patrocinia
3033 1814 3277 1868 fidelibus
3303 1823 3328 1850 η
3355 1815 3595 1872 remedia
3620 1814 3955 1878 tribuuntur,
3982 1822 4034 1867 et

768 1904 1039 1972 pontifice.
1063 1904 1164 1956 sub
1186 1903 1354 1971 ipsius
1375 1911 1554 1957 tamen
1582 1905 1726 1957 horae
1748 1904 1944 1972 spatio,
1976 1905 2100 1956 dum
2126 1907 2344 1957 nimium
2382 1883 2427 1942 Β
2452 1905 2582 1958 solis
2627 1907 2931 1973 agnoscitur
2986 1908 3164 1960 vivere
3215 1907 3426 1962 meritis
3452 1949 3466 1971 ,
3525 1906 3617 1974 qui
3678 1906 3840 1958 tantis
3895 1904 4036 1958 fulsit

770 1996 950 2050 labore
980 1994 1119 2049 fessa
1150 2005 1398 2064 nutaret,
1443 2011 1590 2065 spem
1633 1997 1820 2050 salutis
1867 1997 2064 2050 amisit.
2105 2006 2125 2030 ο
2158 1997 2348 2051 ltcratc

769 2102 897 2156 ergo
953 2089 1370 2158 supplicantium
1418 2089 1568 2142 turba
1629 2090 1854 2142 recurrit
1915 2089 1978 2142 ad
2037 2089 2343 2142 incdit-uni:

766 2179 960 2234 beatus
987 2191 1163 2234 autem
1194 2180 1468 2247 Remigius
1504 2178 1522 2217 ί
1556 2180 1644 2234 ille
1671 2195 1730 2235 se
1761 2190 1998 2246 accusat,
2030 2192 2203 2246 potius
2228 2197 2348 2247 per-

765 2279 1009 2338 petrasse
1029 2270 1254 2335 facinus,
1275 2286 1433 2338 quam
1456 2271 1702 2325 sanitatis
1728 2275 2009 2340 praemium
2035 2271 2344 2339 indulsisse,

766 2373 822 2416 et
860 2365 1130 2419 exstitisse
1178 2365 1454 2419 homicidii
1505 2379 1703 2431 reum,
1742 2381 1847 2422 non
1876 2365 2122 2422 attulisse
2172 2380 2344 2420 rctne-

765 2455 935 2510 dium.

839 2550 893 2602 8.
925 2547 1006 2601 Ad
1033 2547 1305 2602 basilicam
1336 2547 1496 2616 igitur
1523 2548 1695 2602 sancti
1727 2547 1978 2610 Joannis,
2016 2563 2122 2616 quo
2151 2562 2345 2616 corpus

764 2635 978 2708 iacebat
1012 2645 1040 2685 σ
1077 2637 1371 2703 exanimat,
1430 2638 1613 2707 populi
1664 2639 1910 2694 obtentus
1967 2639 2344 2708 deprecatione

765 2729 1085 2800 regreditur,
1118 2729 1299 2800 ibique
1345 2739 1564 2784 sanctus
1603 2730 1874 2796 Remigius
1921 2745 2040 2784 cum
2091 2730 2343 2801 lacrymis

767 2821 837 2874 ad
866 2819 1165 2888 pavimenta
1193 2831 1504 2875 sanctorum
1533 2817 1560 2856 ¹ι
1593 2820 1646 2874 in
1673 2820 1918 2876 oratione
1962 2822 2338 2890 prosternitur,

766 2919 822 2966 et
849 2911 1104 2980 reliquos,
1131 2921 1190 2966 ut
1219 2911 1288 2966 ita
1311 2912 1570 2978 facerent,
1599 2911 1933 2966 adhortatur.
1954 2913 2104 2967 Tunc
2125 2923 2344 2968 sanctus

764 2999 1075 3072 Remigius,
1125 3004 1294 3060 effuso
1339 3005 1690 3074 lacrymarum
1744 3005 1953 3072 imbre,
2013 3019 2341 3074 consurgens

763 3097 1040 3151 suscitavit
1066 3107 1332 3150 mortuam
1364 3096 1381 3133 ί
1416 3111 1573 3166 quam
1621 3097 1769 3165 prius
1814 3096 2024 3152 sanavit
2061 3108 2336 3167 aegrotum.

765 3187 897 3255 Quae
923 3189 1164 3257 protinus
1191 3189 1526 3260 apprehensa
1555 3205 1715 3245 manu
1739 3190 2030 3260 pontificis,
2054 3207 2173 3246 cum
2203 3193 2340 3245 inte-

767 3327 1004 3380 auditum
1034 3328 1122 3390 sit,
1157 3335 1402 3381 sanctum
1431 3326 1783 3393 patriarcham
1821 3324 2198 3392 Benedictum,
2227 3325 2337 3380 Ro-

763 3411 890 3459 mae.
921 3397 987 3450 ad
1011 3399 1298 3459 sepulcrum
1318 3399 1480 3449 sancti
1510 3394 1676 3458 Petri,
1700 3411 1813 3449 cum
1842 3397 2039 3449 auxilio
2065 3399 2197 3450 sacri
2229 3413 2341 3450 cor-

763 3469 923 3536 poris,
954 3465 1100 3533 plura
1127 3469 1362 3537 implesse
1381 3469 1527 3535 signa
1551 3469 1768 3537 uirtutis.
1791 3465 2142 3520 Verisimilius
2166 3467 2340 3533 itaque

765 3546 851 3592 est
879 3553 1000 3592 eum
1023 3540 1092 3592 de
1120 3536 1226 3606 quo
1250 3540 1336 3591 hic
1363 3540 1592 3606 loquitur
1615 3536 1956 3601 Fortunatus,
1984 3537 2077 3590 Dei
2102 3550 2336 3600 Servum,

765 3606 932 3662 fuisse
961 3605 1203 3663 sanctum
1229 3605 1554 3668 Abundium,
1585 3607 1719 3660 alias
1749 3607 1909 3661 etiam
1934 3605 2214 3660 Acontium
2248 3621 2341 3662 vo-

763 3688 939 3732 catum
964 3679 1066 3748 (uti
1091 3679 1329 3733 sentiunt
1354 3678 1435 3748 cl.
1454 3677 1630 3730 Mabil.
1665 3677 1715 3730 in
1747 3679 1889 3731 Ann.
1915 3676 2138 3748 Bened.,
2161 3676 2226 3730 ad
2247 3692 2337 3732 an.

765 3747 894 3814 550,
925 3747 981 3803 et
1003 3764 1124 3803 eum
1155 3749 1323 3804 secuti
1349 3747 1635 3816 Bolland.),
1675 3747 1827 3814 cujus
1859 3747 2098 3801 meminit
2139 3749 2338 3817 Grego-

761 3820 878 3872 rius
912 3820 1005 3882 Μ..
1058 3818 1150 3872 lib.
1196 3835 1253 3873 ιιι
1305 3818 1466 3883 Dial.,
1494 3833 1611 3885 cap.
1640 3818 1739 3879 ‘25,
1775 3832 2036 3886 quemque
2061 3824 2335 3872 custodem

763 3889 1014 3944 ecclesia:
1040 3891 1211 3943 sancti
1245 3889 1388 3943 Petri
1412 3889 1555 3942 idem
1579 3888 1739 3955 Greg.
1767 3889 1932 3943 refert
1963 3889 2146 3950 fuisse.
2177 3899 2337 3957 atque

762 3960 838 4014 ita
865 3977 878 4012 :
914 3959 1261 4028 Omnipotenti
1287 3958 1395 4012 Deo
1424 3959 1642 4026 ﬁdeliter
1669 3961 1895 4019 servisse,
1920 3964 1975 4010 ut
2002 3958 2136 4011 idem
2163 3958 2336 4013 beatus

764 4028 953 4084 Petrus
980 4032 1243 4096 apostolus
1272 4031 1430 4100 signis
1459 4031 1737 4083 ostenderet
1757 4045 1907 4092 quam
1929 4031 1993 4082 de
2012 4028 2104 4081 illo
2135 4030 2336 4082 haberet

765 4102 1169 4155 wstiiiiatiunem.
1203 4099 1330 4154 tam
1350 4115 1479 4153 vero
1501 4111 1554 4153 et
1582 4109 1816 4165 tempora
1843 4102 1922 4168 (ut
1950 4099 2145 4154 ibidem
2172 4100 2336 4154 adno-

763 4181 878 4225 tant
908 4172 1269 4238 Bollandistae)
1299 4186 1404 4225 non
1435 4170 1759 4239 discrepant.

838 4252 862 4276 υ
896 4243 990 4294 llic
1037 4243 1342 4311 designatur
1388 4239 1662 4303 Aluricus,
1715 4241 1944 4293 nominis
1991 4239 2214 4310 hujusce
2264 4242 2330 4308 ll,

764 4311 1061 4366 Gothorum
1082 4355 1095 4376 ,
1133 4313 1260 4366 sive
1293 4311 1719 4378 Visigothorum,
1757 4312 1808 4364 in
1853 4311 2036 4364 Galliis
2067 4327 2174 4365 'rex
2199 4354 2211 4375 ,
2245 4315 2335 4380 qui

759 4383 946 4437 sedem
979 4383 1163 4436 habuit
1190 4382 1419 4447 Tolosae,
1453 4382 1649 4450 quique
1679 4398 1706 4433 ει
1736 4381 2006 4436 Clodovco
2028 4382 2065 4449 Ι,
2101 4383 2331 4436 Franco-

757 4467 880 4508 rum
913 4469 1054 4520 rege,
1089 4453 1141 4506 in
1174 4452 1490 4522 Vogladensi
1541 4452 1724 4520 prmlio
1753 4453 1925 4506 victus
1957 4463 2038 4506 est
2081 4467 2171 4505 an.
2206 4452 2330 4520 507,

761 4533 822 4577 ut
847 4525 1102 4578 adnatant
1133 4520 1293 4587 ιιοιιξ,
1323 4539 1379 4576 n.
1413 4520 1484 4576 80
1528 4523 1896 4576 commentarii
1949 4522 2186 4589 praefati,
2239 4526 2332 4578 ad-

2451 1999 2742 2068 exempiis(
2769 2006 2791 2032 ο
2821 1996 2918 2050 Cui
2945 2012 3070 2053 vero
3096 2013 3249 2064 ptena
3277 1998 3610 2068 dignoscitur
3632 1997 3872 2052 defuisse
3896 2011 4031 2049 mar-

2453 2093 2593 2162 tyrii,
2626 2107 2731 2147 non
2764 2091 2979 2146 devotio
3023 2091 3396 2160 confessoris).
3433 2091 3490 2145 In
3532 2091 3638 2147 illis
3681 2106 3812 2159 ergo
3841 2088 4034 2144 divinis

2451 2185 2771 2251 temnlorunt
2795 2186 3050 2247 oraculis.
3070 2185 3158 2240 ubi
3185 2183 3301 2254 ejus
3319 2185 3614 2254 patrocinia
3638 2199 3962 2238 veneramus
3983 2193 4031 2249 ι,

2448 2277 2700 2347 quidquid
2731 2292 2850 2332 cum
2885 2277 2992 2332 fide
3024 2280 3242 2348 petitur,
3274 2269 3568 2344 invenitur,
3601 2288 3656 2333 et
3673 2277 3822 2347 quod
3851 2291 4033 2346 spera-

2447 2379 2529 2424 tur
2555 2371 2755 2434 studio,
2781 2379 3064 2438 prmstatur
3093 2369 3304 2425 effectu.
3335 2369 3576 2426 Profusis
3603 2384 3734 2438 ergo
3762 2367 4033 2423 unanimi-

2449 2473 2529 2519 ter
2545 2465 2790 2533 precibus
2815 2478 3118 2532 exoramus,
3138 2475 3165 2514 s
3186 2474 3242 2519 ut
3257 2464 3414 2519 nobis
3435 2465 3559 2519 vita:
3581 2463 3837 2519 salutaris
3861 2461 4032 2532 spatio

2448 2557 2830 2624 indulgentiam
2867 2556 3184 2613 delictorum
3216 2557 3458 2612 obtineat
3502 2555 3824 2610 intercessio
3855 2555 4033 2610 sancti

2447 2649 2674 2718 Remigii
2723 2649 2986 2716 pontificis
3041 2663 3162 2704 cum
3209 2648 3409 2704 auxilio
3468 2646 3875 2714 Redemptoris.
3938 2646 4035 2700 Det

2447 2741 2604 2795 etiam
2651 2740 2957 2810 deprecatio
3011 2741 3129 2811 ejus
3184 2739 3505 2810 generaliter
3557 2740 3614 2794 in
3670 2737 3777 2793 hoc
3832 2737 4034 2792 mundo

2446 2833 2728 2903 tranquilla
2761 2835 2907 2903 pacis
2934 2841 3195 2900 tempora,
3220 2831 3312 2903 qui
3344 2832 3593 2901 promisit
3611 2831 3778 2900 justis
3805 2840 4032 2886 aeterna.

2444 2925 2594 2992 Quod
2625 2926 2738 2993 ipse
2767 2933 3021 2994 praestare
3052 2925 3323 2994 dignetur,
3345 2924 3434 2992 qui
3475 2932 3665 2992 regnat
3707 2936 3836 2977 cum
3873 2921 4036 2978 Patre

2445 3027 2500 3073 et
2547 3017 2748 3086 Spiritu
2793 3027 3014 3086 sancto,
3069 3016 3158 3087 qui
3203 3025 3287 3073 est
3341 3015 3655 3073 benedictus
3707 3016 3766 3072 in
3814 3014 4030 3072 saeuis.

2444 3108 2637 3167 Amen,

2441 3323 2682 3392 spiritum
2702 3323 2882 3377 salutis
2909 3323 3096 3376 amisit.
3129 3321 3299 3375 Etiam
3346 3318 3536 3376 Surius
3566 3320 3725 3388 paulo
3755 3321 3928 3376 aliter
3958 3322 4033 3376 lo-

2441 3391 2640 3462 quitur.
2672 3393 2796 3447 Haec
2816 3407 2883 3447 ex
2917 3392 3156 3448 Bolland.
3189 3393 3356 3446 Porro
3377 3392 3562 3462 Surius
3589 3392 3670 3446 sic
3695 3391 3828 3460 legit
3853 3411 3867 3445 :
3897 3392 4032 3446 Dum

2439 3461 2594 3518 nimio
2617 3464 2786 3516 labore
2817 3468 2951 3531 fessa
2981 3475 3203 3527 nutaret,
3228 3462 3368 3515 uitali
3397 3461 3566 3533 calore
3588 3473 3853 3532 exempto,
3879 3465 4032 3533 spiri-

2439 3547 2546 3590 tum
2566 3534 2844 3600 exhalavit,
2873 3544 2920 3586 et
2947 3551 3086 3602 spem
3106 3534 3289 3587 salutis
3313 3533 3418 3587 suis
3447 3531 3661 3586 ademit.

2513 3613 2538 3642 ο
2565 3603 2746 3667 Obiit,
2777 3606 2974 3658 iteratis
2996 3605 3244 3675 precibus.

2515 3676 2534 3714 ί
2569 3675 2728 3740 lbid.,
2761 3676 2858 3728 illi.

2509 3755 2535 3794 s
2572 3747 2678 3810 AL,
2711 3745 2962 3799 exanime.

2507 3814 2538 3853 ¹ι
2568 3815 2634 3870 In
2659 3818 2888 3870 oratione
2918 3817 3069 3872 deest
3096 3816 3149 3870 iu
3178 3814 3412 3872 Chifﬂet.
3447 3814 3611 3870 Buu.

2519 3889 2536 3924 ι
2573 3887 2684 3958 Hoc
2699 3888 2868 3958 sancti
2890 3887 3116 3958 Remigii
3134 3889 3447 3958 miraculum
3471 3893 3738 3958 memorat
3756 3886 3846 3942 vel
3862 3887 4023 3956 Greg.

2436 3958 2590 4022 Tur.,
2616 3957 2707 4013 lib.
2735 3959 2804 4012 de
2831 3957 3010 4011 Gloria
3031 3954 3199 4019 conL.
3223 3973 3342 4026 cap.
3363 3957 3454 4021 79,
3479 3965 3538 4010 ut
3559 3954 3780 4011 videtur
3805 3954 4022 4012 desum-

2438 4039 2586 4098 ptum
2615 4044 2679 4082 ex
2702 4027 2818 4098 Vita
2846 4030 3104 4094 ejusdem,
3127 4043 3156 4080 a
3175 4026 3696 4098 Fortunatoscripta
3720 4030 3985 4095 prolixius
4009 4046 4022 4081 :

2437 4095 2595 4168 quam
2626 4101 2739 4166 ipse
2772 4095 2931 4166 Greg.
2962 4099 3196 4152 indicare
3221 4099 3434 4152 videtur
3456 4097 3550 4151 lib.
3575 4112 3610 4150 ll
3639 4097 4023 4168 Histirlt‘ranc"

2438 4167 2556 4238 cap.
2586 4169 2675 4234 51,
2710 4169 2794 4222 ubi
2821 4171 2898 4223 sic
2926 4171 3198 4225 scribitde
3226 4179 3412 4222 sancto
3442 4167 3688 4238 Remigio
3719 4186 3732 4221 :
3767 4167 3861 4223 Est
3890 4171 4025 4222 enim

2438 4256 2571 4294 nunc
2597 4241 2722 4292 liber
2742 4240 2856 4292 uitta
2885 4242 3028 4309 ejus,
3072 4241 3157 4308 qui
3204 4256 3321 4292 eum
3352 4247 3530 4292 narrat
3557 4248 3817 4292 mortuum
3862 4241 4027 4295 susci-

2437 4319 2566 4365 tasse
2589 4325 2609 4364 :
2640 4313 2774 4382 hanc
2802 4313 2985 4382 ipsam
3002 4312 3208 4382 scilicet
3236 4309 3476 4366 indicans
3506 4309 3744 4379 puellam
3770 4351 3786 4377 ,
3822 4312 3893 4369 de
3923 4325 4024 4382 qua

2436 4382 2490 4435 in
2517 4383 2681 4435 allato
2709 4381 2843 4435 libro
2871 4381 2938 4437 dc
2959 4381 3046 4437 Gl.
3074 4381 3311 4438 confess.

2509 4454 2524 4502 i
2567 4450 2746 4517 (;ιι;ιῐ.,
2779 4467 2905 4518 prtv.

2505 4522 2532 4591 ξ
2565 4522 2723 4586 ibitl.,
2755 4538 2882 4591 prce.

760 4609 950 4670 versus
993 4607 1085 4670 eos
1129 4595 1216 4670 qui
1259 4593 1528 4648 Alaricum
1559 4593 1580 4647 Ι
1609 4604 1795 4660 putant
1842 4594 1927 4648 hic
1973 4595 2331 4670 {Fortunato
2360 4609 2413 4670 ι)
2512 4590 2530 4631 ι
2571 4593 2726 4670 lbid.,
2757 4590 2945 4670 mortui
2973 4597 3138 4664 potuit

758 4665 1088 4731 significari,
1118 4665 1268 4732 cujus
1319 4674 1559 4732 tempora
1609 4678 1728 4718 cum
1785 4665 2111 4732 temporibus
2159 4667 2329 4720 sancti

757 4735 986 4802 Remigii
1007 4751 1109 4788 non
1127 4738 1474 4806 conveniunt.
1493 4734 1569 4789 De
1595 4735 1695 4789 hoc
1717 4736 1924 4788 Alarico
1957 4733 1997 4789 ll
2031 4737 2144 4804 lege
2166 4734 2326 4806 Greg.

761 4806 989 4869 Torum,
1013 4807 1048 4858 Ι.
1079 4820 1114 4858 ll
1141 4806 1272 4860 llist.
1303 4805 1516 4868 Frank,
1545 4821 1661 4873 cap.
1691 4808 1758 4858 55
1782 4818 1833 4859 et
1855 4819 2003 4874 Seqtj.

836 4877 861 4914 δ
897 4878 949 4929 In
980 4876 1322 4930 Chiffletinno
1370 4876 1562 4943 legitur
1588 4897 1598 4926 ι
1629 4874 1727 4929 Ille
1759 4892 1892 4940 cum,
1944 4888 2073 4941 etc.,
2121 4878 2334 4933 omissis

760 4948 844 5002 his
871 4966 882 5000 :
917 4945 1060 4999 Tunc
1083 4947 1398 4999 beatissimus
1422 4945 1700 5014 Remigius.
1730 4947 1893 5000 Βοιιη

835 5031 855 5057 ε
881 5016 1290 5081 Cliilfletianum,
1313 5033 1446 5088 quo;
1473 5017 1680 5085 Surius,
1701 5020 1836 5087 quod
1859 5019 2022 5086 fuerat
2051 5019 2326 5087 ingressus.

756 5092 919 5146 BOLL.

826 5160 850 5197 ἀ
886 5159 1042 5220 Ιὺὶιι.,
1076 5159 1187 5213 inec
1228 5159 1472 5224 periodus
1519 5158 1592 5212 sit
1636 5167 1941 5214 recensetur
1971 5178 1982 5211 :
2018 5159 2124 5212 Sed
2172 5160 2322 5228 paulo

757 5242 869 5300 post
890 5230 1174 5283 discedente
1205 5229 1458 5296 pontifice,
1487 5229 1575 5280 sub
1605 5231 1767 5296 ipsius
1797 5233 1968 5282 statim
1990 5233 2128 5283 liora:
2159 5233 2323 5298 spatio

757 5305 869 5355 vita:
900 5304 1069 5354 calore
1099 5300 1326 5364 decepta,
1353 5301 1586 5368 spiritum
1633 5303 1708 5367 (in
1757 5301 2060 5354 DivwnenSI
2112 5303 2325 5356 additur

755 5373 952 5440 salus),
984 5374 1172 5425 amisit.
1206 5371 1538 5424 Montbritius
1576 5373 1757 5425 ultima
1790 5373 1865 5425 sic
1898 5374 2122 5424 reddidit
2150 5391 2159 5423 :
2192 5373 2326 5425 Ilum

756 5443 914 5498 nimio
965 5444 1134 5497 labore
1179 5443 1312 5514 fessa
1361 5444 1654 5511 nutriretur,
1698 5444 1841 5500 uitali
1881 5445 2046 5500 calore
2077 5444 2320 5511 alienato,

2511 4672 2550 4700 ω
2576 4663 2813 4734 _Divion.,
2845 4667 2976 4734 ejus.

2510 4744 2536 4770 η
2564 4732 2746 4805 (ζωῇ,
2781 4732 3118 4805 rcntediaque.

2509 4813 2534 4840 °
2565 4804 2688 4858 limo
2730 4807 2980 4873 periodus
3018 4804 3174 4860 uncis
3206 4806 3431 4874 inclusa,
3483 4807 3671 4862 deerat
3709 4805 3778 4860 ab
3819 4820 3888 4861 eo
3915 4821 4017 4863 ms.

2433 4890 2539 4945 quo
2566 4877 2645 4930 usi
2675 4886 2803 4930 sunt
2829 4879 2987 4944 ttotl.,
3019 4878 3113 4932 sed
3140 4877 3383 4932 exstabat
3412 4879 3464 4931 in
3492 4878 3636 4943 aliis,
3665 4891 3768 4932 nec
3791 4875 3945 4932 deest
3969 4879 4024 4934 in

2437 4947 2579 5020 Edit.
2613 4949 2777 5014 Surii,
2818 4948 3057 5016 quamvis
3102 4949 3297 5020 aliquid
3346 4948 3572 5020 diﬂ'erat.
3625 4949 3718 5003 Sic
3759 4949 3906 5002 enim
3952 4950 4025 5004 ibi

2435 5018 2625 5092 legitur
2650 5037 2662 5071 :
2687 5019 2843 5092 hujus
2864 5035 2980 5073 vero
3001 5035 3148 5088 pinna
3170 5018 3486 5090 dignoscitur
3501 5019 3727 5092 defuisse
3745 5021 4022 5091 martyrio,

2435 5103 2536 5140 non
2564 5091 2758 5142 devotio
2791 5092 3116 5159 confessioni.

2504 5170 2533 5208 P
2563 5161 2674 5221 AL.
2703 5176 3026 5215 veneramur.

2506 5241 2531 5278 ιι
2559 5230 2614 5284 ln
2655 5229 2858 5299 Chit'll.,
2912 5247 2977 5286 ex
3017 5233 3146 5302 ipsis
3186 5232 3428 5289 Bolland.
3483 5231 3719 5302 legitur:
3757 5229 3826 5286 Ut
3874 5232 4023 5288 nobis

2433 5303 2547 5355 vita:
2573 5303 2756 5355 salutis
2786 5305 3041 5369 spatium;
3073 5304 3222 5358 deest
3256 5320 3385 5360 vero
3429 5304 3495 5358 ad
3541 5314 3843 5358 extremum
3886 5318 4022 5359 eon-

2434 5373 2602 5446 olnsio
2637 5393 2646 5425 :
2679 5373 2828 5440 Quod
2849 5375 2954 5442 ipse
2984 5389 3231 5446 prwstare
3257 5377 3514 5445 dignetur,
3545 5385 3679 5442 etc.,
3705 5390 3766 5431 ac
3790 5373 4022 5446 legitur:

2433 5443 2664 5513 'Explicit
2695 5446 2943 5514 depositio
2975 5443 3137 5501 sancti
3165 5443 3404 5519 Remigii.
