4192 6578
772 415 880 470 555

1466 412 1784 470 VENANTII
1826 415 1983 470 “0N.
2025 415 2232 472 CLEM.
2275 416 2666 478 FORTUNATI
2714 421 2998 478 OPERUM
3042 420 3218 478 PARS
3255 421 3316 476 ll.

3929 429 4032 484 535

766 529 1107 598 nequivimus
1137 529 1351 586 silentio
1389 531 1684 599 praeterire,
1717 531 1963 598 quamvis
2008 547 2114 586 non
2166 531 2346 585 valea-
2373 532 2428 591 Α
2454 548 2629 592 tnrntn
2658 553 2928 593 summum
2955 539 3048 593 Dei
3080 537 3410 606 pontiﬁcem,
3433 538 3521 608 qui
3543 538 3598 594 in
3630 539 3880 596 Tornaco
3904 543 4028 596 civi-

763 633 886 675 mus
916 626 947 658 ⁸
975 631 1246 692 gestorum
1274 628 1463 676 cuncta
1488 622 1869 690 perstringere.
1905 622 1971 676 Et
2000 623 2120 692 quia
2149 621 2349 676 solem-

761 715 950 771 nitatis
977 715 1093 783 ejus
1131 714 1295 781 diem,
1328 714 1671 769 veneratione
1714 721 2074 784 perspicuum,
2109 716 2348 769 omnium

759 806 1080 875 populorum
1104 816 1348 861 catervas
1378 807 1668 876 quotannis
1702 819 1976 874 expetere,
2003 807 2350 875 depositionis

758 914 871 953 sua:
909 900 1350 955 commemoratio
1404 902 1712 970 principalis
1761 901 1980 965 invitat;
2029 913 2238 956 crescat
2295 903 2348 955 in

758 993 1130 1048 universorum
1165 995 1468 1060 pectoribus
1501 1009 1594 1059 pro
1652 995 1772 1047 lidei
1806 993 1831 1030 ιι
1863 996 2054 1048 ard-ire
2107 996 2344 1060 devotio,

757 1085 884 1138 dttrn
913 1097 1218 1142 sanctorum
1254 1090 1502 1155 panditur
1533 1089 1864 1157 magnitudo.
1899 1099 1954 1142 ut
1981 1091 2022 1142 si
2057 1090 2106 1142 ia
2143 1091 2240 1144 hac
2265 1105 2348 1144 ra-

754 1193 846 1232 rus
871 1179 943 1233 sit
974 1182 1061 1248 qui
1082 1183 1272 1234 cxistat
1297 1181 1528 1234 imitator
1557 1183 1763 1247 niteris,
1789 1192 2012 1236 cunctos
2047 1194 2221 1237 tamen
2271 1185 2347 1237 fa-

753 1270 859 1324 ciat
896 1272 1012 1339 ejus
1068 1273 1380 1324 intercessio
1410 1274 1664 1339 potiores.
1699 1271 1863 1340 llujus
1916 1289 2041 1340 ergo
2084 1273 2344 1340 originem

755 1375 1034 1432 propterea
1069 1364 1294 1431 primum
1319 1366 1590 1432 sitggestio
1609 1368 1774 1419 nostri
1797 1367 2065 1419 sermonis
2091 1367 2342 1433 insinuat,

756 1464 813 1507 ut
839 1456 1015 1508 nullus
1046 1454 1266 1508 forsitan
1299 1457 1691 1520 desiierationis
1710 1458 1990 1510 obstaculo
2032 1459 2198 1524 magis
2229 1458 2341 1511 cul-

755 1547 960 1616 patulus
992 1562 1011 1586 ε
1048 1550 1300 1616 oll'entl.tt,
1333 1551 1584 1618 quoniam
1631 1551 1809 1604 .Deutn
1870 1552 2074 1617 integro
2159 1565 2344 1605 amore

750 1639 994 1710 diligere,
1031 1658 1132 1696 llOlt
1168 1645 1291 1697 facit
1317 1647 1554 1713 gentium
1586 1645 1751 1697 divisa
1785 1645 2054 1707 discretio,
2088 1646 2179 1698 sed
2215 1647 2344 1698 titti-

753 1745 804 1790 ta
833 1732 861 1772 ἀ
890 1737 1011 1792 lidei
1042 1739 1332 1805 plenitudo,
1375 1743 1394 1766 θ
1425 1753 1490 1792 ne
1541 1738 1718 1791 divina
1744 1738 1932 1806 gratia,
1967 1752 2086 1802 quae
2116 1738 2345 1791 volenti-

751 1827 854 1882 bus
893 1831 1097 1883 cunctis
1120 1830 1383 1898 generalis
1411 1830 1731 1895 ostenditur,
1765 1828 1782 1865 τ
1818 1829 2069 1896 Specialis
2111 1843 2229 1884 esse
2253 1829 2342 1897 ju—

751 1923 894 1977 dicio
927 1923 1146 1977 fallente
1172 1925 1442 1977 credatur.

824 2014 876 2068 2.
911 2015 1069 2068 l’ater
1099 2016 1256 2081 igitur
1288 2017 1460 2081 hujus,
1495 2013 1711 2068 nomine
1745 2024 1768 2060 ις
1795 2015 2194 2080 Nectardus,de
2216 2014 2351 2068 forte

750 2105 1081 2161 Francorum
1133 2122 1348 2174 genere,
1379 2124 1482 2158 non
1517 2107 1614 2158 fuit
1648 2107 1861 2158 intimus
1892 2107 2156 2158 libertate.
2183 2106 2349 2159 Mater

747 2215 878 2254 vero
901 2201 1160 2263 Romana,
1190 2198 1405 2251 Itotttitic
1437 2199 1700 2263 l’itilagia,
1730 2198 1984 2248 ali-solutis
2013 2198 2204 2250 claruit
2231 2212 2346 2250 scr-

749 2293 914 2347 vittilc
963 2291 1266 2345 natalibus:
1325 2307 1440 2355 qua:
1497 2307 1548 2341 iii
1598 2290 1794 2341 Christi
1851 2289 2208 2343 tabernaculis
2266 2292 2349 2355 (ut

751 2385 1062 2448 censemus)
1094 2385 1326 2450 pretioso
1359 2382 1586 2434 fecunda
1619 2393 1772 2449 partu
1804 2383 1918 2449 plus
1952 2383 2166 2449 placuit,
2189 2399 2344 2448 quam

747 2476 792 2528 si
822 2476 1126 2543 integritate
1156 2485 1364 2528 servata
1391 2489 1727 2542 nequaquam
1761 2489 1818 2527 se
1850 2474 2072 2526 vinculis
2102 2474 2343 2526 virilibus

745 2569 1076 2631 tradidisset;
1103 2583 1327 2634 quorum
1355 2569 1405 2620 in
1440 2567 1848 2620 Vironiandensi
1880 2567 2152 2620 territorio
2179 2576 2232 2618 et
2252 2568 2345 2619 lia-

744 2662 934 2717 bitatio
974 2661 1140 2714 fuisse
1166 2661 1513 2728 dignoscitur,
1547 2670 1602 2714 et
1631 2661 1802 2728 origo.
1835 2658 1887 2712 In
1937 2674 2040 2728 qua
2065 2659 2196 2712 urbe
2222 2673 2341 2711 cum

743 2754 1056 2809 adolescens
1117 2753 1181 2806 ad
1251 2752 1492 2806 scholam
1565 2760 1889 2815 recurreret,
1941 2748 1969 2784 ιι
2020 2751 2340 2813 casululam,

743 2861 903 2910 quam
935 2851 981 2899 ei
1015 2859 1106 2897 sua
1140 2845 1364 2912 genitrix
1394 2843 1614 2908 fecerat,
1651 2859 1744 2912 per
1767 2843 1940 2911 ipsum
1969 2841 2036 2896 ad
2077 2843 2340 2897 artilicem

740 2937 1168 3004 componendam
1221 2937 1416 2989 direxit
1449 2953 1463 2987 :
1521 2951 1680 3004 quam
1731 2936 1782 2989 iii
1837 2936 2027 2988 itinere
2053 2951 2195 2989 ρεταιν
2225 2951 2253 2988 a
2281 2951 2341 2990 se

741 3029 957 3081 invento
989 3042 1108 3080 mox
1165 3025 1408 3094 prtebuit.
1465 3026 1726 3080 Similiter
1774 3025 2032 3096 quidquid
2058 3027 2124 3080 ad
2160 3041 2338 3081 escam

740 3121 988 3186 accipere
1038 3119 1282 3180 deberet,
1318 3119 1444 3172 dum
1481 3133 1698 3173 suorunt
1734 3129 2012 3188 parentum
2053 3134 2267 3189 gregem
2319 3118 2332 3153 ί

742 3223 1010 3282 pasceret,
1042 3216 1086 3267 si
1120 3229 1404 3280 pauperem
1436 3213 1675 3277 vidisset,
1707 3215 1885 3268 cibum
1935 3214 2111 3282 egenti
2161 3214 2333 3283 porri-

2451 643 2558 687 tate
2586 643 2765 699 pastor
2793 642 2875 686 est
2897 632 3052 687 datus
3083 632 3362 687 Ecclesiae.
3385 632 3461 687 Ita
3491 642 3715 690 sanctus
3734 635 3880 704 quod
3906 651 4032 705 pra:-

2447 727 2582 781 dixit
2611 726 2761 795 quasi
2794 727 3051 795 praplteta
3080 726 3262 779 divino
3289 729 3485 794 spiritu
3514 728 3626 794 jam
3661 729 3929 796 probavit.

2519 817 2572 870 5.
2608 819 2809 872 Deinde
2858 833 2976 872 cum
3027 819 3267 873 crebrius
3315 819 3381 873 ad
3437 821 3762 888 templorum
3821 823 4033 876 oracula

2453 907 2469 945 ι
2499 908 2621 961 lidei
2653 909 2854 961 monitu
2880 911 3249 977 promulgante
3273 909 3698 974 discurreret,et
3722 913 4036 966 tenerosita-

2449 1001 2517 1054 tis
2539 1016 2728 1064 annos,
2758 1001 2962 1055 libratis
2989 1001 3245 1068 patientia
3273 1005 3536 1068 moribus,
3563 1014 3896 1073 temperaret
3920 1019 4038 1072 pro-

2447 1095 2576 1163 pria:
2600 1093 2888 1146 voluntatis
2916 1094 3160 1158 arbitrio,
3185 1095 3310 1149 dum
3339 1097 3520 1151 mundi
3551 1097 3841 1152 illecebias
3870 1098 4037 1151 vitan-

2447 1185 2516 1238 do
2544 1184 2862 1251 despiceret,
2898 1184 3133 1240 ollicinm
3159 1187 3455 1241 sat-erdotvs
3475 1189 3712 1256 excepit,
3749 1189 3958 1256 pariter
3983 1199 4036 1243 et

2448 1277 2626 1331 animo
2657 1291 2948 1330 Conversus
2975 1286 3030 1329 et
3057 1279 3259 1331 liabitu.
3291 1280 3494 1332 Murum
3524 1280 3776 1334 claritate
3815 1280 4035 1343 praecel-

2449 1369 2597 1430 lens,
2629 1370 2910 1422 confestim
2943 1370 3168 1434 claruit,
3197 1372 3334 1440 apttd
3378 1373 3524 1426 urbis
3567 1374 3882 1441 pontiﬁcem
3915 1388 4040 1426 con-

2451 1459 2753 1513 versatione
2785 1463 3118 1531 prtecipuus,
3152 1464 3290 1531 apud
3334 1477 3558 1518 cunctos
3589 1466 3788 1518 mentis
3838 1475 3878 1502 ω
3911 1466 4042 1533 puri-

2451 1559 2556 1605 tate
2585 1553 2844 1606 sincerus.
2881 1554 3160 1623 Nunquam
3193 1573 3250 1610 se
3287 1559 3486 1612 laetitia:
3519 1560 3765 1613 ubertate
3801 1560 3919 1626 plus
3949 1577 4043 1612 ex-

2453 1645 2606 1712 tulit,
2641 1662 2909 1712 nunqiiant
2961 1649 3208 1702 maeroris
3261 1653 3555 1704 acerbitate
3607 1654 3868 1704 turbavit.
3926 1653 4042 1705 Fuit

2451 1753 2664 1807 semper
2716 1743 2947 1795 tolerans
2996 1744 3044 1796 in
3097 1743 3370 1805 adversis,
3423 1747 3567 1797 initis
3619 1746 3670 1796 in
3727 1747 4039 1812 proSperis,

2448 1842 2671 1885 cunctos
2701 1834 2800 1886 sibi
2824 1835 3137 1887 obedienthe
3179 1837 3460 1888 sedulitate
3501 1839 3794 1901 ι›π’.οι[ρι·ειιέ
3819 1881 3833 1901 ,
3874 1853 4042 1898 egen-

2380 1907 2424 1964 B
2455 1923 2592 1973 ttbns
2646 1922 2788 1987 larga
2820 1921 3164 1976 miseratione
3220 1937 3562 1987 succurrens,
3596 1932 3649 1975 et
3678 1940 3746 1977 ex
3787 1926 4037 1980 omnibus

2453 2012 2654 2065 calcato
2727 2014 2970 2067 vitiorum
3017 2012 3220 2077 fomite,
3269 2016 3479 2082 angusti
3536 2016 3687 2069 callis
3743 2016 4034 2083 tramitem,

2451 2119 2650 2160 sanetae
2667 2109 3086 2161 conversationis
3109 2123 3294 2174 gressu
3323 2118 3576 2176 surgente
3595 2150 3608 2172 ,
3643 2111 4038 2176 conscendens,

2450 2197 2704 2266 quidquid
2740 2201 3020 2250 adversum
3069 2211 3146 2251 est
3178 2200 3402 2263 horruit,
3433 2200 3690 2267 quidquid
3743 2203 4039 2268 pretiosum

2449 2290 2624 2356 elogit.
2657 2288 2789 2354 Quid
2826 2291 3006 2356 plura?
3039 2289 3107 2343 Ut
3135 2289 3330 2356 hospes
3351 2299 3666 2344 cerneretur
3697 2291 3750 2344 iii
3805 2293 4034 2357 szeculo,

2449 2397 2503 2438 ει
2526 2385 2632 2450 jain
2667 2398 2942 2450 possessor
2992 2391 3136 2437 esset
3181 2385 3232 2436 iii
3284 2385 3444 2447 cmlo,
3497 2394 3621 2436 tunc
3666 2386 4038 2439 crescentibus

2449 2477 2644 2530 tnuniis
2675 2491 2774 2546 per
2815 2486 2841 2512 ιι
2875 2479 3111 2544 singulos
3140 2474 3420 2529 sacerdotii
3458 2475 3716 2540 honores,
3753 2479 4039 2544 interjecta

2445 2566 2778 2620 discretione
2811 2577 3132 2634 temporum,
3194 2566 3542 2620 ecclesiastici
3592 2566 3764 2621 moris
3797 2577 4041 2621 tenorem

2446 2672 2790 2725 percurrens,
2859 2656 3176 2727 presbyterii
3227 2657 3464 2711 oflicium
3523 2659 3733 2712 electus
3793 2660 4042 2726 excepit,

2448 2753 2701 2816 probatus
2727 2750 2985 2812 obtinuit;
3016 2759 3070 2803 et
3102 2750 3171 2802 ita
3221 2764 3280 2803 se
3313 2747 3568 2818 deinceps
3621 2750 3830 2804 sanctis
3882 2751 4042 2818 coepit

2448 2837 2714 2904 publicare
2764 2838 3070 2904 virtutibus,
3149 2848 3206 2892 ut
3248 2837 3449 2892 Christi
3505 2839 3700 2894 merito
3761 2849 4043 2908 putaretur

2443 2931 2710 2985 alumnus.

2519 3023 2566 3074 i.
2613 3022 2848 3092 Contigit
2890 3036 3021 3092 ergo
3063 3029 3148 3087 ut,
3201 3021 3440 3075 autumni
3497 3030 3783 3088 tempore,
3835 3020 4044 3074 fructus

2443 3122 2469 3150 °
2493 3115 2806 3167 mitescente
2828 3112 2966 3166 botri
2983 3127 3166 3177 succo,
3183 3114 3509 3166 varicantem
3526 3112 3863 3166 vindemiant
3889 3114 4046 3166 iiber-

2445 3214 2524 3258 tas
2553 3203 2878 3266 ostenderet,
2914 3217 3008 3271 per
3037 3217 3194 3269 quam
3225 3204 3446 3256 latronis
3476 3203 3756 3257 temeritas
3771 3203 3896 3272 ejus
3922 3220 4045 3272 gra-

739 3265 918 3376 iiebat,
952 3306 1066 3374 ipse
1099 3306 1274 3357 ferens
1305 3305 1560 3372 inopiam,
1599 3303 1703 3358 diei
1735 3305 1938 3359 ducens
1965 3265 2189 3373 iejuiiia:
2221 3305 2332 3360 Nec
2365 3265 2410 3328 Ο
2447 3297 2570 3349 liam
2595 3295 2916 3364 Ρυυιίθειτθί·
2951 3296 3271 3362 “Immites”
3295 3295 3456 3362 ἱείιιιν
3481 3305 3662 3358 noete,
3701 3310 3829 3350 cum
3865 3296 4044 3366 Ροῑίυε

737 3400 870 3454 illud
902 3409 985 3453 est
1008 3399 1341 3453 reticendum
1376 3399 1450 3451 rei
1478 3407 1642 3466 gestas
1673 3399 2010 3468 mysterium.
2057 3399 2190 3452 Dum
2243 3398 2334 3452 ad-

738 3498 845 3548 huc
875 3503 1018 3549 esset
1043 3494 1092 3546 in
1121 3493 1320 3546 scholis
1349 3493 1430 3544 vir
1485 3502 1722 3558 sanctus,
1751 3508 1944 3559 parvus
1967 3501 2022 3548 et
2051 3492 2330 3560 innocens,

739 3588 867 3643 dicit
893 3587 958 3640 ad
995 3597 1008 3634 ι
1051 3584 1417 3638 Eleuther-iuni
1447 3584 1731 3651 quemdam
1763 3598 2009 3651 puerum,
2060 3585 2200 3651 quod
2235 3601 2332 3654 pu-

738 3681 878 3736 blica
921 3681 974 3734 in
1006 3682 1215 3734 actione
1240 3682 1260 3716 ⁵-
1285 3679 1592 3733 comitivam
1638 3688 1957 3744 assumeret,
1988 3689 2043 3733 et
2086 3693 2206 3732 cum
2235 3679 2335 3733 tri-

741 3774 886 3844 ginta
910 3787 1171 3828 annorum
1202 3773 1327 3826 vita:
1348 3771 1581 3839 spatium
1610 3779 1846 3838 caperet,
1877 3771 2053 3838 ipsum
2090 3771 2224 3826 dixit
2254 3772 2334 3826 fu-

814 3963 841 3990 ι
873 3956 1000 4010 Mss.
1053 3953 1658 4022 Audutnampolitanum
1729 3958 1785 4006 et
1836 3948 2036 4006 Velseri
2086 3947 2330 4004 addunt:

741 4024 883 4099 Ejus
901 4027 1355 4099 insigniacuncta.
1390 4023 1658 4099 Bocuiivo.

813 4096 840 4136 δ
867 4093 1290 4153 Μεε.’Βρ1ΐ‹›ι·ῑίἱ.
1333 4110 1526 4147 amore.
1553 4093 1716 4148 BOLL.

816 4178 840 4206 ε
877 4169 1096 4230 Aclter.,
1129 4166 1380 4220 ostendat.

815 4237 842 4275 ά
865 4239 1245 4301 Noviomense,
1273 4237 1484 4289 unitatis
1515 4233 1798 4302 plenitudo.
1829 4234 1978 4289 Inest.

817 4318 840 4344 °
872 4309 1128 4362 Advertat
1175 4310 1342 4361 lector
1370 4307 1718 4360 Fortnnatuni
1751 4306 1822 4358 ibi
1875 4305 2019 4370 loqui
2048 4302 2114 4356 de
2158 4304 2328 4372 gratia

742 4381 1068 4443 sanctitatis,
1112 4394 1230 4446 quas
1261 4379 1460 4431 nullius
1479 4377 1652 4446 gentis
1676 4385 1768 4428 aut
1806 4377 2040 4436 familiai.
2073 4373 2158 4427 vel
2199 4373 2332 4427 For-

744 4463 908 4517 tunae,
945 4445 1154 4518 propria
1195 4464 1257 4502 ac
1299 4445 1584 4516 singularis
1621 4456 1724 4510 est,
1757 4462 1878 4500 cum
1912 4461 2068 4500 nemo
2100 4445 2334 4518 sanctiﬁ-

747 4513 911 4585 cctur,
947 4513 1059 4574 ἰιίεἷ
1101 4522 1155 4572 in
1177 4513 1406 4572 Christo
1430 4518 1576 4577 Jesu,
1607 4519 1745 4584 apud
1777 4533 1937 4586 quem
1999 4532 2098 4568 non
2128 4525 2202 4568 est
2229 4513 2332 4567 Ju-

741 4596 904 4658 dteus,
931 4607 1092 4661 neque
1124 4588 1356 4656 erctts,
1389 4604 1488 4641 non
1517 4599 1588 4641 est
1613 4603 1802 4651 servus,
1839 4605 1993 4656 neque
2023 4587 2169 4661 liber,
2195 4594 2326 4661 etc.,

739 4664 836 4720 sed
866 4657 978 4728 ipsa
1006 4657 1309 4715 'volcntibus
1335 4661 1532 4713 cunrtis
1582 4661 1840 4727 generalis
1883 4659 2200 4728 ostenditur;
2254 4657 2326 4710 ita

741 4726 922 4788 tamen
967 4743 1024 4786 ut
1069 4735 1303 4785 voluntas
1349 4726 1666 4800 prazparetttr
1715 4747 1747 4782 ιι
1797 4730 2036 4782 Domino.
2090 4726 2210 4792 Ipse
2253 4737 2328 4800 est

741 4806 874 4859 enim
900 4845 915 4870 ,
946 4816 1002 4858 tit
1045 4803 1118 4855 ait
1151 4798 1454 4867 Apostolus,
1485 4803 1570 4869 qui
1603 4812 1843 4868 operatur
1870 4803 1919 4852 in
1953 4799 2094 4851 nobis
2128 4808 2174 4850 ct
2206 4798 2331 4851 velle

739 4885 787 4931 ct
814 4877 1052 4944 perﬁcere
1076 4889 1168 4942 pro
1196 4875 1327 4924 bona
1356 4873 1640 4944 voluntate._
1679 4872 1816 4944 Lege
1867 4873 2035 4937 ipsum
2068 4870 2331 4944 Fortuita-

738 4939 982 5013 tuinfin
1035 4939 1371 5011 expositione
1409 4942 1674 4995 Orationis
1735 4943 2046 5003 [)0lllilthLC,
2103 4941 2166 4993 ad
2240 4939 2327 5013 illa

742 5010 904 5073 verba
935 5036 947 5069 :
983 5010 1360 5070 Fiatuoluntas
1390 5024 1496 5066 tua.
1692 5014 1966 5081 (Secunda:
1991 5026 2127 5065 cura:
2155 5010 2328 5080 uola.)

818 5087 838 5126 ί
873 5089 929 5144 Id
952 5097 1054 5153 est,
1085 5088 1295 5154 propria
1327 5087 1560 5154 flentium
1593 5084 1903 5152 slitptarutti.
2059 5134 2076 5154 λλ

817 5169 842 5207 ti
875 5151 1101 5214 Aucto'r'
1129 5151 1260 5210 Vitae
1309 5151 1479 5210 sancti
1523 5155 1782 5213 Medardi,
1837 5168 1954 5222 quze
1983 5151 2155 5213 exstat
2187 5151 2325 5220 apud

743 5231 981 5295 Surium,
1053 5230 1128 5282 ait
1176 5229 1480 5280 Medardtnn
1539 5235 1684 5288 patre
1739 5225 1999 5278 Nectardo
2051 5234 2116 5295 et
2158 5233 2328 5276 matre

739 5293 984 5371 Protagia
1028 5301 1286 5370 genitum,
1345 5298 1483 5363 apud
1534 5295 1901 5371 Saltuttiurimt,
1948 5293 2327 5371 lim-eilitariarn

743 5366 1175 5442 prwdevcessorum
1209 5386 1414 5422 suorum
1459 5369 1846 5442 possessionem,
1877 5375 2216 5442 natttmatque
2242 5366 2324 5442 al-

743 5436 853 5498 tum
881 5445 1056 5511 fuisse.
1086 5443 1176 5495 Est
1204 5452 1395 5496 αιιιιυι.
1428 5451 1482 5491 tit
1515 5441 1719 5511 stihdit,
1760 5440 2007 5506 pra'tlinm
2055 5437 2184 5511 illud
2234 5436 2326 5488 Sa-

743 5507 1018 5570 lcntt'acunt
1049 5516 1099 5566 in
1132 5515 1423 5578 episcopatu
1469 5512 1622 5562 situm
1687 5508 2096 5571 i'ironiandciisi,
2146 5507 2199 5559 iii
2247 5522 2325 5558 re-

741 5587 897 5659 gione
912 5596 1081 5640 autem
1110 5583 1158 5637 Ν
1169 5584 1454 5659 ovtontensi.

818 5653 846 5694 ¹¹
863 5655 1047 5711 Casula
1073 5655 1286 5724 proprie
1305 5653 1460 5706 vestis
1477 5651 1842 5717 sacerdotalis,
1861 5651 2010 5719 quasi
2032 5666 2184 5724 parva
2207 5665 2324 5724 casa

741 5729 906 5794 dicta,
937 5721 1087 5797 quod
1109 5736 1274 5780 totum
1301 5740 1493 5792 corpus
1525 5736 1661 5790 tegat
1691 5736 1744 5778 ct
1767 5724 2000 5778 amiciat.
2050 5721 2139 5774 Vel
2173 5722 2322 5774 laicis

747 5809 925 5854 tamen
986 5801 1034 5851 id
1059 5813 1248 5865 igetius
1279 5802 1443 5849 vestis
1474 5809 1758 5850 commune
1808 5797 1967 5847 fuisse
1998 5803 2208 5847 constat
2257 5807 2320 5843 et

745 5870 1024 5940 Procopio,
1060 5873 1152 5924 lib.
1205 5884 1240 5921 tt
1289 5869 1414 5922 Belli
1469 5867 1659 5931 V'and.,
1702 5884 1749 5921 c.
1783 5869 1871 5929 ξω,
1908 5879 2153 5940 asserens
2203 5877 2319 5916 eam

748 5958 902 5998 servo
920 5936 988 5999 lac
1011 5944 1222 6013 privato
1243 5941 1549 6009 convenire,
1584 5957 1689 5995 non
1721 5938 2054 6008 imperatori,
2092 5936 2154 5988 iis
2200 5950 2318 5988 vcr-

2439 3388 2495 3442 iii
2524 3388 2776 3442 humanis
2800 3387 3142 3455 corporibus,
3176 3402 3422 3441 curarunt
3453 3387 3774 3443 diversitate
3799 3390 4041 3454 seclusa,

2437 3478 2751 3533 dominante
2797 3478 3036 3542 silentio,
3097 3477 3274 3530 blandi
3329 3477 3538 3544 saporis
3567 3491 3705 3531 onus
3755 3479 4040 3542 incumbit,

2436 3571 2646 3626 vineam
2695 3585 2866 3634 suam,
2901 3581 2926 3619 P
2969 3568 3264 3637 cupiditate
3313 3567 3511 3622 fraudis
3548 3567 3846 3636 impulsos,
3909 3571 4041 3621 latro

2435 3665 2727 3737 capiendus
2773 3664 3016 3732 expetiit,
3065 3664 3326 3718 tenendus
3367 3661 3574 3732 irrupit.
3610 3661 3767 3715 Tunc
3798 3662 4036 3730 prauam

2433 3758 2614 3828 gladio
2642 3765 2860 3812 secante
2883 3756 3204 3825 corripiens,
3231 3756 3345 3824 ipse
3374 3756 3544 3824 magis
3569 3755 3870 3824 pradatus,
3897 3755 4036 3808 intra

2436 3943 2554 3997 bis:
2588 3935 2906 4014 ’Δρισϐἰνδοί
2931 3934 3070 4014 οὺᾷξξ
3107 3955 3157 3988 τι
3197 3932 3606 4014 μεῖδήσαςηαύτῷ
3625 3933 3788 4014 festo
3835 3936 4041 4014 ιμξὶἶιον

2435 3999 2823 4084 ἀμπεχέμενος,
2854 4005 2966 4060 οὔτε
2992 4004 3122 4073 ἄλλῳ
3145 3999 3537 4076 σιλρατιυοῴδῳ
3557 3999 3705 4074 ἄνδρί
3730 3999 4038 4061 ἐπιτήδείως

2437 4076 2747 4155 {zu-graia?
2774 4079 2960 4144 δούλῳ,
2986 4076 3015 4134 ἧ
3046 4076 3221 4146 ἰδιώτῃ
3248 4077 3546 4153 τςαντάπασι
3575 4076 3796 4139 πρέπον.
3837 4081 4038 4127 Καισοῦ-

2434 4148 2523 4210 λάὖ
2550 4155 2674 4209 αὐτὸ
2702 4157 2764 4214 τῇ
2794 4155 3014 4203 Λατίνων
3047 4153 3181 4214 φωνῇ
3212 4148 3418 4198 καλοῦσι
3447 4148 3694 4214 Ῥωμαία.

2513 4228 2529 4263 t
2553 4206 2687 4279 ’τέω
2707 4206 2830 4276 Mss.
2859 4206 3063 4270 addunt
3085 4206 3390 4285 porcorum;
3420 4206 3780 4267 verdsiittilius
3813 4213 4029 4266 Radbe-

2433 4299 2555 4359 dus,
2606 4306 2882 4364 equorum;
2963 4289 3065 4364 hoc
3137 4286 3278 4358 enim
3329 4286 3783 4364 ingenuo-puero
3841 4299 4035 4364 conre-

2436 4354 2689 4422 nientins.
2741 4366 2902 4416 linLL.
2951 4363 3027 4412 Ac
3075 4354 3411 4421 sane,'qtiod
3464 4370 3491 4406 a
3547 4354 3799 4408 Medardo
3851 4356 4032 4408 adhuc

2436 4454 2602 4503 puero
2643 4434 2840 4488 factum
2871 4439 3054 4483 narrat
3081 4426 3389 4503 ltadbodus,
3439 4425 3669 4488 scilicet,
3701 4424 3879 4503 quod_
3908 4441 4030 4477 cum

2434 4496 2619 4564 famuli
2665 4507 2800 4559 forte
2850 4503 3012 4556 domo
3054 4501 3327 4560 abessent,
3360 4512 3458 4552 nec
3515 4508 3658 4551 esset
3707 4498 3797 4564 qui
3855 4496 4034 4550 fessos

2436 4594 2602 4648 equos
2629 4589 2835 4645 pastum
2863 4574 3104 4631 duceret,
3136 4578 3191 4622 et
3213 4578 3391 4648 pater
3411 4569 3462 4648 id
3495 4567 3734 4648 muneris
3767 4566 4031 4622 Medardo

2359 4627 2414 4687 D
2440 4627 2782 4717 hij—tinxisset:
2816 4647 2860 4698 is
2883 4627 3471 4717 pretereunti'homini.
3506 4641 3614 4717 cui_
3635 4653 3809 4717 equus
3845 4654 4030 4701 perte-

2433 4708 2533 4779 rai.
2573 4715 2936 4774 misericordia
2968 4719 3292 4775 commotus,
3327 4708 3395 4764 de
3413 4713 3647 4777 paternis
3675 4709 3832 4777 equis
3860 4725 4030 4763 unum

2432 4793 2596 4855 dedit,
2631 4790 2866 4844 declarat
2894 4799 2998 4855 quo
3039 4786 3092 4836 in
3142 4796 3306 4837 sensu
3350 4781 3661 4850 accipienda
3709 4780 3822 4833 sint
3865 4783 4032 4835 verba

2433 4863 2729 4918 Fortunati.

2507 4935 2520 4982 i
2561 4935 2764 4987 (Iolitur
2787 4937 3004 4984 sanctus
3034 4922 3374 4978 Eleiitberius
3403 4924 3487 4978 die
3511 4921 3583 4976 20
3623 4922 3930 4985 Februarii,
3959 4924 4030 4978 ad

2430 5021 2588 5076 quem
2620 5002 2906 5076 dieitivide
2929 5003 3059 5076 Acta
3091 4996 3208 5064 ejus
3250 4996 3687 5076 apt_id_llt_)lland.,
3731 4995 3784 5048 in
3829 4996 4031 5061 quibus

2430 5067 2606 5132 ethoc
2629 5077 2693 5128 de
2727 5074 2817 5126 illo
2837 5070 3141 5123 Vaticinititn
3175 5069 3342 5120 sancti
3373 5067 3606 5120 .‘lledardi
3638 5076 3910 5119 narratur.

2506 5145 2527 5182 ¹ί
2562 5145 2822 5200 Comitiva
2850 5143 2933 5194 hic
2962 5141 3188 5191 sumitur
3219 5153 3314 5207 pro
3343 5138 3602 5204 dignitate
3636 5138 3878 5190 coinitis.
3937 5137 4030 5191 Vi-

2430 5219 2571 5274 desis
2597 5233 2714 5283 qua:
2738 5215 2972 5268 diximus
3005 5212 3056 5263 in
3081 5211 3219 5261 notis
3267 5209 3331 5260 ad
3354 5223 3569 5262 carmen
3595 5209 3661 5283 lli
3697 5208 3818 5283 libri
3855 5222 3946 5261 \‘ll.

2507 5287 2522 5325 1
2557 5278 2709 5342 Plura
2739 5287 2887 5342 Mss..
2923 5283 3040 5349 ﬁdei
3071 5282 3262 5333 monita
3293 5278 3689 5349 promulgando.
3729 5280 3900 5333 BOLL.

2500 5369 2539 5396 τη
2573 5361 2670 5414 Ms.
2718 5354 3016 5418 Maximini,
3049 5351 3338 5404 sinceritate
3370 5368 3546 5418 purus.
3575 5350 3704 5403 leto.

2502 5440 2526 5467 η
2558 5429 2835 5486 Acherius.
2867 5425 3082 5492 singulis
3124 5425 3391 5475 sacerdotii
3423 5423 3722 5485 .‘ionoribits,
3746 5420 3795 5474 id
3832 5433 3916 5475 est
3947 5424 4028 5476 in-

2429 5505 2650 5557 l‘eriores
2668 5501 2885 5570 gradus,
2912 5497 2978 5551 ad
3005 5492 3360 5550 sacerdotium
3386 5507 3534 5548 certo
3549 5493 3739 5546 ordine
3757 5492 4022 5561 ferentes,

2429 5571 2811 5644 percurrendo.

2503 5653 2526 5680 ο
2554 5647 2666 5699 Alia
2697 5643 2821 5697 Mss.
2861 5660 2872 5693 :

2428 5718 2706 5772 vindemiw.
2743 5717 2900 5783 "0ng
3203 5782 3206 5783 ν
3321 5781 3327 5783 _
3365 5781 3374 5783 _
3513 5779 3522 5783 _
3653 5781 3659 5783 _
3977 5775 3988 5783 .

2501 5799 2525 5837 ρ
2557 5789 2809 5841 tioscins:
2848 5782 3071 5838 Fructus
3098 5781 3328 5852 capiendi
3360 5779 3613 5849 impulsus
3645 5781 3780 5834 latro
3808 5779 4025 5850 expetiit

2427 5872 2471 5917 et
2502 5862 2707 5930 irrupit.
2741 5859 2867 5913 loto.

2917 5637 3284 5692 mitescentibus
3324 5637 3499 5699 botris,
3557 5650 3706 5690 succo
3762 5636 4027 5691 varicatttc
