4192 6552
158 392 265 449 531

932 388 1092 448 Vl'l‘A
1130 389 1188 447 S.
1231 389 1542 446 MEDARDI
1579 386 1867 445 NOVIOM.
1910 389 2001 444 ET
2040 390 2343 448 TORNAC.
2384 391 2715 451 EPISCOPI.

3362 395 3469 454 558

159 509 398 582 patentia
441 518 598 580 septa
637 506 1055 577 constringitur;
1079 517 1133 564 et
1162 506 1305 577 quod
1325 505 1611 577 effringere
1642 504 1757 559 vio-
1786 508 1842 565 Δ
1871 504 2018 559 hiatu
2073 507 2277 575 ingenti
2330 523 2553 564 vomens
2578 551 2593 575 ,
2650 516 2927 563 auctorem
2970 507 3217 564 criminis
3252 512 3469 579 querela

159 604 338 661 lentus
376 603 567 669 voluit,
618 617 956 673 nequaquam
1005 601 1202 657 evasit.
1258 599 1314 656 In
1340 611 1638 670 posterum,
1668 614 1765 653 suo

158 700 389 757 crimine
440 698 763 769 captivatus,
820 708 1036 770 gustum
1092 698 1292 753 habere
1322 696 1390 751 de
1435 695 1609 749 fructu
1659 708 1764 749 non

156 796 379 859 meruit,
434 804 492 850 et
535 794 796 849 redeundi
858 794 1061 848 aditum
1111 793 1294 848 ebrius
1370 808 1476 845 non
1527 790 1761 854 invenit;

159 902 262 943 nec
290 888 507 943 mittere
550 896 759 953 poterat
779 886 920 955 quod
948 894 1386 955 praesumpserat,
1420 898 1520 938 nec
1550 882 1765 937 auferre

157 978 239 1033 fas
266 980 450 1033 habuit
472 977 616 1047 quod
640 978 948 1042 ambiebat;
981 979 1074 1032 sed
1099 993 1218 1033 cum
1254 978 1380 1030 inihi
1416 977 1587 1045 primo
1628 974 1766 1028 dilu-

154 1072 304 1137 culo,
362 1071 442 1125 rei
484 1071 759 1141 pra'scius,
803 1072 1302 1124 vineaetlominator
1324 1078 1650 1131 occurreret,
1682 1067 1763 1120 fu-

150 1182 271 1221 rem
306 1168 529 1236 reperit,
562 1182 721 1237 quem
777 1181 871 1220 sua
900 1168 1008 1236 jam
1060 1167 1237 1235 praeda
1272 1168 1650 1235 praeviiixeiat,
1709 1172 1766 1218 et

153 1269 386 1329 uterque
432 1258 598 1313 alium
672 1268 879 1313 mutato
921 1260 1041 1329 jure
1090 1262 1358 1313 servabat.
1416 1259 1565 1313 Tunc
1596 1274 1764 1329 usque

151 1354 280 1409 ades
324 1353 495 1409 sancti
524 1355 653 1407 ultio
684 1355 760 1409 rei
806 1356 962 1408 srvit
994 1357 1044 1408 in
1076 1355 1332 1419 crimine,
1372 1364 1427 1407 ut
1458 1368 1590 1406 uvas
1640 1367 1763 1420 pro-

152 1447 269 1517 pria
305 1448 463 1501 r'nanu
494 1448 825 1516 discet'pens,
881 1458 1224 1518 augmentum
1280 1450 1446 1517 magis
1508 1448 1582 1501 illi
1641 1462 1762 1515 pro-

149 1537 271 1592 fusa
323 1541 600 1596 oblatione
646 1544 925 1608 tribueret,
988 1554 1040 1597 et
1092 1544 1346 1597 delictum
1389 1542 1763 1611 objurgatione

148 1631 446 1699 castigans,
480 1633 765 1686 tenteandi‘
785 1621 988 1687 aditum
1023 1635 1345 1702 indulgeret.

224 1725 281 1779 5.
320 1724 438 1777 Pari
500 1725 660 1793 igitur
717 1730 912 1779 meruit
956 1742 1108 1795 ptena
1143 1726 1382 1794 percelli,
1431 1728 1510 1779 vel
1569 1726 1761 1794 perdu-

147 1827 307 1869 rattte
354 1816 543 1868 insidia
586 1818 844 1883 coerceri,
876 1817 965 1887 qui
1017 1833 1137 1872 vasa
1186 1818 1323 1884 ejus,
1376 1818 1594 1870 domum
1664 1834 1756 1869 tto-

1866 596 2180 667 getninante
2236 598 2497 653 confudit.
2544 600 2696 654 Tunc
2747 600 2885 655 latro
2932 603 3203 670 prmterita
3262 619 3471 660 memo-

1869 706 2015 755 rans,
2045 694 2269 748 coiifusa
2304 706 2484 749 mente
2518 696 2815 764 perculsus,
2848 695 3061 750 revexit
3101 695 3322 752 domino
3356 708 3472 753 ter-

1869 783 2002 835 ritus
2034 786 2171 851 quod
2198 785 2524 853 ab~tu|erat,
2563 785 2586 821 ι’
2624 785 2765 853 quod
2814 787 2972 839 etiam
3028 787 3240 855 pietatis
3286 789 3466 844 studi’o

1869 891 1972 928 non
2005 874 2274 929 servabat.
2307 878 2379 929 Ita
2413 879 2626 931 demum
2671 878 2877 931 reddita
2903 878 3011 947 juri
3039 890 3265 945 natura),
3300 885 3467 951 carpit

1867 968 2075 1037 species
2125 984 2184 1024 se
2234 986 2339 1022 non
2377 969 2606 1024 animata
2656 974 2855 1034 celare,
2894 986 2992 1025 nec
3024 974 3205 1026 sonitu
3253 991 3311 1029 si:
3359 973 3466 1031 uisi

1871 1064 2022 1127 pulsa
2048 1062 2323 1129 delegere.
2348 1064 2579 1117 Sanetus
2605 1066 2764 1133 igitur
2787 1065 2986 1117 athleta
3011 1066 3235 1127 Christi,
3260 1068 3464 1136 absque

1868 1168 2017 1209 reatu
2052 1160 2295 1226 proiirio,
2327 1174 2420 1226 pro
2446 1158 2645 1212 delicto
2678 1160 3023 1213 confunditur
3051 1163 3261 1223 alieno;
3300 1175 3461 1230 atque

1870 1246 1989 1300 ideo
2023 1248 2325 1301 mercedem
2375 1266 2469 1301 reo
2504 1264 2598 1317 pro
2625 1249 2779 1318 culpa
2824 1250 3030 1313 tribuit,
3065 1267 3133 1305 ne
3166 1251 3308 1307 inani
3341 1267 3463 1306 am-

1866 1339 2069 1396 bilione
2100 1343 2304 1396 tristior
2332 1353 2601 1397 remearet
2635 1353 2679 1395 ο.

1938 1434 1989 1485 7.
2027 1432 2049 1470 κ¹
2082 1434 2321 1500 Quadam
2358 1436 2469 1489 \ice
2502 1434 2793 1503 przecelsus
2820 1431 3087 1489 Clotarins
3120 1451 3212 1489 rex
3243 1436 3296 1489 in
3337 1449 3465 1504 pro-

1867 1527 2067 1593 uim-tu,
2108 1526 2439 1582 Francorum
2494 1544 2717 1582 movens
2771 1530 3089 1591 exercitum,
3121 1544 3242 1583 cum
3291 1540 3469 1584 trans-

1866 1618 1996 1672 isset
2025 1622 2261 1680 fluvium,
2294 1622 2448 1688 cujus
2491 1631 2573 1673 est
2607 1631 2628 1653 ε
2658 1621 2880 1673 Sumina
2912 1622 3256 1685 vocabulum,
3285 1624 3465 1678 omnia

1867 1729 1986 1781 qua:
2030 1713 2383 1766 inveniebant
2425 1698 2536 1765 loca
2592 1715 2893 1780 praedantes
2941 1724 2993 1765 et
3027 1728 3243 1781 pecom,
3280 1731 3467 1781 perve-

1868 1804 2076 1858 nientes
2132 1805 2271 1858 inter
2309 1803 2326 1841 f
2360 1806 2641 1859 castellum
2675 1805 2816 1872 quod
2848 1805 3013 1857 fertur
3054 1806 3465 1876 Noviomagum,

144 1921 341 1968 cturna
371 1914 691 1985 obreptione
719 1915 1077 1981 praeveniens,
1108 1915 1338 1967 distenta
1356 1915 1532 1977 melle,
1555 1912 1752 1965 furatus

1866 1906 1920 1948 et
1978 1896 2174 1949 lsat'ant
2230 1896 2491 1961 fluvium,
2542 1896 2796 1964 quidquid
2848 1896 2943 1949 fuit
2996 1906 3020 1942 Β
3067 1898 3461 1963 vehiculorum,

144 2003 351 2057 fuerat.
405 2004 669 2058 Cu~todes
722 2005 1039 2073 deceptione
1096 2006 1286 2058 callida
1317 2004 1504 2056 fallere
1557 2005 1752 2071 potuit,

145 2112 317 2165 pecus
363 2096 504 2164 quod
538 2106 787 2164 rapuerat
819 2098 1139 2151 temerarius
1168 2114 1272 2149 non
1306 2096 1498 2149 evasit.
1532 2094 1753 2149 Castro-

142 2205 268 2243 rum
296 2190 602 2244 habitacula
648 2191 871 2243 sublat:c
899 2206 1029 2259 apes
1065 2206 1185 2245 cum
1233 2190 1604 2260 indignatione
1652 2191 1753 2242 lin-

143 2280 384 2349 qttebant
408 2300 422 2347 ;
449 2282 643 2347 ubique
675 2282 841 2336 furem
872 2298 976 2335 non
1006 2293 1153 2335 casto
1178 2283 1410 2335 ditantes
1447 2296 1633 2348 opere,
1659 2280 1755 2332 sed

142 2374 461 2427 aculeorum
491 2375 695 2427 saevitia
730 2385 1135 2441 persequentes,
1193 2389 1472 2441 quousque
1530 2372 1755 2426 latronis

140 2464 359 2519 detecta
390 2464 659 2529 confusio,
699 2474 888 2519 sancto
917 2464 1060 2535 quod
1106 2465 1445 2519 fraudaverat
1496 2464 1753 2530 reddidit,

139 2566 197 2612 et
229 2559 445 2613 veniam
481 2568 777 2625 prostratus
811 2559 1052 2623 invenit;
1086 2561 1181 2612 sed
1214 2574 1313 2611 nec
1378 2559 1648 2611 immerito
1674 2562 1753 2626 pia

138 2652 445 2705 sacerdotis
474 2652 799 2723 indulgentia
849 2669 1005 2708 reum
1060 2669 1164 2706 non
1197 2653 1491 2707 damnabat
1536 2669 1600 2709 ex
1651 2655 1755 2707 cri-

140 2742 317 2809 mine,
341 2759 499 2811 quem
524 2745 639 2812 ipsa
669 2744 830 2799 ultrix
863 2745 1044 2812 praeda
1077 2746 1381 2814 torquebat.

214 2835 271 2888 6.
306 2834 519 2889 Accidit
540 2836 701 2890 etiam
734 2837 911 2891 simile
941 2838 1042 2891 Sub
1076 2838 1173 2891 hac
1205 2838 1509 2903 proditione
1552 2846 1753 2908 myste-

140 2927 315 2983 rium.
348 2927 486 2981 Dum
521 2929 698 2983 viator
723 2929 939 2999 quidam
964 2931 1116 2998 juxta
1167 2931 1386 2983 domum
1416 2931 1533 2998 ejus
1562 2931 1752 2999 agendi

139 3020 360 3076 itineris
392 3021 545 3090 copia
580 3022 906 3089 praeteriret,
938 3023 1160 3091 capiens
1187 3022 1327 3076 illius
1352 3022 1538 3075 callida
1573 3022 1756 3077 fraude

135 3112 461 3181 iuvencum,
492 3110 622 3166 furti
662 3113 868 3167 scelere
914 3112 1332 3167 tintinnabulum
1383 3114 1524 3166 collo
1570 3114 1757 3180 praeri-

138 3205 296 3274 puit;
334 3214 496 3272 atque
526 3202 729 3257 hiatum
772 3203 941 3272 ipsius
987 3204 1234 3271 impressi
1264 3203 1526 3272 graminis
1565 3200 1754 3257 fraude

136 3296 557 3362 condemnans,
612 3296 809 3351 nullius
865 3298 1321 3365 contemplatione
1379 3296 1748 3365 deprehensus

133 3390 446 3456 abscessit;
468 3399 662 3445 etcum
680 3390 789 3458 jam
821 3404 880 3444 se
906 3390 1118 3445 censuit
1146 3390 1229 3444 vel
1248 3390 1491 3444 criminis
1507 3392 1747 3447 evasisse

136 3483 470 3549 periculum,
498 3482 584 3537 vel
630 3483 879 3535 sortitum
925 3482 1245 3552 compendia
1296 3483 1462 3537 fuisse
1495 3500 1591 3551 per
1636 3485 1749 3540 fur-

132 3587 286 3643 tum,
324 3576 609 3631 obstaculo
639 3576 785 3629 nullo
816 3583 841 3610 ει
872 3584 1069 3639 serata,
1103 3576 1215 3644 ipsa
1258 3576 1409 3631 dedit
1440 3578 1617 3644 prada
1646 3581 1748 3633 tin-

136 3674 347 3737 nitum,
372 3669 601 3739 cupiens
641 3669 842 3724 domini
876 3669 1051 3724 redire
1084 3669 1333 3738 prasidio
1368 3687 1525 3740 :qme
1553 3688 1740 3740 quan.-

138 3764 284 3819 libet
309 3762 510 3817 abditis
536 3762 899 3831 penetralibus
930 3761 1109 3816 studio
1159 3762 1399 3830 diligenti
1452 3764 1621 3819 locata
1658 3767 1743 3820 vel

135 3858 349 3913 ferrata
380 3854 739 3910 claustrorum
793 3854 1168 3909 obsecratione
1220 3864 1431 3908 retrusa
1476 3868 1743 3923 maneret,

138 3951 418 4007 inniente
446 3949 653 4005 ambitu
702 3950 879 4005 scelus
909 3935 1061 4002 nullo
1108 3948 1425 4004 modulante
1466 3951 1744 4020 vulgabat,

218 4072 245 4100 ι
281 4063 424 4126 Alia,
452 4071 674 4126 servata,
701 4060 779 4115 vel
806 4070 1022 4114 servato.
1051 4060 1201 4114 lor-zu.

215 4132 243 4170 δ
276 4132 399 4189 Alia
424 4152 435 4185 :
464 4132 581 4198 Quo
612 4142 754 4185 actus
776 4133 976 4201 pietatis
998 4132 1170 4184 studio
1201 4148 1298 4183 non
1326 4134 1532 4184 errabat
1554 4151 1573 4197 ;
1604 4134 1740 4188 alia:

140 4207 264 4271 Quo
292 4204 495 4257 veniam
519 4204 720 4270 pietatis
741 4204 911 4256 studio
942 4203 1268 4260 nonorabat.
1300 4204 1570 4257 BOLLAND.
1605 4205 1747 4258 Cou-

140 4278 228 4332 fer
262 4278 382 4331 bare
413 4288 533 4327 cum
593 4286 839 4341 poemate
900 4274 968 4327 de
1014 4275 1205 4327 eodem
1258 4286 1446 4328 sancto
1494 4275 1746 4331 Medardo

136 4347 353 4416 scripto
385 4361 416 4397 a
438 4343 755 4409 Fortunato,
786 4347 821 4400 Ι.
851 4361 908 4407 ιι,
944 4343 1118 4416 (καί).

222 4429 245 4457 ο
282 4416 461 4472 Vitaa
496 4416 686 4471 Boscio
708 4416 873 4471 relata
916 4416 968 4470 iii
999 4415 1258 4471 Biblioth.
1298 4417 1624 4473 Floriacensi
1657 4420 1745 4474 hic

138 4490 369 4546 desinit.

220 4560 246 4599 ι¹
280 4562 410 4614 llazc
448 4574 597 4613 num.
633 4559 664 4610 7
692 4559 857 4614 relata
890 4558 1117 4615 deerant
1163 4559 1215 4612 in
1258 4559 1384 4613 Mss.
1439 4559 1738 4617 Maximini.

139 4634 317 4690 Βθιι..

222 4715 246 4740 ο
280 4701 411 4765 Alii,
460 4701 695 4771 Somnia,
727 4702 887 4772 vulgo
936 4701 991 4753 la
1040 4702 1289 4769 Somme,
1343 4704 1742 4773 antiquioribus

140 4776 405 4833 Somana.
435 4773 601 4828 Βοιι.

221 4845 239 4883 π
279 4849 364 4899 An
390 4842 528 4898 forte
562 4843 790 4912 Nigella.
818 4845 973 4905 vulgo
1022 4843 1175 4897 Nelle
1210 4845 1463 4914 oppidum
1496 4847 1738 4901 medium

136 4919 291 4973 inter
350 4925 638 4980 utrumque
686 4913 921 4969 flumen?
954 4914 1071 4969 Vita
1104 4918 1259 4970 tertia
1288 4913 1305 4968 ξ
1339 4916 1478 4971 inter
1536 4918 1739 4971 lsaram

135 4989 395 5049 fluvium,
424 4996 478 5040 et
532 4985 715 5041 urbem
771 4985 1170 5057 Noviomagum,
1228 4989 1379 5057 quasi
1440 4988 1577 5042 banc
1630 4988 1739 5055 jam

141 5060 443 5115 transisset
471 5060 761 5120 exercitus,
796 5058 939 5127 quod
988 5059 1165 5112 minus
1207 5062 1394 5125 probo.
1449 5059 1740 5114 Radbodus

137 5135 290 5187 inter
314 5129 633 5181 Noviomuni
658 5136 712 5181 et
740 5128 936 5181 lsaram
965 5144 1075 5181 rem
1105 5139 1277 5182 actam
1308 5132 1399 5181 ait.
1436 5131 1602 5183 BoLL.

216 5212 241 5247 s
280 5200 563 5263 Vehicula,
596 5200 646 5252 id
672 5208 755 5253 est
779 5200 925 5269 equi,
957 5198 1157 5269 Gallice
1186 5202 1429 5253 t’Ullttl't'S.
1467 5202 1630 5256 Bot.t..

212 5269 243 5309 ³
278 5272 379 5325 Ms.
424 5270 651 5342 rVelseri,
702 5287 926 5342 sunmus,
972 5268 1055 5322 alii
1088 5286 1312 5339 saginas,
1370 5282 1423 5324 et
1468 5283 1737 5342 saginata;

134 5344 283 5409 apud
318 5341 638 5395 Radbodunt
671 5340 903 5409 plaustra
953 5344 1297 5409 scribuntur;
1358 5344 1495 5412 apud
1532 5340 1739 5398 Mona-

136 5419 308 5472 chum
337 5414 551 5475 Suess.,
592 5424 849 5476 carpenta.
889 5415 1049 5466 Βοιι.

220 5487 234 5525 ί
274 5486 371 5539 bis.
401 5484 675 5552 Novimn.,
701 5482 1086 5553 Sacenliacunt,
1107 5487 1258 5554 vulgo
1286 5484 1553 5556 Sulleucy,
1574 5502 1739 5556 prope

142 5560 495 5615 Novitintum.
524 5556 687 5609 Βσιιῐ..

219 5630 232 5680 i
273 5628 601 5682 bist-micare
631 5637 717 5699 est
765 5643 898 5699 Onus
930 5628 997 5683 de
1039 5628 1297 5699 plaustro,
1334 5639 1425 5685 aut
1453 5644 1593 5699 equo
1643 5630 1739 5685 deo

141 5718 366 5772 ponere.
406 5698 537 5753 Vide
572 5698 749 5764 Dul'r.,
786 5704 835 5772 in
868 5698 1043 5755 Gloss.

217 5774 237 5811 ¹ι
270 5773 539 5833 Cointins,
577 5775 643 5823 ad
677 5788 762 5824 an.
814 5770 937 5836 550,
974 5787 1121 5825 nunt.
1178 5772 1264 5835 Η,
1319 5774 1393 5827 ait
1424 5772 1731 5827 Medardunt

140 5860 472 5900 succesSIsse
498 5845 601 5895 ltuc
630 5858 771 5895 anno
797 5844 1045 5897 Aloniero
1071 5844 1121 5896 in
1149 5845 1281 5899 sede
1307 5845 1731 5898 Viromandensi.

145 5918 193 5973 Is
215 5930 392 5987 poswa
416 5916 609 5972 sedem
636 5929 787 5971 suam
820 5914 1137 5972 Noviomuut
1166 5916 1458 5990 transtulit,
1484 5930 1547 5973 ac
1578 5917 1737 5986 paulo

1865 2004 2039 2051 carra,
2068 1990 2153 2043 vel
2192 1986 2217 2024 ιι
2249 2004 2490 2043 summas
2544 1988 2895 2053 trahentium,
2945 1989 3111 2057 pedes
3155 1992 3460 2060 aftigentes,

1863 2082 1929 2132 de
1958 2080 2075 2134 loco
2106 2081 2416 2134 nullatenus
2442 2090 2724 2133 moverunt
2754 2094 2849 2147 per
2876 2079 3136 2133 triduum.
3168 2082 3245 2133 Ad
3278 2081 3463 2136 villam

1862 2176 2032 2227 sancti
2069 2175 2330 2237 Menardi,
2383 2191 2500 2243 qua:
2538 2172 2550 2209 ί
2590 2175 2967 2228 Sellentiactim
3019 2174 3242 2237 dicitur,
3274 2190 3466 2230 occur-

1864 2277 1987 2319 runt
2028 2268 2141 2320 viro
2172 2269 2549 2331 sanctissimo;
2581 2276 2638 2320 et
2681 2266 2802 2319 data
2856 2268 3101 2321 oratione
3156 2266 3172 2318 Ι
3231 2266 3461 2323 discari-

1863 2371 2049 2412 cantes
2082 2376 2200 2426 qua:
2247 2362 2501 2426 tulerant,
2532 2358 2693 2411 laxati
2725 2367 2953 2429 pergunt
3002 2359 3213 2413 itinera.
3423 2342 3431 2350 ’

1935 2472 1987 2525 8.
2022 2473 2130 2527 Nec
2161 2473 2290 2525 illud
2323 2472 2676 2525 omittendum
2701 2483 2803 2537 est,
2836 2474 2973 2543 quod
3011 2490 3103 2541 per
3136 2474 3452 2531 miraculum

1862 2562 2055 2615 factum
2090 2574 2193 2617 est.
2221 2565 2355 2615 Cum
2390 2565 2617 2629 porcarii
2651 2568 2731 2616 sui
2781 2566 2832 2617 in
2862 2566 3111 2632 glandem
3146 2582 3339 2631 porcos
3365 2567 3463 2622 de-

1862 2655 2153 2717 ducerent,
2196 2665 2251 2708 et
2296 2656 2365 2708 ab
2419 2656 2615 2725 iniquis
2667 2656 2974 2710 hominibus
3022 2658 3161 2710 furto
3210 2657 3462 2714 subducti

1868 2745 2114 2810 fuissent,
2140 2746 2318 2799 divina
2366 2763 2492 2801 mox
2523 2750 2719 2801 virtute
2755 2748 2877 2811 soli,
2909 2749 2976 2802 de
3018 2749 3172 2819 longa
3216 2750 3460 2819 regione,

1865 2839 2012 2892 nullo
2056 2840 2275 2894 homine
2306 2850 2591 2907 sequente,
2638 2840 2705 2893 ad
2754 2851 3001 2895 sanctum
3035 2842 3205 2895 virum
3254 2844 3462 2900 reducti

1862 2944 2006 2985 sunt.
2041 2931 2148 2986 Nec
2206 2933 2305 2987 hoc
2354 2935 2491 2986 inter
2540 2934 2747 2998 reliqua
2807 2934 3048 2987 miranda
3108 2935 3262 3003 signa
3322 2950 3465 3002 prc-

1867 3033 2058 3078 tereat.
2112 3023 2363 3090 Quidam,
2413 3024 2578 3078 Tosio
2629 3025 2869 3090 nomine,
2924 3025 3186 3080 daemonis
3224 3028 3462 3095 graviter

1868 3130 2162 3183 oppressus
2196 3115 2563 3184 infestatione,
2593 3116 2768 3171 curari
2802 3116 3001 3172 meruit
3050 3130 3310 3186 expresso
3358 3118 3460 3173 viri

1864 3205 1955 3259 Dei
1981 3206 2277 3274 signaculo.

1932 3299 1987 3353 υ.
2039 3297 2145 3353 Sed
2194 3312 2314 3353 cum
2369 3297 2475 3368 iam
2527 3297 2858 3353 multimodis
2906 3299 3169 3355 virtutum
3222 3300 3455 3372 fulgeret

1856 3390 2071 3455 studiis,
2106 3389 2357 3460 famaque
2389 3390 2506 3459 ejus
2536 3405 2631 3460 per
2654 3392 2867 3447 diversa
2897 3394 3045 3448 orbis
3070 3395 3242 3462 spatia
3284 3395 3454 3466 gratia

1856 3493 2141 3539 crescente
2194 3482 2575 3551 praecelleret,
2632 3482 2890 3538 defuncto
2944 3482 3450 3543 Viromandensiutn

1854 3577 2003 3630 urbis
2033 3575 2308 3640 pontilice,
2344 3578 2369 3614 ιι
2414 3572 2467 3626 in
2497 3572 2615 3640 eius
2660 3574 2837 3627 locum
2865 3585 3213 3629 consecratur
3240 3578 3456 3644 episco-

1856 3682 1977 3736 pus.
2015 3666 2115 3721 Uli
2156 3665 2567 3719 conversatione
2596 3666 2807 3719 caelesti
2860 3676 2939 3720 ter
2968 3667 3147 3737 quinis
3181 3683 3449 3727 annorum

1851 3761 2072 3817 circulis
2097 3760 2149 3814 in
2175 3760 2531 3815 sanctimonia
2568 3761 2735 3828 ipsius
2766 3759 2931 3815 officii
2962 3763 3216 3818 sacerdos
3245 3766 3454 3822 exstitit

1857 3854 2163 3924 pretiosus;
2215 3863 2270 3907 et
2302 3855 2403 3908 nisi
2432 3853 2574 3921 quod
2634 3868 2920 3922 percussor
2968 3856 3212 3924 corporis
3243 3858 3452 3926 defuit,

1853 3947 2173 4020 martyrium
2203 3946 2484 4002 confessor
2512 3947 2777 4016 implevit.
2808 3948 3081 4004 Sustinuit
3100 3950 3310 4021 iugiter
3338 3952 3455 4008 dia-

1854 4075 1973 4130 post
2018 4073 2203 4118 sancto
2257 4062 2572 4117 Eleutherio
2628 4063 2884 4132 episcopo
2944 4064 3299 4133 Tornacensi,
3341 4067 3449 4123 vita

1858 4134 2076 4200 functo,
2143 4134 2507 4189 Toruacensis
2556 4133 2669 4200 ipse
2730 4138 3018 4202 epist-Opus
3074 4148 3287 4191 creatus
3342 4149 3448 4200 est,

1851 4221 2059 4260 summa
2090 4207 2219 4259 cleri
2253 4220 2317 4259 ac
2347 4204 2527 4273 populi
2560 4206 2722 4259 totitts
2777 4210 3140 4261 consensione
3184 4218 3239 4262 et
3268 4211 3449 4263 accla-

1852 4280 2110 4339 matione,
2160 4291 2260 4330 nec
2307 4292 2411 4329 non
2449 4291 2633 4342 regum
2679 4277 2880 4340 favore,
2939 4294 3001 4332 ac
3052 4283 3130 4332 sic
3186 4282 3446 4344 unanimi,

1851 4349 2137 4415 pontiﬁcali
2164 4348 2396 4400 videlicet
2448 4363 2508 4399 ac
2556 4348 2738 4415 regali,
2788 4354 3125 4411 auctoritate,
3157 4350 3288 4403 duas
3318 4352 3441 4405 illas

1854 4419 2140 4473 Ecclesium
2174 4435 2325 4471 unam
2367 4418 2506 4481 fecit,
2552 4432 2607 4469 ttt
2649 4429 2724 4471 ait
2760 4421 3001 4472 liadbotl.
3036 4421 3086 4473 itt
3120 4420 3238 4473 Vita
3269 4423 3441 4476 sancti

1852 4490 2108 4552 Medaidi,
2139 4506 2284 4562 num.
2324 4490 2407 4542 l9.
2444 4486 2588 4562 Idem
2640 4491 2808 4562 tradit
2840 4506 3058 4545 causam
3090 4491 3161 4545 ob
3200 4507 3360 4562 quam
3395 4494 3440 4548 is

1852 4565 2036 4615 sedem
2068 4561 2425 4627 episcopalem
2458 4574 2487 4611 a
2522 4558 2865 4614 Viromandis
2899 4558 3232 4615 Noviomunt'
3262 4573 3440 4617 trans-

1777 4620 1827 4682 ο
1858 4634 2054 4685 tulerit.
2094 4620 2181 4683 Illa
2231 4620 2435 4685 scilicet
2490 4632 2619 4683 urbs
2662 4632 3030 4694 frequentibus
3076 4632 3433 4689 Barbarormu

1854 4704 2265 4757 excursionibus
2296 4718 2416 4755 cum
2458 4702 2731 4755 devastata
2766 4700 2977 4767 fuisset,
3010 4720 3073 4757 ac
3116 4720 3251 4759 nova
3285 4706 3442 4760 time-

1850 4785 2000 4829 retur
2034 4777 2293 4833 incursio,
2327 4773 2667 4834 Noviomum,
2711 4789 2808 4827 ceu
2861 4776 3110 4829 tutiorem
3154 4776 3205 4829 itt
3236 4778 3437 4840 locum,

1848 4862 1970 4900 cum
2004 4858 2140 4907 arte,
2174 4855 2287 4899 tum
2321 4846 2432 4907 ipsa
2462 4854 2653 4897 natura
2699 4847 2829 4898 satis
2884 4849 3146 4900 minutum
3177 4863 3241 4900 ac
3274 4848 3441 4901 valla-

1850 4927 2001 4981 tum,
2062 4917 2245 4970 sedem
2302 4914 2451 4968 duxit
2504 4915 2955 4970 transferendam.
2992 4917 3083 4971 Est
3137 4917 3330 4971 scilicet
3379 4936 3441 4971 ea

1848 4992 1990 5058 regio
2022 4987 2122 5059 (ut
2176 4986 2371 5040 ibidem
2422 4986 2754 5051 liadbodus,
2807 5004 2953 5042 nunt.
3000 4988 3101 5050 16.
3158 4990 3439 5057 describit)

1845 5061 1985 5113 silvis
2018 5061 2357 5124 circumdata,
2380 5067 2425 5111 et
2458 5059 2754 5127 paludibus,
2785 5070 2831 5110 et
2862 5076 2956 5112 sua
2982 5061 3144 5128 ipsius
3172 5060 3440 5113 Itabilitale

1845 5142 2025 5183 contra
2076 5132 2294 5205 [tosillas
2353 5147 2452 5180 non
2500 5145 2681 5194 parum
2739 5134 2933 5181 munita
2993 5147 3259 5183 excursus.
3314 5129 3438 5195 Ipse

1844 5219 2042 5266 quoque
2065 5201 2195 5254 inter
2224 5202 2447 5269 gintirws
2471 5201 2663 5252 rirulos
2696 5204 2999 5253 Constitutus
3026 5214 3097 5255 est
3129 5202 3168 5254 λ
3184 5204 3443 5266 orientis,

1845 5275 1906 5325 ub
1952 5273 2156 5325 Oriente
2189 5272 2437 5332 (lat/iota,
2472 5271 2532 5320 ah
2567 5272 2837 5323 Occidente
2876 5272 3173 5341 Margareta
3214 5277 3439 5325 circum-

1847 5346 2046 5412 ﬂuitnr,
2084 5361 2208 5409 quos
2232 5343 2407 5394 ambos
2440 5345 2620 5393 tertius
2651 5343 2860 5410 quidam
2887 5346 3119 5412 suscipit,
3149 5346 3235 5413 qui
3276 5342 3439 5397 Versu

1846 5428 2176 5477 nominatur;
2236 5426 2279 5467 et
2324 5414 2396 5466 sic
2450 5416 2647 5483 pii-iter
2698 5416 3008 5481 con/luentes
3060 5433 3160 5468 non
3219 5419 3367 5485 longe
3409 5434 3440 5468 α

1845 5488 2090 5540 ηιανηιὺηδ
2121 5486 2223 5538 illis
2271 5488 2321 5538 iu
2355 5486 2578 5547 Isaiam,
2612 5487 2699 5551 qui
2730 5488 2899 5553 magni
2941 5496 3011 5538 est
3071 5488 3309 5543 nomi'iis.
3354 5489 3438 5537 di-

1842 5561 2102 5612 labuntur.
2127 5596 2140 5611 .
2166 5597 2181 5611 .
2217 5557 2307 5609 Est
2352 5558 2503 5609 etiam
2538 5559 2677 5609 locus
2726 5558 2830 5623 ipse
2870 5558 2931 5608 ab
2967 5558 3173 5611 Oriente
3202 5570 3247 5613 et
3279 5553 3436 5611 Occi-

1841 5632 1989 5683 dente
2040 5632 2166 5682 adeo
2221 5630 2434 5697 rupibus
2467 5628 2683 5679 t-allatus
2720 5642 2767 5678 et
2798 5629 2997 5694 rivulis,
3024 5631 3274 5683 montibus
3301 5648 3434 5698 quo-

1842 5719 1936 5771 que
1964 5714 2009 5756 et
2044 5703 2255 5753 callium
2303 5702 2577 5763 cunirulis,
2611 5702 2750 5768 quod
2804 5711 2981 5753 contra
3032 5702 3304 5767 plurimam
3345 5704 3442 5755 lto-

1841 5777 1996 5827 stium
2032 5776 2377 5827 iucursimient
2408 5789 2439 5826 ιι
2484 5774 2665 5842 paucis
2692 5774 3098 5829 commodissime
3143 5773 3302 5845 possit
3344 5774 3435 5830 de:

1842 5848 2004 5916 feudi.
