4192 6540
761 426 864 481 £339

1470 425 1794 484 VENANTH
1833 423 1989 481 "ON.
2031 422 2234 482 CLEM.
2276 421 2669 482 FOR'I‘UNATI
2708 423 2992 480 OPERUM
3035 423 3211 481 PARS
3256 422 3323 479 ll.

3922 422 4024 481 540

762 541 886 598 bolo
938 540 1215 611 prmliante
1269 537 1634 609 calumniam,
1701 539 1798 596 sed
1858 541 2106 610 pervenit
2159 540 2332 595 victor
2359 538 2638 606 Afeinm,
2672 535 2991 608 sullragante
3013 537 3276 602 remedio,
3317 536 3847 612 astaretillatsus,_et
3874 541 4026 612 cujus

760 634 964 690 meritis
1021 631 1087 686 ad
1132 647 1401 689 coronam.
1462 630 1612 686 Tunc
1672 630 1906 701 pontifex
1965 631 2327 699 beatissimus,

740 708 1117 781 membrorum
1136 739 1410 793 compage,
1428 731 1673 793 protenta
1688 722 2029 792 longtevitate
2052 720 2325 789 defessus,

756 824 783 855 ⁸
815 818 1061 888 spiritum
1095 814 1335 886 requiem
1383 816 1699 885 deprecatus
1726 812 1924 881 emisit,
1984 821 2040 869 et
2091 826 2332 868 convexa

759 911 879 967 celi
922 909 1123 964 atbleta
1176 908 1513 978 triumphalis
1544 907 1804 963 ascendit.
1860 906 2002 961 inter
2061 906 2331 975 reliquos,

760 1003 919 1060 etiam
952 1013 1295 1060 asseverante
1325 1006 1406 1073 (ut
1434 1001 1588 1072 vidit)
1609 999 1637 1038 ιο
1658 999 1963 1055 Willacario
1998 1000 2329 1071 presbytero,

758 1098 971 1170 quando
1018 1106 1233 1153 sanctus
1286 1098 1568 1153 Medardus
1613 1096 1821 1165 accepit
1858 1096 2099 1165 corporis
2140 1095 2334 1150 transi-

760 1200 895 1260 tum,
923 1190 1089 1262 ipsius
1119 1193 1265 1247 liora:
1297 1202 1561 1247 momento
1603 1192 1724 1246 coeli
1757 1204 1972 1258 prorsus
1995 1189 2165 1259 aperti
2199 1198 2329 1243 sunt

756 1295 812 1341 et
844 1295 970 1341 ante
998 1286 1167 1341 sancti
1211 1284 1583 1353 corpusculum
1632 1283 1742 1336 fere
1774 1297 1867 1350 per
1899 1290 2006 1336 tres
2056 1282 2215 1337 haras
2254 1282 2333 1335 di-

760 1382 883 1438 vina
907 1381 1187 1435 luminaria
1202 1379 1411 1434 cunctis
1429 1378 1734 1433 videntibus
1754 1378 2075 1439 astiterunt;
2108 1390 2333 1443 moxque

758 1473 815 1530 in
847 1484 981 1528 terra
1012 1473 1211 1543 grande
1241 1472 1398 1527 ﬂuxit
1450 1472 1728 1536 diluvium,
1758 1471 1828 1523 ita
1866 1477 1922 1522 ut
1964 1469 2172 1536 plueret
2199 1466 2331 1520 mul-

760 1577 869 1625 tum
902 1568 1076 1623 calida
1104 1583 1238 1636 aqua
1270 1568 1336 1621 de
1366 1568 1566 1619 nubilo.
1620 1633 1629 1640 _

832 1661 921 1715 10.
952 1661 1111 1728 Cujus
1164 1659 1404 1727 corporis
1434 1659 1673 1712 solemne
1707 1658 1917 1726 pignus,
1951 1655 2333 1725 prmeclleutis-

757 1751 879 1806 simi
913 1763 931 1787 τ
965 1750 1186 1805 Clotarii
1219 1749 1476 1819 principis
1524 1748 1852 1803 Francorum
1910 1749 1990 1799 vel
2046 1747 2331 1800 devotione

757 1844 844 1900 vel
895 1853 1156 1911 tempore,
1205 1841 1675 1898 Suessiouensium
1732 1842 1878 1904 urbs,
1909 1841 2040 1893 tanti
2094 1838 2329 1893 muneris

2440 634 2587 701 prius
2619 632 2921 686 communis
2969 646 3122 688 usum
3153 632 3416 689 sermonis
3449 633 3659 689 adnexa
3695 636 3881 705 palato
3914 636 4018 691 lin-

2436 737 2537 792 gua
2568 720 2902 788 confuderat,
2936 722 3189 778 virtutem
3241 726 3410 781 sancti
3469 726 3728 782 antistitis
3781 728 4025 784 resoluta

2436 814 2545 870 oris
2572 828 2829 885 compage
2853 814 3119 868 laudabat.

2509 902 2597 957 12.
2648 903 2898 958 Protinus
2954 904 3162 960 scilicet
3222 922 3367 977 smpe
3418 908 3594 978 palam
3652 911 4028 980 ttintnpbante

2436 1000 2717 1069 mysterio,
2770 1014 2903 1067 quos
2964 1000 3141 1068 iniqua
3201 1001 3327 1057 ferri
3382 1002 3636 1073 ponderis
3683 1007 4025 1060 retentacula

2433 1089 2706 1159 gressibus
2738 1095 2942 1154 negatis
2989 1094 3371 1161 astrinxerant,
3406 1096 3471 1150 ad
3524 1096 3709 1163 templi
3740 1101 4025 1154 oraculum

2437 1197 2680 1238 summus
2714 1185 2937 1237 antistes
2972 1184 3215 1238 venienti
3263 1187 3517 1255 praestitit
3571 1188 3917 1253 facultatem;
3975 1203 4028 1245 et

2437 1279 2704 1333 robustam
2760 1279 2958 1333 melaili
3001 1291 3246 1335 naturam
3280 1299 3628 1353 exsuperans,
3666 1297 3821 1339 vasta
3875 1302 4025 1340 eoin-

2438 1371 2629 1439 pedum
2684 1371 2856 1424 vincia
2922 1376 3210 1435 t‘~‘m|l't'j.'ll.
3266 1373 3460 1429 Multos
3515 1374 3673 1445 igitur
3726 1377 4024 1443 promiscui

2436 1475 2614 1521 sexus.
2648 1477 2784 1531 quos
2819 1466 3182 1518 nicmbiorutn
3236 1466 3485 1522 debilitas
3526 1468 3832 1522 miseranda
3892 1488 4024 1523 θυη-

2436 1562 2693 1617 traxerat,
2727 1555 2913 1607 usibus
2960 1557 3246 1623 restitutis,
3278 1559 3446 1610 virtus
3494 1558 3697 1611 ntctlira
3733 1558 4023 1613 indiscrete

2436 1648 2697 1702 solvebat.
2732 1649 2986 1704 Crebrius
3032 1652 3191 1705 etiam
3237 1653 3516 1707 oculorum
3566 1654 3739 1721 captis
3796 1656 4019 1720 lumine,

2436 1739 2667 1806 purgatis
2721 1740 2979 1805 tenebris,
3049 1742 3349 1811 pra-sidium
3406 1734 4024 1809 eorttemplationis'in-

2434 1831 2616 1895 dulsi',
2649 1841 2700 1886 et
2723 1834 2968 1887 rctlivivm
3002 1834 3135 1889 lucis
3184 1839 3501 1906 compendia
3544 1839 3778 1893 desertis
3815 1841 4023 1895 habita-

758 1934 981 2004 prmmio
1010 1936 1194 1996 ditata,
1223 1934 1534 2002 promeruit.
1568 1932 1673 1986 Sed
1724 1947 1843 1984 eum
1885 1931 2123 1984 omnium
2155 1944 2322 1997 popu—
2360 1927 2408 1987 B
2433 1926 2564 1979 eulis
2595 1927 2929 1979 restauravit.
2992 1927 3148 1980 Multa
3178 1943 3390 1997 quoque
3424 1939 3475 1982 et
3507 1928 3790 1983 inamnera
3847 1942 4018 1985 vit-tu-

755 2025 928 2081 lorum
959 2026 1089 2081 lides
1132 2025 1357 2080 solemni
1413 2025 1724 2087 ambitione,
1767 2022 2081 2090 gravissimo
2111 2022 2327 2084 feretro,

759 2119 1020 2176 tradenda
1052 2120 1340 2187 sepultura:
1376 2119 1611 2171 membra
1661 2116 2008 2175 conveheret,
2042 2123 2094 2167 et
2145 2112 2333 2165 unani—

758 2212 947 2266 mitate
969 2210 1049 2265 vel
1079 2224 1262 2263 amore
1311 2207 1554 2275 gestaudi
1601 2220 1736 2260 onus
1768 2205 1881 2259 leve
1912 2204 2157 2267 sentiret,
2212 2212 2334 2256 tunc

755 2301 969 2357 obviam
1019 2310 1261 2355 sanctum
1305 2300 1529 2363 habuit,
1584 2296 1847 2352 damnatis
1899 2297 2104 2350 aurium
2134 2296 2331 2350 dudum

756 2392 1009 2459 aditibus,
1057 2392 1255 2446 surdus
1287 2392 1499 2459 quidam
1532 2405 1854 2453 occurrens;
1913 2398 1965 2442 et
2004 2388 2218 2456 pretiOsi
2250 2403 2335 2440 ve-

756 2483 971 2539 laminis
1000 2483 1207 2552 peplum
1254 2483 1526 2548 osculans,
1579 2480 1914 2551 psallentium
1945 2480 2088 2534 illico
2114 2489 2333 2545 stupt'tts

755 2578 924 2633 melos
967 2577 1203 2643 audivit,
1254 2585 1306 2630 et
1354 2575 1579 2630 fraudati
1635 2590 1828 2631 sensus
1887 2589 2040 2629 usum
2093 2575 2331 2643 recipere

754 2667 1042 2723 mundatus
1075 2666 1178 2721 tide
1204 2667 1519 2736 promeruit.

830 2760 918 2816 Η.
949 2759 1238 2830 Postquam
1294 2761 1476 2831 igitur,
1521 2760 1809 2816 devotione
1841 2759 2071 2815 fidelium
2102 2762 2334 2816 maximo

754 2855 953 2911 decore
976 2852 1221 2924 praefulta
1268 2852 1384 2921 ejus
1417 2854 1602 2907 tumuli
1630 2868 1759 2908 urna
1786 2864 2041 2909 exornata
2072 2857 2332 2920 surrexit,

756 2945 1026 3017 prolixum
1074 2952 1157 3001 est
1187 2958 1442 3000 enarrare
1498 2947 1711 3016 quantis
1763 2961 1820 3001 se
1850 2947 2136 3003 virtutibus
2166 2962 2335 3016 quan-

755 3040 931 3108 tisque
959 3052 1057 3109 pro
1113 3036 1367 3093 debilium
1427 3039 1632 3093 clamor
1682 3039 1891 3094 attollat
1948 3040 2333 3095 emundatione

755 3129 1006 3199 tropaeis;
1054 3143 1084 3183 a
1127 3144 1234 3199 quo
1276 3128 1532 3199 quidquid
1571 3129 1702 3185 fusis
1749 3131 1996 3201 precibus
2043 3132 2331 3201 expetitur,

755 3230 1126 3278 incunctanter
1164 3221 1439 3277 effectibus
1469 3222 1758 3278 obtinetur.
1794 3223 1963 3293 llujus
2004 3224 2165 3293 igitur
2196 3234 2329 3281 tem-

757 3313 831 3384 pli
881 3328 979 3383 pro
1032 3312 1242 3369 foribus
1293 3313 1614 3385 paralyticus
1685 3315 1900 3383 quidam
1949 3316 2223 3386 depositus
2283 3325 2336 3372 et

758 3402 987 3474 eiectus,
1023 3401 1049 3442 δ
1088 3418 1251 3474 quem
1282 3404 1518 3459 omnium
1567 3404 1930 3461 membrorum
1979 3405 2226 3461 debilitas
2257 3406 2338 3461 di-

757 3505 918 3548 verso
942 3493 1063 3561 jure
1088 3493 1318 3548 discreta
1347 3492 1713 3557 damnaverat,
1742 3495 1980 3564 pristina:
2002 3495 2338 3551 incolumita—

762 3583 832 3638 tis
863 3583 1061 3638 meruit
1103 3592 1384 3654 augmenta
1434 3584 1730 3653 suscipere,
1784 3593 1838 3638 ct
1885 3585 2073 3639 salutis
2106 3585 2338 3655 gloriam

760 3675 1129 3745 obtinere,ut
1171 3677 1393 3748 singulis
1448 3678 1599 3747 vigor
1652 3678 1872 3734 artubus
1918 3678 2154 3763 redditus
2207 3693 2340 3735 con-

836 3861 863 3889 ι
893 3850 1133 3908 Cointius
1188 3849 1353 3907 refert
1400 3851 1602 3907 obitum
1647 3854 1815 3908 sancti
1863 3854 2097 3910 Medardi
2129 3857 2194 3911 ad
2246 3872 2335 3912 au.

766 3921 896 3997 ξᾷὅ,
923 3922 1215 3997 ostendens
1243 3938 1342 3978 nec
1369 3934 1488 3991 post
1516 3924 1737 3997 ambiat)
1759 3936 1996 3997 creatum
2026 3928 2339 3997 episcopum

765 3993 1264 4057 Viromandensem,
1306 4009 1403 4047 nec
1453 4005 1571 4062 post
1615 3993 1718 4048 545
1749 3996 1853 4049 vita
1904 4012 2024 4052 esse
2068 3993 2337 4054 functura.

764 4062 898 4118 Nam
921 4078 1028 4130 res,
1058 4064 1247 4132 inquit,
1278 4065 1346 4117 ab
1372 4079 1439 4119 eo
1467 4077 1655 4132 gestae,
1712 4075 1994 4133 antequam
2027 4067 2339 4123 Tornacen-

764 4134 840 4189 sis
877 4135 1159 4209 episcopus
1208 4137 1794 4209 e_rearetur,_breviori
1841 4140 2102 4206 temporis
2159 4141 2334 4209 spatio

765 4218 923 4275 quam
957 4204 1166 4275 biennio
1188 4206 1552 4260 circumscribi
1599 4223 1703 4261 non
1732 4204 1969 4275 possunt.
2017 4213 2085 4264 At
2116 4204 2335 4266 sanctus

764 4274 1126 4340 Eleutherius,
1163 4291 1246 4330 cut
1297 4276 1581 4331 Medardus
1611 4279 1661 4331 itt
1694 4274 1822 4333 sede
1864 4278 2189 4335 Tornaceusi
2218 4297 2340 4335 suc-

765 4346 948 4410 cessit,
973 4346 1111 4419 obiit
1138 4361 1243 4419 an.
1273 4347 1400 4402 552.
1426 4347 1540 4402 Non
1575 4349 1620 4401 is
1650 4350 1809 4419 igitur
1837 4361 1958 4417 post
1988 4366 2074 4404 an.
2111 4351 2216 4407 55⁸)
2251 4352 2339 4406 Vi-

764 4416 1134 4487 romaudeusis
1162 4418 1445 4487 cpiscopus
1486 4416 1696 4473 creatus
1734 4416 1897 4474 fuisse
1942 4421 2202 4476 dicendus
2234 4430 2337 4479 est.

765 4485 950 4556 Neque
970 4500 1154 4542 rursus
1175 4488 1280 4542 diei
1329 4485 1505 4555 potest
1534 4500 1656 4544 ante
1683 4506 1773 4547 an.
1805 4492 1910 4547 550
1942 4492 2337 4548 Viromanden-

765 4571 879 4612 sem
904 4556 1086 4613 sedem
1117 4560 1514 4625 conscendisse,
1553 4574 1676 4615 cum
1704 4578 1808 4615 non
1846 4571 1973 4618 ante
1999 4579 2198 4619 annum
2230 4564 2335 4619 5H

765 4627 2097 4720 sacrissacrissiccescere.
2130 4636 2335 4720 episco-
2368 4658 2420 4720 υ

765 4712 868 4772 po,
922 4698 1448 4772 velum’aeceperit,
1500 4710 1555 4756 ut
1604 4703 1659 4757 iu
1715 4704 1829 4772 ejus
1883 4702 1997 4758 Vita
2063 4698 2333 4759 narratur.

765 4768 1126 4845 Quamobrem
1168 4768 1287 4845 cum
1333 4772 1378 4826 is
1432 4771 1633 4828 sederit
1686 4768 1989 4845 episcopus
2025 4776 2329 4845 quindecim

767 4842 941 4910 annis,
969 4842 1311 4910 consequitur
1341 4853 1397 4896 ut
1440 4858 1537 4897 nec
1585 4854 1707 4899 ante
1726 4842 1929 4899 annum
1976 4842 2079 4902 550
2125 4859 2333 4901 creatus

767 4909 933 4986 fuisse
973 4909 1255 4986 episcopus
1310 4914 1694 4970 existimandus
1747 4918 1847 4978 sit,
1896 4933 1993 4972 nec
2061 4926 2181 4986 post
2230 4915 2333 4973 515

768 4981 987 5035 obiisse.
1039 4981 1269 5048 [lujusce
1308 4985 1670 5051 clironologim
1715 4988 1850 5040 ratio
1882 4981 2089 5043 videtur
2117 5003 2238 5041 cum
2270 5002 2336 5042 eo

767 5053 1071 5122 consentire
1099 5053 1237 5122 quod
1268 5066 1449 5110 narrat
1493 5056 1799 5122 Radbodus,
1833 5070 2073 5113 sanctum
2129 5060 2337 5112 Medor-

766 5121 1336 5194 dutn,g'l‘ornacenscm
1369 5128 1674 5194 episcopum
1706 5121 1925 5181 creatum
1980 5131 2069 5182 sub
2120 5136 2335 5182 sanctis-

766 5194 893 5268 simo
919 5192 1149 5264 Remigio
1170 5192 1486 5268 Aliitcmorum
1514 5192 1916 5268 archiepiscono,
1944 5201 2203 5268 siquidem
2236 5201 2331 5256 lte-

766 5263 977 5333 migius,
1012 5273 1068 5319 ut
1097 5266 1208 5320 vult
1229 5268 1487 5331 Cointius,
1520 5270 1649 5324 obiit
1669 5263 1756 5323 an.
1786 5263 1890 5325 .535

840 5336 865 5370 ι’
899 5334 1029 5389 Aliis
1071 5353 1199 5392 mss.
1237 5336 1586 5394 Willicltarius
1622 5349 1676 5396 et
1708 5338 2049 5395 Wulcltarius.

842 5417 867 5446 ε
903 5405 1133 5475 Scilicet,
1167 5418 1224 5463 ut
1262 5406 1315 5463 in
1346 5411 1460 5478 ejus
1494 5411 1607 5465 Vita
1654 5422 1834 5466 narrat
1877 5412 2188 5476 Radbodus,
2216 5426 2335 5466 cum

767 5477 834 5532 ad
856 5492 1001 5537 eum.
1029 5478 1141 5549 jam
1172 5481 1235 5533 ad
1264 5490 1500 5536 extrema
1532 5481 2125 5548 redactunt,viscudtnn
2163 5483 2337 5537 Ueta-

767 5548 879 5603 rius
908 5550 1241 5616 accessisset,
1274 5561 1326 5604 et
1354 5552 1466 5621 ipse
1490 5557 1797 5607 mandasset
1824 5567 1880 5608 ut
1904 5568 1996 5608 sna
2023 5556 2074 5607 iu
2108 5555 2335 5609 ecclesia

771 5621 1235 5695 sepeliretut',‘rex
1258 5621 1414 5695 enixe
1438 5625 1503 5677 ab
1536 5625 1724 5680 eodem
1746 5627 1901 5695 petiit
1933 5636 1985 5679 et
2032 5626 2337 5693 impetravit

770 5698 830 5749 ut
854 5692 1156 5753 Suessionis
1176 5708 1237 5752 se
1259 5693 1467 5751 humari
1496 5692 1791 5766 pateretur,
1816 5710 2063 5755 asserens
2089 5692 2146 5755 se
2175 5705 2336 5769 super

2438 2026 2547 2071 tum
2579 2032 2793 2071 suarum
2849 2017 3094 2085 insignia,
3129 2035 3245 2088 qua:
3287 2020 3480 2074 diebus
3504 2022 3730 2089 singulis
3774 2038 3839 2077 ev
3876 2039 4023 2078 more

2437 2120 2812 2177 concrescunt,
2850 2112 3037 2164 relatio
3082 2121 3263 2165 nostra
3297 2114 3574 2181 praeteriit,
3607 2124 3661 2167 ut
3696 2129 3796 2168 nec
3829 2116 4023 2171 lateret

2435 2201 2650 2256 silentio
2677 2204 2986 2270 magnitudo
3018 2204 3217 2273 Opi-ris,
3246 2221 3346 2258 nec
3389 2206 3495 2261 diei
3523 2218 3867 2264 consumeret
3898 2224 4023 2279 spa-

2436 2294 2564 2348 tium
2598 2305 2739 2348 tanta
2774 2297 3056 2361 pt'olixitas
3098 2297 3369 2352 dictionis.

2510 2389 2595 2442 l'i.
2632 2388 2799 2455 llujus
2829 2403 2959 2457 ergo
3013 2390 3152 2451 piant
3185 2391 3515 2459 Majestatcm
3548 2392 3679 2448 fusis
3711 2393 4020 2449 indesinen-

2436 2488 2517 2534 ter
2547 2480 2790 2547 precibus
2820 2496 3125 2549 exoremus,
3180 2492 3236 2535 ut
3287 2483 3725 2553 [clementissimi
3772 2487 4021 2541 Theode-

2434 2572 2591 2639 berti,
2637 2575 2775 2641 regis
2806 2575 2994 2640 nostri,
3035 2575 3360 2633 felicitatem.
3412 2579 3616 2633 crebris
3660 2580 4011 2634 successibus

2434 2664 2731 2729 dilatatam,
2768 2677 2815 2721 et
2854 2666 2906 2721 in
2938 2670 3176 2723 externis
3222 2669 3470 2739 gentibus
3516 2671 3661 2739 justo
3704 2671 4018 2727 dominandi

2437 2756 2559 2826 jure
2590 2757 2776 2825 procul
2805 2766 3099 2823 extensam,
3134 2774 3229 2827 pro
3252 2774 3343 2814 sua
3399 2761 3596 2829 pietate
3640 2762 3940 2831 longavel,
3968 2774 4022 2818 et

2438 2847 2848 2901 CiCIItCllliS:‘ittli
2881 2849 3130 2917 Sigiberti
3162 2849 3432 2920 quondam
3464 2852 3605 2921 regis
3654 2852 3849 2907 anima:
3881 2868 4023 2907 scin-

2438 2939 2697 3008 piteruam
2728 2942 2966 3010 requiem
3011 2951 3268 3010 priestare
3298 2943 3565 3012 dignetur,
3628 2944 3720 3014 qui
3776 2956 3800 2981 υ
3835 2944 4022 3011 templi

2436 3032 2550 3101 ejus
2584 3032 2751 3102 spatia
2802 3031 3026 3088 devotus
3080 3034 3395 3101 extendens,
3430 3034 3497 3089 ad
3550 3035 3770 3090 excelsa
3822 3036 4023 3105 fastigii

2438 3125 2669 3191 tegmina
2694 3133 3003 3193 sumptuoso
3026 3124 3219 3180 decore
3241 3125 3506 3195 perduxit,
3536 3136 3803 3195 quatenus
3824 3128 4022 3183 eodeni

2439 3214 2818 3280 intercedente,
2843 3225 3051 3271 servato
3078 3216 3309 3271 cubuiuc
3339 3218 3475 3288 regii
3493 3216 3813 3274 diadematis
3834 3260 3848 3285 ,
3886 3233 4017 3288 pro-

2443 3310 2731 3365 tendantur
2761 3319 2972 3379 sceptra
3023 3312 3185 3381 regite
3218 3312 3520 3380 potestatis,
3569 3327 3632 3367 ac
3662 3310 3886 3381 perinde
3913 3326 4024 3366 me-

2442 3400 2613 3455 delam
2648 3401 2881 3469 populis,
2911 3415 3208 3472 pacemque
3237 3401 3434 3479 tribuat
3457 3401 3759 3467 universis;
3789 3400 3811 3473 ]
3843 3404 4026 3459 confe-

2442 3500 2525 3546 rat
2554 3492 2709 3546 etiam
2743 3494 2963 3561 petitum
2990 3507 3083 3561 pro
3106 3491 3419 3548 delictorum
3458 3492 3789 3563 indulgentia
3811 3493 4022 3548 cunctis

2444 3583 2693 3654 generale
2723 3583 3052 3652 praesidium,
3096 3582 3184 3653 qui
3215 3583 3449 3653 speciale
3499 3584 3862 3640 solemnitatis
3909 3598 4020 3640 sua

2444 3675 2603 3731 hodie
2625 3675 2824 3730 mundo
2853 3674 3103 3745 praestitit
3127 3683 3501 3732 ornamentum
3538 3674 3587 3729 ί.

2445 3866 2636 3919 corpus
2666 3851 2779 3920 ejus
2807 3850 3079 3905 basilicam
3130 3851 3386 3907 decenter
3440 3851 3929 3916 exaedificaturum,
3977 3864 4026 3908 et

2446 3925 2512 3977 ad
2546 3925 2748 3976 laudem
2797 3932 2843 3976 et
2888 3924 3107 3991 gloriam
3137 3923 3322 3976 divina
3372 3921 3663 3992 Maiestatis
3692 3924 4027 3979 canobialent

2447 4010 2704 4048 terrorum
2733 3992 2825 4046 Dei
2854 3992 3086 4062 regulum
3115 3994 3491 4048 ordinaturum.

2517 4062 2542 4101 ιι
2567 4065 2622 4117 In
2654 4066 2803 4117 tertia
2835 4062 2967 4122 Vita.
3000 4077 3114 4131 cap.
3146 4063 3238 4125 26,
3271 4065 3387 4129 ejus
3413 4063 3694 4118 infirmitas
3727 4064 3878 4120 hisce
3906 4082 4021 4122 ver-

2448 4136 2531 4191 bis
2560 4135 2856 4200 explicatur
2890 4151 2902 4185 :
2930 4132 3155 4200 Utroque
3178 4139 3303 4202 perte
3332 4135 3382 4187 in
3403 4135 3689 4204 posteriora
3716 4138 3935 4205 reﬂexo,
3958 4138 4029 4191 ad

2447 4208 2599 4260 vitam
2639 4205 3014 4273 quodammodo
3046 4205 3343 4257 semirivens
3386 4206 3644 4258 tenebatur
3673 4206 3867 4273 imago,
3897 4208 4021 4273 quia

2448 4288 2495 4331 et
2517 4293 2696 4329 manus
2728 4277 2984 4346 nugaciter
3007 4274 3248 4327 uacabant
3279 4276 3340 4327 ab
3369 4290 3678 4346 ap.-re,rnec
3724 4278 3791 4328 ad
3819 4276 4027 4346 aliquid

2448 4350 2605 4419 agiles
2632 4345 2910 4412 exeri,nec
2954 4346 3213 4414 dissipa“:
3260 4345 3441 4399 saltent
3497 4345 3576 4398 ori
3630 4345 3828 4399 habiles
3879 4345 4031 4402 erant

2449 4419 2715 4473 applicari.

2484 4438 2840 4543 pfiifzad'eunit
2886 4502 2987 4541 ms.
3020 4485 3251 4541 Caesaris
3280 4487 3493 4542 insula}.
3527 4487 3831 4543 Cbiftletius
3857 4490 4027 4544 etiam

2449 4560 2691 4631 quaedam
2739 4573 2868 4613 mss.
2927 4557 3221 4631 liagbuit,_‘iu
3251 4558 3447 4631 quibus
3497 4558 3725 4613 deerant
3753 4569 3876 4615 vota
3928 4574 4031 4631 pro

2454 4628 2672 4699 regibus
2703 4644 2827 4683 mox
2860 4628 3221 4699 nominandis.
3252 4628 3529 4699 Bouaria.

2520 4697 2543 4739 δ
2578 4701 2651 4756 De
2679 4701 2847 4753 sancti
2881 4697 3119 4753 Medardi
3152 4698 3391 4763 basilica,
3423 4710 3477 4753 et
3508 4700 3559 4753 in
3593 4714 3655 4755 ea
3688 4699 4029 4768 perﬁcienda

2446 4772 2622 4828 Stttdio
2653 4770 2904 4834 Sigiberti
2954 4779 3007 4823 et
3038 4782 3222 4838 opera,
3249 4768 3443 4839 legesis
3485 4785 3607 4840 quac
3649 4771 4031 4826 adnotavimus

2445 4846 2510 4899 ad
2540 4858 2589 4898 c.
2619 4842 2687 4894 20
2720 4841 2809 4894 lib.
2844 4856 2882 4893 ιι
2909 4840 3013 4908 Op.
3034 4840 3182 4893 Fort.

2523 4912 2541 4951 ί
2577 4913 2701 4967 llazc
2725 4910 2999 4966 conclusio
3037 4909 3179 4980 apud
3208 4908 3404 4965 Acber.
3435 4924 3498 4967 ex
3532 4911 3659 4967 Mss.
3704 4910 4033 4967 Corbeiensi

2445 4994 2500 5042 et
2542 4983 2869 5039 Resbacensi
2903 4981 3058 5049 paulo
3107 4981 3391 5051 prolixior,
3444 4991 3496 5035 et
3532 4984 3728 5051 aptior
3757 4997 3939 5036 auuuo
3972 4984 4035 5035 in

2448 5056 2703 5111 Ecclesiis
2733 5052 2849 5107 usui
2881 5052 3069 5121 legitur
3110 5050 3222 5105 'ltoc
3260 5052 3420 5106 modo
3451 5070 3464 5105 :
3491 5050 3671 5124 Hujus
3719 5067 3842 5123 ergo
3890 5054 4036 5119 piant

2451 5127 2777 5194 Majestatent
2829 5126 2955 5192 [usis
2986 5123 3326 5176 indesinenter
3373 5125 3608 5190 precibus
3656 5139 3946 5183 exoremus,
3977 5133 4041 5175 ut

2450 5193 2679 5265 conferat
2727 5211 2815 5261 pro
2861 5194 3162 5247 delictorum
3190 5193 3515 5265 indulgentia
3562 5196 3759 5247 cunctis
3797 5198 4041 5263 generate

2447 5264 2773 5340 praisidtum,
2804 5265 2890 5333 qui
2920 5264 3499 5340 speciole_sotentititatis
3529 5280 3632 5317 ante
3653 5265 3806 5340 hodie
3839 5267 4039 5318 mundo

2448 5335 2680 5410 prostitit
2708 5345 3063 5410 ornamentum
3126 5335 3262 5410 Quia
3277 5347 3459 5388 cuncta
3483 5337 3745 5410 prmconia
3786 5343 3905 5410 δὶιηί
3936 5352 4042 5387 non

2448 5405 2600 5463 modo
2629 5412 2739 5479 ejus
2768 5409 2851 5478 qui
2892 5407 3085 5479 accepit
3114 5415 3167 5459 ut
3209 5405 3394 5474 dignus
3424 5422 3516 5477 pro
3538 5406 3685 5479 nobis
3721 5405 4039 5479 sit/fragon”

2449 5476 2673 5544 assistat,
2708 5476 2793 5534 sed
2843 5476 3019 5547 potius
3039 5485 3230 5532 sancta:
3257 5486 3302 5529 et
3333 5476 3690 5547 inseparabilis
3732 5476 4038 5546 Trinitatis,

2451 5554 2534 5607 cui
2563 5553 2725 5605 honor
2749 5560 2794 5604 et
2825 5558 3067 5617 potestas,
3094 5551 3250 5602 virtus
3279 5556 3323 5602 et
3353 5549 3645 5619 imperium,
3681 5547 3798 5601 tuus
3823 5563 3868 5602 et
3891 5550 4040 5619 jum—

2451 5624 2594 5689 latio,
2625 5624 2679 5676 in
2708 5621 2848 5676 omni
2878 5630 3043 5691 gente,
3073 5620 3187 5677 loco
3234 5626 3281 5675 et
3332 5628 3576 5691 tempore,
3618 5627 3667 5675 et
3715 5636 3808 5692 per
3836 5621 4045 5682 inﬁnito

2451 5695 2759 5753 circulorum
2784 5692 3005 5750 swcuta.
