4192 6540
728 433 833 487 545

1431 429 1746 484 νεΝΑΝιιι
1793 427 1947 482 HUN.
1988 423 2196 479 CLEM.
2244 415 2634 476 FORTUNATI
2675 413 2958 468 (lPEHUM
3003 411 3176 466 PARS
3213 411 3276 465 If.

3907 405 4006 462 ω

729 548 1056 605 affluentiam
1083 545 1393 601 inundant-is
1434 545 1654 615 eloquii,
1687 560 1778 612 per
1807 557 1964 611 quam
1998 542 2079 594 vel
2103 539 2310 606 aliquos
2341 540 2395 595 Α
2418 542 2532 588 cter
2561 538 2862 598 extorquet.
2893 527 3131 596 Denique
3163 541 3230 580 ex
3265 527 3364 579 hac
3390 532 3542 594 parte
3571 522 3704 578 mihi
3733 522 3836 593 ipsi
3879 538 4008 578 con-

730 644 977 709 reficere,
1002 644 1082 696 vel
1117 655 1228 695 suae
1272 641 1536 694 siccitatis
1587 639 1790 707 possint
1833 637 2066 704 inopiam
2112 644 2316 700 tempe-

730 751 852 792 ra-re
886 755 899 792 :
934 737 1064 790 tales
1099 750 1203 788 non
1239 733 1411 788 solum
1442 733 1616 800 aliqua
1651 748 1755 785 non
1789 745 1884 798 per
1914 746 1972 783 se
2000 730 2177 780 dicere
2207 741 2315 794 ap-

730 839 938 900 petunt,
967 847 1153 884 verum
1187 829 1345 883 etiam
1396 827 1438 880 si
1483 826 1609 896 quid
1662 828 1738 880 eis
1786 824 2082 892 injunctum
2132 820 2312 885 fuerit,

730 927 1173 994 perhorrescunt,
1218 920 1466 989 quoniam
1520 927 1774 988 quantum
1829 917 1999 969 doctis
2047 911 2314 982 proloqui,

730 1027 936 1073 tantum
971 1017 1198 1070 indoctis
1232 1015 1360 1068 utile
1403 1015 1469 1066 sit
1521 1022 1721 1065 tacere.
1769 1008 1898 1063 Nam
1933 1008 2007 1060 illi
2039 1007 2105 1059 de
2139 1004 2317 1074 parvis

731 1126 923 1178 magna
967 1107 1262 1171 disserere,
1305 1106 1389 1159 isti
1417 1104 1484 1157 de
1514 1104 1721 1172 magnis
1762 1101 2002 1155 nesciunt
2035 1097 2116 1151 vel
2152 1110 2316 1166 pauca

733 1203 996 1274 proferre.
1034 1203 1100 1255 Et
1130 1201 1249 1254 ideo
1299 1197 1438 1266 quod
1489 1199 1556 1250 ab
1599 1198 1717 1251 aliis
1760 1196 2034 1262 quaeritur,
2082 1192 2150 1245 ab
2200 1190 2320 1243 aliis

733 1293 1070 1349 formidatur.
1102 1295 1190 1346 Sic
1213 1291 1554 1360 belligerator
1585 1291 1636 1342 iu
1669 1289 1832 1341 armis
1859 1284 2040 1338 damni
2072 1299 2190 1336 esse
2222 1283 2318 1334 de-

736 1399 906 1458 putat,
940 1389 986 1442 si
1029 1402 1137 1440 non
1191 1389 1356 1454 possit
1389 1386 1605 1451 iuteger-
1636 1381 1879 1435 invenire
1929 1377 2070 1445 quod
2120 1375 2314 1428 vincat.

734 1482 842 1536 Sed
885 1491 1024 1534 sicut
1056 1479 1212 1533 fortis
1245 1475 1468 1545 requirit
1493 1474 1635 1528 unde
1661 1473 1820 1527 ducat
1849 1471 2038 1538 spolia,
2069 1469 2144 1522 sic
2171 1466 2320 1521 debi-

735 1572 801 1626 lis
831 1572 1018 1626 metuit
1047 1586 1112 1623 ne
1141 1570 1362 1622 ducatur
1395 1570 1447 1621 in
1487 1567 1752 1636 praedam;
1784 1574 1837 1617 et
1879 1561 2022 1631 quod
2056 1574 2182 1614 acer
2226 1559 2314 1613 in-

737 1664 921 1718 venire
946 1662 1216 1718 desiderat
1247 1663 1389 1716 iners
1423 1661 1506 1712 Vci
1535 1659 1720 1712 audire
1762 1657 2034 1710 formidat.

808 1756 861 1807 2.
903 1757 1070 1826 Cujus
1101 1756 1332 1823 exempli
1363 1754 1528 1822 gratia
1553 1769 1672 1807 cum
1705 1753 1818 1821 ipse
1847 1751 2048 1804 sterilis
2083 1749 2321 1802 screntite

735 1847 1116 1902 convenienter
1143 1861 1385 1912 accuser,
1437 1861 1535 1900 nec
1576 1847 1644 1900 sit
1692 1845 1744 1897 in
1801 1861 1884 1896 me
1933 1843 2129 1910 aliquid
2177 1841 2317 1908 quod

736 1941 943 1994 venusti
989 1939 1255 1994 sermonis
1303 1946 1614 1992 ornamenta
1667 1933 2030 1998 commendet,
2063 1933 2188 1999 quid
2225 1931 2319 1985 tibi

737 2033 910 2087 visum
945 2031 1132 2095 fuerit,
1179 2031 1334 2085 l’ater
1381 2028 1687 2084 beatissime
1736 2038 1893 2096 atque
1933 2024 2317 2087 amantissime,

735 2133 1044 2178 constanter
1074 2123 1330 2186 admiror,
1364 2131 1422 2174 ut
1461 2121 1526 2175 de
1570 2120 1894 2173 sanctissimi
1951 2117 2047 2169 viri
2085 2115 2316 2167 Marcelli

735 2214 996 2270 antistitis
1019 2215 1149 2278 vita,
1181 2215 1324 2267 nullo
1356 2214 1458 2266 fine
1496 2211 1812 2273 claudenda,
1848 2221 1898 2263 et
1930 2211 1994 2263 de
2028 2209 2114 2260 illa
2157 2190 2320 2259 cude-

735 2309 803 2362 sti
832 2307 1076 2374 lampade
1107 2322 1238 2358 mea:
1281 2305 1478 2374 aliquid
1527 2306 1742 2372 dignum
1787 2305 2156 2355 committeres
2184 2300 2324 2353 scin-

737 2399 896 2453 tillm:
949 2414 1070 2451 cum
1123 2413 1221 2464 ego
1269 2412 1470 2465 pauper
1520 2397 1756 2464 ingenio,
1817 2405 1870 2448 et
1921 2393 2009 2446 ille
2062 2393 2211 2444 dives
2257 2390 2327 2442 sit

736 2489 974 2545 merito:
1026 2503 1125 2556 ego
1179 2487 1394 2542 humilis
1440 2483 1693 2540 sei-itione
1740 2497 1796 2540 et
1845 2485 1933 2538 ille
1978 2484 2046 2536 sit
2079 2482 2327 2550 egregius

737 2582 1016 2646 mercede;
1051 2580 1346 2650 praesertim
1393 2595 1516 2632 cum
1552 2577 1705 2631 vobis
1753 2578 2041 2630 multorum
2096 2575 2329 2643 pruden-

746 2675 877 2728 tium
907 2674 1124 2727 famosa:
1155 2671 1492 2726 abundantiae
1545 2671 1780 2725 sufficiat
1836 2667 2160 2738 eloquentia,
2207 2666 2331 2719 Gal-

741 2766 846 2821 lico
877 2765 1176 2832 Gallicana,
1209 2775 1263 2819 et
1292 2763 1567 2830 quadratis
1593 2765 1857 2830 jnncturis
1888 2762 2048 2815 verba
2075 2761 2329 2814 trutinata

739 2859 1051 2927 procedant.
1087 2857 1185 2922 Qui
1220 2860 1261 2909 si
1295 2858 1480 2920 velint,
1516 2869 1764 2908 Sermone
1799 2855 2002 2921 possint
2043 2852 2331 2920 depingere

740 2949 996 3020 quidquid
1047 2966 1257 3004 animus
1300 2948 1645 3018 figuraverit:
1688 2948 1826 3016 apud
1859 2963 1994 3016 quos
2047 2948 2218 3014 ipsum
2254 2944 2331 2996 lo-

741 3043 830 3112 qui
879 3043 1080 3096 dictare
1121 3043 1212 3109 sit,
1261 3052 1313 3094 et
1350 3058 1466 3109 quis
1499 3040 1584 3093 vix
1633 3044 1796 3093 corde
1845 3040 2162 3106 concipitur,
2210 3051 2332 3090 mox

741 3131 798 3186 in
843 3134 1029 3201 pagina
1063 3147 1148 3185 res
1200 3134 1481 3185 formetur.
1518 3131 1623 3186 Cur
1657 3132 1856 3198 itaque,
1913 3139 1970 3183 ut
1998 3130 2197 3182 dietum
2230 3137 2329 3189 est,

743 3227 886 3279 inter
917 3223 1222 3278 Gallicanos
1249 3226 1566 3289 cothurnos,
1614 3223 1686 3277 ita
1734 3224 1933 3293 lippata
1967 3223 2142 3277 vilitas
2175 3223 2332 3291 plano

744 3317 882 3386 pede
913 3318 988 3371 ire
1019 3329 1331 3386 prtesumat,
1366 3319 1431 3370 ad
1466 3333 1692 3385 quorum
1736 3319 2212 3385 comparationem,
2245 3333 2335 3370 ve-

745 3409 820 3462 lut
849 3407 989 3462 inter
1018 3423 1170 3462 rosas
1200 3418 1254 3462 et
1304 3409 1436 3476 lilia,
1482 3418 1684 3462 nostra:
1719 3410 1914 3477 lingua:
1943 3411 2060 3463 vilis
2093 3409 2334 3462 saliunca

745 3498 1008 3566 respirat?
1039 3500 1259 3553 Accedit
1287 3501 1446 3553 etiam
1493 3501 1558 3553 ad
1609 3501 1977 3553 difficultatem
2011 3501 2208 3568 ingenii
2238 3499 2338 3553 itii-

746 3593 913 3662 pediti
945 3608 1031 3647 res
1055 3593 1248 3659 altera,
1279 3595 1420 3662 quod
1451 3595 1518 3648 de
1545 3596 1752 3649 actibus
1779 3595 1921 3649 beati
1950 3595 2184 3650 Marcelli
2222 3596 2340 3660 plu-

746 3685 880 3740 riina
913 3694 1038 3739 sunt
1068 3685 1369 3752 invisenda,
1417 3696 1720 3755 temporum
1752 3697 2019 3742 vetustate
2065 3687 2335 3755 subrepta,

749 3789 850 3830 nec
880 3774 1035 3831 facile
1067 3779 1323 3832 memoria
1358 3781 1546 3833 recolit
1575 3782 1714 3846 quod
1747 3781 2019 3834 annositas
2050 3793 2336 3834 numerosa

750 3867 1057 3922 fraudavit:
1091 3870 1343 3938 quOniam
1387 3870 1643 3940 quidquid
1698 3874 1750 3924 iit
1801 3873 1954 3925 libris
2000 3887 2105 3924 non
2139 3873 2338 3940 figitur,

751 3972 915 4015 vento
944 3962 1230 4018 oblivionis
1276 3965 1540 4018 aufertur.
1585 3958 1780 4018 ‘Pauca
1833 3966 2051 4034 quidem
2107 3966 2174 4018 de
2229 3965 2344 4034 ejus

754 4058 915 4123 gestis
950 4055 1192 4110 felicibus
1231 4067 1355 4110 sunt
1382 4061 1446 4109 ad
1481 4072 1661 4112 nos:ra
1693 4068 1931 4126 tempora
1964 4060 2226 4112 relatione
2267 4061 2344 4113 vi-

758 4157 916 4200 vente
947 4148 1224 4214 perducta,
1259 4164 1325 4200 ne
1358 4151 1410 4202 in
1444 4158 1638 4214 totum,
1685 4151 1825 4219 quod
1868 4155 1947 4203 sui
1984 4166 2252 4205 amatores
2291 4151 2345 4204 in

760 4253 1034 4308 posterum
1059 4254 1385 4310 qurererent,
1425 4245 1656 4311 periret;
1689 4246 1812 4312 quia
1834 4247 1932 4298 etsi
1960 4255 2144 4298 sani-ta
2179 4261 2346 4298 mein-

763 4331 855 4384 bra
887 4333 1198 4399 jamdudum
1233 4336 1483 4400 sepulcro
1534 4346 1658 4388 sunt
1707 4337 1946 4399 conditu,
2005 4351 2108 4388 non
2171 4347 2347 4391 tamen

765 4426 1020 4478 miracula
1070 4435 1194 4478 sunt
1243 4429 1445 4493 sepulta
1488 4444 1501 4479 :
1556 4443 1674 4495 qua:
1729 4437 1876 4480 tanto
1925 4428 2148 4481 clariora
2204 4439 2347 4493 sunt,

763 4524 964 4582 quanto
996 4515 1112 4582 plus
1152 4519 1407 4568 memoria
1442 4515 1622 4569 vivere
1670 4533 1917 4571 Iticrucre
1966 4536 2068 4570 non
2107 4517 2346 4586 scripta;

2418 629 2597 684 veniat
2627 626 2904 696 perficere,
2935 624 3058 693 quia
3103 623 3192 693 qui
3239 621 3448 677 minora
3473 622 3762 690 vituperat,
3804 621 4008 676 ducere

2419 722 2484 774 ad
2519 719 2719 789 majora
2752 720 2986 773 festinat.
3021 717 3221 784 Quibus
3251 718 3522 786 suggestis
3570 716 3852 770 volueram
3908 714 4008 768 hoc

2418 829 2552 883 opus
2591 813 2816 867 aliorum
2866 812 3044 881 lingua
3089 811 3353 864 nitescere
3387 806 3565 877 potius
3619 822 3780 875 quam
3829 815 4011 858 nostra

2419 907 2661 961 sordere.
2695 904 2802 960 Sed
2834 905 2974 973 quod
3005 903 3159 971 primi
3193 900 3472 967 differunt,
3505 897 3587 953 vel
3618 897 3790 951 ultimi
3821 913 4011 965 prose-

2419 1013 2685 1071 quatitur;
2716 999 2858 1068 quod
2889 1013 3007 1053 cum
3041 997 3330 1066 displicere
3354 994 3598 1050 videatur
3629 993 3873 1063 eloquio,
3901 992 4013 1062 pla-

2421 1111 2545 1150 cere
2573 1094 2781 1149 videtur
2811 1108 2878 1148 ex
2920 1102 3064 1146 voto.

3053 1197 3355 1274 VITA.

2494 1320 2544 1372 4.
2583 1317 2927 1372 Beatissimus
2974 1314 3135 1383 igitur
3161 1323 3183 1348 υ
3217 1311 3499 1367 Marcellus
3551 1311 3815 1375 antistes,
3861 1317 4017 1363 natus

2424 1409 2631 1472 Parisii,
2665 1409 2756 1462 sed
2791 1408 2923 1460 civis
2950 1405 3180 1473 paradisi
3209 1423 3220 1457 :
3261 1406 3313 1457 in
3346 1404 3500 1458 terris
3533 1402 3773 1468 humilis,
3803 1414 4018 1456 ercetus

2424 1505 2474 1558 in
2508 1503 2697 1567 castis;
2734 1501 3018 1556 mediocris
3067 1497 3394 1567 parentibus,
3449 1495 3545 1550 sed
3578 1496 3787 1551 meritis
3819 1497 4017 1549 celsus.

2423 1596 2518 1650 Cui
2554 1597 2652 1650 hoc
2697 1595 2791 1648 fuit
2820 1592 3113 1647 nobilitatis
3144 1590 3354 1658 insigne
3383 1589 3587 1652 lumen,
3638 1587 3861 1642 Christo
3905 1587 4022 1641 sine

2425 1695 2576 1755 culpa
2607 1687 2828 1740 servire.
2876 1685 2991 1737 Non
3018 1683 3086 1738 de
3111 1682 3324 1752 generis
3357 1681 3717 1733 intumescens
3743 1677 4018 1746 superbia,

2423 1781 2517 1834 sed
2554 1779 2756 1834 habens
2784 1778 2851 1832 de
2898 1777 3136 1830 moribus
3185 1783 3522 1839 ornamenta,
3560 1787 3660 1826 nec
3687 1785 3910 1826 sumens
3956 1771 4022 1825 de

2355 1904 2397 1962 Β
2428 1871 2685 1941 parentali
2719 1869 2874 1922 laude
2896 1865 3234 1935 jactantiam,
3275 1864 3370 1917 sed
3401 1862 3626 1930 gratiam
3658 1861 3945 1929 possidens
3968 1860 4020 1913 in

2426 1962 2636 2016 virtutis
2664 1959 2967 2028 exemplum
2996 1975 3020 2036 ε.
3043 1959 3180 2012 intra
3211 1971 3270 2010 se
3298 1969 3424 2009 suos
3454 1952 3734 2007 thesauros
3758 1954 4022 2018 retinens,

2428 2054 2593 2107 Deum
2631 2052 2830 2104 mundo
2873 2050 3037 2104 corde
3069 2048 3458 2113 complectens.
3515 2045 3621 2098 Sed
3653 2059 3776 2098 cum
3804 2041 4019 2096 ChriSto

2428 2161 2629 2215 pauper
2655 2147 2753 2198 iste
2778 2143 3038 2211 regnavit,
3058 2140 3220 2210 quiin
3247 2139 3566 2192 humilitatis
3586 2137 4024 2199 conversatione,

2430 2240 2480 2292 in
2510 2239 2788 2292 charitatis
2815 2237 3076 2297 ubertate,
3123 2236 3174 2288 in
3205 2234 3468 2288 castitatis
3521 2231 3747 2295 lumine,
3797 2229 3850 2282 in
3881 2229 4024 2298 jeju-

2431 2331 2642 2384 niorum
2677 2329 2999 2398 pinguedine
3033 2327 3105 2379 ita
3139 2341 3198 2378 se
3232 2333 3400 2379 totum
3451 2324 3661 2379 caelesti
3693 2322 3918 2376 tradidit
3946 2321 4027 2375 di-

2430 2424 2695 2490 sciplinze,
2729 2431 2783 2473 ut
2817 2419 2884 2472 ab
2935 2419 3050 2486 ipsa
3105 2417 3326 2471 infantia
3359 2429 3596 2470 maturus
3624 2415 3931 2479 accederet,
3979 2424 4026 2468 et

2433 2515 2638 2584 positus
2689 2513 2739 2564 iii
2792 2525 3057 2576 corpore,
3108 2510 3259 2575 quasi
3309 2509 3437 2561 nihil
3471 2507 3539 2561 de
3568 2521 3733 2560 carne
3767 2514 4026 2573 portaret.

2437 2607 2529 2658 llic
2588 2607 2766 2672 itaque
2825 2603 3160 2656 nobilissima
3210 2602 3546 2655 institutione
3597 2601 3933 2662 succinctus,
3980 2606 4029 2650 et

2433 2697 2760 2751 venerandis
2793 2693 3046 2761 operibus
3081 2707 3215 2762 pene
3251 2693 3394 2758 prius
3427 2690 3686 2744 sacerdos
3715 2704 3876 2758 quam
3925 2689 4029 2741 cle-

2435 2788 2599 2852 ricus,
2645 2783 2958 2853 jamdudum
2990 2785 3180 2852 dignus
3227 2784 3316 2852 qui
3350 2781 3648 2849 susciperet
3687 2779 4027 2846 dignitatem,

2435 2890 2589 2932 antea
2623 2891 2834 2945 paratus
2862 2876 2926 2930 ad
2977 2875 3028 2929 id
3059 2875 3201 2942 quod
3244 2885 3360 2929 erat
3410 2875 3527 2928 sine
3582 2887 3728 2926 mora
3780 2871 4027 2924 futurus:

2436 2973 2633 3026 calcata
2670 2985 2860 3038 pompa
2905 2969 3085 3022 mundi
3138 2968 3220 3021 vel
3274 2967 3610 3029 criminibus,
3658 2981 3784 3018 cum
3836 2966 4031 3018 divinis

2436 3064 2598 3116 armis
2632 3063 2869 3115 initiatus
2900 3063 3268 3131 accingeretur
3320 3059 3385 3111 ad
3431 3073 3582 3127 Spem
3631 3057 3871 3115 felicem,
3925 3057 4031 3124 pd-

2438 3173 2578 3212 mam
2608 3158 2674 3212 de
2725 3158 2875 3210 hoste
2910 3155 3126 3224 publico
3177 3156 3466 3217 relaturus,
3515 3155 3566 3206 in
3620 3153 3811 3206 militia
3841 3152 4032 3206 Christi

2362 3264 2412 3331 ο
2441 3253 2784 3310 exercitando
2815 3250 3016 3321 (Forte,
3063 3247 3424 3319 exercitanda]
3483 3247 3650 3301 lector
3682 3247 3913 3302 effectus
3936 3258 4032 3309 est,

2438 3364 2501 3402 ac
2525 3345 2758 3414 seipsum
2791 3343 2994 3411 templo
3025 3342 3226 3397 Christi
3279 3342 3523 3409 primitus
3562 3341 3802 3394 offerens
3831 3383 3844 3403 ,
3900 3342 4034 3395 velut

2440 3439 2576 3494 Abel
2605 3437 2954 3503 sacrificium,
2985 3414 3158 3488 hostia
3193 3433 3345 3488 victa:
3367 3433 3547 3488 carnis
3579 3444 3632 3488 et
3666 3448 3819 3503 pura:
3849 3434 4036 3488 mentis

2441 3541 2696 3598 exceptus
2726 3539 2826 3583 est.

2516 3622 2570 3678 5.
2604 3623 2701 3688 Qui
2732 3623 2926 3677 clarior
2957 3620 3203 3674 mercede
3251 3633 3410 3686 quam
3457 3620 3697 3684 nomine,
3749 3625 3807 3670 et
3853 3616 4039 3671 merito

2442 3717 2616 3784 major
2644 3730 2802 3783 quam
2827 3713 3016 3783 gradu,
3049 3713 3165 3765 sine
3194 3709 3516 3764 otfendiculo
3548 3724 3706 3762 suum
3737 3724 3936 3778 gerens
3963 3706 4038 3759 of-

2445 3808 2643 3869 ficium,
2671 3805 2835 3872 cuapit
2866 3805 2916 3855 in
2941 3803 3112 3856 milite
3135 3815 3404 3864 crescere,
3432 3799 3576 3868 quod
3599 3801 3813 3864 accepit
3841 3814 3872 3851 a
3899 3812 4038 3865 rege.

2445 3895 2609 3965 Cujus
2640 3897 2865 3948 occulta:
2895 3893 3118 3956 diutius,
3148 3892 3288 3944 velut
3319 3891 3442 3943 vitis
3465 3891 3737 3957 palmites,
3765 3896 4042 3957 creperum

2449 3989 2769 4042 fructifiCare
2798 3987 3024 4039 virtutes
3053 4004 3063 4036 :
3093 4000 3188 4037 nec
3219 3983 3438 4051 pertulit
3471 3983 3520 4035 in
3549 3996 3616 4036 eo
3636 3997 3731 4034 sua
3762 3982 3904 4035 dona
3927 3982 4043 4034 abso

2447 4083 2625 4145 eundi,
2681 4080 2771 4149 qui
2821 4079 2960 4148 quod
3005 4081 3287 4130 desursum
3339 4085 3564 4128 venerat
3613 4075 3751 4128 adeo
3781 4075 4044 4127 humiliter

2450 4189 2570 4228 cum
2604 4173 2814 4225 videbat
2843 4171 3115 4238 amplecti.
3170 4168 3418 4234 Denique
3469 4181 3591 4220 cum
3645 4165 3886 4220 clericali
3919 4167 4047 4218 tiro-

2452 4265 2593 4317 cinio
2621 4267 2907 4325 celaretur,
2955 4259 3224 4313 miraculis
3257 4258 3517 4327 proditur,
3567 4266 3621 4309 et
3652 4257 3827 4323 signis
3876 4261 4046 4311 cccle-

2453 4355 2624 4408 stihus
2655 4355 2970 4407 illustratur.
3001 4351 3239 4418 Quadam
3277 4351 3393 4403 vice
3425 4351 3651 4403 accessit.
3680 4351 3748 4401 ad
3778 4349 4048 4403 officinam

2455 4447 2696 4501 fabrilem
2727 4465 2739 4498 :
2771 4447 2860 4514 qui
2890 4445 3177 4514 despectus
3208 4444 3275 4496 ab
3298 4444 3523 4504 artifice,
3551 4442 3763 4511 cogitur
3795 4453 3853 4496 ut
3881 4455 4052 4498 extra-

2458 4554 2597 4596 ctam
2645 4540 2771 4594 ferri
2824 4540 2890 4594 de
2920 4540 3130 4592 ardenti
3183 4537 3397 4590 camino
3445 4551 3680 4588 massam
3729 4539 4053 4590 candentem

765 4605 1017 4673 quoniam
1048 4607 1169 4660 licet
1196 4624 1300 4660 non
1333 4616 1642 4661 tenerentur
1674 4608 1726 4662 iri
1760 4611 1971 4679 pagina,
2004 4611 2106 4664 fixa
2140 4618 2262 4664 sunt
2291 4612 2341 4664 in
2379 4642 2434 4703 Β
2459 4652 2615 4690 manu
2646 4651 2738 4688 sua
2767 4635 3055 4700 “moueret,
3108 4641 3162 4686 ει
3209 4631 3390 4700 quam;
3425 4640 3567 4684 esset
3600 4631 3865 4697 ponderis
3893 4646 4052 4684 εμπ-

765 4700 944 4754 c0rtlis
972 4699 1282 4755 Ittetnbrana

844 4812 894 4866 5.
939 4813 1091 4868 Unde
1119 4815 1257 4868 inter
1283 4816 1396 4870 haec
1421 4813 1656 4869 difficilia
1695 4816 1880 4870 dubito
1903 4834 2008 4886 quo
2039 4827 2348 4885 convertar,

769 4914 945 4957 utrum
980 4904 1064 4958 vel
1116 4905 1309 4972 digitos
1364 4922 1661 4974 pracparem
1708 4910 1773 4962 ad
1825 4911 2190 4979 scribendum,
2236 4929 2357 4968 cum

771 4997 977 5050 dictare
1019 4997 1198 5064 lingua
1231 4998 1499 5052 formidet.
1529 5000 1632 5054 Sed
1664 5001 1881 5056 differre
1915 5019 2019 5056 non
2057 5005 2180 5058 licet
2217 5006 2357 5075 quod

773 5087 936 5144 Pater
966 5090 1215 5160 injungit,
1250 5107 1370 5147 cum
1421 5109 1605 5147 secum
1648 5098 1816 5164 magis
1867 5096 1984 5164 ipse
2032 5110 2226 5167 pugnet
2271 5101 2362 5169 qui

775 5182 871 5237 tibi
905 5193 1196 5252 repugnat;
1250 5190 1544 5252 przcsertim
1579 5191 1663 5256 qui
1700 5199 1755 5242 ut
1793 5191 2014 5246 obedire
2053 5209 2136 5246 mc
2164 5193 2359 5248 doceas

775 5278 998 5346 etquod
1031 5278 1296 5333 susunere
1327 5298 1430 5336 non
1463 5284 1618 5337 valeo
1671 5285 1898 5340 libenter
1947 5291 2199 5348 imponis.
2246 5291 2357 5344 Ma-

779 5369 870 5438 jor
907 5371 1047 5423 enim
1083 5372 1298 5426 devotio
1341 5375 1391 5426 in
1433 5391 1490 5428 re
1521 5375 1720 5431 difficili
1755 5381 2156 5448 comprobatur.
2211 5382 2365 5435 Deni-

776 5475 881 5528 que
907 5460 980 5513 ibi
1031 5463 1216 5528 plenus
1243 5473 1328 5517 est
1368 5465 1589 5519 affectus
1621 5471 1729 5532 ubi,
1761 5472 1860 5522 eisi
1900 5471 2067 5523 virtus
2097 5489 2198 5523 non
2233 5472 2364 5526 tole-

783 5561 883 5616 rat,
918 5562 1094 5606 tamen
1145 5556 1352 5611 animus
1403 5574 1510 5612 non
1559 5576 1803 5625 recusat;
1839 5573 1892 5616 et
1935 5581 2032 5631 ego
2067 5568 2232 5631 magis
2280 5568 2363 5618 hic

782 5658 1008 5701 venerer
1037 5648 1177 5714 quod
1220 5649 1447 5704 Charitas
1481 5669 1583 5707 non
1618 5655 1804 5708 leviter
1846 5657 2028 5726 exigit,
2060 5660 2153 5712 sed
2200 5659 2365 5712 auda-

860 5786 977 5861 “_S.
1008 5789 1307 5853 Marcellus,
1357 5804 1512 5846 natus
1543 5793 1760 5849 Lutetiae
1786 5797 2125 5861 Parisiorum,
2161 5815 2368 5853 suci-es-

782 5858 852 5939 sit
884 5858 1172 5943 Prudentio
1206 5864 1274 5943 in
1309 5864 1440 5943 sede
1485 5866 1793 5943 l’arisiensi.
1847 5871 1993 5924 Licet
2031 5858 2370 5937 ἀρἰυιιιροιέ

785 5933 905 6003 ejus
931 5933 1284 6003 pontificatus
1311 5937 1444 5993 nihil
1472 5939 1601 5994 certi
1630 5945 1788 5995 statui
1819 5943 2008 6010 possit,
2040 5933 2259 6011 conjicit
2295 5953 2371 5996 ta-

2464 4737 2626 4782 raret.
2657 4725 2805 4780 Tunc
2855 4726 2932 4779 vir
2963 4725 3322 4787 beatissimus,
3377 4737 3483 4776 non
3517 4723 3736 4789 ignarus
3773 4734 3946 4776 t0tum
3995 4723 4056 4774 de

2463 4817 2682 4872 Christo
2711 4830 3065 4886 praesumere,
3099 4825 3153 4870 et
3181 4823 3372 4883 quanta
3411 4811 3622 4867 virtutis
3673 4829 3842 4868 causa
3891 4816 3962 4869 sit
4007 4815 4054 4868 in

2466 4915 2627 4968 rebus
2681 4928 2786 4966 non
2842 4912 3084 4980 turpibus
3128 4910 3369 4971 obedire,
3408 4923 3529 4962 mox
3584 4911 3866 4976 supposita
3902 4923 4058 4962 manu

2467 5006 2665 5061 ferrum
2697 5008 2854 5059 altius
2885 5005 3135 5070 elevavit,
3164 5005 3351 5056 dicens
3378 5018 3392 5055 :
3448 5001 3521 5055 De
3549 5001 3728 5054 calore
3754 5003 3920 5066 calet,
3971 4999 4058 5053 sed

2467 5117 2655 5154 novem
2685 5100 2915 5167 pondera
2953 5097 3130 5150 habet.
3166 5095 3316 5160 Quod
3345 5103 3526 5161 pestea
3561 5103 3770 5145 tantum
3803 5094 3872 5146 ad
3905 5103 4060 5146 state-

2469 5211 2579 5248 ram
2621 5194 2891 5246 inventum
2945 5201 3045 5253 est,
3102 5197 3355 5257 quantum
3386 5186 3502 5254 ejus
3551 5199 3653 5238 vox
3685 5185 3890 5239 librata
3924 5201 4058 5256 pra-.-

2467 5289 2697 5340 dixerat.
2751 5285 2838 5339 Sic
2867 5283 2918 5336 in
2955 5299 3054 5335 una
3090 5283 3268 5349 specie
3320 5279 3514 5348 duplex
3562 5279 3893 5331 miraculum
3948 5294 4061 5346 pio-

2471 5382 2700 5451 pagavit,
2757 5395 2821 5433 ne
2853 5394 2972 5433 eum
3001 5378 3101 5429 f‘oi-i
3133 5379 3279 5428 calor
3309 5383 3583 5435 exureret,
3630 5387 3732 5426 nec
3767 5375 3904 5427 ferri
3942 5390 4061 5442 pun-

2472 5477 2598 5526 dere
2631 5470 2965 5524 fefellissent.
3015 5468 3146 5521 Nam
3176 5465 3449 5518 deflrcatis
3480 5464 3622 5518 vitiis
3654 5464 3708 5517 iu
3739 5480 3802 5517 se
3832 5465 4062 5518 libidinis

2475 5581 2720 5635 vaporem
2752 5581 2853 5617 non
2885 5563 3086 5625 habuit,
3142 5562 3366 5629 quitam
3403 5561 3569 5611 libere
3616 5557 3759 5624 ignis
3817 5558 4060 5612 incendia

2471 5664 2585 5715 sine
2614 5661 2818 5714 usuone
2848 5659 3041 5712 evasit.
3071 5655 3202 5710 Nam
3235 5665 3290 5707 ut
3314 5653 3565 5707 elementi
3598 5653 3780 5721 ignem
3809 5656 4062 5718 vinceret,

2476 5815 2595 5852 men
2631 5796 2686 5851 ι’.
2719 5795 2986 5849 Ccrardus
3012 5793 3234 5849 Dubois,
3285 5793 3401 5842 loco
3431 5787 3676 5855 superius
3706 5786 3904 5849 citato,
3934 5785 4062 5853 quod

2478 5874 2522 5923 is
2553 5869 2796 5922 inciderit
2836 5867 2887 5919 in
2935 5878 3174 5930 tempora
3223 5860 3519 5930 Theodosii
3558 5858 3837 5930 senioris;
3899 5862 3970 5911 ita
4018 5864 4066 5930 ut

2480 5942 2619 5998 idem
2648 5940 2709 5997 S.
2733 5938 3012 5994 Marcellus
3043 5927 3263 6006 {equalis
3289 5934 3355 5988 sit
3384 5932 3446 5987 ὃ.
3480 5929 3710 5986 Martino
3736 5927 4063 5988 Turonensi.
