4192 6568
153 405 237 482 us

1045 428 1201 485 VITA
1243 427 1301 484 S.
1344 424 1698 482 MARCELLI
1738 423 2162 482 PARISIENSIS
2200 424 2528 482 EPISCOPI.

3319 428 3424 486 546

151 555 256 601 ante
283 543 527 599 ﬂammas
575 545 751 601 carnis
778 545 1073 612 exstinxit;
1129 555 1183 600 et
1215 554 1270 598 ut
1316 546 1367 598 in
1410 543 1523 613 ipsa
1555 556 1716 613 pensa
1749 548 1794 603 Λ
1828 541 2160 605 recoluntur,
2196 542 2454 610 quidquid
2488 542 2687 596 dictum
2721 557 2828 597 non
2857 545 3033 604 fuerit.
3069 555 3161 600 aut
3192 546 3422 603 invideri

150 656 239 697 non
269 641 498 706 falleret,
533 641 782 710 probavit
813 642 1010 696 ferrum
1040 641 1300 710 pondere.

209 737 255 789 6.
281 736 484 790 Deinde
540 736 590 788 in
635 735 912 806 religionis
953 735 1143 789 ordine
1187 733 1550 788 subdiaconus
1598 730 1727 785 eﬂ'e-

152 839 252 885 ctus
279 838 383 884 est.
423 811 623 898 Itaque
655 843 776 884 cum
807 828 1176 883 subdiaconali
1209 827 1515 881 ministerio
1542 825 1727 892 Iunge-

149 932 298 986 retur,
349 923 402 976 in
431 924 519 977 die
563 923 988 992 Epiphaniorum
1022 923 1274 976 hauriens
1302 936 1498 990 aquam
1532 920 1598 974 de
1629 920 1730 973 ﬁu-

151 1015 560 1084 vio'Sequante
591 1016 718 1069 dum
768 1015 926 1070 beato
975 1013 1269 1069 Prudentia
1314 1013 1568 1080 episc0po
1615 1024 1728 1064 ma-

148 1108 285 1162 nibus
335 1107 618 1161 abluendis
669 1107 927 1172 oﬂ'erret,
989 1107 1206 1160 mutatis
1257 1105 1580 1168 elementis,
1614 1102 1723 1156 vini

149 1215 290 1270 sapor
321 1200 571 1255 inventus
600 1208 701 1253 est.
747 1200 864 1266 Quo
894 1199 1008 1253 viso
1039 1199 1432 1266 obstupescens
1460 1194 1722 1266 pontifex,

143 1293 284 1363 jussit
309 1309 375 1346 ex
431 1293 548 1362 ipso
579 1308 739 1347 urceo
773 1293 824 1345 in
857 1289 1079 1346 calicem
1110 1305 1319 1344 sacrum
1355 1287 1506 1342 fundi
1535 1306 1546 1341 :
1581 1287 1727 1341 unde

148 1387 414 1442 universus
458 1388 706 1457 populus,
739 1388 901 1440 missa
937 1386 1231 1450 celebrata,
1283 1385 1347 1438 ad
1385 1385 1723 1437 communio-

146 1498 254 1536 nem
283 1483 512 1551 accepit,
564 1491 619 1537 et
647 1483 823 1552 ipsum
850 1497 946 1533 vas
974 1496 1093 1534 cum
1123 1479 1186 1532 ad
1219 1479 1388 1547 plebis
1423 1476 1726 1530 multitudi-

147 1592 254 1629 nem
299 1575 623 1642 suﬂ‘ecisset,
683 1590 745 1628 ac
777 1574 821 1628 si
855 1588 958 1627 non
993 1582 1192 1627 tactum
1225 1580 1280 1625 et
1309 1570 1598 1639 integrum,
1650 1569 1727 1624 sic

144 1670 344 1740 plenum
405 1669 718 1739 permansit.
792 1669 960 1739 Cujus
1011 1669 1122 1722 vini
1191 1670 1415 1739 mystico
1463 1666 1725 1722 beneﬁcio

146 1775 310 1831 postea
337 1765 491 1817 multi
526 1763 724 1817 infirmi
752 1762 922 1816 sanati
954 1772 1095 1819 sunt.
1126 1762 1266 1816 Ecce
1294 1764 1470 1815 virum
1499 1761 1725 1816 sanctis-

142 1856 340 1920 simum,
376 1857 464 1926 qui
490 1859 685 1912 undam
717 1871 940 1909 sumens
968 1872 994 1907 a
1028 1856 1270 1920 ﬂumine,
1305 1856 1424 1908 vina
1457 1854 1642 1910 eﬂudit
1672 1856 1720 1908 in

141 1950 366 2004 calicem.
400 1951 503 2004 Sed
531 1949 674 2004 unde
706 1957 813 2002 tam
847 1964 986 2004 nova
1017 1949 1304 2012 miracula,
1339 1950 1480 2003 unde
1513 1948 1715 2020 [Fat-te,

140 2051 190 2096 ut
217 2040 360 2112 dum]
393 2051 630 2108 portaret
662 2056 851 2109 aquam
879 2080 892 2101 ,
944 2041 1338 2109 quodammodo
1385 2043 1537 2108 quasi
1591 2056 1720 2095 uvas
1750 2083 1758 2094 .

140 2133 475 2200 exprimeret,
512 2143 819 2187 nasceretur
868 2132 940 2185 illi
994 2131 1196 2198 palmes
1230 2132 1283 2184 in
1317 2132 1534 2200 palma?
1587 2132 1723 2184 Vere

139 2226 335 2279 beatum
367 2226 702 2289 Marcellum,
752 2239 961 2278 summa
991 2227 1345 2278 veneratione
1392 2224 1676 2278 colendum
1708 2224 1717 2275 !

140 2318 187 2371 in
230 2319 378 2386 cujus
429 2319 676 2372 manibus
724 2333 831 2372 uno
877 2317 1176 2385 eodemque
1223 2328 1497 2371 momento
1545 2316 1721 2369 ﬂoruit

137 2411 414 2474 vindemia,
463 2421 516 2464 et
549 2412 805 2464 torculata
841 2421 966 2464 sunt
993 2412 1134 2464 vina.
1177 2411 1430 2464 Videmus
1464 2426 1568 2462 non
1617 2424 1723 2462 uno

139 2507 184 2560 in
212 2510 324 2560 loco
357 2507 616 2562 beneﬁcia
647 2508 831 2560 divina
860 2506 1132 2572 concludi,
1165 2507 1287 2559 dum
1321 2506 1462 2572 quod
1493 2520 1725 2573 praeces-

137 2597 198 2650 sit
228 2597 482 2650 Dominus
515 2599 567 2650 in
595 2597 835 2658 Galilma,
890 2596 979 2650 ille
1010 2598 1272 2650 successit
1305 2598 1357 2649 in
1400 2596 1593 2649 Gallia.
1649 2595 1720 2647 Ibi

135 2691 195 2743 ad
238 2692 528 2759 nuptialem
565 2707 803 2744 mensam
835 2689 1077 2744 Christus
1111 2705 1275 2757 aquas
1323 2692 1486 2743 vertit
1515 2691 1565 2742 iu
1600 2691 1719 2740 vina

136 2779 308 2850 (Joun.
339 2781 425 2850 tt),
485 2781 571 2833 hie
614 2797 730 2848 quae
761 2780 826 2833 ad
861 2795 1098 2834 mensam
1137 2779 1337 2831 Christi
1387 2778 1717 2840 sufﬁcerent,

135 2887 262 2926 nova
312 2875 435 2927 vina
478 2874 706 2941 sumpsit
751 2873 941 2925 altare.
995 2871 1122 2924 Illud
1177 2870 1448 2938 pratcessit
1478 2881 1719 2934 tempore

134 2962 228 3018 hoc
258 2965 486 3020 honore.
541 2965 674 3018 Nam
731 2974 856 3017 tunc
885 2963 1025 3032 quod
1072 2962 1333 3017 dederunt
1366 2977 1456 3014 sex
1489 2962 1716 3029 hydriae,

133 3055 212 3109 hic
240 3073 404 3110 unum
438 3067 495 3111 et
525 3056 794 3110 modicum
822 3069 915 3108 vas
945 3055 1202 3120 explevit.
1237 3053 1340 3107 Sed
1369 3062 1493 3106 tunc
1523 3052 1716 3117 eﬁ’ecit,

85 3165 93 3174 ο
133 3157 185 3200 ιιι
209 3163 265 3203 se
296 3149 558 3203 Dominus
587 3148 858 3215 proderet,
912 3155 968 3200 ut
997 3144 1180 3215 [Forte
1222 3145 1346 3197 add.
1382 3143 1485 3214 his]
1547 3144 1718 3197 famu-

130 3241 231 3296 lum
260 3260 365 3298 non
397 3245 621 3298 celaret.
1747 3269 1792 3330 ρ

197 3337 249 3390 7.
287 3336 579 3390 Veniamus
631 3335 696 3388 ad
741 3334 869 3388 illud
912 3333 1257 3400 miraculum,
1303 3334 1597 3388 secundum
1631 3349 1719 3387 or-

127 3427 268 3493 dine,
299 3445 409 3482 non
443 3429 670 3482 honore.
707 3427 890 3494 Itaque
915 3440 1036 3480 cum
1072 3425 1152 3479 vir
1186 3426 1560 3480 sanctissimus
1589 3443 1721 3494 qua-

128 3520 242 3573 dam
303 3520 424 3576 vice
453 3536 520 3575 ex
570 3521 650 3574 sui
702 3521 862 3572 ofﬁcii
906 3521 1182 3585 servitute,
1232 3535 1424 3587 aquam
1477 3520 1721 3574 manibus

127 3615 416 3667 venerabili
451 3615 708 3681 episcopo
757 3612 1118 3680 perrexisset,
1176 3626 1298 3665 mox
1332 3612 1452 3665 inde
1484 3613 1720 3665 balsama

126 3715 403 3772 cmperunt
435 3705 674 3774 fragrare
702 3722 716 3769 ;
749 3713 802 3758 et
828 3704 954 3756 dum
982 3701 1121 3756 unda
1161 3711 1421 3764 curreret,
1449 3702 1561 3754 visa
1601 3712 1725 3755 sunt

127 3793 412 3848 chrismate
447 3796 740 3864 respirare,
794 3801 847 3846 ut
879 3807 1015 3859 pene
1047 3792 1282 3860 pontifex
1315 3791 1566 3846 crederet
1597 3807 1723 3846 suas

127 3897 312 3938 manus
345 3886 520 3953 magis
551 3897 756 3949 ungere
787 3897 945 3949 quam
979 3882 1192 3943 lavare,
1245 3891 1298 3934 et
1327 3884 1528 3935 alteras
1557 3896 1723 3950 aquas

126 3986 389 4043 quareret
420 3984 483 4028 ut
512 3975 721 4042 priores
771 3974 943 4028 undas
967 3973 1233 4027 ablueret.
1289 3973 1408 4039 Quo
1441 3975 1581 4036 viso,
1634 3990 1723 4026 sa-

127 4067 312 4120 cerdos
367 4065 755 4121 venerabiliter
805 4063 1212 4132 obstupesceus,
1268 4062 1378 4116 Deo
1419 4065 1618 4130 gratias
1659 4065 1726 4117 de

126 4170 402 4230 comperto
434 4175 664 4215 munere
687 4160 892 4225 retulit,
923 4169 978 4214 et
1007 4160 1165 4213 beato
1193 4159 1447 4212 Marcello
1475 4173 1726 4213 reveren-

129 4255 247 4308 tiam
281 4256 332 4308 in
367 4254 635 4322 religione
665 4253 919 4317 servavit,
969 4253 1093 4306 dttm
1123 4267 1247 4306 eum
1297 4267 1402 4306 non
1446 4254 1604 4307 talem
1636 4255 1725 4320 qtti

127 4350 371 4415 serviret,
426 4347 524 4400 sed
562 4345 742 4414 pelius
773 4346 857 4398 cui
911 4343 1230 4410 serviretur,
1287 4345 1523 4413 agnovit.
1577 4345 1727 4399 Unde

128 4441 237 4507 quis
265 4448 474 4492 tantum
507 4438 895 4491 subtliaconttm
945 4437 1306 4490 admiraretur
1337 4437 1623 4508 condigne,
1673 4437 1725 4491 in

127 4533 274 4597 cujus
323 4532 554 4585 dextera
604 4545 665 4582 ex
715 4545 848 4598 aqua
903 4530 1100 4582 ﬁebant
1149 4530 1268 4582 vina
1300 4541 1348 4584 el
1378 4530 1638 4593 balsama,
1673 4541 1726 4584 et

1829 632 2088 694 creditur,
2117 641 2206 684 aut
2239 633 2532 686 contemni.
2571 633 2730 702 Igitur
2759 635 2974 704 quidam
3007 635 3255 700 clericus,
3285 639 3426 693 Min-

1832 728 2004 780 tueius
2058 728 2300 789 nomine,
2349 743 2611 781 annorum
2662 731 2880 784 circiter
2933 731 3155 797 decem,
3205 746 3426 803 propter

1830 820 2165 874 suavissimae
2197 819 2344 876 vocis
2376 819 2814 888 tintinnabulum,
2857 834 2912 891 et
2940 823 3241 880 dulcedinis
3269 841 3428 895 orga-

1832 930 1957 968 num
2011 919 2079 968 de
2111 914 2260 969 fauce
2308 919 2593 983 prolatum,
2650 921 2769 986 quia
2819 921 3163 990 contingebat
3215 923 3425 979 animos

1831 1009 2012 1078 populi
2044 1009 2326 1074 delectari,
2361 1026 2480 1065 cum
2513 1027 2827 1080 repercussa
2884 1015 2934 1066 in
2960 1015 3209 1084 auribus,
3265 1017 3424 1072 solita

1831 1114 1885 1159 et
1911 1104 2127 1158 auribus
2157 1103 2428 1158 blandiri:
2478 1107 2659 1172 jussus
2687 1117 2770 1162 est
2795 1109 2861 1161 ab
2909 1110 3288 1166 archidiaCono
3339 1121 3420 1166 te-

1831 1200 2058 1254 neritate
2104 1199 2358 1254 melliﬂua
2407 1199 2718 1256 decantare.
2767 1202 2885 1270 Quo
2933 1203 3110 1270 facto,
3165 1206 3420 1274 praecepit

1832 1291 2004 1359 ipsum
2039 1306 2260 1357 puerum
2316 1306 2605 1360 eptscopus
2650 1292 2916 1362 ﬂagellari
2949 1294 3018 1350 ob
3045 1294 3170 1360 hoc,
3202 1296 3325 1364 quia
3348 1295 3427 1350 al-

1833 1393 2003 1436 terum
2051 1381 2288 1450 jusserat
2340 1385 2453 1450 ipse
2500 1395 2739 1440 cantare.
2794 1386 2976 1455 itaque
3019 1387 3143 1440 dum
3192 1387 3423 1443 clericus

1828 1474 2072 1539 cmditur,
2122 1477 2407 1544 episcopus
2442 1477 2614 1546 lingua
2663 1478 2973 1533 damnatur.
3023 1479 3143 1532 Mox
3177 1481 3319 1534 enim
3367 1489 3425 1534 ut

1829 1567 2032 1620 clamor
2061 1567 2360 1636 vapulatttis
2392 1569 2442 1622 in
2469 1585 2652 1623 aurem
2681 1573 2865 1625 sonuit
2890 1616 2905 1638 ,
2957 1586 3057 1625 vox
3088 1571 3205 1640 ejus
3235 1573 3300 1626 ab
3332 1588 3427 1628 ore

1829 1659 2096 1727 discessit,
2130 1670 2182 1713 et
2212 1676 2349 1715 novo
2379 1663 2632 1731 praedone
2669 1678 2859 1717 sonum
2892 1665 3180 1733 captivavit
3204 1666 3426 1735 pontiﬁo

1827 1753 1905 1806 cis
1935 1769 2038 1806 vox
2091 1755 2329 1809 infantis.
2381 1756 2482 1808 Sed
2516 1757 2559 1809 si
2587 1771 2745 1810 causa
2791 1755 2919 1812 facti
2959 1759 3276 1827 requiritur,
3329 1774 3424 1813 cur

1830 1846 2115 1914 contigerit
2163 1847 2453 1901 invenitur.
2507 1850 2744 1912 Denique
2792 1849 2881 1919 qui
2931 1865 3155 1919 puerum
3207 1858 3422 1905 cantare

1830 1940 2125 2009 prohibuit,
2160 1941 2376 2008 pertulit
2410 1942 2556 1996 vocis
2581 1942 2881 2010 dispendia,
2932 1945 3056 2012 quia
3089 1945 3314 1999 vocibus
3343 1943 3427 1997 in-

1828 2033 2064 2086 videbat.
2097 2033 2191 2086 Cui
2223 2050 2351 2101 ergo
2384 2051 2488 2088 non
2524 2045 2682 2090 nocet
2716 2036 2930 2098 invidia,
2963 2037 3008 2090 si
3036 2037 3294 2106 episcopo
3319 2051 3424 2091 non

1827 2124 2069 2195 pepercit
2102 2125 2372 2178 viudicla‘.’
2401 2125 2425 2160 ι»
2475 2126 2628 2181 Unde
2661 2127 2799 2195 quod
2827 2126 2946 2195 quis
2968 2127 3020 2180 in
3042 2127 3212 2183 altero
3239 2128 3422 2184 videre

1829 2237 1933 2274 non
1965 2223 2131 2289 cupit,
2168 2238 2271 2274 non
2309 2222 2523 2276 habebit
2555 2241 2566 2286 ;
2620 2222 2727 2276 imo
2771 2222 2870 2276 hoc
2903 2224 3002 2276 sibi
3049 2224 3227 2292 perdit
3272 2225 3415 2292 quod

1827 2316 1961 2369 alios
2011 2316 2210 2371 habere
2263 2332 2367 2369 non
2421 2327 2589 2386 op:at.
2645 2317 2832 2372 Omnis
2861 2319 3002 2372 enim
3050 2319 3137 2388 qui
3166 2319 3318 2374 alteri
3354 2319 3430 2373 la-

1833 2422 1988 2476 psum
2023 2419 2194 2476 parat,
2226 2409 2332 2475 jam
2367 2410 2581 2469 cecidit,
2632 2420 2685 2464 et
2714 2421 2996 2478 antequam
3026 2412 3242 2466 inducat
3269 2414 3322 2467 in
3355 2413 3430 2466 la-

1827 2517 2049 2570 queum,
2085 2513 2295 2556 tenetur
2328 2503 2441 2570 ipse
2467 2504 2774 2571 captivante
2799 2514 3016 2574 peccato
3046 2507 3258 2576 ligatus.
3293 2505 3426 2560 Tum

1829 2592 1998 2660 magis
2023 2593 2065 2644 si
2097 2594 2359 2659 prolicere
2386 2594 2650 2658 volumus,
2676 2595 2904 2649 aliorum
2936 2596 3200 2660 prolectus
3215 2606 3430 2653 nostros

1828 2697 1948 2737 esse
1972 2683 2272 2736 credamus.
2331 2684 2512 2753 Itaque
2543 2685 2720 2740 eidem
2763 2687 3019 2740 sacerdos
3051 2702 3145 2756 per
3169 2688 3426 2747 triduum.

1828 2777 1929 2829 etsi
1963 2775 2270 2829 ambulabat
2315 2792 2410 2845 per
2439 2779 2710 2845 compita,
2761 2789 2938 2834 tamen
2982 2780 3199 2848 jacebat
3247 2781 3423 2850 lingua

1831 2870 2068 2936 sepulta.
2124 2869 2239 2921 Non
2270 2871 2410 2922 enim
2443 2886 2609 2925 sonus
2654 2882 2862 2941 poterat
2912 2889 3228 2943 repercussa
3272 2876 3429 2943 palati

1831 2971 1853 2999 ο
1883 2975 2093 3014 camera
2141 2963 2440 3026 resultare,
2498 2977 2597 3018 nec
2631 2965 2768 3018 intra
2801 2980 2982 3034 sepem
3035 2967 3273 3022 dentium
3327 2983 3428 3023 vox

1825 3052 2004 3122 lingua
2035 3062 2248 3106 rotante
2279 3054 2492 3121 disponi
2524 3073 2534 3107 :
2588 3056 2680 3110 sed
2722 3066 2890 3111 totunt
2923 3058 3064 3128 quod
3095 3059 3427 3129 perdiderat,

1826 3157 1924 3196 ore
1957 3153 2105 3195 muto
2135 3146 2417 3211 prodebat.
2471 3145 2619 3199 Tunc
2650 3149 2838 3201 beatus
2872 3148 3154 3203 Marcellus
3193 3148 3276 3204 his
3305 3165 3428 3204 ver-

1828 3234 1910 3288 bis
1959 3236 2197 3303 appellat
2243 3237 2598 3304 pontilicem:
2657 3239 2811 3292 Licet
2869 3240 3185 3309 intelligam,
3244 3249 3427 3309 pastor

1826 3326 1987 3390 bone,
2025 3328 2114 3379 tibi
2143 3328 2300 3381 talem
2327 3343 2508 3382 casum
2535 3329 2601 3383 de
2631 3331 2786 3399 culpa
2812 3332 3018 3395 venire,
3073 3341 3249 3386 tamen
3273 3331 3428 3400 quid-

1825 3417 1950 3484 quid
1981 3419 2078 3483 vis,
2118 3419 2167 3470 in
2199 3418 2413 3472 nomine
2442 3420 2650 3474 Domini
2695 3437 2943 3476 sermone
2975 3439 3284 3493 prorumpe.
3332 3423 3427 3479 His

1826 3509 2008 3567 dietis,
2041 3509 2214 3562 adhuc
2243 3511 2384 3562 beati
2413 3511 2650 3565 Marcelli
2679 3528 2860 3566 sermo
2892 3515 3202 3570 volvebatur
3224 3515 3276 3570 in
3307 3530 3424 3585 ore,

1827 3613 1882 3656 et
1917 3603 2026 3670 jam
2077 3603 2218 3670 quod
2250 3604 2633 3670 imperaverat,
2690 3607 2993 3662 obediebat.
3039 3608 3247 3664 Deinde
3279 3619 3429 3664 ante-

1829 3708 1987 3762 quam
2039 3695 2138 3747 iste
2182 3696 2492 3763 explicaret,
2541 3697 2630 3750 ille
2677 3700 2974 3766 respondit,
3031 3700 3259 3756 dicens:
3319 3700 3428 3755 Vos

1829 3793 1959 3847 mihi
1992 3792 2094 3846 hoc
2119 3792 2347 3854 fecistis,
2396 3808 2623 3861 quorum
2652 3794 2827 3862 jussio
2856 3795 2953 3848 fuit
2999 3804 3056 3848 ut
3082 3797 3217 3850 alter
3246 3807 3429 3851 canta-

1829 3897 1910 3942 ret
1941 3902 2098 3956 quan.
2126 3900 2225 3955 ego
2257 3901 2640 3955 praeceperam.
2717 3889 2786 3943 Et
2835 3890 2962 3942 dum
3015 3890 3118 3956 ista
3167 3890 3425 3958 loquitur,

1830 3971 2044 4035 amissae
2073 3983 2219 4034 vocis
2245 3981 2414 4049 gratia
2453 3980 2798 4035 reformatur.
2854 3982 2898 4036 0
2925 3986 3176 4037 meritum
3206 3985 3429 4038 subdia-

1831 4074 1974 4136 coni,
2006 4073 2094 4139 qui
2128 4086 2312 4125 vocem
2357 4073 2592 4125 restituit
2643 4073 2927 4138 sacerdoti,
2989 4084 3043 4127 et
3088 4088 3245 4126 versa
3287 4075 3427 4142 vice,

1831 4164 1971 4233 quod
2000 4165 2244 4231 accipere
2275 4164 2478 4226 debuit,
2511 4164 2612 4218 hoc
2640 4164 2861 4218 indulsit
2890 4183 2901 4216 :
2951 4164 3042 4234 qui
3071 4165 3278 4220 debiles
3308 4167 3427 4220 fau-

1831 4271 1923 4311 ces
1952 4257 2448 4323 arinaviteloquio,
2505 4264 2559 4308 et
2609 4256 2661 4308 in
2691 4270 2787 4308 ore
2833 4256 3055 4309 alterius
3101 4255 3238 4309 fudit
3266 4257 3426 4312 verba

1836 4363 1931 4417 per
1957 4346 2196 4400 ve'rbum.
2250 4346 2384 4411 Quid
2434 4345 2633 4399 diutius
2673 4347 3029 4415 protrahatn?
3082 4346 3310 4416 Semper
3349 4356 3428 4402 ta-

1833 4446 2034 4496 cuissct
2055 4445 2358 4511 episcopus,
2383 4445 2425 4494 si
2464 4457 2734 4507 nunquam
2773 4443 3086 4509 requisisset
3119 4442 3425 4498 Marcellus.

1839 4538 1974 4590 Vere
2005 4537 2196 4602 dignus
2228 4536 2365 4587 beati
2401 4535 2633 4586 Marcelli
2665 4549 2862 4595 sermo,
2897 4543 3186 4603 utgregem
3213 4533 3425 4588 Domini

129 4627 382 4678 undarum
418 4626 593 4694 pallor
639 4636 730 4680 aut
756 4627 809 4680 in
854 4627 1104 4680 ruboretn
1155 4643 1451 4682 conversus
1479 4640 1580 4692 est,
1635 4639 1721 4682 aut
1749 4636 1804 4696 1)
1830 4641 2062 4702 regeret,
2094 4629 2182 4697 qui
2213 4628 2358 4682 dedit
2391 4627 2590 4695 pastori
2622 4628 2870 4682 salutem.

126 4718 386 4773 odorem?
419 4719 542 4773 Jam
575 4729 698 4772 tunc
728 4717 834 4772 illis
867 4721 1309 4790 praefigurabatur
1341 4723 1552 4778 iudiciis
1581 4725 1722 4777 futu-

127 4824 215 4865 rus
244 4813 520 4881 pontifex,
557 4813 646 4880 qui
677 4811 872 4882 dignus
897 4824 1040 4867 esset
1069 4813 1301 4868 chrisma
1333 4825 1580 4870 tractare.
1616 4817 1720 4872 Sed

126 4916 239 4956 cum
273 4903 457 4956 adhuc
511 4902 873 4956 subdiaconus
928 4903 1196 4958 hausisset
1245 4905 1476 4959 chrisma
1527 4908 1595 4962 de
1626 4908 1722 4960 ﬁtt-

128 4998 286 5062 mine,
339 5001 543 5052 merito
572 4999 763 5065 dignus
789 5007 904 5052 erat
933 5007 990 5051 ut
1022 4999 1192 5053 factus
1219 5002 1472 5055 sacerdos
1506 5001 1607 5056 hoc
1637 5017 1720 5055 sa-

127 5091 390 5143 criﬁcaret
422 5091 475 5142 itt
515 5090 680 5142 fonte.

193 5181 244 5235 8.
295 5183 432 5236 Illud
493 5196 709 5250 quoque
756 5183 1075 5252 mysterium
1128 5185 1341 5237 reticeri
1402 5200 1506 5238 non
1561 5185 1722 5239 debet

126 5275 260 5342 quod
292 5276 510 5344 proficit
545 5274 804 5341 auditori,
854 5275 977 5343 quia
1006 5275 1072 5330 de
1104 5275 1285 5343 paucis
1312 5291 1431 5344 qua:
1464 5279 1719 5331 memoria

190 5469 214 5494 ⁸
247 5463 500 5528 Sequana
539 5459 851 5512 notissimus
902 5458 1090 5513 Galliae
1120 5458 1334 5523 ﬂuvius,
1369 5459 1456 5524 qui
1489 5459 1720 5514 Parisios

125 5530 286 5597 alluit,
316 5535 383 5586 de
409 5547 521 5600 quo
549 5531 676 5582 alibi
712 5529 1040 5583 Fortunatus
1062 5532 1302 5584 scribens
1327 5530 1392 5583 ad
1419 5530 1716 5586 Druconem

122 5603 278 5667 diac.,
312 5605 407 5657 lib.
443 5619 528 5666 Ill,
561 5617 681 5666 cap.
711 5602 800 5664 53,
834 5603 1045 5672 inquit:

235 5693 337 5742 Nos
361 5696 519 5741 maris
546 5692 729 5740 Oceani
756 5693 988 5740 tumidum
1011 5694 1301 5741 circumﬂuit
1324 5706 1507 5748 aequor.

304 5759 376 5807 Te
399 5770 607 5817 quoque
637 5755 865 5808 Parisios,
894 5757 1042 5802 chare
1068 5757 1259 5814 sodalis.
1289 5757 1432 5803 hath
1456 5771 1468 5803 :

237 5821 470 5880 Sequana
501 5829 554 5867 te
581 5821 792 5874 retinet,
823 5830 909 5866 nos
947 5821 1070 5865 unda
1096 5819 1372 5867 Britannica
1407 5818 1559 5877 cingit
1580 5855 1592 5876 ,
1622 5829 1716 5868 etc.

192 5904 216 5942 δ
246 5905 341 5958 Ms.
375 5903 516 5957 Cod.
562 5905 638 5957 sic
671 5902 825 5956 habet
858 5921 866 5955 :
922 5901 1070 5956 Unde
1096 5903 1323 5970 quisquis
1365 5902 1418 5955 iit
1462 5903 1624 5956 altera
1647 5909 1719 5958 tti-

1903 4722 1956 4777 9.
1989 4723 2176 4790 Opera:
2225 4719 2451 4786 pretium
2480 4718 2752 4772 credimus
2780 4718 2942 4772 etiam
2971 4718 3023 4771 in
3056 4717 3261 4788 paginis
3313 4719 3428 4774 haec

1831 4823 2016 4868 texere
2045 4827 2165 4880 quae
2197 4813 2380 4864 multis
2411 4821 2537 4864 sunt
2578 4813 2738 4865 infixa
2772 4812 2870 4864 sub
2897 4811 3083 4866 corde.
3135 4811 3270 4878 Quia
3324 4813 3426 4866 etsi

1831 4909 1897 4962 de
1925 4925 1981 4962 re
2012 4908 2234 4961 terribili
2271 4909 2321 4960 in
2353 4906 2615 4959 relatione
2647 4917 2822 4960 metus
2852 4915 2957 4970 est,
2991 4905 3041 4960 in
3071 4906 3427 4961 aedificatione

1831 5003 1900 5057 sit
1929 5003 2151 5054 fructus.
2187 5001 2352 5054 l’orro
2370 5009 2546 5052 autem
2578 5015 2698 5052 cum
2732 4999 2918 5053 beatus
2947 4999 3245 5064 Marcellus,
3281 5000 3422 5068 quod

1831 5110 2045 5163 semper
2073 5094 2307 5163 possedit
2355 5096 2616 5159 moribus,
2666 5102 2811 5148 esset
2843 5095 3083 5161 pontifex
3118 5094 3421 5163 ordinatus,

1830 5203 1988 5255 quam
2038 5187 2357 5251 dignitatem
2404 5184 2504 5238 sibi
2534 5185 2814 5251 reputabat
2847 5185 3016 5252 magis
3044 5185 3245 5249 oneris,
3300 5195 3424 5239 tunc

1831 5281 2043 5350 quidam
2077 5279 2141 5332 de
2174 5279 2391 5347 populo,
2422 5279 2549 5332 dum
2584 5277 2743 5330 vellet
2774 5279 2838 5330 ad
2869 5279 3304 5334 communionem
3333 5297 3423 5336 ac-

1830 5457 1946 5510 dere
1970 5473 2069 5510 non
2095 5457 2254 5525 cupit,
2279 5470 2377 5507 non
2409 5454 2611 5507 habebit
2644 5455 2749 5507 imo
2774 5457 2868 5508 hoc
2889 5455 2985 5508 sibi
3007 5455 3145 5513 quod
3174 5456 3306 5510 alios
3327 5458 3421 5511 Ita-

1830 5532 1941 5583 bere
1964 5545 2063 5580 non
2097 5539 2256 5596 optat.

1903 5613 1922 5640 ο
1958 5601 2154 5652 Eadem
2188 5596 2436 5665 loquendi
2473 5596 2641 5651 forma
2671 5598 2834 5651 utitur
2868 5597 3191 5652 Fortunatus
3224 5600 3274 5652 in
3299 5599 3418 5654 Vita

1828 5673 1888 5728 S.
1920 5672 2103 5725 Ililarii
2138 5675 2170 5723 Ι.
2203 5671 2259 5732 2,
2296 5670 2492 5731 n.10.,
2544 5678 2596 5721 et
2646 5669 2735 5720 lib.
2787 5684 2836 5722 tv
2893 5670 3022 5723 Vitae
3076 5671 3135 5724 S.
3185 5671 3415 5726 Martini.

1830 5745 2046 5804 Legesis
2091 5759 2205 5812 qua:
2235 5742 2606 5796 adnotavimus
2663 5742 2727 5794 ad
2786 5742 2961 5794 Vitam
2995 5747 3050 5796 δ.
3086 5743 3266 5796 Iltlarii
3300 5746 3415 5798 loco

1826 5818 2004 5870 citalo.
