4192 6542
757 423 868 482 διτ

1442 410 1775 471 ἾΕΝᾹΝΤΙΙ
1817 410 1976 468 “ON.
2019 408 2224 467 CLEM.
2271 408 2673 469 FORTUNATI
2708 405 3000 467 OPERUM
3037 408 3213 467 PARS
3250 410 3316 468 ll.

755 533 972 599 cedere,
1005 528 1245 587 manibus
1275 536 1421 585 retro
1452 527 1647 598 ligatis,
1700 539 1805 579 non
1839 533 2047 593 poterat
2078 526 2143 578 ad
2173 525 2342 580 altare
2370 528 2421 588 Α
2453 526 2837 593 migraverunt.
2870 526 2983 581 Hoc
3012 526 3250 594 cognito,
3284 525 3472 581 beatus
3502 523 3811 596 Marcellus,
3840 525 4042 585 intem.

757 625 1103 700 pertingere;
1155 622 1250 679 sed
1281 636 1402 676 cum
1450 633 1639 674 omnes
1672 615 1964 683 transiret,
2015 616 2163 686 quasi
2206 625 2345 670 meta

754 718 919 787 coepit
944 726 1106 780 stare,
1158 722 1214 768 ut
1262 714 1535 769 videretur
1582 725 1688 765 non
1721 710 1788 765 ad
1820 708 2344 774 communicandum,

753 810 848 866 sed
881 810 947 863 ad
976 807 1365 862 numerandum
1398 803 1655 874 populum
1686 803 1992 857 advenisse.
2024 802 2192 866 Quem
2225 816 2345 856 con-

752 907 991 977 spiciens
1021 906 1256 975 pontifex
1289 900 1641 970 interrogavit
1688 898 1817 969 quid
1861 898 2068 953 fecerit.
2104 896 2346 965 Respon-

752 1000 833 1057 dit
878 1016 938 1055 se
985 1013 1260 1068 peccasse.
1312 1005 1337 1032 ⁸
1366 993 1533 1064 Cujus
1580 991 1973 1047 confessionem
2019 1002 2341 1059 agnoscens,

753 1080 884 1148 dixit
912 1092 999 1147 ei:
1055 1091 1205 1155 Veni,
1257 1088 1475 1151 accede,
1522 1094 1579 1141 et
1625 1087 1761 1139 ultra
1808 1097 1915 1137 non
1965 1096 2177 1150 pecces.
2228 1084 2344 1148 Qua

747 1185 989 1255 jussione
1016 1184 1312 1248 absolutus,
1361 1180 1429 1235 ad
1475 1177 1918 1235 communionem
1969 1178 2201 1231 accessit
2241 1178 2342 1231 duo

750 1276 874 1347 plici
922 1275 1185 1330 beneficio
1231 1280 1581 1337 muneratus,
1634 1271 1702 1324 de
1755 1269 2027 1338 praeterita
2066 1271 2216 1337 culpa
2248 1284 2343 1325 ve-

752 1370 895 1424 niam
928 1372 1275 1431 consecutus,
1325 1365 1393 1420 de
1438 1363 1619 1418 futura
1648 1361 1757 1416 vita
1794 1371 2089 1418 correctus.
2136 1363 2342 1429 Quanta

751 1460 875 1515 huic
901 1458 1095 1513 eratin
1128 1465 1330 1512 sancta:
1355 1454 1632 1510 Trinitatis
1662 1454 1969 1524 aequalitate
2013 1453 2226 1518 fiducia,
2251 1469 2342 1510 cu-

746 1554 833 1623 jus
864 1566 1016 1605 mens
1064 1551 1143 1603 sic
1193 1549 1380 1615 libera,
1429 1562 1524 1616 per
1570 1548 1779 1615 singula
1830 1546 1987 1601 verba
2038 1546 2343 1615 proferebat

747 1642 1049 1698 miracula?
1079 1640 1188 1695 Sed
1218 1640 1345 1694 licet
1373 1640 1504 1693 satis
1534 1637 1693 1693 fuerit
1722 1637 1934 1707 religati
1982 1644 2201 1691 catenas
2232 1653 2344 1691 ser-

746 1752 905 1793 mone
933 1735 1246 1800 dissolvere,
1298 1742 1477 1787 tamen
1524 1732 1641 1800 plus
1670 1738 1752 1785 est
1799 1729 2070 1784 laudabile
2114 1729 2340 1799 quodin

745 1828 947 1887 Christi
974 1841 1158 1881 amore
1190 1827 1334 1879 visus
1358 1833 1441 1879 est
1472 1830 1695 1893 pet-cata
1723 1822 1947 1877 donare.

2447 634 2577 687 gens
2608 619 2672 672 de
2706 620 2860 673 hoste
2892 619 3221 685 triumphum
3254 620 3556 687 acquirere,
3589 620 3820 676 collecta
3864 621 4036 691 plebe,

2447 713 2514 767 de
2540 713 2757 767 civitate
2803 712 3166 780 progreditur,
3205 718 3258 765 et
3290 711 3493 766 relictis
3539 711 3773 777 civibus,
3816 713 3872 767 in
3914 728 4037 782 pro-

2445 816 2631 877 spectu
2666 807 2845 876 populi
2878 806 3050 871 solus,
3082 804 3294 860 Christo
3342 805 3500 871 duce,
3533 804 3601 859 ad
3629 806 3808 860 locum
3836 820 4039 875 pugna-

2448 910 2594 955 turus
2625 898 2852 954 ncces-it
2889 916 2899 950 :
2935 908 2987 952 et
3019 912 3140 952 cum
3181 897 3403 951 coluber
3431 897 3501 953 de
3540 899 3693 968 sylta
3740 900 3948 953 rediret
3974 899 4039 954 ad

2449 998 2732 1061 tumulum,
2766 994 3044 1047 obviantes
3089 1007 3147 1045 se
3206 992 3477 1059 invicem,
3525 991 3687 1047 dante
3736 994 4039 1049 cntionem

2448 1087 2603 1141 beato
2657 1085 2931 1151 Marcello,
2989 1086 3080 1140 ille
3130 1084 3306 1154 capite
3356 1085 3586 1154 supplici
3628 1086 3795 1156 erepit
3821 1087 4036 1143 veniam

2445 1180 2757 1235 blandiente
2804 1180 2971 1232 cauda
3028 1179 3257 1247 precari.
3320 1175 3471 1232 Tune
3506 1179 3696 1233 beatus
3750 1180 4038 1238 “arcellae

2446 1284 2602 1342 caput
2628 1274 2744 1341 ejus
2777 1272 2966 1327 bacqu
2998 1279 3079 1326 ter
3111 1272 3437 1342 percutiens,
3471 1272 3639 1326 misso
3676 1274 3730 1326 itt
3770 1275 4039 1330 cervicem

2445 1365 2711 1433 serpentis
2758 1363 2784 1401 δ
2823 1364 3025 1430 orario,
3078 1362 3411 1431 triumphum
3462 1378 3618 1419 suum
3665 1372 3793 1420 ante
3841 1366 4043 1424 civium

2447 1456 2633 1510 oculos
2664 1454 3005 1511 extrahebat.
3031 1454 3122 1510 Sic
3154 1457 3207 1510 in
3235 1454 3464 1525 spiritali
3496 1457 3707 1513 theatro
3734 1468 4040 1531 spectante,

2447 1548 2598 1602 solus
2629 1563 2748 1602 cum
2782 1548 3015 1603 dracone
3037 1550 3310 1617 pugnavit.
3345 1549 3481 1603 llinc
3506 1551 3846 1608 confortatus
3874 1569 4043 1623 popu-

2447 1640 2549 1703 lus,
2584 1642 2821 1695 cucurrit
2860 1642 2926 1695 ad
2977 1642 3309 1710 episcopum,
3360 1644 3587 1712 cupiens
3630 1646 3844 1700 hostem
3883 1662 4068 1704 snum'

2447 1734 2631 1787 videre
2659 1733 2951 1802 captivum.
2972 1734 3124 1787 Tunc
3150 1734 3488 1802 praecedente
3512 1736 3789 1805 pontifice,
3815 1740 4043 1796 bestiam

2446 1823 2558 1882 fere
2588 1825 2757 1879 tribus
2787 1825 3022 1879 millibus
3051 1839 3241 1881 omnes
3270 1830 3536 1896 prosecuti
3568 1841 3715 1899 sunt,
3741 1833 4042 1889 reddentes

820 1926 908 1979 19.
956 1925 1327 1993 Exseqttamur
1355 1928 1413 1975 et
1457 1920 1584 1975 illud
1629 1919 1951 1988 triumphale
2000 1896 2335 1987 mysterium,
2368 1913 2416 1972 Β
2444 1918 2645 1986 gratias
2696 1919 2961 1983 Domino,
3019 1930 3074 1972 et
3128 1919 3402 1976 solventes
3446 1896 3732 1990 exsequias
3796 1926 4038 1982 inimico.

745 2015 915 2088 quod,
944 2028 1067 2069 cum
1099 2013 1172 2069 sit
1201 2013 1449 2066 ultimum
1500 2010 1708 2076 ordine,
1760 2008 2108 2076 anteponitur
2138 2010 2190 2063 in
2229 2009 2335 2063 vir-

746 2118 885 2166 tute.
936 2109 1174 2163 Matrona
1229 2105 1501 2174 qumdam,
1561 2104 1809 2173 prosapia
1858 2102 2073 2172 quidem
2121 2104 2333 2167 nobilis,

746 2201 1002 2271 opinione
1028 2198 1173 2263 vilis,
1201 2198 1344 2252 malo
1374 2196 1648 2251 maculans
1672 2194 1899 2250 crimine
1929 2195 2071 2265 quod
2103 2195 2337 2263 fulgebat

744 2308 813 2351 ex
845 2306 1065 2363 genere,
1100 2300 1381 2360 postquam
1412 2290 1528 2344 dies
1560 2288 1795 2357 fugitiva:
1819 2288 1967 2352 vitae,
1999 2296 2151 2356 rapta
2190 2288 2335 2353 luce,

747 2387 1030 2450 conclusit,
1073 2384 1140 2439 ad
1186 2383 1474 2449 tumulum,
1506 2396 1699 2451 pompa
1730 2380 2050 2444 comitante,
2086 2380 2202 2435 sed-
2228 2396 2333 2436 non

745 2480 1041 2550 profutura,
1076 2478 1361 2548 processit.
1398 2477 1513 2543 Quo
1540 2474 1776 2538 condita,
1807 2474 2065 2528 horresco
2098 2474 2336 2529 referens

746 2575 847 2628 hoc
880 2573 1168 2639 contigisse
1205 2580 1325 2639 post
1357 2570 1567 2631 funera,
1599 2569 1723 2636 quia
1761 2566 1955 2637 duplex
1986 2566 2224 2621 nascitur
2258 2566 2336 2618 la-

747 2668 1001 2721 mentatio
1023 2665 1089 2719 de
1117 2662 1395 2718 defuncta.
1416 2660 1555 2728 Ergo
1578 2660 1644 2713 ad
1668 2658 2092 2714 consumendum
2115 2661 2230 2726 ejus
2247 2672 2337 2711 ca-

747 2765 931 2829 daver,
956 2761 1119 2830 cmpit
1145 2774 1370 2827 serpens
1393 2755 1814 2811 immanissimus
1832 2755 2193 2822 frequentare.
2210 2761 2265 2806 et
2281 2762 2336 2806 ut

746 2856 920 2910 dicam
947 2852 1165 2916 clarius,
1188 2850 1425 2913 mulieri,
1455 2848 1606 2916 cujus
1638 2846 1877 2900 membra
1901 2845 2079 2900 bestia
2111 2846 2335 2899 devora-

744 2947 856 3013 bat,
883 2945 998 3014 ipse
1019 2944 1182 2999 draco
1204 2942 1373 2996 factus
1396 2948 1481 2994 est
1506 2939 1800 3008 sepultura.
1819 2937 1909 2994 Sic
1925 2937 2163 2992 infelices
2184 2951 2336 2991 exse-

745 3027 898 3111 quias
917 3037 1253 3108 scrpentinus
1268 3034 1479 3103 bajulus
1504 3032 1869 3100 impendebat,
1895 3042 1946 3083 ut
1965 3040 2079 3099 post
2107 3046 2211 3083 nim
2228 3040 2333 3084 tein

746 3134 1022 3203 quiescere
1053 3128 1298 3184 cadaveri
1317 3141 1425 3181 non
1445 3125 1630 3180 liceret
1655 3140 1667 3175 :
1692 3132 1745 3178 et
1759 3122 1844 3177 cui
1870 3122 1989 3176 vitae
2007 3123 2125 3174 finis
2153 3123 2204 3175 in
2230 3136 2336 3174 una

749 3226 869 3280 loco
903 3224 1084 3295 jacere
1106 3227 1470 3284 concesserat,
1494 3231 1708 3287 semper
1737 3214 2043 3269 mutabatur
2071 3214 2124 3267 in
2151 3228 2332 3283 pmna.

748 3320 987 3375 Ocasum
1012 3315 1398 3373 exsecrabilem
1411 3320 1490 3379 ,et
1507 3310 1658 3366 valde
1677 3307 1991 3363 timendum!
2008 3306 2197 3361 Mulier
2218 3321 2339 3375 quae

751 3411 989 3481 conjugii
1038 3408 1394 3477 integritatem
1424 3418 1531 3459 non
1554 3403 1787 3458 servavit
1807 3402 1861 3455 in
1886 3399 2106 3469 tnundo,
2133 3399 2338 3470 integra

749 3520 857 3561 non
872 3500 1328 3571 meruitjacerein
1346 3497 1615 3567 sepulcro.
1634 3494 1766 3549 Nam
1789 3507 2032 3562 serpens,
2051 3493 2141 3562 qui
2159 3493 2340 3548 viven-

753 3609 863 3654 tem
893 3599 948 3652 in
980 3594 1208 3650 crimine
1239 3598 1497 3655 traxerat,
1526 3588 1701 3643 adhuc
1729 3587 1783 3641 iu
1815 3586 2048 3641 cadaver
2076 3584 2339 3639 desaevie-

751 3690 864 3745 hat.
909 3687 1062 3744 Tunc
1091 3698 1161 3739 ex
1193 3684 1308 3754 ejus
1337 3681 1535 3737 familia
1561 3679 1652 3751 qui
1695 3679 1748 3734 in
1790 3677 2003 3733 civitate
2027 3677 2337 3745 manebant,

752 3779 1034 3836 audientes
1063 3776 1375 3844 strepitum,
1418 3781 1473 3827 et
1516 3769 1713 3840 pariter
1743 3776 2149 3831 concurrentes,
2194 3767 2341 3821 vide-

752 3882 877 3929 runt
926 3870 1198 3939 ingentem
1257 3865 1491 3920 belluam
1545 3862 1612 3916 de
1666 3859 1949 3915 tumulosis
2016 3858 2342 3913 anfractibus

753 3970 1063 4028 exeuntem,
1097 3968 1154 4015 et
1182 3967 1335 4014 vasta
1371 3955 1514 4011 mole
1553 3952 1782 4009 cadaver
1819 3951 2122 4021 flagellante
2156 3952 2339 4005 laben-

755 4069 886 4116 tem.
921 4055 1039 4124 Quo
1068 4052 1229 4108 nimis
1260 4047 1533 4121 perterriti
1576 4046 1822 4101 homines
1866 4044 1933 4099 de
1975 4044 2084 4097 suis
2125 4042 2340 4097 sedibus

825 4227 854 4257 ι
880 4216 994 4273 Etsi
1016 4221 1204 4270 auctor
1232 4212 1366 4268 Vita:
1394 4209 1496 4265 hoc
1537 4207 1656 4263 loco
1686 4203 1815 4259 nihil
1845 4212 2226 4258 commemoret
2253 4211 2346 4258 aut

756 4289 983 4350 devium
1012 4293 1353 4358 potestatem,
1387 4294 1490 4350 qua
1534 4279 1593 4336 S.
1630 4276 1914 4358 Marcellus
1954 4290 2112 4358 reum
2166 4274 2341 4327 homi-

758 4347 884 4420 nem
914 4347 1229 4420 absolverit,
1260 4364 1351 4408 aut
1372 4347 1565 4420 graves
1594 4348 1922 4418 paenitentiae
1954 4347 2184 4420 labores,
2209 4361 2344 4414 quos

760 4418 1001 4503 exegerit
1024 4418 1529 4503 juxtaperpctuatn
1560 4420 1814 4503 Ecclesia:
1843 4418 2196 4503 iliscipliitatn,
2233 4420 2347 4470 ha'c

759 4488 939 4562 {iiii‘én
971 4488 1260 4556 univcrsiitt
1293 4488 1768 4563 comprehendisse
1810 4491 2018 4543 videtur
2050 4488 2196 4541 hisce
2220 4502 2346 4540 ver-

758 4579 842 4633 bis
866 4573 1064 4645 :Cujus
1087 4568 1457 4645 confessionem
1483 4570 1945 4645 agnoscensteth
1975 4569 2032 4612 ut
2056 4573 2160 4613 non
2191 4570 2344 4645 anltea

761 4630 911 4703 illum
941 4630 1211 4701 rélaxasse
1241 4636 1497 4695 dicendus
1518 4630 1594 4690 sit
1618 4645 1673 4689 et
1702 4634 1985 4694 invitasse,
2013 4646 2121 4703 quo
2150 4630 2347 4684 eueha-

759 4702 957 4775 ristica:
1001 4726 1205 4771 mensae
1253 4709 1522 4780 particeps
1566 4708 1737 4780 fieret,
1790 4718 1954 4780 quani
1976 4702 2169 4770 quibus
2200 4712 2348 4780 tene-

763 4773 911 4846 retur
936 4773 1271 4846 criminibus;
1316 4789 1369 4835 et
1396 4773 1667 4848 quomodo
1709 4785 1852 4848 esset
1882 4774 2100 4848 inficetus
2143 4773 2345 4848 animo,

764 4844 1091 4931 agnovisset,
1122 4854 1240 4931 sive
1258 4844 1471 4931 publice
1499 4850 1616 4931 ejus
1638 4847 1819 4931 audita
1849 4844 2350 4931 confessionehsive

767 4915 1033 5002 privatim.
1056 4915 1146 5002 itu
1172 4926 1242 5002 de
1262 4915 1559 5002 'Ambrosio
1588 4919 1751 5002 refert
1776 4917 2050 5002 fianlinus,
2074 4919 2195 4997 ejus
2222 4915 2349 4996 \fita:

761 4987 968 5058 auctor.
995 5018 1014 5051 ι
1040 4998 1195 5063 Quod
1217 4995 1638 5065 quotiescunque
1664 4988 1737 5045 illi
1759 4990 1949 5065 aliquis
1968 4988 2036 5041 ob
2054 4987 2351 5065 percipien-

764 5074 887 5128 dam
940 5059 1308 5143 pmtiitentiam
1354 5059 2039 5143 lapsus'suosuconless‘us
2082 5068 2245 5120 esset,
2280 5059 2352 5111 ita

765 5131 954 5209 ﬂebat;
982 5151 1042 5195 ut
1086 5150 1142 5195 et
1169 5140 1320 5209 illum
1355 5131 2349 5209 ﬂere»compelleret.__Causas‘autetn

769 5201 1056 5271 criminum
1086 5225 1204 5280 qua:
1252 5208 1327 5263 illi
1372 5206 1774 5280 confitebatut,
1800 5203 1934 5280 nulli
1976 5204 2082 5255 nisi
2128 5201 2354 5280 Domino

772 5288 896 5351 soli,
925 5283 1067 5354 apud
1104 5272 1272 5351 'quem
1322 5278 1711 5354 intercedebat,
1762 5274 2077 5354 loquebatur
2112 5290 2122 5325 :
2157 5272 2351 5353 bonum

768 5344 1083 5426 relinquens
1126 5344 1428 5426 exemplum
1461 5348 1688 5426 posteris
1738 5346 2133 5426 sacerdotibus,
2187 5354 2244 5397 ut
2273 5344 2353 5398 in-

771 5418 1099 5484 tercessores
1128 5423 1269 5491 apud
1301 5422 1467 5477 Deum
1517 5418 1685 5488 magis
1712 5420 1819 5491 sint
1868 5432 2028 5487 quam
2078 5426 2354 5491 accusato-

768 5514 859 5554 res
882 5498 1016 5567 apud
1044 5487 1309 5550 homines.
1334 5492 1468 5547 Nam
1488 5487 1859 5567 etsecundum
1877 5488 2188 5557 Apostolum
2214 5487 2353 5542 circa

772 5562 1083 5639 huiusmodi
1116 5566 1390 5619 hominem
1420 5564 1781 5618 confirmanda
1812 5562 2045 5613 charilas
2093 5570 2190 5621 cst,
2232 5564 2354 5627 quia

772 5642 889 5709 ipse
920 5640 1002 5695 sui
1035 5646 1314 5693 accusator
1341 5646 1447 5709 est,
1494 5650 1592 5709 nec
1646 5642 1919 5709 txspmlal
1965 5642 2352 5709 armisatorettt,

774 5705 866 5765 scd
893 5712 1187 5780 pravettit;
1242 5718 1300 5761 ut
1323 5706 1624 5762 eottlitendo
1649 5722 1795 5757 Sllll‘i‘
1834 5705 2025 5759 allerct
2073 5706 2183 5768 itm:
2222 5714 2355 5756 de'ic

776 5776 945 5841 Cltttn.
997 5798 1095 5837 nec
1128 5780 1318 5835 habeat
1367 5779 1504 5845 quod
1540 5790 1874 5830 adversarius
1925 5777 2235 5828 crimirctur.
2290 5776 2357 5828 Ut

775 5861 950 5907 autem
981 5863 1159 5922 pusth
1190 5850 1370 5906 subdit
1398 5869 1407 5900 :
1444 5848 1578 5901 Nam
1609 5858 1663 5901 et
1693 5849 1791 5915 ipsi
1822 5848 2095 5922 pteoitenu
2122 5864 2223 5922 non
2253 5847 2356 5899 suf-

772 5924 882 5979 ficit
913 5919 1023 5980 sola
1051 5924 1337 5993 confes‘sit),
1370 5922 1468 5977 nisi
1500 5922 1854 5988 subsequatur
1882 5920 2069 5973 οέειιίξιιτῖ
2092 5919 2179 5972 diu
2210 5931 2351 5987 tacti,

2443 2010 2646 2066 Deinde
2678 2009 2960 2079 increpans
2989 2025 3111 2065 eum
3155 2012 3344 2067 beatus
3390 2014 3694 2083 blarcellus,
3732 2019 3870 2073 dixit
3907 2039 3918 2071 :
3959 2021 4038 2075 Ab

2442 2102 2541 2155 hac
2571 2102 2660 2155 die
2690 2114 2779 2156 aut
2810 2102 3024 2157 deserta
3061 2112 3203 2169 tene,
3250 2116 3340 2159 aut
3378 2106 3430 2160 in
3465 2122 3614 2161 mare
3661 2118 3712 2163 te
3758 2110 4039 2181 demerge.

2443 2193 2565 2246 Mox
2596 2192 2815 2247 dimissa
2847 2194 3047 2260 bellua,
3089 2195 3232 2249 nulla
3266 2197 3383 2264 ejus
3420 2200 3647 2255 ulterius
3676 2202 3879 2257 indicia
3917 2213 4043 2261 sunt

2442 2285 2680 2341 inventa.
2719 2288 2860 2342 Ecce
2890 2291 3349 2359 propugnaculum
3382 2294 3567 2358 patria:
3592 2294 3651 2348 in
3700 2311 3814 2351 uno
3856 2300 4041 2354 cousi-

2446 2389 2590 2433 stere
2637 2380 2943 2443 sacerdote,
2976 2381 3066 2450 qui
3116 2380 3291 2451 fragili
3342 2382 3536 2438 baculo
3586 2386 3778 2441 fortius
3825 2389 4041 2446 hostem

2441 2470 2864 2541 edomuitquam
2908 2473 2953 2527 si
2988 2473 3219 2528 ballista:
3253 2477 3591 2541 transissent,
3637 2493 3765 2533 natu
3812 2484 4039 2551 sagitta-

2443 2576 2526 2620 tns
2558 2574 2899 2635 repercutere
2942 2578 3171 2637 poterat,
3198 2570 3300 2623 nisi
3347 2571 3591 2627 vinceret
3619 2588 3707 2628 res
3753 2575 3956 2630 divina.
3998 2577 4041 2634 0

2444 2660 2616 2714 virum
2647 2660 3076 2727 sanctissimum,
3121 2662 3176 2715 in
3229 2661 3382 2730 cujus
3432 2665 3535 2717 levi
3583 2665 3779 2719 baculo
3831 2667 4044 2725 virtutis

2444 2762 2528 2806 est
2561 2753 2769 2819 pondus
2800 2762 3101 2817 ostensum,
3133 2753 3287 2822 cujus
3317 2755 3507 2809 molles
3528 2755 3682 2823 digiti
3707 2759 3928 2813 fuerunt
3957 2775 4045 2815 ca-

2447 2851 2569 2898 tena
2599 2846 2891 2911 serpentis.
2926 2844 3016 2898 Sic
3051 2844 3324 2898 inimicum
3357 2845 3631 2913 publicum
3676 2848 3933 2904 vicerunt
3955 2866 4045 2905 ar-

2444 2952 2529 2992 ma
2573 2938 2802 3006 privata,
2834 2938 3039 3006 plaudit
3074 2939 3127 2992 in
3161 2939 3318 2994 unius
3352 2940 3529 3009 praeda
3562 2944 3836 3011 generalis
3871 2944 4043 3002 vieto-

2446 3032 2542 3087 ria.
2574 3032 2630 3087 Si
2660 3044 2971 3087 sanctorum
2996 3037 3232 3087 virorum
3256 3051 3320 3089 ex
3358 3037 3516 3090 factis
3537 3038 3730 3091 merita
3755 3037 4049 3097 cunferan-

2446 3136 2553 3192 tttr,
2585 3128 2812 3181 iniretur
2842 3125 3147 3181 Marcellino
3201 3128 3393 3193 Gallia,
3436 3128 3562 3183 dum
3612 3130 3784 3186 Roma
3834 3133 4047 3206 Sylva-

2447 3233 2634 3279 struin;
2658 3224 2755 3277 nisi
2780 3222 2883 3278 hoc
2905 3222 3065 3276 distat
3088 3222 3139 3277 in
3156 3237 3338 3291 opere,
3364 3226 3506 3293 quod
3530 3236 3552 3262 ο
3576 3225 3879 3282 draconem
3900 3230 4049 3302 sigil-

2366 3280 2415 3345 c
2449 3317 2576 3372 lavit
2603 3318 2717 3377 ille,
2756 3318 2857 3373 iste
2888 3317 3126 3385 jactavit.
3158 3316 3263 3372 Sed
3290 3318 3409 3386 quis
3439 3318 3557 3387 ejus
3584 3320 3764 3376 valeat
3787 3280 4048 3379 miracitla

2445 3428 2539 3482 per
2563 3412 2768 3481 singula
2790 3426 3038 3467 sermone
3051 3410 3623 3481 comprehendere,vel
3647 3429 3784 3471 voce
3803 3419 4049 3486 proferre

2446 3517 2642 3577 quanta
2676 3507 2768 3561 ilie
2812 3505 3001 3560 fecerit
3030 3514 3083 3560 et
3128 3506 3401 3569 celaverit,
3434 3521 3558 3561 cum
3595 3523 3660 3563 ea
3687 3510 3898 3580 scripta
3928 3521 4049 3568 sunt

2445 3614 2563 3668 qua:
2599 3597 2666 3651 de
2694 3598 2831 3665 ipso,
2871 3602 3008 3652 teste
3050 3597 3272 3666 populo,
3301 3596 3655 3653 claruerunt?
3682 3598 3711 3638 τι
3745 3600 3849 3658 His
3894 3618 4047 3659 nam-

2445 3705 2549 3759 que
2578 3690 2831 3759 operibus
2872 3688 3243 3744 sanctissimns
3282 3686 3567 3747 Marcellus
3599 3705 3825 3762 semper
3869 3695 4046 3751 inten-

2449 3791 2556 3849 tus,
2594 3772 3027 3838 conversatione
3056 3781 3275 3847 clarus,
3321 3788 3796 3843 consummatione
3850 3791 4046 3858 przeci-

2448 3890 2604 3943 pnus,
2641 3873 2972 3927 beatitudine
2998 3873 3289 3943 gloriosus,
3332 3878 3780 3934 remuneratione
3822 3880 4042 3947 ditatus,

2447 3980 2570 4021 cum
2618 3965 2848 4021 Domino
2891 3977 3153 4036 perpetuo
3188 3973 3538 4038 regnaturus,
3586 3968 3815 4028 vincens
3865 3972 4045 4029 mundi

2449 4225 2502 4270 ut
2532 4215 2794 4283 paenitens
2845 4225 2950 4267 non
2980 4211 3141 4266 faciat
3189 4212 3498 4280 pomitenda
3522 4254 3540 4282 ,
3588 4216 3850 4275 bumiliet
3885 4220 4044 4276 etiam

2448 4290 2681 4361 anignam
2712 4299 2883 4349 suam,
2908 4283 3073 4361 _sicut
3112 4283 3290 4361 pav‘id
3338 4297 3578 4354 sanctus,
3631 4290 3725 4356 qui
3758 4303 4045 4361 postquam

2449 4358 2652 4411 audivit
2700 4370 2729 4409 a
2760 4354 3050 4427 propheta,
3103 4353 3384 4410 Dimissum
3433 4366 3510 4411 est
3561 4353 3837 4427 peccatum
3886 4353 4045 4425 tuum,

2452 4428 2705 4482 humilior
2754 4425 2923 4480 factos
2970 4435 3055 4480 est
3104 4428 3155 4480 in
3198 4425 3578 4499 emendatione
3605 4434 3843 4499 peccati,
3894 4437 3964 4487 ita
3995 4443 4049 4488 ut

2450 4502 2669 4553 cinerem
2695 4500 2823 4551 sicut
2848 4514 3033 4565 partem
3063 4498 3412 4564 manducaret,
3454 4510 3501 4553 et
3533 4498 3710 4565 potum
3740 4519 3899 4558 suum
3939 4521 4048 4557 cum

2451 4575 2576 4641 [ictu
2610 4572 2857 4622 misceret.
2894 4588 2913 4621 ι
2952 4569 3111 4623 Certe
3141 4585 3262 4623 rcus
3290 4572 3400 4632 ille,
3432 4571 3502 4625 de
3529 4588 3637 4638 quo
3666 4575 3757 4627 hic
3787 4574 4050 4629 Fortuna-

2381 4651 2427 4711 Β
2455 4652 2560 4706 tus,
2590 4644 2823 4695 clavtutu
2855 4650 3194 4713 potestatem,
3234 4650 3484 4711 tanquam
3515 4644 3617 4698 sibi
3655 4650 4048 4713 necessariam,

2452 4715 2505 4769 in
2535 4712 2960 4785 beatoMarcello
2988 4712 3319 4785 _agnovisse,
3354 4713 3479 4769 hinc
3514 4716 3644 4785 satis
3675 4726 3866 4785 potest
3898 4712 4050 4771 intelé

2453 4785 2542 4851 figi
2575 4784 2715 4852 quod
2748 4784 2960 4853 publico
2988 4782 3040 4835 in
3071 4793 3362 4850 conventu,
3387 4799 3447 4840 se
3472 4782 3702 4841 crimine
3726 4792 4050 4844 obstriCtum

2454 4857 2711 4925 profitens
2740 4897 2755 4921 ,
2807 4853 3044 4922 pontifici
3089 4869 3208 4917 suo,
3259 4855 3498 4911 vinctum
3545 4857 3822 4922 manibus,
3874 4869 4049 4917 semet

2455 4928 2595 4981 ultro
2631 4926 2910 4992 obtulerit,
2945 4938 3129 4993 uttque
3157 4927 3501 4981 solvendum.

2528 4997 2553 5036 ιι
2584 4999 2835 5072 Orarium
2865 4997 3132 5072 accijuitur
3148 5011 3249 5072 pro
3288 4998 3617 5072 sudarioaut
3648 5001 3906 5070 linteolo,
3943 5017 4049 5072 quo

2455 5085 2514 5124 os
2561 5071 2902 5136 abstergitur.
2925 5067 2997 5120 Ita
3030 5070 3087 5124 S.
3121 5068 3474 5138 Hieronymus
3510 5070 3561 5123 in
3590 5073 3823 5138 epistola
3854 5067 3925 5128 ad
3953 5067 4053 5129 Ne-

2454 5140 2837 5214 putianutuks.
2865 5139 3198 5214 Ambrosius,
3227 5149 3282 5214 et
3309 5142 3419 5202 alii,
3447 5156 3582 5209 quos
3605 5142 3792 5212 legere
3806 5157 3894 5198 est
3917 5146 4051 5214 apud

2456 5211 2610 5266 Dufr.
2645 5214 2697 5265 in
2746 5210 2925 5264 Gloss.
2978 5212 3106 5263 Item
3136 5212 3376 5265 orarium
3409 5225 3491 5268 est
3525 5210 3680 5268 stola
3717 5210 4049 5280 sacerdotis;

2457 5283 2523 5337 de
2553 5298 2656 5351 qua
2688 5283 2816 5336 item
2848 5280 2984 5350 apud
3019 5282 3226 5336 Dttfres.

2530 5354 2661 5434 cpe,
2714 5355 2813 5407 hoc
2846 5354 3114 5434 dracone,
3161 5354 3252 5422 qui
3304 5366 3564 5434 venenato
3615 5360 3817 5426 spiritu
3878 5365 4054 5434 plures

2456 5425 2756 5503 occidebat,
2782 5424 3000 5503 a_beato
3024 5424 3305 5503 Sylvestro
3336 5426 3388 5503 in
3419 5424 3910 5503 antrum‘reclnso',
3941 5436 4055 5503 lege

2456 5496 2510 5551 in
2548 5497 2658 5573 vita
2690 5495 3014 5573 ejusdem,a
3052 5494 3304 5573 Sitneone
3337 5497 3697 5573 Metapltraste
3743 5494 4051 5573 cottscripia

2457 5570 2661 5694 cap.b'd.
2705 5569 2892 5622 Exstat
2923 5569 3010 5620 illa
3060 5578 3196 5636 apud
3230 5570 3440 5623 Suriutn
3491 5572 3558 5623 at!
3603 5573 3748 5628 diem
3796 5579 3897 5632 ult.
3950 5569 4054 5632 De-

2457 5656 2571 5694 cem
2617 5656 2659 5693 ι’.

2456 5656 2659 5695 (2011ιυὶ⁵.

2529 5723 2550 5745 ·ι
2588 5711 2709 5765 lla-c
2749 5711 2858 5763 Vita
2915 5713 2970 5761 ti.
3009 5710 3239 5765 διλιτειεςιιί
3272 5712 3480 5773 videtur
3506 5728 3536 5767 a
3586 5715 3894 5776 Fortunato
3931 5737 4057 5776 eou-

2458 5786 2655 5848 seriui.
2690 5784 2874 5843 luis-.0,
2911 5790 2965 5834 ot
2994 5783 3044 5834 in
3090 5785 3324 5837 ficales}.
3359 5786 3644 5840 Parisiensi
3680 5791 3748 5842 ad
3779 5807 3935 5846 suam
3966 5791 4052 5846 ρι’.

2461 5856 2576 5908 litin
2621 5860 2955 5911 tentati-tur.
3003 5860 3268 5917 qttottttnlo
3324 5857 3388 5909 de
3439 5862 3764 5926 compendio
3810 5864 3945 5919 Vitm
3995 5866 4033 5919 5

2460 5928 2627 5982 licuit:
2652 5928 2682 5978 it
2719 5929 2783 5980 itii
2806 5948 2832 5983 ολ
2861 5943 2992 5981 eum
3029 5930 3222 5983 iactum
3264 5929 3415 5982 ίὶξειεει
3444 5945 3503 5981 tes
3539 5943 3637 5984 δυο
3669 5934 3813 5989 iam,
