4194 6572
779 446 870 503 55f
1456 437 1777 495 VENANTII
1820 436 1977 495 llO'N.
2021 437 2224 495 CLEM.
2266 433 2664 493 FORTUNATI
2700 433 2986 493 OPERUM
3026 435 3205 495 PARS
3245 436 3313 495 ll.

3945 442 4042 502 552

777 570 914 631 tum,
938 559 1026 629 qui
1064 566 1191 615 tunc
1218 557 1486 627 temporis
1530 558 1839 611 morabatur
1868 556 2089 609 eremita
2136 555 2189 609 in
2221 552 2351 609 Per-
2377 553 2433 614 Α
2456 552 2718 622 trepidus.
2752 551 3123 623 interpellatus
3151 570 3279 625 ergo
3299 555 3392 611 ille
3422 555 3559 613 alter
3584 569 3753 614 senex
3783 571 3814 612 a
3841 558 4035 617 Barba-

774 654 879 708 licu
929 652 996 722 [le
1042 650 1281 720 Perchel,
1332 649 1471 703 dulci
1521 649 1681 703 affatu
1735 651 1906 716 ipsum
1954 646 2241 715 alloquitur
2277 646 2358 700 di-

774 760 903 801 cens
937 764 949 798 :
985 746 1252 813 Ag-nosco,
1308 744 1493 806 frater,
1545 743 1612 796 de
1659 739 1896 793 minimis
1944 742 2007 792 ad
2060 738 2261 808 majora
2308 747 2359 793 le

773 838 909 894 velle
954 836 1341 897 conscendere,
1382 835 1476 887 sed
1517 849 1634 902 qum
1689 831 1784 885 tibi
1836 832 2069 900 incmpto
2118 834 2358 887 scientiae

773 927 1121 986 institutionis
1145 926 1418 993 pr0posito
1450 926 1746 993 proficiant,
1778 925 1944 977 tribus
1974 922 2150 978 verbis
2180 932 2234 978 te
2266 924 2360 978 in-

773 1029 982 1075 struere
1026 1018 1247 1081 curabo,
1303 1016 1352 1070 id
1384 1026 1488 1083 est,
1537 1015 1666 1068 nulli
1715 1017 2088 1084 episcoporum
2125 1027 2175 1070 te
2205 1018 2360 1072 obse-

777 1113 914 1182 quiis
934 1112 1158 1178 obliges,
1183 1111 1308 1179 quia
1334 1112 1471 1163 inter
1494 1110 1661 1162 honos
1687 1108 1879 1173 bonus,
1904 1109 2099 1163 multos
2123 1110 2358 1164 invenies

770 1205 1125 1261 detractores.
1147 1203 1302 1258 Aliud
1321 1217 1515 1257 moneo
1541 1219 1608 1257 ue
1623 1217 2063 1270 quorumcunque
2087 1201 2357 1257 hominum

773 1298 1048 1354 basilicam
1105 1311 1333 1365 regere,
1389 1305 1481 1348 aut
1539 1294 1735 1362 petitor
1772 1293 2014 1358 ambias,
2064 1302 2152 1346 aut
2202 1310 2361 1361 expe-

773 1392 900 1448 titus
929 1392 1237 1459 acquiescas
1262 1433 1278 1453 ,
1314 1407 1380 1445 ne
1425 1393 1564 1445 inter
1592 1390 1839 1443 diversos
1872 1404 2051 1444 mores
2093 1399 2184 1443 aut
2221 1391 2362 1459 rigo-

768 1499 880 1539 rem
914 1485 1161 1539 monachi
1193 1484 1385 1554 perdas
1407 1524 1420 1543 .
1453 1491 1544 1534 aut
1573 1483 1617 1536 si
1670 1483 2058 1537 blandimentis
2088 1498 2195 1537 non
2229 1499 2362 1538 cou-

772 1578 996 1641 sentias,
1046 1578 1388 1632 detrahentes
1435 1583 1612 1630 tamen
1669 1579 1757 1628 vix
1807 1577 2053 1630 sufferas.
2120 1578 2358 1632 Tertium

768 1683 1078 1738 praemoneo
1134 1684 1201 1721 ne
1254 1683 1433 1736 parva:
1479 1677 1531 1721 te
1561 1668 1736 1720 socies
1766 1667 1973 1721 cellulae
2003 1710 2018 1734 ,
2075 1669 2197 1736 quia
2231 1668 2357 1722 dum

769 1762 961 1829 singuli
993 1777 1307 1832 praeponere
1336 1762 1435 1814 sibi
1467 1762 1710 1829 cupiunt,
1742 1762 1872 1815 nulli
1906 1761 2216 1816 obedientia
2254 1764 2356 1815 mi-

775 1855 1029 1908 nistratur

844 1949 900 2003 4.
943 1948 1067 2001 Post
1095 1958 1217 2001 octo
1246 1956 1427 2018 itaque
1456 1962 1625 2001 annos
1666 1948 1718 2001 in
1750 1949 1834 2002 illa
1882 1949 2015 2002 cella
2062 1950 2360 2003 mouasticc

774 2046 1147 2101 conversatus,
1192 2036 1486 2090 beatissimi
1518 2037 1654 2091 Aviti
1688 2037 2030 2104 prarsentiam
2080 2054 2138 2091 se
2171 2038 2361 2091 obtulit

770 2128 1160 2193 expetendam;
1212 2130 1297 2194 qni
1351 2142 1471 2180 cum
1504 2128 1570 2179 ab
1600 2142 1666 2180 eo
1700 2143 2017 2195 reslionsum
2065 2131 2360 2195 accepisset

767 2228 827 2270 ut
869 2228 988 2287 post
1041 2219 1395 2274 eruditionem
1444 2235 1602 2289 quam
1636 2221 1688 2275 in
1720 2225 2140 2291 congregatione
2176 2238 2361 2276 mona-

765 2312 990 2366 chorum
1044 2321 1392 2379 pereeplttt's
1443 2322 1559 2365 erat
1602 2303 1680 2364 ad
1737 2313 1908 2379 ipsum
1971 2324 2355 2378 reverteretur,

765 2403 891 2457 Inde
916 2402 1183 2457 recedens
1213 2418 1333 2455 cum
1364 2403 1593 2469 quodam
1626 2402 1851 2457 diacono
1877 2404 1966 2472 qui
2010 2405 2060 2456 in
2091 2416 2359 2458 monaste-

763 2494 849 2549 rio
895 2495 1202 2562 aliquandiu
1255 2505 1605 2549 conversatus
1658 2495 1829 2549 fuerat
1860 2537 1875 2560 ,
1918 2496 2126 2567 Ligeris
2181 2499 2359 2552 littora

769 2586 933 2648 cmpit
958 2598 1259 2652 peragrare,
1291 2586 1717 2653 perveniensque
1740 2587 1807 2639 ad
1833 2588 2115 2654 quamdam
2142 2588 2356 2650 cellam,

764 2676 896 2729 utin
926 2690 986 2728 ea
1023 2675 1283 2729 habitaret
1332 2676 1432 2729 sibi
1465 2677 1737 2741 oblatam,
1788 2694 1993 2733 memor
2032 2681 2356 2735 monitorum

764 2767 1215 2835 supradictorum.
1250 2783 1310 2821 se
1345 2767 1397 2820 iu
1427 2781 1492 2821 eo
1514 2768 1635 2821 loco
1655 2769 1874 2838 alligare
1898 2771 2098 2827 noluit:
2134 2771 2229 2824 sed
2264 2785 2357 2823 vo-

764 2858 884 2914 lens
914 2858 1152 2911 Lirinum
1197 2859 1483 2924 pervenire
1519 2900 1532 2921 ,
1563 2859 1762 2913 invenit
1799 2861 2089 2931 quemdam
2139 2864 2356 2915 fratrem

764 2947 1103 3003 Lirinensem
1133 2947 1401 3002 dicentem
1428 2963 1489 3002 se
1518 2965 1621 3003 non
1657 2965 1815 3018 posse
1848 2952 1952 3005 ilhc
1979 2953 2253 3018 temperiei
2280 2955 2362 3008 in-

765 3042 1202 3095 commoditatem
1235 3039 1412 3097 ferre:
1447 3056 1553 3109 quo
1592 3042 1735 3095 dicto
1765 3043 1832 3096 ab
1863 3043 2050 3099 itinere
2083 3046 2222 3112 quod
2249 3062 2360 3101 coe-

764 3141 920 3203 perat
966 3141 1270 3185 revocatur.
1333 3132 1531 3186 Deinde
1564 3132 1915 3189 Gavalensem
1966 3146 2226 3205 expetens
2269 3155 2360 3190 ur-

767 3225 908 3288 bern,
964 3237 1084 3277 cum
1131 3223 1440 3279 beatissimo
1468 3226 1492 3251 °
1527 3225 1729 3291 llilaro,
1761 3226 2002 3293 ejusdem
2034 3229 2182 3281 urbis
2224 3230 2359 3282 anti-

2466 643 2540 697 ris
2571 657 2625 696 ut
2653 658 2739 697 res
2764 646 3073 700 monasterii
3101 646 3262 701 totius
3295 649 3579 715 panderet,
3610 650 3898 719 respondit
3925 652 4038 708 bea-

2465 744 2576 790 tum
2628 735 2922 790 Leobinum
2954 752 3146 792 omnes
3173 738 3390 794 easdem
3424 754 3512 796 res
3555 741 3716 808 scire,
3767 757 3829 797 se
3875 751 4043 799 autem

2465 827 2532 880 ab
2566 842 2747 881 earum
2794 828 3100 899 cognitione
3142 831 3376 885 alienum
3406 845 3549 887 esse.
3586 832 3699 888 llac
3733 847 3866 904 ergo
3893 849 4044 890 excu-

2461 919 2671 974 satione
2697 919 2788 973 illo
2812 924 2988 989 priore
3029 935 3158 975 sene
3188 922 3255 976 ab
3284 922 3630 991 inquisitione
3657 925 3909 992 liberato,
3940 943 4043 985 etn-

2462 1019 2654 1080 perunt
2684 1011 2923 1080 praedicti
2958 1012 3171 1068 barbari
3216 1013 3486 1068 hominem
3526 1016 3620 1069 Dei
3652 1018 3893 1073 molliter
3921 1020 4046 1074 allo—

2463 1105 2584 1171 qui,
2618 1113 2675 1156 ut
2703 1104 2745 1156 si
2777 1103 2903 1172 quid
2948 1120 3012 1159 ex
3044 1105 3250 1161 eisdem
3280 1106 3442 1161 rebus
3467 1119 3668 1174 nosset,
3699 1112 4042 1179 praesentiali-

2464 1204 2547 1250 ter
2587 1199 2871 1267 panderet.
2922 1198 3022 1265 Qui
3071 1214 3192 1253 cum
3241 1215 3338 1269 per
3365 1215 3486 1255 eum
3534 1202 3647 1256 suis
3678 1203 4044 1260 blandimentis

2469 1290 2598 1343 nihil
2657 1301 2878 1358 possent
2930 1308 2993 1347 ex
3050 1291 3131 1346 his
3178 1309 3295 1364 quae
3348 1296 3659 1363 qumrebant
3707 1296 4045 1368 investigare,

2468 1384 2785 1439 multimoda
2820 1400 3097 1455 pinnarum
3139 1401 3337 1455 genera
3385 1391 3752 1457 echgitantes
3782 1406 4045 1459 apponere

2468 1488 2697 1535 tentant.
2740 1479 2870 1534 Nam
2903 1479 3132 1534 frontem
3164 1480 3283 1549 ejus
3320 1482 3537 1536 chordis
3580 1483 3794 1539 fortiter
3821 1489 4046 1539 circum-

2465 1570 2676 1633 dantes,
2708 1580 2763 1625 et
2790 1572 2955 1641 pedes
2984 1571 3212 1626 fustibus
3240 1574 3621 1644 astringentes,
3657 1586 3712 1629 et.
3741 1591 3889 1646 saepe
3933 1592 4047 1632 eum

2465 1660 2517 1712 in
2555 1662 2820 1731 gurgitem
2860 1665 3286 1733 submergeutes,
3326 1666 3465 1719 sicut
3494 1680 3594 1721 nec
3639 1666 3942 1731 blanditiis,
3985 1670 4047 1721 ita

2463 1771 2563 1807 ncc
2598 1758 2878 1811 tormentis
2910 1757 2977 1811 ab
3020 1772 3085 1811 eo
3127 1758 3325 1828 aliquid
3374 1769 3700 1828 extorquere
3741 1771 4047 1831 potuerunt.

2463 1847 2691 1902 Sanctus
2741 1865 2873 1904 vero
2907 1851 3175 1904 Lenbinus
3226 1851 3368 1907 inter
3416 1861 3702 1922 utrumque
3744 1864 4051 1910 constanter

2391 1925 2436 1983 Β
2468 1941 2787 2009 perdurans,
2822 1944 3004 1995 maluit
3034 1942 3176 1997 ferre
3225 1945 3479 2012 suiqtlicia
3532 1946 3866 2015 iniquorum,
3898 1962 4049 2015 quam

2465 2033 2705 2086 revelare
2734 2042 2942 2087 secreta
2971 2033 3377 2088 monachorum.

2532 2128 2586 2179 6.
2630 2124 2722 2177 His
2752 2140 2945 2193 nempe
2968 2125 3247 2194 suppliciis
3278 2126 3662 2181 miserabiliter
3688 2127 3949 2193 afﬂictus,
3986 2128 4046 2181 li-

2463 2224 2549 2269 cet
2581 2215 2900 2280 semivivus,
2926 2217 3108 2269 divina
3135 2226 3311 2272 tamen
3337 2221 3661 2289 sulfragaute
3689 2235 3793 2289 ope
3815 2233 4047 2288 ereptus,

2458 2320 2579 2359 cum
2632 2307 2839 2360 duobus
2892 2306 3145 2361 fratribus
3202 2309 3463 2365 Eul'ronio
3511 2321 3565 2363 et
3614 2310 3859 2374 Rustico,
3908 2312 4050 2366 adire

2461 2398 2655 2451 iterum
2686 2410 2928 2453 sanctum
2982 2404 3192 2454 Avitum
3246 2402 3297 2454 iu
3346 2413 3499 2455 vasta
3532 2402 3728 2457 Pertici
3766 2407 4051 2461 solitudine

2462 2501 2921 2549 cmuntorantem:
2971 2507 3105 2561 quos
3152 2493 3242 2545 ille
3287 2493 3522 2549 fraterna
3588 2496 3858 2552 eharitate
3920 2500 4052 2553 reci-

2462 2582 2634 2648 piens,
2669 2591 2721 2635 et
2773 2582 2892 2636 illos
2935 2581 3069 2635 duos
3120 2582 3312 2636 fratres
3362 2585 3648 2653 praedictos
3698 2602 3795 2655 per
3820 2603 4052 2658 congrua

2460 2672 2559 2725 sibi
2593 2673 2766 2724 utfit-ia
2797 2674 3111 2737 disponens,
3145 2684 3201 2727 ut
3230 2677 3477 2744 cognovit
3506 2676 3648 2730 beati
3679 2680 3784 2732 viri
3816 2693 4048 2735 mentem

2464 2765 2671 2817 caelesti
2733 2765 2969 2817 bonitate
3017 2764 3235 2818 uberius
3294 2767 3615 2832 enitescere,
3673 2783 3801 2823 cum
3852 2769 4052 2824 cellarii

2464 2855 2706 2924 praefecit
2735 2854 2937 2908 ofticio.
2963 2855 3019 2907 In
3044 2854 3197 2924 cujus
3230 2858 3513 2912 ministerii
3544 2859 3960 2928 dispensatione
3986 2865 4050 2916 ita

2466 2960 2525 3001 se
2561 2946 2794 3000 reddidit
2826 2948 3128 3013 providum,
3159 2954 3218 3000 ut
3246 2963 3345 3002 nec
3374 2952 3746 3018 superpetenti
3780 2954 3941 3008 daret
3965 2953 4053 3007 ali-

2462 3040 2593 3107 quid
2625 3039 2978 3104 superfluum,
3011 3053 3112 3093 nec
3161 3038 3421 3108 indigenti
3454 3055 3752 3109 congruum
3778 3046 4053 3100 subtrahe-

2466 3141 2550 3186 ret
2580 3133 2916 3185 alimentum.
2945 3133 3096 3185 Adeo
3129 3148 3357 3201 namque
3382 3134 3570 3188 beatus
3594 3135 3791 3190 Avitus
3818 3138 3940 3207 ejus
3968 3139 4054 3194 ob-

2463 3224 2709 3289 sequium
2738 3216 2839 3275 stbi
2863 3231 3231 3291 conspexerat
3268 3235 3506 3292 gratum,
3548 3235 3606 3279 ιιι
3646 3242 3763 3282 sua:
3796 3229 4053 3299 fragilita—

760 3317 910 3382 slite,
937 3318 1342 3372 sacerdotaliter
1368 3318 1558 3373 fuisset
1578 3329 1859 3388 susceptus
1888 3329 1944 3374 et
1966 3321 2354 3392 aliquantisper
2385 3294 2432 3356 ο
2466 3315 2534 3369 tis
2563 3330 2780 3383 corpus,
2808 3314 3012 3383 jejunio
3041 3326 3371 3369 maceratum
3400 3326 3455 3371 ει
3502 3320 3658 3374 senio
3694 3330 4053 3388 allemﬂlumu

760 3422 886 3463 cum
934 3422 1000 3462 eo
1043 3418 1410 3463 commoratus
1442 3453 1457 3476 ,
1516 3414 1685 3479 erepit
1726 3414 1985 3480 conqueri
2040 3414 2204 3468 frater
2252 3430 2355 3469 non

760 3511 944 3571 aptum
987 3501 1088 3555 sibi
1111 3504 1284 3557 locum
1306 3502 1372 3556 ad
1400 3502 1765 3558 habitandum.
1799 3505 1951 3559 Unde
1976 3522 2097 3559 cum
2129 3507 2270 3561 inter
2296 3524 2357 3563 se

766 3592 986 3647 eosdem
1018 3591 1213 3646 fratres
1262 3594 1588 3649 altercantes
1635 3596 1823 3649 beatus
1855 3596 2086 3651 Hilarius
2114 3599 2354 3653 animad-

762 3684 1038 3751 vertiSset,
1091 3686 1259 3752 carpit
1309 3686 1509 3740 hortari
1539 3687 1684 3739 illum
1729 3702 1920 3754 vagum
1957 3687 2198 3751 fratrem.
2234 3705 2301 3743 ne
2326 3706 2354 3742 a

768 3774 1033 3829 comitatu
1067 3775 1208 3829 beati
1239 3773 1462 3829 Leobini
1488 3776 1810 3842 discederet,
1850 3793 1916 3831 ne
1940 3777 2075 3832 forte
2105 3780 2358 3833 obedien-

762 3863 855 3920 tle
900 3866 1125 3934 gratiam
1156 3866 1462 3920 recedendo
1494 3868 1764 3935 perderet,
1796 3884 1954 3937 quam
2008 3870 2263 3925 hactenus
2295 3873 2355 3925 il-

762 3956 874 4012 lum
906 3957 1183 4025 sequendo
1210 3957 1436 4026 adeptus
1464 3959 1670 4012 fuisset.
1705 3958 1831 4012 lude
1854 3976 1981 4015 vero
2012 3965 2350 4033 recedentes,

763 4049 1153 4117 audientesque
1193 4049 1385 4102 beati”
1408 4049 1539 4117 Lupi
1575 4051 1766 4103 famam
1810 4051 1967 4121 longe
1999 4052 2209 4124 lateque
2239 4072 2355 4110 cre-

766 4142 1040 4209 brescere,
1078 4141 1146 4196 ad
1176 4159 1302 4197 eum
1334 4158 1394 4197 se
1427 4144 1701 4197 humiliter
1726 4146 2088 4202 contulerunt.
2113 4151 2355 4219 (Imaque

765 4233 979 4290 modico
1005 4244 1246 4304 tempore
1283 4250 1403 4288 cum
1451 4250 1518 4289 eo
1563 4238 1755 4289 morati
1808 4238 2057 4305 fuissent,
2113 4240 2355 4295 hortatur

764 4326 1055 4398 pradictus
1080 4326 1244 4382 frater
1273 4337 1455 4395 utpote
1483 4327 1744 4381 instabilis
1768 4338 1823 4383 et
1851 4344 2035 4400 vagus,
2069 4331 2192 4385 inde
2228 4333 2353 4386 bea-

765 4432 877 4475 tum
902 4420 1198 4475 Leohinum
1226 4421 1525 4476 discedere.
1566 4421 1766 4477 Nolens
1816 4424 1993 4488 itaque
2024 4426 2105 4477 vir
2133 4438 2351 4481 sanctus

763 4513 1074 4583 hujnsmodi
1122 4514 1562 4582 persuasionibus
1606 4516 1986 4581 acquiescere,
2042 4517 2353 4587 fortiterque

761 4608 1041 4671 resistens,
1066 4616 1122 4660 et
1149 4615 1256 4660 tam
1288 4622 1476 4675 vagum
1511 4609 1730 4662 fratrem
1761 4608 1812 4660 in
1844 4623 1941 4662 suo
1972 4608 2230 4664 comitatu
2258 4612 2353 4664 ha-

763 4697 896 4755 bere
920 4707 1294 4761 contemnens,
1338 4698 1655 4753 continuato
1685 4700 2057 4769 quinquennio
2083 4701 2134 4755 in
2164 4702 2354 4758 eodem

762 4803 1129 4850 commoratus
1154 4804 1236 4847 est
1260 4793 1527 4848 coanobio.

838 4883 894 4939 5.
934 4884 1141 4941 Interea
1182 4886 1308 4939 dum
1342 4886 1672 4940 Francorum
1701 4886 1833 4940 dura
1881 4886 2135 4941 ferocitas
2168 4898 2354 4943 contra

770 4978 1177 5048 Burgundiones
1221 4978 1359 5032 bella
1409 4980 1747 5044 concitaret,
1803 4987 1858 5033 et
1906 4980 2146 5049 ejusdem
2200 4983 2354 5036 cella:

767 5070 1017 5126 monachi
1073 5084 1257 5123 eorum
1309 5080 1451 5123 metu
1495 5071 1600 5124 huc
1650 5071 1885 5140 illucque
1941 5071 2257 5142 diﬂ‘ugerent
2303 5085 2351 5140 ε,

767 5159 1054 5229 praedictus
1100 5169 1318 5214 sanctus
1346 5173 1465 5213 cum
1491 5160 1663 5215 altero
1689 5176 1817 5215 sene
1848 5161 1957 5215 illic
1990 5164 2247 5217 remansit
2275 5165 2356 5217 in-

839 5305 863 5331 ⁸
890 5295 1109 5350 Hilarus
1129 5313 1158 5351 a
1193 5296 1405 5351 Labbeo
1435 5296 1673 5351 Hilarius
1697 5297 2023 5351 nominatur.
2053 5299 2101 5351 ls
2128 5298 2351 5354 Gabali-

768 5376 925 5421 tanus
956 5369 1238 5434 episcopus
1272 5368 1387 5427 fuit.
1422 5384 1485 5423 ac
1528 5370 1842 5437 subscripsit
1888 5371 2117 5423 concilio
2146 5375 2349 5425 Arver-

770 5440 963 5493 neusil
1017 5439 1287 5492 celebrato
1335 5456 1476 5492 anno
1525 5440 1649 5502 553,
1684 5451 1739 5492 ut
1787 5442 1949 5494 habet
2003 5442 2245 5497 Cointius
2286 5444 2350 5497 ad

768 5511 910 5563 hunc
936 5523 1152 5569 annum,
1191 5526 1244 5561 ιι.
1277 5508 1366 5562 28.

838 5578 866 5615 ι’
894 5579 1091 5646 Nempe
1116 5580 1311 5633 lnsulw
1336 5579 1582 5633 Brn'bnm'
1608 5585 1946 5638 anachoretze
1980 5585 2081 5651 (sic
2112 5601 2231 5638 eum
2261 5604 2351 5638 vo-

770 5661 918 5712 cant,
967 5652 1102 5714 quod
1164 5652 1306 5703 illius
1345 5655 1570 5705 (numini
1618 5659 1860 5707 monachi
1912 5656 2097 5707 divmis
2146 5660 2350 5713 cellulis

772 5720 1214 5793 anachoretarum
1248 5738 1396 5776 more
1426 5728 1700 5793 agerent),
1749 5738 1933 5791 postea
1971 5740 2101 5779 vero
2143 5733 2348 5781 :trcltie-

772 5792 974 5859 pi~r0pi
1034 5791 1426 5856 Lugdunensis.
1471 5791 1583 5847 dist
1642 5791 1819 5847 autem
1884 5797 2056 5849 Insula
2118 5799 2346 5854 Barbara

773 5860 1170 5935 (“le-Barba),
1226 5866 1608 5919 monaSIerinm
1658 5868 2089 5935 antiquissimum
2148 5872 2349 5927 ordinis

782 5934 1107 5988 lienedictini
1159 5938 1209 5991 in
1241 5951 1369 6004 agro
1399 5936 1762 6005 Lugdunenst,
1797 5939 1847 5993 in
1884 5938 2062 5993 medio
2094 5942 2245 5996 Arari
2278 5945 2352 5999 si-

2462 3408 2610 3461 nullo
2665 3416 2842 3461 tamen
2894 3407 3154 3461 alimento
3205 3408 3472 3473 reficeret,
3518 3411 3621 3464 nisi
3677 3413 3828 3481 quod
3877 3415 4054 3470 beatus

2462 3498 2736 3553 Leobiuus
2761 3513 2857 3552 sua
2892 3499 3152 3553 industria
3185 3511 3560 3569 praeparasset.
3694 3557 3710 3570 δ

2536 3590 2588 3642 7.
2634 3589 2853 3643 Factqu
2884 3600 2967 3644 est
2992 3602 3170 3645 autem
3203 3601 3261 3645 ut
3292 3607 3414 3647 cum
3447 3594 3709 3651 Dominus
3737 3596 3887 3655 beati
3927 3600 4055 3656 Aviti

2462 3683 2767 3735 solitarium
2827 3684 3066 3738 laborem
3119 3684 3326 3739 caelesti
3378 3688 3633 3743 mercede
3677 3705 4054 3759 remunerans,

2460 3778 2688 3830 terrenis
2738 3788 3048 3846 exemptum
3092 3777 3521 3847 impedimentis,
3576 3782 3632 3836 in
3666 3784 3905 3856 collegio
3944 3803 4058 3841 san-

2459 3882 2666 3924 ctorum
2690 3885 2910 3924 suorum
2940 3883 3387 3928 connumeratum
3425 3873 3671 3942 haberet,
3701 3878 3904 3934 beatus
3930 3879 4059 3935 Leo-

2464 3960 2622 4013 biuus
2653 3976 2774 4014 cum
2819 3962 3097 4030 praedictis
3143 3962 3355 4018 duobus
3402 3966 3660 4021 fratribus
3707 3969 3763 4023 in
3819 3969 3941 4025 loco
3975 3972 4056 4038 qui

2462 4064 2684 4105 vocatur
2711 4053 3037 4106 Carbonaria
3069 4054 3312 4108 decrevit
3350 4057 3677 4113 consistere.
3710 4059 3781 4114 Et
3809 4077 3936 4115 cum
3963 4062 4059 4116 ali-

2467 4143 2704 4211 quandiu
2733 4143 2785 4197 in
2818 4144 2988 4198 tribus
3008 4144 3221 4199 cellulis
3241 4161 3272 4199 a
3302 4160 3363 4201 se
3390 4147 3624 4203 conditis
3649 4153 3905 4206 certatim
3931 4153 4060 4207 divi-

2460 4250 2588 4290 num
2633 4237 2926 4304 explerent
2978 4237 3237 4303 officium,
3268 4240 3673 4297 discedentibus
3704 4243 3945 4314 duobus,
3989 4247 4060 4301 la-

2461 4329 2591 4385 bore
2619 4345 2834 4383 suarum
2864 4345 3116 4384 manuum
3161 4346 3259 4400 per
3284 4334 3713 4404 quinquennium
3760 4353 3918 4409 aqua
3948 4352 4058 4395 tan-

2465 4430 2577 4473 tmn
2609 4421 2797 4489 poculo
2845 4430 2899 4475 et
2928 4422 3110 4476 sobrio
3143 4423 3339 4478 ibidem
3381 4439 3566 4495 pastus
3611 4438 3695 4489 est
3723 4432 3874 4485 cibo.
3923 4432 4055 4487 Cum

2462 4523 2641 4566 autem
2670 4513 2859 4566 aestivo
2901 4521 3145 4580 tempore
3173 4526 3469 4582 proventus
3499 4518 3774 4574 fructuum
3806 4523 4058 4589 instaret,

2463 4611 2518 4657 et
2550 4612 2773 4655 rnatum:
2826 4612 3040 4671 segetes
3083 4602 3223 4657 tritae
3272 4603 3481 4660 horreis
3511 4608 3739 4663 recondi
3774 4610 4062 4680 deberent,

2461 4700 2640 4755 subita
2668 4700 2810 4753 aeris
2852 4699 3041 4753 oborta
3081 4709 3395 4771 tempestas,
3431 4704 3502 4757 ita
3533 4706 3813 4775 sylvarum
3846 4708 4063 4780 frange-

2462 4790 2551 4845 bat
2601 4793 2880 4845 cacumina
2932 4801 2988 4845 et
3033 4807 3240 4847 messes
3273 4796 3569 4863 sternebat,
3625 4808 3687 4852 ut
3730 4800 3785 4854 in
3829 4813 4063 4873 stragem

2458 4886 2672 4955 penitus
2717 4886 3026 4939 viderentur
3071 4887 3261 4957 redigi.
3308 4887 3625 4945 Commotus
3663 4907 3802 4964 ergo
3853 4897 3944 4951 vir
3974 4896 4064 4952 Dei

2461 4989 2623 5033 tantae
2686 4977 3145 5033 incommoditatis
3197 4978 3455 5048 periculo,
3507 4993 3697 5037 contra
3747 4984 4062 5056 bujusmodi

2459 5073 2628 5127 nimbi
2692 5082 3066 5142 tempestatem
3121 5073 3433 5130 coelestibus
3479 5077 3664 5141 armis,
3721 5081 4064 5137 orationibus

2464 5167 2740 5229 videlicet,
2783 5180 2842 5220 se
2888 5166 3182 5231 inarmans,
3234 5166 3410 5220 oleum
3465 5181 3633 5222 sacra:
3661 5168 4063 5228 benedictionis

2457 5314 2589 5379 tum,
2627 5304 2766 5379 quod
2812 5319 2953 5359 anno
2981 5305 3117 5379 {£349
3160 5307 3406 5361 szeculari
3439 5316 3559 5379 toga
3592 5307 3857 5365 donatum
3900 5322 4004 5367 est.
4039 5330 4057 5366 ι

2461 5376 2692 5448 Manum.
2725 5376 2800 5430 De
2822 5379 2950 5448 ‘hoc
2996 5376 3147 5445 Lupo
3187 5379 3341 5448 plura
3374 5376 3517 5443 apud
3548 5379 3829 5437 Cointium
3858 5386 3928 5437 ad
3972 5400 4058 5437 an.

2456 5445 2782 5521 521,_num.
2814 5445 2870 5500 9..
2923 5445 3333 5516 Lugdunensem
3389 5450 3685 5504 Ecclesiam
3721 5454 3949 5521 regebat
3998 5457 4058 5508 ad

2456 5532 2546 5570 an.
2570 5518 2697 5578 535,
2729 5534 2835 5584 quo
2850 5528 3102 5590 tempore
3133 5522 3473 5589 Lugdunum,
3506 5522 3680 5573 Insula
3719 5518 3986 5590 Barbara,
4009 5537 4055 5578 et

2456 5590 2572 5642 alia!
2609 5589 3045 5655 Burgundionum
3078 5592 3329 5659 regiones
3356 5592 3409 5645 in
3452 5600 3780 5660 pitestatem
3820 5589 4055 5651 Franco-

2454 5674 2571 5713 rum
2601 5661 2958 5713 devenerunt.

2530 5741 2547 5757 "
2582 5728 2828 5784 Cointius
2876 5734 3193 5809 locosupt-a
3234 5736 3401 5809 cita-to
3470 5734 3640 5809 refert
3688 5736 4052 5809 hancfugatn

2456 5817 2842 5876 monaenorunt
2904 5819 2969 5857 ex
3017 5803 3189 5857 Insula
3234 5805 3463 5860 Barbara
3505 5807 3571 5858 ad
3616 5820 3708 5861 att.
3759 5807 3890 5862 524.
3943 5803 4054 5876 ἧιιο

2457 5886 2597 5949 anno
2618 5873 2992 5949 Clodomeres,
3015 5891 3107 5929 rex
3144 5877 3472 5932 Francorum
3502 5891 3626 5932 cum
3657 5873 4036 5949 Burgundioni

2456 5946 2555 6000 bus
2586 5960 2751 6015 prope
2783 5946 3039 6000 Viennam
3080 5948 3343 6003 conflixit.
