4194 6544
134 427 243 481 553

133 551 414 609 opponens
446 548 550 587 non
598 532 770 587 solum
822 528 1029 597 fulgura
1061 537 1113 581 et
1145 525 1403 586 tonitrua,
1438 530 1729 590 tempesta-
1767 523 1813 583 Α

137 644 248 687 tem
289 628 640 692 cuucitantia,
675 625 800 681 fecit
826 622 1234 693 conquiescere,
1274 630 1329 675 et
1359 620 1411 673 in
1458 617 1733 685 pristinam

139 723 584 791 tranquillitatem
615 718 760 774 aeris
792 716 1193 787 quassationem
1224 713 1429 771 redire,
1466 709 1559 763 sed
1590 707 1740 760 insu—

141 834 241 885 per
271 815 532 886 quidquid
567 813 719 869 cella:
762 811 816 865 in
858 808 1139 878 stipendiis
1170 805 1492 867 debebatur,
1529 800 1630 855 sub
1660 799 1739 853 in-

140 911 398 979 tegritate
420 904 683 960 conferri.
711 903 855 957 Illius
878 900 1121 954 miraculi
1147 896 1513 965 spectaculum
1533 908 1561 945 a
1586 891 1741 946 beato

143 1002 265 1056 viro
323 1009 592 1068 patratum
646 996 713 1050 ad
764 993 977 1049 laudem
1024 992 1117 1046 Dei
1173 1000 1256 1044 est
1306 985 1562 1041 memoria
1616 982 1741 1038 reti-

144 1091 405 1147 nendum.

223 1183 277 1236 8.
323 1181 459 1235 Dum
487 1181 677 1233 beatus
700 1187 724 1215 ι
752 1176 1034 1232 Etherius
1052 1174 1335 1243 episcopus
1365 1171 1578 1225 beatum
1608 1167 1743 1222 Leo-

145 1274 337 1328 binum
364 1272 593 1340 Brajaco
619 1267 808 1344 [Brou]
861 1279 917 1323 ut
948 1268 1047 1321 sibi
1077 1260 1431 1335 occurreretb
1474 1275 1744 1316 convoca-

148 1373 259 1425 ret,
294 1363 525 1431 contigit
552 1371 612 1415 ut
655 1361 826 1415 vicina
870 1358 1015 1413 illius
1041 1357 1190 1410 cella:
1235 1352 1497 1423 quidquid
1529 1352 1744 1405 obvium

152 1459 296 1514 edax
338 1458 477 1527 ignis
519 1458 795 1509 invenerat
827 1451 1186 1513 exurendum,
1220 1448 1351 1501 nihil
1385 1454 1628 1513 parceret
1657 1459 1747 1499 re-

148 1549 525 1618 linquendum.
571 1547 675 1601 Sed
720 1560 839 1599 cum
895 1542 1144 1596 monachi
1198 1538 1329 1591 tanti
1363 1550 1617 1605 vaporem
1668 1533 1746 1587 in-

149 1643 331 1696 cendii
378 1654 715 1708 nequaquam
749 1636 958 1705 injeCIis
988 1634 1139 1700 aquis
1181 1638 1401 1699 possent
1432 1629 1747 1695 reprimere,

150 1734 250 1787 sed
276 1743 336 1786 ut
368 1734 672 1793 videbatur,
710 1730 880 1797 potius
912 1728 1085 1796 ignem
1116 1726 1193 1779 eis
1221 1722 1535 1777 viderentur
1560 1734 1750 1772 accen-

149 1827 316 1886 dere,
344 1824 431 1878 vir
468 1824 559 1877 Dei
590 1822 865 1875 Leobiuus
895 1816 1226 1872 orationibus
1250 1814 1363 1868 suis
1391 1824 1446 1867 et
1478 1812 1747 1881 lacrymis,

1048 411 1208 467 VITA
1251 410 1309 466 S.
1354 405 1618 463 LEOBINl
1660 400 2147 460 CARNUTENSIS
2189 395 2525 457 EPISCOPI.

3330 392 3435 447 654

1918 515 2000 569 ll.
2047 514 2130 569 Ab
2170 513 2269 568 hac
2318 514 2495 581 itaque
2546 511 2840 565 tentatione
2866 508 2977 564 Deo
3020 521 3078 563 se
3120 517 3440 577 protegente

1840 615 2093 675 ereptus,
2132 604 2439 675 contigitut
2489 604 2604 673 ipse
2644 601 2736 672 qui
2782 602 3008 655 aliorum
3045 600 3441 653 infirmitatibus

1841 701 2125 755 exstiterat
2158 697 2423 760 medicus,
2469 696 2652 751 cancri
2703 694 2923 748 vulnere
2976 701 3344 762 percuteretur
3383 692 3437 745 in

1847 791 2103 855 naribus;
2147 789 2389 859 quidam
2437 786 2823 841 monachorum
2860 784 3112 853 precibus
3159 791 3440 852 rogaretur

1844 897 1899 939 ut
1928 884 2030 937 sibi
2054 883 2293 936 humano
2314 878 2551 948 quolibet
2572 878 2747 931 studio
2774 879 3105 940 mederetur,
3140 876 3255 944 ipse
3274 883 3444 929 {eleb

1845 994 1914 1032 nu
1938 977 2109 1033 fidens
2138 979 2190 1029 itt
2224 976 2430 1030 medico
2451 1014 2464 1039 ,
2489 976 2577 1043 qui
2606 974 2725 1029 solo
2758 974 2918 1027 verbo
2949 982 3101 1025 curat
3120 972 3325 1036 omnia,
3352 985 3443 1022 ce-

1845 1085 1959 1125 ram
1990 1070 2328 1125 benedictum
2360 1083 2454 1136 per
2477 1083 2647 1121 annos
2696 1064 2808 1121 fere
2862 1065 3147 1119 duodecim
3194 1063 3436 1131 ejusdem

1846 1162 2020 1215 morbi
2064 1161 2318 1229 imposuit
2347 1158 2470 1213 tabo
2491 1200 2505 1224 ,
2542 1168 2600 1211 ut
2631 1158 2798 1211 virtus
2832 1171 2925 1226 per
2953 1156 3187 1210 divinam
3216 1157 3442 1224 gratiam

1847 1262 2195 1321 augmentum
2219 1262 2442 1321 caperet
2479 1249 2810 1304 infirmitate.
2841 1250 2995 1305 Unde
3023 1262 3241 1318 semper
3271 1245 3324 1299 in
3353 1246 3447 1301 Dei

1847 1347 2067 1402 servitio
2096 1358 2421 1415 permanens
2444 1383 2458 1407 ,
2489 1353 2543 1396 et
2564 1340 2617 1394 in
2644 1341 2893 1395 omnibus
2939 1341 3048 1393 Deo
3091 1339 3292 1407 gratias
3326 1338 3451 1391 red.

1849 1438 2002 1504 deus,
2032 1438 2150 1492 sine
2175 1437 2355 1505 aliquo
2386 1435 2619 1488 humano
2642 1433 2981 1502 suffragante
3006 1434 3225 1498 auxilio,
3256 1440 3442 1501 postea

1851 1531 2064 1585 ttarium
2090 1529 2288 1582 meruit
2320 1527 2562 1594 recipere
2584 1525 2892 1581 sanitatem.

1925 1622 2012 1675 12.
2053 1621 2369 1676 Proferatur
2394 1622 2444 1672 in
2473 1620 2706 1673 medium
2726 1630 2778 1674 et
2806 1620 2933 1674 illud
2967 1620 3291 1688 stupendum
3322 1633 3445 1690 ges-

1854 1724 1920 1767 ta:
1966 1713 2040 1767 rei
2092 1712 2431 1774 miraculum,
2465 1714 2608 1780 quod
2641 1713 2888 1766 omnibus
2943 1714 3200 1781 prodesse
3249 1713 3451 1780 poterit

1853 1807 1919 1859 ad
1945 1807 2063 1860 fidei
2086 1806 2740 1872 incrementum.Quidam
2769 1821 2831 1861 ex
2858 1808 3156 1873 monachis,
3188 1807 3449 1863 vocabulo

148 1878 554 1969 valentioribus
577 1913 753 1979 aquis,
781 1912 1118 1965 flammarum
1142 1906 1329 1975 globus
1364 1906 1578 1958 nomine
1599 1903 1752 1956 Cltri-
1785 1878 1832 1939 Β
1861 1898 2173 1968 Tyrannus,
2205 1898 2440 1951 crudelis
2484 1898 2699 1966 quidem
2725 1898 2987 1951 antithelo
3043 1898 3259 1953 nomine
3288 1940 3302 1961 ,
3352 1899 3450 1953 sed

148 2010 223 2061 sli
261 2012 511 2059 invocato
543 2007 754 2072 penittts
781 2000 1057 2069 consopiri
1093 2000 1237 2053 fecit.

224 2101 279 2153 9.
328 2100 437 2153 Nec
464 2100 643 2152 minus
672 2108 727 2150 et
755 2096 897 2148 illius
923 2094 1163 2147 miraculi
1188 2090 1396 2157 insigne
1426 2085 1752 2155 praeconium

151 2197 435 2247 memoria:
464 2202 549 2245 est.
580 2188 1093 2243 commendandum.
1126 2183 1257 2238 Cum
1312 2196 1406 2245 per
1438 2181 1577 2233 idem
1615 2189 1753 2231 tem-

151 2301 254 2355 pus
286 2285 543 2353 praefatus
578 2282 857 2336 Etherius
896 2279 1182 2344 episcopus
1217 2275 1357 2327 beati
1390 2272 1489 2325 viri
1534 2268 1753 2325 Leohini

157 2380 502 2444 prospiciens
538 2376 908 2431 sanctitatem,
958 2369 1023 2422 ad
1068 2369 1385 2421 diaconatus
1436 2364 1755 2433 proveheret

148 2468 419 2527 officium.
452 2478 506 2520 et
543 2465 797 2518 fratribus
845 2458 1183 2528 Brajacensis
1212 2456 1522 2511 monasterii
1553 2469 1757 2524 praepo-

152 2570 339 2624 neret,
373 2560 595 2628 ilignum
626 2556 780 2610 duxit
804 2563 861 2608 ut
888 2550 1226 2622 praefecturae
1256 2550 1490 2604 ofllciunt
1516 2561 1757 2601 commo-

153 2654 284 2706 dius
311 2659 517 2719 ageret,
548 2650 591 2702 si
618 2648 683 2702 ad
713 2643 1034 2716 presbyterii
1059 2658 1194 2697 onus
1216 2657 1344 2713 ,eum
1388 2638 1759 2695 ordinabiliter

154 2744 506 2798 sublimaret.
561 2738 909 2794 Postmodum
957 2752 1079 2792 cum
1127 2735 1341 2790 ﬂamma
1398 2732 1568 2788 rabidi
1626 2733 1759 2801 ignis

159 2836 352 2902 sylvas
377 2843 433 2886 et
480 2848 702 2900 campos
732 2846 971 2887 exurens
1015 2830 1082 2885 ad
1131 2828 1516 2884 monasterium
1550 2834 1761 2897 segetes

157 2924 448 2980 exurendo
486 2924 749 2991 venisset,
802 2932 858 2977 et
887 2921 1135 2977 monachi
1165 2921 1283 2987 ejus
1316 2930 1459 2973 metu
1489 2934 1519 2970 a
1574 2932 1761 2972 mensa

159 3016 562 3080 surrexissent,
592 3017 675 3068 vir
700 3024 920 3069 sanctus
952 3015 1005 3068 in
1026 3014 1274 3068 oratione
1304 3020 1428 3066 ante
1452 3010 1761 3066 incendium

161 3114 497 3173 prostratus,
542 3105 686 3171 apud
745 3106 868 3159 ειηΙί
920 3105 1087 3158 Deum
1136 3106 1425 3173 impetrare
1474 3102 1669 3157 meruit
1710 3111 1766 3155 ut

159 3196 347 3247 omnis
380 3195 520 3247 illius
566 3194 704 3261 ignis
756 3193 936 3247 rabies
967 3208 1222 3261 oppressa
1271 3194 1667 3260 consopiretur,
1714 3200 1765 3246 et
1797 3233 1842 3296 C

164 3284 400 3353 pristina
425 3283 711 3349 temperies
740 3283 883 3335 aeris
910 3282 1119 3336 reddita
1154 3282 1510 3337 blandiretur.

244 3374 339 3427 10.
384 3373 657 3427 lnseratur
693 3374 817 3426 huic
848 3375 997 3441 operi
1023 3373 1151 3428 illud
1183 3375 1405 3429 caeleste
1430 3374 1765 3437 miraculum,

163 3464 319 3533 quod
354 3462 617 3517 Dominus
642 3472 855 3532 patrare
878 3463 1131 3532 dignatus
1157 3474 1237 3517 est
1264 3480 1361 3531 per
1392 3466 1603 3519 beatum
1634 3465 1766 3518 Leo-

164 3559 387 3612 binum.
413 3556 654 3622 Quodam
690 3566 934 3624 temmre
965 3557 1074 3609 duo
1095 3557 1465 3625 energumeni,
1492 3558 1543 3609 in
1575 3556 1767 3624 quibus

166 3659 322 3702 tanta
357 3650 439 3701 vis
470 3652 780 3701 dtemomtm
811 3648 1191 3716 przevaluerat,
1223 3657 1278 3701 ut
1309 3663 1452 3717 smpe
1485 3650 1688 3702 vincula
1716 3658 1769 3702 et

164 3748 399 3792 catenas
433 3738 881 3799 comminuereut,
916 3746 1267 3791 occurrentes
1310 3739 1624 3791 beatissimo
1655 3742 1770 3792 viro

170 3829 459 3897 sospitatis
490 3829 788 3882 remedium
834 3828 1015 3897 largiri
1062 3830 1165 3883 sibi
1203 3830 1471 3883 humiliter
1511 3846 1771 3898 potiusce-

170 3930 333 3974 runt.
365 3918 599 3973 Sanctus
649 3919 832 3985 itaque
864 3920 940 3970 vir
969 3932 998 3970 a
1047 3916 1299 3973 fratribus
1338 3920 1645 3973 cohortatus
1674 3922 1771 3973 im-

173 4010 423 4078 pendere
451 4010 681 4076 gratiam
727 4008 951 4061 metlelte
977 4008 1277 4063 daamunico
1307 4008 1489 4063 furore
1536 4012 1767 4078 agitatis,

171 4103 383 4171 pietate
412 4109 741 4161 commotus.
769 4099 1022 4167 Opposito
1051 4100 1232 4153 crucis
1262 4099 1557 4166 signaculo,
1580 4111 1631 4153 et
1657 4101 1769 4154 dre-

175 4204 372 4243 tnnnes
404 4190 474 4241 ab
508 4191 575 4241 iis
599 4188 831 4257 expulit,
862 4196 917 4241 et
946 4188 1189 4255 pristina:
1220 4190 1465 4242 sanitatis
1490 4189 1773 4243 incolumi-

176 4284 275 4334 tati
328 4280 625 4334 efficaciter
666 4278 918 4333 restituit.
952 4279 1059 4333 Nec
1111 4280 1280 4335 multo
1332 4288 1452 4348 post
1504 4291 1769 4350 tempore,

174 4378 310 4428 dum
346 4376 505 4443 longe
537 4390 567 4427 a
612 4375 746 4428 cella
786 4375 983 4429 absens
1010 4383 1180 4437 esset,
1205 4382 1257 4427 et
1295 4372 1363 4425 ad
1393 4373 1771 4427 monasterium

178 4467 272 4519 ubi
323 4480 509 4531 paucae
542 4466 731 4530 puella:
776 4467 1124 4519 morabantur
1165 4465 1553 4533 compendioso
1584 4464 1773 4518 itinere

1856 1991 2148 2059 praeclarus
2182 1988 2380 2042 virtute
2401 2028 2415 2052 ,
2447 1988 2573 2041 dum
2595 1999 2741 2043 esset
2761 1990 2989 2059 quadam
3010 2000 3167 2044 nocte
3186 1989 3450 2045 sollicitus

1857 2080 2100 2149 pervigil,
2133 2094 2232 2133 vox
2259 2080 2305 2132 ei
2335 2080 2535 2133 directa
2560 2092 2642 2134 est
2664 2082 2802 2149 quod
2833 2091 3027 2136 tactum
3046 2080 3157 2151 jam
3180 2080 3453 2136 sonuisset

1856 2173 2086 2239 signum.
2107 2170 2216 2224 llac
2246 2170 2421 2237 itaque
2445 2184 2575 2224 voce
2602 2170 2965 2224 Commonitus
2982 2170 3151 2239 surgit
3170 2173 3449 2234 continuo.

1856 2276 1910 2320 et
1937 2267 2209 2333 ingressus
2235 2264 2513 2319 basilicam
2541 2263 2831 2332 splendore
2882 2263 3064 2318 diffusi
3110 2264 3328 2318 luminis
3362 2280 3447 2318 ra-

1857 2360 2118 2421 diantem,
2170 2358 2223 2410 in
2267 2372 2371 2426 qua
2399 2359 2722 2427 conspicuos
2744 2358 2997 2414 claritate
3029 2358 3289 2426 prospicit
3316 2358 3455 2413 duos

1861 2450 2079 2516 egregia
2122 2446 2293 2501 fetma
2337 2451 2503 2511 viros,
2554 2459 2796 2502 sanctum
2849 2447 3097 2504 videlicet
3136 2449 3453 2513 Leobinum,

1860 2552 1912 2595 et
1942 2542 2168 2595 alterum
2218 2541 2435 2595 nomine
2467 2541 2567 2595 sibi
2600 2541 2954 2609 incognitum,
2989 2556 3053 2596 ex
3078 2556 3307 2612 quorum
3337 2542 3455 2597 visu

1862 2636 2028 2689 nimio
2053 2649 2251 2701 pavore
2278 2634 2595 2701 perterritus
2620 2634 2796 2703 fugam
2822 2633 2997 2699 inivit,
3028 2648 3254 2703 seseque
3277 2635 3329 2689 in
3355 2650 3452 2689 sua

1861 2728 1997 2780 cella
2041 2726 2345 2780 abscondit.
2379 2725 2484 2780 Sed
2527 2724 2653 2779 dum
2682 2725 2748 2778 ad
2779 2726 2915 2793 signi
2949 2740 3141 2779 sonum
3174 2724 3227 2779 in
3262 2726 3458 2795 preta-

1866 2828 1971 2872 tam
2002 2819 2273 2872 basilicam
2304 2818 2369 2871 ad
2432 2818 2721 2873 Matutinus
2773 2834 2832 2872 se
2881 2817 3149 2872 intulisset
3204 2821 3456 2887 hymnos,

1866 2910 2075 2975 expleta
2108 2908 2369 2963 orationis
2400 2907 2790 2962 consuetudine
2812 2908 3141 2977 praelocutus
3166 2908 3452 2977 Tyrannus

1867 3014 2053 3057 cautus
2100 3010 2155 3056 et
2201 3002 2433 3055 devotus
2486 3002 2659 3069 pergit
2715 3001 2781 3053 ad
2834 3000 3092 3054 domuum
3142 3001 3460 3065 Leobtnum,

1869 3094 2160 3148 obsecrans
2183 3104 2239 3146 ut
2287 3091 2389 3145 sibi
2438 3092 2696 3145 indicaret
2742 3106 2860 3159 qua:
2888 3103 3031 3145 esset
3088 3091 3177 3145 illa
3227 3107 3457 3159 persona

1872 3202 2031 3252 quam
2060 3186 2112 3239 in
2157 3183 2373 3239 basilica
2399 3198 2502 3236 una
2534 3198 2654 3236 cum
2683 3197 2749 3236 eo
2782 3183 3005 3236 intuitus
3036 3193 3200 3237 esset.
3248 3184 3463 3255 Agnos-

1873 3292 2000 3331 cens
2056 3277 2233 3345 itaque
2283 3276 2363 3328 vir
2416 3274 2504 3327 Dei
2563 3274 2778 3327 fratrem
2816 3273 2984 3329 fuisse
3029 3274 3249 3344 dignum
3301 3287 3466 3332 tantm

1873 3366 2173 3421 devotionis
2206 3364 2497 3423 miraculo.
2527 3366 2602 3417 ait
2639 3382 2649 3415 :
2687 3363 2895 3426 Frater,
2927 3378 3048 3419 cum
3101 3364 3293 3420 fuisses
3338 3383 3467 3421 ora-

1873 3460 2068 3515 torium
2102 3460 2377 3526 ingressus
2401 3468 2454 3509 et
2484 3457 2620 3510 duos
2652 3459 2853 3525 pariter
2884 3458 3112 3512 ridisses
3140 3460 3284 3515 viros
3304 3502 3320 3527 ,
3354 3477 3465 3523 me,

1873 3562 1929 3606 ut
1958 3551 2147 3616 audio,
2179 3549 2476 3617 cognovisti
2506 3566 2520 3611 ;
2561 3550 2699 3602 alter
2720 3565 2850 3602 veru
2878 3548 3204 3614 incognitus,
3236 3553 3331 3607 sed
3358 3555 3463 3607 mi-

1872 3644 2013 3698 cauti
2037 3644 2323 3708 splendore
2344 3641 2606 3694 candidus
2628 3680 2643 3703 ,
2682 3640 2798 3706 ipse
2823 3649 2906 3696 est
2935 3641 3124 3697 beatus
3156 3644 3346 3699 Avitus
3378 3662 3465 3701 me

1874 3734 2146 3787 visitando
2173 3734 2423 3801 dignatus
2451 3734 2725 3801 corripere
2762 3741 2821 3787 et
2867 3748 3214 3790 commonere
3241 3740 3471 3805 qualiter

1874 3824 2096 3877 debeam
2128 3823 2413 3889 quemdam
2445 3822 2669 3875 fratrem
2700 3836 2794 3891 pro
2825 3823 2934 3876 suis
2960 3827 3270 3881 excessibus
3297 3832 3472 3884 corri-

1872 3928 2019 3981 gere.
2054 3911 2241 3965 Metito
2276 3926 2507 3979 namque
2537 3912 2761 3966 caeleste
2792 3912 2971 3967 lumen
3009 3929 3172 3982 super
3217 3928 3463 3973 sanctum

1875 4005 2045 4059 virum
2074 4005 2482 4070 radiabat,qnia
2538 4005 2663 4059 licet
2695 4006 2746 4059 in
2792 4015 2930 4060 terra
2974 4022 3236 4075 corpore,
3293 4020 3473 4065 mente

1878 4106 2056 4151 tamen
2080 4099 2502 4150 conversabatur
2532 4098 2582 4151 in
2613 4098 2786 4160 emlis,
2833 4098 2989 4165 juxta
3020 4100 3151 4153 illud
3184 4102 3427 4170 Apostuli
3458 4122 3467 4155 :

1880 4188 2075 4241 Nostra
2100 4198 2268 4240 autem
2292 4188 2609 4240 conuersatio
2633 4188 2684 4259 in
2708 4188 2848 4239 caelis
2873 4198 2945 4241 est
2974 4187 3201 4258 (Philip.
3236 4207 3313 4256 ιιι,
3346 4192 3467 4260 20).

1882 4278 2032 4332 Unde
2062 4278 2420 4331 visitationem
2451 4275 2645 4331 meruit
2676 4275 2874 4330 habere
2905 4286 2959 4330 et
2994 4280 3417 4336 consolationem
3455 4303 3465 4335 :

1879 4373 1930 4425 in
1954 4371 2108 4437 cujus
2127 4371 2171 4424 si
2190 4369 2408 4438 quidem
2432 4368 2595 4422 corde
2618 4377 2673 4422 et
2697 4383 2792 4423 ore
2816 4385 2909 4439 per
2932 4371 3233 4427 divinorum
3257 4374 3470 4444 eloquia

1880 4466 2257 4519 mandatorum
2289 4464 2377 4517 lux
2420 4463 2658 4517 cmlcstis
2686 4464 2874 4531 gratiae
2910 4463 3112 4532 jugiter
3138 4480 3199 4519 ac
3228 4466 3475 4523 ineffabi«

176 4556 508 4619 declinaret,
559 4556 789 4624 benigne
819 4565 1080 4623 exceptus
1127 4564 1211 4609 est
1250 4556 1318 4609 ab
1366 4556 1493 4608 illis.
1531 4555 1771 4624 Denique
1806 4582 1855 4641 ι)
1882 4557 2001 4611 liter
2025 4556 2291 4610 rutilabat.

179 4657 311 4718 post
342 4648 696 4701 humanitatis
717 4647 976 4709 officium,
1003 4646 1141 4715 quod
1168 4646 1217 4699 ci
1246 4646 1599 4700 libentissime
1625 4647 1773 4701 exhi-

180 4740 446 4803 buerunt,
481 4738 816 4805 intempestte
863 4736 1034 4790 noctis
1080 4736 1294 4788 silentio
1335 4752 1436 4788 una
1485 4738 1549 4791 de
1579 4738 1776 4805 puelia-

180 4845 310 4885 rum
343 4829 579 4896 collegio
610 4830 876 4883 incentive
906 4828 1132 4897 impulsa
1165 4828 1471 4896 petulantia:
1514 4842 1643 4882 testu
1687 4848 1778 4883 nc-

182 4919 349 4986 fario,
386 4921 609 4987 pedibus
654 4921 822 4975 Sancti
851 4919 1085 4989 jacentis
1126 4920 1227 4974 sub
1279 4920 1401 4973 lecti
1445 4922 1778 4989 operimento

179 5012 443 5066 dentibus
483 5012 730 5064 dolosum
776 5012 955 5065 intulit
1004 5028 1283 5076 morsum;
1314 5015 1403 5082 qtti
1455 5015 1693 5069 sentiens
1721 5030 1779 5069 se

184 5104 502 5173 hujusmodi
534 5117 719 5157 mursu
750 5112 1112 5169 attrectatum,
1159 5119 1279 5157 cum
1310 5109 1655 5171 percussione
1686 5123 1778 5174 pe-

182 5200 360 5253 ctoris
392 5206 447 5253 et
479 5199 685 5267 ingenti
715 5198 915 5269 gemitu
958 5198 1102 5253 illam
1146 5198 1367 5266 pedibus
1400 5203 1513 5253 suis
1559 5203 1778 5269 repulit,

186 5288 535 5345 mortiferum
564 5290 728 5343 veluti
760 5305 1048 5352 venenum,
1080 5300 1135 5344 et
1161 5300 1367 5343 servata
1414 5293 1559 5345 omni
1599 5308 1779 5361 corpo-

184 5384 267 5437 ris
300 5382 628 5452 integritate,
666 5383 885 5449 laqueos
916 5382 1158 5436 mulieris
1201 5382 1317 5436 sine
1349 5382 1546 5436 damno
1588 5386 1779 5448 evasit,

186 5473 463 5542 pudicitite
490 5472 732 5541 strophio
762 5473 1100 5541 praecinctus.

266 5592 292 5619 ⁸
319 5584 603 5656 [Etherius
628 5584 916 5654 episcopus
934 5586 1283 5640 Caruotensis
1302 5587 1619 5647 subscripsit
1648 5604 1785 5656 syn-

187 5652 735 5779 odoS‘A‘urelianensi
780 5652 832 5708 llr
868 5671 956 5710 an.
1002 5656 1139 5716 555.
1198 5673 1252 5711 ιιι
1300 5675 1385 5710 an.
1437 5659 1540 5712 538
1569 5704 1581 5725 ,
1630 5652 1695 5713 ρι’
1737 5676 1785 5713 tv

188 5741 281 5779 an.
425 5766 438 5779 .

188 5741 281 5779 an.
316 5741 438 5780 «341.

268 5795 566 5851 δϐοἱιιιίιις
602 5794 839 5849 affirmat
885 5797 941 5851 S.
996 5796 1293 5852 Leohinttm
1337 5814 1362 5851 a
1408 5799 1462 5853 S.
1512 5798 1783 5864 Etherio,

190 5868 451 5938 cpisc0po
473 5868 819 5930 Carnuteusi,
856 5868 1133 5937 Brajacnm
1165 5873 1482 5924 accersitum
1515 5873 1704 5937 fuisse,
1734 5885 1784 5925 et

607 5962 879 6022 Panoc.
929 5962 1029 6019 LX
1046 5962 1096 6021 Χ
1112 5964 1161 6023 Χ
1178 5962 1332 6023 Vl".

1954 4648 2039 4700 13.
2105 4647 2218 4699 Non
2262 4646 2431 4700 multo
2490 4654 2608 4713 post
2652 4654 2912 4713 tempore,
2956 4661 2985 4700 a
3034 4647 3191 4700 beato
3223 4647 3475 4704 £tlterio

1879 4741 2129 4810 pontifice
2160 4741 2205 4792 ei
2249 4738 2553 4807 injunctttm
2584 4748 2666 4793 est
2720 4751 2778 4792 ut
2833 4755 2990 4792 causa
3046 4740 3361 4806 proficiendi
3414 4742 3469 4797 in

1882 4834 2093 4895 melius,
2124 4843 2368 4885 sanctum
2396 4840 2418 4869 ε
2443 4830 2738 4884 Caesarium
2764 4831 3132 4884 Arelatensem
3156 4832 3471 4901 episcopum

1882 4923 2154 4990 inquirere
2185 4930 2237 4972 et
2269 4920 2418 4973 adire
2446 4920 2664 4973 deberet
2695 4920 3012 4988 intrepidus.
3053 4922 3129 4975 Ad
3152 4939 3313 4992 quem
3344 4938 3469 4980 cum

1883 5015 2215 5083 pervenisset
2245 5011 2301 5065 S.
2341 5012 2633 5076 Leohinus,
2688 5016 2992 5082 pariterque
3034 5028 3156 5067 cum
3186 5030 3251 5069 eo
3282 5016 3473 5071 beatus

1885 5107 2128 5169 Albinus,
2163 5104 2251 5172 qui
2282 5119 2467 5157 comes
2508 5104 2624 5172 ejus
2656 5106 2864 5158 itineris
2894 5107 3094 5169 fuerat,
3122 5109 3411 5173 requisitos
3442 5126 3473 5164 a

1886 5196 2042 5250 beato
2066 5196 2301 5249 ϐεεεειτὶο
2329 5212 2425 5247 cur
2447 5199 2579 5249 tanti
2614 5196 2821 5249 itineris
2862 5198 3099 5252 laborem
3144 5199 3476 5268 asstnupsis-

1886 5300 1998 5353 set,
2031 5288 2311 5356 respondit
2351 5289 2539 5343 beatus
2583 5289 2807 5342 Albinus
2856 5305 2915 5343 se
2967 5293 3341 5345 tantummodo
3393 5294 3479 5348 sui

1886 5379 2137 5433 desiderii
2194 5394 2353 5433 causa
2407 5379 2616 5433 venisse
2661 5397 2671 5429 :
2710 5380 2926 5434 beatum
2980 5397 3107 5433 vero
3156 5382 3475 5447 Leobinuni,

1887 5471 2159 5525 dereliCtis
2184 5470 2457 5534 fratribus,
2485 5471 2678 5539 quibus
2697 5472 3014 5541 prtepositus
3039 5470 3266 5538 fuerat,‘l
3295 5472 3479 5529 Lirino

1888 5587 2214 5642 monasterio
2250 5586 2548 5655 Brajacensi
2583 5590 2926 5655 prrepositum
2958 5587 3021 5641 ad
3053 5602 3142 5641 an.
3177 5587 3306 5643 5'55.

1964 5669 1984 5698 ο
2026 5658 2082 5712 S.
2126 5657 2390 5710 Cmsarins
2422 5673 2507 5724 ep.
2537 5660 2863 5712 Arelatensis
2884 5660 3116 5711 tleceSsit
3138 5658 3202 5711 ad
3234 5674 3322 5711 an.
3349 5656 3479 5723 ὅθ,

1888 5738 1947 5783 tit
1995 5728 2226 5781 ostendit
2271 5715 2515 5781 Cointius
2563 5728 2627 5781 ad
2673 5729 2815 5782 hunc
2844 5744 3079 5793 annum,
3114 5745 3168 5782 ιι.
3203 5728 3270 5781 15
3300 5738 3355 5783 et
3388 5715 3477 5793 ι’(ςζ

1890 5816 2010 5854 cum
2042 5798 2267 5851 sedisset
2297 5814 2386 5850 an.
2418 5796 2505 5852 40.

1960 5870 1983 5907 ἀ
2020 5872 2188 5926 Lotus
2229 5878 2528 5937 corruptus.

2995 5963 3065 6024 18
