  <div class='ocr_page' id='page_1' title='image "/cluster/home/n/w/nwhite01/storage/ocr_20150623/88-89/uc1.31175000868714/283.png"; bbox 0 0 4194 6552; ppageno 0'>
   <div class='ocr_carea' id='block_1_1' title="bbox 729 425 897 492">
    <p class='ocr_par' dir='ltr' id='par_1_1' title="bbox 729 425 897 492">
     <span class='ocr_line' id='line_1_1' title="bbox 729 425 897 492; baseline -0.03 0"><span class='ocrx_word' id='word_1_1' title='bbox 729 425 732 429; x_wconf 83' lang='grc'><em>’</em></span> <span class='ocrx_word' id='word_1_2' title='bbox 791 437 897 492; x_wconf 74' lang='lat'><strong>555</strong></span> 
     </span>
    </p>
   </div>
   <div class='ocr_carea' id='block_1_2' title="bbox 1474 427 3323 488">
    <p class='ocr_par' dir='ltr' id='par_1_2' title="bbox 1474 427 3323 488">
     <span class='ocr_line' id='line_1_2' title="bbox 1474 427 3323 488; baseline 0 -6"><span class='ocrx_word' id='word_1_3' title='bbox 1474 433 1795 488; x_wconf 63' lang='lat' dir='ltr'><strong>VENANTII</strong></span> <span class='ocrx_word' id='word_1_4' title='bbox 1841 431 1992 486; x_wconf 77' lang='lat' dir='ltr'><strong>NON.</strong></span> <span class='ocrx_word' id='word_1_5' title='bbox 2035 430 2242 485; x_wconf 77' lang='lat' dir='ltr'><strong>(Il.E\i.</strong></span> <span class='ocrx_word' id='word_1_6' title='bbox 2287 429 2674 485; x_wconf 69' lang='lat' dir='ltr'><strong>FOIi&#39;I‘UNH‘l</strong></span> <span class='ocrx_word' id='word_1_7' title='bbox 2715 428 2998 484; x_wconf 68' lang='lat' dir='ltr'><strong>OPlillUM</strong></span> <span class='ocrx_word' id='word_1_8' title='bbox 3044 428 3217 485; x_wconf 68' lang='lat' dir='ltr'><strong>PARS</strong></span> <span class='ocrx_word' id='word_1_9' title='bbox 3262 427 3323 484; x_wconf 84' lang='lat' dir='ltr'><strong>ll.</strong></span> 
     </span>
    </p>
   </div>
   <div class='ocr_carea' id='block_1_3' title="bbox 3945 430 4036 484">
    <p class='ocr_par' dir='ltr' id='par_1_3' title="bbox 3945 430 4036 484">
     <span class='ocr_line' id='line_1_3' title="bbox 3945 430 4036 484; baseline 0.033 -3"><span class='ocrx_word' id='word_1_10' title='bbox 3945 430 4036 484; x_wconf 72' lang='grc'><strong>556</strong></span> 
     </span>
    </p>
   </div>
   <div class='ocr_carea' id='block_1_4' title="bbox 788 542 4032 616">
    <p class='ocr_par' dir='ltr' id='par_1_4' title="bbox 788 542 4032 616">
     <span class='ocr_line' id='line_1_4' title="bbox 788 542 4032 616; baseline -0.001 -16"><span class='ocrx_word' id='word_1_11' title='bbox 788 553 1214 616; x_wconf 85' lang='lat' dir='ltr'><strong>properaturum,</strong></span> <span class='ocrx_word' id='word_1_12' title='bbox 1239 544 1326 597; x_wconf 90' lang='lat' dir='ltr'><strong>ubi</strong></span> <span class='ocrx_word' id='word_1_13' title='bbox 1358 545 1606 598; x_wconf 84' lang='lat' dir='ltr'><strong>fratribus</strong></span> <span class='ocrx_word' id='word_1_14' title='bbox 1630 544 1865 611; x_wconf 85' lang='lat' dir='ltr'><strong>ejusdem</strong></span> <span class='ocrx_word' id='word_1_15' title='bbox 1890 544 2196 596; x_wconf 72' lang='lat' dir='ltr'><strong>monasterii</strong></span> <span class='ocrx_word' id='word_1_16' title='bbox 2223 543 2372 596; x_wconf 74' lang='lat' dir='ltr'><strong>dere-</strong></span> <span class='ocrx_word' id='word_1_17' title='bbox 2401 544 2446 599; x_wconf 78' lang='grc' dir='ltr'><strong>Α</strong></span> <span class='ocrx_word' id='word_1_18' title='bbox 2481 543 2604 595; x_wconf 84' lang='lat' dir='ltr'><strong>lavit</strong></span> <span class='ocrx_word' id='word_1_19' title='bbox 2661 551 2715 594; x_wconf 93' lang='lat' dir='ltr'><strong>ut</strong></span> <span class='ocrx_word' id='word_1_20' title='bbox 2763 557 2882 595; x_wconf 91' lang='lat' dir='ltr'><strong>cum</strong></span> <span class='ocrx_word' id='word_1_21' title='bbox 2925 543 3039 609; x_wconf 89' lang='lat' dir='ltr'><strong>ipso</strong></span> <span class='ocrx_word' id='word_1_22' title='bbox 3082 543 3205 596; x_wconf 92' lang='lat' dir='ltr'><strong>illuc</strong></span> <span class='ocrx_word' id='word_1_23' title='bbox 3258 542 3456 609; x_wconf 89' lang='lat' dir='ltr'><strong>pariter</strong></span> <span class='ocrx_word' id='word_1_24' title='bbox 3505 553 3777 612; x_wconf 73' lang='lat' dir='ltr'><strong>pergeret.</strong></span> <span class='ocrx_word' id='word_1_25' title='bbox 3820 542 4032 612; x_wconf 77' lang='lat' dir='ltr'><strong>Surgeus</strong></span> 
     </span>
    </p>
   </div>
   <div class='ocr_carea' id='block_1_5' title="bbox 787 635 2363 706">
    <p class='ocr_par' dir='ltr' id='par_1_5' title="bbox 787 635 2363 706">
     <span class='ocr_line' id='line_1_5' title="bbox 787 635 2363 706; baseline -0.003 -14"><span class='ocrx_word' id='word_1_26' title='bbox 787 641 926 694; x_wconf 92' lang='lat' dir='ltr'><strong>lictis</strong></span> <span class='ocrx_word' id='word_1_27' title='bbox 945 638 1125 693; x_wconf 84' lang='lat' dir='ltr'><strong>Lirino</strong></span> <span class='ocrx_word' id='word_1_28' title='bbox 1149 636 1290 693; x_wconf 91' lang='lat' dir='ltr'><strong>foret</strong></span> <span class='ocrx_word' id='word_1_29' title='bbox 1317 637 1704 706; x_wconf 80' lang='lat' dir='ltr'><strong>subjiciendus,</strong></span> <span class='ocrx_word' id='word_1_30' title='bbox 1730 636 1992 690; x_wconf 87' lang='lat' dir='ltr'><strong>accedens</strong></span> <span class='ocrx_word' id='word_1_31' title='bbox 2020 636 2089 688; x_wconf 94' lang='lat' dir='ltr'><strong>ibi</strong></span> <span class='ocrx_word' id='word_1_32' title='bbox 2117 635 2363 689; x_wconf 92' lang='lat' dir='ltr'><strong>omnibus</strong></span> 
     </span>
    </p>
   </div>
   <div class='ocr_carea' id='block_1_6' title="bbox 785 727 2364 796">
    <p class='ocr_par' dir='ltr' id='par_1_6' title="bbox 785 727 2364 796">
     <span class='ocr_line' id='line_1_6' title="bbox 785 727 2364 796; baseline -0.001 -14"><span class='ocrx_word' id='word_1_33' title='bbox 785 731 1036 786; x_wconf 78' lang='lat' dir='ltr'><strong>fratribus</strong></span> <span class='ocrx_word' id='word_1_34' title='bbox 1076 730 1409 785; x_wconf 89' lang='lat' dir='ltr'><strong>desideraret</strong></span> <span class='ocrx_word' id='word_1_35' title='bbox 1433 743 1552 782; x_wconf 88' lang='lat' dir='ltr'><strong>esse</strong></span> <span class='ocrx_word' id='word_1_36' title='bbox 1601 729 1896 796; x_wconf 87' lang='lat' dir='ltr'><strong>subjectus.</strong></span> <span class='ocrx_word' id='word_1_37' title='bbox 1950 727 2100 781; x_wconf 86' lang='lat' dir='ltr'><strong>Tunc</strong></span> <span class='ocrx_word' id='word_1_38' title='bbox 2148 735 2364 780; x_wconf 85' lang='lat' dir='ltr'><strong>sanctus</strong></span> 
     </span>
    </p>
   </div>
   <div class='ocr_carea' id='block_1_7' title="bbox 781 819 2355 888">
    <p class='ocr_par' dir='ltr' id='par_1_7' title="bbox 781 819 2355 888">
     <span class='ocr_line' id='line_1_7' title="bbox 781 819 2355 888; baseline -0.004 -14"><span class='ocrx_word' id='word_1_39' title='bbox 781 823 1068 884; x_wconf 68' lang='lat' dir='ltr'><strong>Caesarius,</strong></span> <span class='ocrx_word' id='word_1_40' title='bbox 1097 819 1394 888; x_wconf 86' lang='lat' dir='ltr'><strong>corripiens</strong></span> <span class='ocrx_word' id='word_1_41' title='bbox 1422 833 1542 871; x_wconf 88' lang='lat' dir='ltr'><strong>eum</strong></span> <span class='ocrx_word' id='word_1_42' title='bbox 1592 829 1646 870; x_wconf 90' lang='lat' dir='ltr'><strong>ut</strong></span> <span class='ocrx_word' id='word_1_43' title='bbox 1675 819 1922 872; x_wconf 73' lang='lat' dir='ltr'><strong>celeriter</strong></span> <span class='ocrx_word' id='word_1_44' title='bbox 1980 827 2355 882; x_wconf 77' lang='lat' dir='ltr'><strong>reverteretur,</strong></span> 
     </span>
    </p>
   </div>
   <div class='ocr_carea' id='block_1_8' title="bbox 780 905 2360 975">
    <p class='ocr_par' dir='ltr' id='par_1_8' title="bbox 780 905 2360 975">
     <span class='ocr_line' id='line_1_8' title="bbox 780 905 2360 975; baseline -0.003 -11"><span class='ocrx_word' id='word_1_45' title='bbox 780 911 856 964; x_wconf 86' lang='lat' dir='ltr'><strong>ait</strong></span> <span class='ocrx_word' id='word_1_46' title='bbox 884 926 898 964; x_wconf 94' lang='lat'><strong>:</strong></span> <span class='ocrx_word' id='word_1_47' title='bbox 924 909 1075 973; x_wconf 81' lang='lat' dir='ltr'><strong>Vide,</strong></span> <span class='ocrx_word' id='word_1_48' title='bbox 1105 907 1288 974; x_wconf 70' lang='lat' dir='ltr'><strong>frater,</strong></span> <span class='ocrx_word' id='word_1_49' title='bbox 1336 921 1402 960; x_wconf 91' lang='lat' dir='ltr'><strong>ne</strong></span> <span class='ocrx_word' id='word_1_50' title='bbox 1429 905 1640 968; x_wconf 77' lang='lat' dir='ltr'><strong>fratres,</strong></span> <span class='ocrx_word' id='word_1_51' title='bbox 1671 914 1722 958; x_wconf 90' lang='lat' dir='ltr'><strong>te</strong></span> <span class='ocrx_word' id='word_1_52' title='bbox 1755 907 1994 969; x_wconf 83' lang='lat' dir='ltr'><strong>absente,</strong></span> <span class='ocrx_word' id='word_1_53' title='bbox 2027 905 2132 958; x_wconf 93' lang='lat' dir='ltr'><strong>vim</strong></span> <span class='ocrx_word' id='word_1_54' title='bbox 2167 907 2360 975; x_wconf 75' lang='lat' dir='ltr'><strong>regula:</strong></span> 
     </span>
    </p>
   </div>
   <div class='ocr_carea' id='block_1_9' title="bbox 782 996 2357 1067">
    <p class='ocr_par' dir='ltr' id='par_1_9' title="bbox 782 996 2357 1067">
     <span class='ocr_line' id='line_1_9' title="bbox 782 996 2357 1067; baseline -0.001 -15"><span class='ocrx_word' id='word_1_55' title='bbox 782 1001 1048 1067; x_wconf 73' lang='lat' dir='ltr'><strong>frangant,</strong></span> <span class='ocrx_word' id='word_1_56' title='bbox 1071 1006 1129 1052; x_wconf 89' lang='lat' dir='ltr'><strong>et</strong></span> <span class='ocrx_word' id='word_1_57' title='bbox 1149 997 1303 1065; x_wconf 89' lang='lat' dir='ltr'><strong>quasi</strong></span> <span class='ocrx_word' id='word_1_58' title='bbox 1342 1011 1471 1050; x_wconf 92' lang='lat' dir='ltr'><strong>oves</strong></span> <span class='ocrx_word' id='word_1_59' title='bbox 1500 998 1612 1048; x_wconf 89' lang='lat' dir='ltr'><strong>sine</strong></span> <span class='ocrx_word' id='word_1_60' title='bbox 1646 1007 1860 1063; x_wconf 91' lang='lat' dir='ltr'><strong>pastore</strong></span> <span class='ocrx_word' id='word_1_61' title='bbox 1899 997 1950 1050; x_wconf 91' lang='lat' dir='ltr'><strong>iu</strong></span> <span class='ocrx_word' id='word_1_62' title='bbox 2003 996 2357 1064; x_wconf 80' lang='lat' dir='ltr'><strong>direptionem</strong></span> 
     </span>
    </p>
   </div>
   <div class='ocr_carea' id='block_1_10' title="bbox 779 1086 2359 1156">
    <p class='ocr_par' dir='ltr' id='par_1_10' title="bbox 779 1086 2359 1156">
     <span class='ocr_line' id='line_1_10' title="bbox 779 1086 2359 1156; baseline 0 -16"><span class='ocrx_word' id='word_1_63' title='bbox 779 1089 1025 1152; x_wconf 89' lang='lat' dir='ltr'><strong>veniant;</strong></span> <span class='ocrx_word' id='word_1_64' title='bbox 1059 1090 1182 1156; x_wconf 87' lang='lat' dir='ltr'><strong>quia</strong></span> <span class='ocrx_word' id='word_1_65' title='bbox 1211 1089 1253 1140; x_wconf 89' lang='lat' dir='ltr'><strong>si</strong></span> <span class='ocrx_word' id='word_1_66' title='bbox 1279 1087 1376 1140; x_wconf 91' lang='lat' dir='ltr'><strong>hoc</strong></span> <span class='ocrx_word' id='word_1_67' title='bbox 1400 1086 1720 1153; x_wconf 87' lang='lat' dir='ltr'><strong>contigerit,</strong></span> <span class='ocrx_word' id='word_1_68' title='bbox 1753 1095 1858 1141; x_wconf 71' lang='lat' dir='ltr'><strong>tua:</strong></span> <span class='ocrx_word' id='word_1_69' title='bbox 1887 1087 2217 1154; x_wconf 88' lang='lat' dir='ltr'><strong>reputabitur</strong></span> <span class='ocrx_word' id='word_1_70' title='bbox 2247 1088 2359 1140; x_wconf 86' lang='lat' dir='ltr'><strong>cul-</strong></span> 
     </span>
    </p>
   </div>
   <div class='ocr_carea' id='block_1_11' title="bbox 779 1175 2359 1247">
    <p class='ocr_par' dir='ltr' id='par_1_11' title="bbox 779 1175 2359 1247">
     <span class='ocr_line' id='line_1_11' title="bbox 779 1175 2359 1247; baseline 0.001 -15"><span class='ocrx_word' id='word_1_71' title='bbox 779 1193 897 1247; x_wconf 71' lang='lat' dir='ltr'><strong>pre,</strong></span> <span class='ocrx_word' id='word_1_72' title='bbox 925 1188 978 1231; x_wconf 90' lang='lat' dir='ltr'><strong>et</strong></span> <span class='ocrx_word' id='word_1_73' title='bbox 1006 1179 1181 1232; x_wconf 88' lang='lat' dir='ltr'><strong>omnis</strong></span> <span class='ocrx_word' id='word_1_74' title='bbox 1226 1191 1409 1231; x_wconf 86' lang='lat' dir='ltr'><strong>eorum</strong></span> <span class='ocrx_word' id='word_1_75' title='bbox 1453 1175 1704 1244; x_wconf 86' lang='lat' dir='ltr'><strong>iniquitas</strong></span> <span class='ocrx_word' id='word_1_76' title='bbox 1752 1178 1803 1230; x_wconf 93' lang='lat' dir='ltr'><strong>in</strong></span> <span class='ocrx_word' id='word_1_77' title='bbox 1850 1188 1994 1231; x_wconf 91' lang='lat' dir='ltr'><strong>tuum</strong></span> <span class='ocrx_word' id='word_1_78' title='bbox 2041 1177 2359 1233; x_wconf 85' lang='lat' dir='ltr'><strong>redundabit</strong></span> 
     </span>
    </p>
   </div>
   <div class='ocr_carea' id='block_1_12' title="bbox 777 1268 2352 1338">
    <p class='ocr_par' dir='ltr' id='par_1_12' title="bbox 777 1268 2352 1338">
     <span class='ocr_line' id='line_1_12' title="bbox 777 1268 2352 1338; baseline -0.001 -15"><span class='ocrx_word' id='word_1_79' title='bbox 777 1279 956 1338; x_wconf 91' lang='lat' dir='ltr'><strong>caput.</strong></span> <span class='ocrx_word' id='word_1_80' title='bbox 982 1270 1091 1324; x_wconf 89' lang='lat' dir='ltr'><strong>llac</strong></span> <span class='ocrx_word' id='word_1_81' title='bbox 1139 1283 1264 1337; x_wconf 86' lang='lat' dir='ltr'><strong>ergo</strong></span> <span class='ocrx_word' id='word_1_82' title='bbox 1293 1269 1542 1322; x_wconf 88' lang='lat' dir='ltr'><strong>trementi</strong></span> <span class='ocrx_word' id='word_1_83' title='bbox 1563 1268 1926 1322; x_wconf 91' lang='lat' dir='ltr'><strong>admonitione</strong></span> <span class='ocrx_word' id='word_1_84' title='bbox 1970 1279 2352 1337; x_wconf 89' lang='lat' dir='ltr'><strong>prosternatus,</strong></span> 
     </span>
    </p>
   </div>
   <div class='ocr_carea' id='block_1_13' title="bbox 778 1359 2353 1428">
    <p class='ocr_par' dir='ltr' id='par_1_13' title="bbox 778 1359 2353 1428">
     <span class='ocr_line' id='line_1_13' title="bbox 778 1359 2353 1428; baseline 0 -17"><span class='ocrx_word' id='word_1_85' title='bbox 778 1363 841 1413; x_wconf 85' lang='lat' dir='ltr'><strong>ad</strong></span> <span class='ocrx_word' id='word_1_86' title='bbox 862 1361 1120 1428; x_wconf 86' lang='lat' dir='ltr'><strong>regendos</strong></span> <span class='ocrx_word' id='word_1_87' title='bbox 1144 1360 1424 1425; x_wconf 59' lang='lat' dir='ltr'><strong>praedictos</strong></span> <span class='ocrx_word' id='word_1_88' title='bbox 1449 1359 1639 1411; x_wconf 81' lang='lat' dir='ltr'><strong>fratres</strong></span> <span class='ocrx_word' id='word_1_89' title='bbox 1661 1360 1976 1424; x_wconf 85' lang='lat' dir='ltr'><strong>quantocius</strong></span> <span class='ocrx_word' id='word_1_90' title='bbox 1997 1359 2061 1411; x_wconf 93' lang='lat' dir='ltr'><strong>ad</strong></span> <span class='ocrx_word' id='word_1_91' title='bbox 2087 1374 2233 1426; x_wconf 78' lang='lat' dir='ltr'><strong>propr</strong></span> <span class='ocrx_word' id='word_1_92' title='bbox 2250 1359 2353 1411; x_wconf 83' lang='lat' dir='ltr'><strong>iant</strong></span> 
     </span>
    </p>
   </div>
   <div class='ocr_carea' id='block_1_14' title="bbox 777 1448 2355 1516">
    <p class='ocr_par' dir='ltr' id='par_1_14' title="bbox 777 1448 2355 1516">
     <span class='ocr_line' id='line_1_14' title="bbox 777 1448 2355 1516; baseline 0.001 -12"><span class='ocrx_word' id='word_1_93' title='bbox 777 1453 1060 1505; x_wconf 81' lang='lat' dir='ltr'><strong>revertitur</strong></span> <span class='ocrx_word' id='word_1_94' title='bbox 1085 1452 1298 1504; x_wconf 90' lang='lat' dir='ltr'><strong>cellam.</strong></span> <span class='ocrx_word' id='word_1_95' title='bbox 1329 1448 1676 1516; x_wconf 85' lang='lat' dir='ltr'><strong>Comperiens</strong></span> <span class='ocrx_word' id='word_1_96' title='bbox 1706 1460 1880 1504; x_wconf 88' lang='lat' dir='ltr'><strong>autem</strong></span> <span class='ocrx_word' id='word_1_97' title='bbox 1918 1453 2137 1504; x_wconf 89' lang='lat' dir='ltr'><strong>eosdem</strong></span> <span class='ocrx_word' id='word_1_98' title='bbox 2161 1450 2355 1505; x_wconf 91' lang='lat' dir='ltr'><strong>fratres</strong></span> 
     </span>
    </p>
   </div>
   <div class='ocr_carea' id='block_1_15' title="bbox 777 1540 2355 1604">
    <p class='ocr_par' dir='ltr' id='par_1_15' title="bbox 777 1540 2355 1604">
     <span class='ocr_line' id='line_1_15' title="bbox 777 1540 2355 1604; baseline 0.001 -10"><span class='ocrx_word' id='word_1_99' title='bbox 777 1540 904 1594; x_wconf 85' lang='lat' dir='ltr'><strong>nihil</strong></span> <span class='ocrx_word' id='word_1_100' title='bbox 932 1541 984 1594; x_wconf 91' lang='lat' dir='ltr'><strong>in</strong></span> <span class='ocrx_word' id='word_1_101' title='bbox 1029 1557 1088 1595; x_wconf 89' lang='lat' dir='ltr'><strong>se</strong></span> <span class='ocrx_word' id='word_1_102' title='bbox 1114 1541 1306 1594; x_wconf 87' lang='lat' dir='ltr'><strong>habere</strong></span> <span class='ocrx_word' id='word_1_103' title='bbox 1346 1540 1580 1594; x_wconf 80' lang='lat' dir='ltr'><strong>invidum</strong></span> <span class='ocrx_word' id='word_1_104' title='bbox 1609 1581 1622 1604; x_wconf 97' lang='lat'><strong>,</strong></span> <span class='ocrx_word' id='word_1_105' title='bbox 1685 1540 1817 1593; x_wconf 90' lang='lat' dir='ltr'><strong>nihil</strong></span> <span class='ocrx_word' id='word_1_106' title='bbox 1875 1541 2233 1594; x_wconf 89' lang='lat' dir='ltr'><strong>maledictioni</strong></span> <span class='ocrx_word' id='word_1_107' title='bbox 2265 1553 2355 1596; x_wconf 86' lang='lat' dir='ltr'><strong>aut</strong></span> 
     </span>
    </p>
   </div>
   <div class='ocr_carea' id='block_1_16' title="bbox 775 1630 2350 1699">
    <p class='ocr_par' dir='ltr' id='par_1_16' title="bbox 775 1630 2350 1699">
     <span class='ocr_line' id='line_1_16' title="bbox 775 1630 2350 1699; baseline -0.001 -15"><span class='ocrx_word' id='word_1_108' title='bbox 775 1633 1149 1687; x_wconf 80' lang='lat' dir='ltr'><strong>obtrectationi</strong></span> <span class='ocrx_word' id='word_1_109' title='bbox 1199 1632 1523 1695; x_wconf 79' lang='lat' dir='ltr'><strong>obnoxium,</strong></span> <span class='ocrx_word' id='word_1_110' title='bbox 1581 1645 1768 1684; x_wconf 89' lang='lat' dir='ltr'><strong>omnes</strong></span> <span class='ocrx_word' id='word_1_111' title='bbox 1796 1630 2072 1699; x_wconf 74' lang='lat' dir='ltr'><strong>aequaliter</strong></span> <span class='ocrx_word' id='word_1_112' title='bbox 2102 1630 2350 1697; x_wconf 92' lang='lat' dir='ltr'><strong>diligens,</strong></span> 
     </span>
    </p>
   </div>
   <div class='ocr_carea' id='block_1_17' title="bbox 773 1721 2354 1788">
    <p class='ocr_par' dir='ltr' id='par_1_17' title="bbox 773 1721 2354 1788">
     <span class='ocr_line' id='line_1_17' title="bbox 773 1721 2354 1788; baseline -0.001 -12"><span class='ocrx_word' id='word_1_113' title='bbox 773 1738 961 1776; x_wconf 92' lang='lat' dir='ltr'><strong>omnes</strong></span> <span class='ocrx_word' id='word_1_114' title='bbox 986 1723 1230 1776; x_wconf 89' lang='lat' dir='ltr'><strong>hilariter</strong></span> <span class='ocrx_word' id='word_1_115' title='bbox 1273 1723 1509 1784; x_wconf 90' lang='lat' dir='ltr'><strong>intuens,</strong></span> <span class='ocrx_word' id='word_1_116' title='bbox 1543 1723 1650 1775; x_wconf 85' lang='lat' dir='ltr'><strong>fleo</strong></span> <span class='ocrx_word' id='word_1_117' title='bbox 1680 1721 2036 1788; x_wconf 86' lang='lat' dir='ltr'><strong>omnipotenti</strong></span> <span class='ocrx_word' id='word_1_118' title='bbox 2067 1723 2354 1776; x_wconf 88' lang='lat' dir='ltr'><strong>innneusas</strong></span> 
     </span>
    </p>
   </div>
   <div class='ocr_carea' id='block_1_18' title="bbox 774 1812 2354 1885">
    <p class='ocr_par' dir='ltr' id='par_1_18' title="bbox 774 1812 2354 1885">
     <span class='ocr_line' id='line_1_18' title="bbox 774 1812 2354 1885; baseline -0.001 -17"><span class='ocrx_word' id='word_1_119' title='bbox 774 1813 954 1868; x_wconf 89' lang='lat' dir='ltr'><strong>retulit</strong></span> <span class='ocrx_word' id='word_1_120' title='bbox 978 1814 1194 1885; x_wconf 78' lang='lat' dir='ltr'><strong>gratias,</strong></span> <span class='ocrx_word' id='word_1_121' title='bbox 1227 1813 1314 1882; x_wconf 91' lang='lat' dir='ltr'><strong>qui</strong></span> <span class='ocrx_word' id='word_1_122' title='bbox 1339 1827 1430 1867; x_wconf 88' lang='lat' dir='ltr'><strong>eos</strong></span> <span class='ocrx_word' id='word_1_123' title='bbox 1457 1812 1522 1866; x_wconf 90' lang='lat' dir='ltr'><strong>ad</strong></span> <span class='ocrx_word' id='word_1_124' title='bbox 1552 1821 1711 1866; x_wconf 67' lang='lat' dir='ltr'><strong>tanta:</strong></span> <span class='ocrx_word' id='word_1_125' title='bbox 1743 1813 2108 1866; x_wconf 90' lang='lat' dir='ltr'><strong>unanimitatis</strong></span> <span class='ocrx_word' id='word_1_126' title='bbox 2131 1826 2354 1867; x_wconf 81' lang='lat' dir='ltr'><strong>Concor-</strong></span> 
     </span>
    </p>
   </div>
   <div class='ocr_carea' id='block_1_19' title="bbox 758 1905 1203 1973">
    <p class='ocr_par' dir='ltr' id='par_1_19' title="bbox 758 1905 1203 1973">
     <span class='ocr_line' id='line_1_19' title="bbox 758 1905 1203 1973; baseline 0.004 -17"><span class='ocrx_word' id='word_1_127' title='bbox 758 1907 913 1959; x_wconf 90' lang='lat' dir='ltr'><strong>diam</strong></span> <span class='ocrx_word' id='word_1_128' title='bbox 937 1905 1203 1973; x_wconf 68' lang='lat' dir='ltr'><strong>perduxit.</strong></span> 
     </span>
    </p>
   </div>
   <div class='ocr_carea' id='block_1_20' title="bbox 846 1991 2354 2059">
    <p class='ocr_par' dir='ltr' id='par_1_20' title="bbox 846 1991 2354 2059">
     <span class='ocr_line' id='line_1_20' title="bbox 846 1991 2354 2059; baseline -0.001 -10"><span class='ocrx_word' id='word_1_129' title='bbox 846 1997 932 2049; x_wconf 79' lang='grc' dir='ltr'><strong>Η.</strong></span> <span class='ocrx_word' id='word_1_130' title='bbox 991 1997 1194 2048; x_wconf 88' lang='lat' dir='ltr'><strong>Interea</strong></span> <span class='ocrx_word' id='word_1_131' title='bbox 1241 1995 1430 2048; x_wconf 89' lang='lat' dir='ltr'><strong>beatus</strong></span> <span class='ocrx_word' id='word_1_132' title='bbox 1480 1993 1776 2059; x_wconf 60' lang='lat' dir='ltr'><strong>IEtberius,</strong></span> <span class='ocrx_word' id='word_1_133' title='bbox 1808 1991 2156 2046; x_wconf 89' lang='lat' dir='ltr'><strong>Carnotensis</strong></span> <span class='ocrx_word' id='word_1_134' title='bbox 2208 1993 2354 2048; x_wconf 88' lang='lat' dir='ltr'><strong>urbis</strong></span> 
     </span>
    </p>
   </div>
   <div class='ocr_carea' id='block_1_21' title="bbox 769 2084 2354 2155">
    <p class='ocr_par' dir='ltr' id='par_1_21' title="bbox 769 2084 2354 2155">
     <span class='ocr_line' id='line_1_21' title="bbox 769 2084 2354 2155; baseline -0.002 -15"><span class='ocrx_word' id='word_1_135' title='bbox 769 2086 1074 2155; x_wconf 80' lang='lat' dir='ltr'><strong>episc0pus,</strong></span> <span class='ocrx_word' id='word_1_136' title='bbox 1108 2087 1230 2138; x_wconf 69' lang='lat' dir='ltr'><strong>vitzc</strong></span> <span class='ocrx_word' id='word_1_137' title='bbox 1255 2100 1365 2137; x_wconf 77' lang='lat' dir='ltr'><strong>sua:</strong></span> <span class='ocrx_word' id='word_1_138' title='bbox 1393 2097 1550 2137; x_wconf 88' lang='lat' dir='ltr'><strong>cursu</strong></span> <span class='ocrx_word' id='word_1_139' title='bbox 1603 2093 1997 2147; x_wconf 90' lang='lat' dir='ltr'><strong>consummato,</strong></span> <span class='ocrx_word' id='word_1_140' title='bbox 2032 2094 2052 2117; x_wconf 72' lang='grc'>⁸</span> <span class='ocrx_word' id='word_1_141' title='bbox 2109 2084 2354 2152; x_wconf 82' lang='lat' dir='ltr'><strong>migravit</strong></span> 
     </span>
    </p>
   </div>
   <div class='ocr_carea' id='block_1_22' title="bbox 771 2172 2354 2240">
    <p class='ocr_par' dir='ltr' id='par_1_22' title="bbox 771 2172 2354 2240">
     <span class='ocr_line' id='line_1_22' title="bbox 771 2172 2354 2240; baseline -0.001 -12"><span class='ocrx_word' id='word_1_142' title='bbox 771 2175 836 2228; x_wconf 83' lang='lat' dir='ltr'><strong>ad</strong></span> <span class='ocrx_word' id='word_1_143' title='bbox 858 2177 1173 2229; x_wconf 88' lang='lat' dir='ltr'><strong>Dominum.</strong></span> <span class='ocrx_word' id='word_1_144' title='bbox 1203 2175 1445 2240; x_wconf 73' lang='lat' dir='ltr'><strong>Cumque</strong></span> <span class='ocrx_word' id='word_1_145' title='bbox 1467 2173 1533 2226; x_wconf 91' lang='lat' dir='ltr'><strong>de</strong></span> <span class='ocrx_word' id='word_1_146' title='bbox 1571 2186 1883 2226; x_wconf 88' lang='lat' dir='ltr'><strong>successore</strong></span> <span class='ocrx_word' id='word_1_147' title='bbox 1907 2172 2022 2240; x_wconf 88' lang='lat' dir='ltr'><strong>ejus</strong></span> <span class='ocrx_word' id='word_1_148' title='bbox 2046 2173 2187 2225; x_wconf 91' lang='lat' dir='ltr'><strong>varia</strong></span> <span class='ocrx_word' id='word_1_149' title='bbox 2213 2183 2354 2227; x_wconf 89' lang='lat' dir='ltr'><strong>esset</strong></span> 
     </span>
    </p>
   </div>
   <div class='ocr_carea' id='block_1_23' title="bbox 772 2262 2353 2342">
    <p class='ocr_par' dir='ltr' id='par_1_23' title="bbox 772 2262 2353 2342">
     <span class='ocr_line' id='line_1_23' title="bbox 772 2262 2353 2342; baseline -0.001 -24"><span class='ocrx_word' id='word_1_150' title='bbox 772 2266 1062 2334; x_wconf 81' lang='lat' dir='ltr'><strong>inquisitio,</strong></span> <span class='ocrx_word' id='word_1_151' title='bbox 1109 2264 1218 2317; x_wconf 73' lang='lat' dir='ltr'><strong>liex</strong></span> <span class='ocrx_word' id='word_1_152' title='bbox 1249 2264 1371 2316; x_wconf 87' lang='lat' dir='ltr'><strong>coeli</strong></span> <span class='ocrx_word' id='word_1_153' title='bbox 1405 2262 1698 2342; x_wconf 84' lang='lat' dir='ltr'><strong>Dominus,</strong></span> <span class='ocrx_word' id='word_1_154' title='bbox 1733 2263 1787 2317; x_wconf 92' lang='lat' dir='ltr'><strong>in</strong></span> <span class='ocrx_word' id='word_1_155' title='bbox 1834 2264 1991 2329; x_wconf 90' lang='lat' dir='ltr'><strong>cujus</strong></span> <span class='ocrx_word' id='word_1_156' title='bbox 2045 2278 2203 2317; x_wconf 90' lang='lat' dir='ltr'><strong>manu</strong></span> <span class='ocrx_word' id='word_1_157' title='bbox 2257 2278 2353 2318; x_wconf 91' lang='lat' dir='ltr'><strong>cor</strong></span> 
     </span>
    </p>
   </div>
   <div class='ocr_carea' id='block_1_24' title="bbox 768 2354 2351 2425">
    <p class='ocr_par' dir='ltr' id='par_1_24' title="bbox 768 2354 2351 2425">
     <span class='ocr_line' id='line_1_24' title="bbox 768 2354 2351 2425; baseline 0.001 -15"><span class='ocrx_word' id='word_1_158' title='bbox 768 2373 952 2425; x_wconf 91' lang='lat' dir='ltr'><strong>regum</strong></span> <span class='ocrx_word' id='word_1_159' title='bbox 978 2366 1084 2420; x_wconf 89' lang='lat' dir='ltr'><strong>est,</strong></span> <span class='ocrx_word' id='word_1_160' title='bbox 1103 2354 1126 2390; x_wconf 73' lang='grc' dir='ltr'><strong>ἰ</strong></span> <span class='ocrx_word' id='word_1_161' title='bbox 1154 2355 1481 2412; x_wconf 81' lang='lat' dir='ltr'><strong>Cliildeberti</strong></span> <span class='ocrx_word' id='word_1_162' title='bbox 1505 2358 1647 2424; x_wconf 78' lang='lat' dir='ltr'><strong>regis</strong></span> <span class='ocrx_word' id='word_1_163' title='bbox 1674 2371 1767 2409; x_wconf 91' lang='lat' dir='ltr'><strong>cor</strong></span> <span class='ocrx_word' id='word_1_164' title='bbox 1789 2357 1860 2409; x_wconf 88' lang='lat' dir='ltr'><strong>ita</strong></span> <span class='ocrx_word' id='word_1_165' title='bbox 1888 2371 1982 2409; x_wconf 91' lang='lat' dir='ltr'><strong>sua</strong></span> <span class='ocrx_word' id='word_1_166' title='bbox 2006 2357 2351 2425; x_wconf 87' lang='lat' dir='ltr'><strong>inspiratione</strong></span> 
     </span>
    </p>
   </div>
   <div class='ocr_carea' id='block_1_25' title="bbox 770 2448 2347 2517">
    <p class='ocr_par' dir='ltr' id='par_1_25' title="bbox 770 2448 2347 2517">
     <span class='ocr_line' id='line_1_25' title="bbox 770 2448 2347 2517; baseline 0.001 -15"><span class='ocrx_word' id='word_1_167' title='bbox 770 2450 1001 2512; x_wconf 78' lang='lat' dir='ltr'><strong>inflexit,</strong></span> <span class='ocrx_word' id='word_1_168' title='bbox 1036 2461 1094 2502; x_wconf 91' lang='lat' dir='ltr'><strong>ut</strong></span> <span class='ocrx_word' id='word_1_169' title='bbox 1121 2450 1186 2502; x_wconf 88' lang='lat' dir='ltr'><strong>de</strong></span> <span class='ocrx_word' id='word_1_170' title='bbox 1217 2450 1370 2502; x_wconf 91' lang='lat' dir='ltr'><strong>beato</strong></span> <span class='ocrx_word' id='word_1_171' title='bbox 1402 2448 1644 2503; x_wconf 85' lang='lat' dir='ltr'><strong>Leobino</strong></span> <span class='ocrx_word' id='word_1_172' title='bbox 1674 2449 1939 2502; x_wconf 87' lang='lat' dir='ltr'><strong>monacho</strong></span> <span class='ocrx_word' id='word_1_173' title='bbox 1970 2450 2273 2517; x_wconf 86' lang='lat' dir='ltr'><strong>pontificem</strong></span> <span class='ocrx_word' id='word_1_174' title='bbox 2297 2453 2347 2504; x_wconf 90' lang='lat' dir='ltr'><strong>in</strong></span> 
     </span>
    </p>
   </div>
   <div class='ocr_carea' id='block_1_26' title="bbox 766 2539 2351 2608">
    <p class='ocr_par' dir='ltr' id='par_1_26' title="bbox 766 2539 2351 2608">
     <span class='ocr_line' id='line_1_26' title="bbox 766 2539 2351 2608; baseline -0.001 -10"><span class='ocrx_word' id='word_1_175' title='bbox 766 2557 1135 2598; x_wconf 76' lang='lat' dir='ltr'><strong>succe:sorem</strong></span> <span class='ocrx_word' id='word_1_176' title='bbox 1166 2541 1412 2608; x_wconf 87' lang='lat' dir='ltr'><strong>eligendo</strong></span> <span class='ocrx_word' id='word_1_177' title='bbox 1441 2543 1616 2608; x_wconf 78' lang='lat' dir='ltr'><strong>ri-gale</strong></span> <span class='ocrx_word' id='word_1_178' title='bbox 1643 2539 1797 2593; x_wconf 90' lang='lat' dir='ltr'><strong>daret</strong></span> <span class='ocrx_word' id='word_1_179' title='bbox 1823 2549 1845 2578; x_wconf 79' lang='grc' dir='ltr'><strong>ε</strong></span> <span class='ocrx_word' id='word_1_180' title='bbox 1887 2540 2178 2595; x_wconf 87' lang='lat' dir='ltr'><strong>decretum.</strong></span> <span class='ocrx_word' id='word_1_181' title='bbox 2223 2541 2351 2596; x_wconf 85' lang='lat' dir='ltr'><strong>Uni-</strong></span> 
     </span>
    </p>
   </div>
   <div class='ocr_carea' id='block_1_27' title="bbox 768 2632 2348 2702">
    <p class='ocr_par' dir='ltr' id='par_1_27' title="bbox 768 2632 2348 2702">
     <span class='ocr_line' id='line_1_27' title="bbox 768 2632 2348 2702; baseline 0.002 -16"><span class='ocrx_word' id='word_1_182' title='bbox 768 2636 911 2690; x_wconf 89' lang='lat' dir='ltr'><strong>versi</strong></span> <span class='ocrx_word' id='word_1_183' title='bbox 959 2649 1187 2702; x_wconf 84' lang='lat' dir='ltr'><strong>namque</strong></span> <span class='ocrx_word' id='word_1_184' title='bbox 1237 2635 1328 2699; x_wconf 81' lang='lat' dir='ltr'><strong>qui</strong></span> <span class='ocrx_word' id='word_1_185' title='bbox 1386 2632 1650 2700; x_wconf 87' lang='lat' dir='ltr'><strong>aderant,</strong></span> <span class='ocrx_word' id='word_1_186' title='bbox 1684 2634 1897 2687; x_wconf 89' lang='lat' dir='ltr'><strong>beatum</strong></span> <span class='ocrx_word' id='word_1_187' title='bbox 1931 2632 2348 2689; x_wconf 87' lang='lat' dir='ltr'><strong>Leobinuinnon</strong></span> 
     </span>
    </p>
   </div>
   <div class='ocr_carea' id='block_1_28' title="bbox 765 2723 2349 2792">
    <p class='ocr_par' dir='ltr' id='par_1_28' title="bbox 765 2723 2349 2792">
     <span class='ocr_line' id='line_1_28' title="bbox 765 2723 2349 2792; baseline 0.003 -16"><span class='ocrx_word' id='word_1_188' title='bbox 765 2727 940 2779; x_wconf 87' lang='lat' dir='ltr'><strong>solum</strong></span> <span class='ocrx_word' id='word_1_189' title='bbox 972 2743 998 2775; x_wconf 85' lang='lat' dir='ltr'><strong>a</strong></span> <span class='ocrx_word' id='word_1_190' title='bbox 1025 2740 1148 2792; x_wconf 86' lang='lat' dir='ltr'><strong>rege</strong></span> <span class='ocrx_word' id='word_1_191' title='bbox 1171 2766 1184 2785; x_wconf 92' lang='lat'><strong>,</strong></span> <span class='ocrx_word' id='word_1_192' title='bbox 1218 2724 1311 2777; x_wconf 89' lang='lat' dir='ltr'><strong>sed</strong></span> <span class='ocrx_word' id='word_1_193' title='bbox 1343 2739 1372 2776; x_wconf 92' lang='lat' dir='ltr'><strong>a</strong></span> <span class='ocrx_word' id='word_1_194' title='bbox 1397 2723 1508 2777; x_wconf 89' lang='lat' dir='ltr'><strong>Deo</strong></span> <span class='ocrx_word' id='word_1_195' title='bbox 1537 2737 1658 2778; x_wconf 86' lang='lat' dir='ltr'><strong>esse</strong></span> <span class='ocrx_word' id='word_1_196' title='bbox 1710 2725 1941 2777; x_wconf 87' lang='lat' dir='ltr'><strong>electum</strong></span> <span class='ocrx_word' id='word_1_197' title='bbox 1990 2725 2154 2778; x_wconf 87' lang='lat' dir='ltr'><strong>alacri</strong></span> <span class='ocrx_word' id='word_1_198' title='bbox 2187 2725 2349 2781; x_wconf 86' lang='lat' dir='ltr'><strong>corde</strong></span> 
     </span>
    </p>
   </div>
   <div class='ocr_carea' id='block_1_29' title="bbox 764 2814 2348 2883">
    <p class='ocr_par' dir='ltr' id='par_1_29' title="bbox 764 2814 2348 2883">
     <span class='ocr_line' id='line_1_29' title="bbox 764 2814 2348 2883; baseline -0.001 -12"><span class='ocrx_word' id='word_1_199' title='bbox 764 2817 1030 2883; x_wconf 69' lang='lat' dir='ltr'><strong>lactantes,</strong></span> <span class='ocrx_word' id='word_1_200' title='bbox 1063 2831 1301 2869; x_wconf 87' lang='lat' dir='ltr'><strong>consono</strong></span> <span class='ocrx_word' id='word_1_201' title='bbox 1342 2829 1438 2868; x_wconf 90' lang='lat' dir='ltr'><strong>ore</strong></span> <span class='ocrx_word' id='word_1_202' title='bbox 1467 2825 1520 2868; x_wconf 90' lang='lat' dir='ltr'><strong>et</strong></span> <span class='ocrx_word' id='word_1_203' title='bbox 1548 2814 1806 2868; x_wconf 91' lang='lat' dir='ltr'><strong>concordi</strong></span> <span class='ocrx_word' id='word_1_204' title='bbox 1841 2825 1963 2869; x_wconf 81' lang='lat' dir='ltr'><strong>voto</strong></span> <span class='ocrx_word' id='word_1_205' title='bbox 2009 2818 2348 2870; x_wconf 88' lang='lat' dir='ltr'><strong>conclamare</strong></span> 
     </span>
    </p>
   </div>
   <div class='ocr_carea' id='block_1_30' title="bbox 765 2905 2348 2976">
    <p class='ocr_par' dir='ltr' id='par_1_30' title="bbox 765 2905 2348 2976">
     <span class='ocr_line' id='line_1_30' title="bbox 765 2905 2348 2976; baseline -0.001 -13"><span class='ocrx_word' id='word_1_206' title='bbox 765 2918 1067 2976; x_wconf 71' lang='lat' dir='ltr'><strong>cmperunt,</strong></span> <span class='ocrx_word' id='word_1_207' title='bbox 1117 2922 1238 2960; x_wconf 89' lang='lat' dir='ltr'><strong>eum</strong></span> <span class='ocrx_word' id='word_1_208' title='bbox 1269 2908 1525 2960; x_wconf 83' lang='lat' dir='ltr'><strong>cathedra</strong></span> <span class='ocrx_word' id='word_1_209' title='bbox 1565 2905 1854 2974; x_wconf 84' lang='lat' dir='ltr'><strong>episcopali</strong></span> <span class='ocrx_word' id='word_1_210' title='bbox 1906 2905 1959 2959; x_wconf 93' lang='lat' dir='ltr'><strong>in</strong></span> <span class='ocrx_word' id='word_1_211' title='bbox 2011 2909 2348 2961; x_wconf 79' lang='lat' dir='ltr'><strong>successione</strong></span> 
     </span>
    </p>
   </div>
   <div class='ocr_carea' id='block_1_31' title="bbox 765 2997 2348 3067">
    <p class='ocr_par' dir='ltr' id='par_1_31' title="bbox 765 2997 2348 3067">
     <span class='ocr_line' id='line_1_31' title="bbox 765 2997 2348 3067; baseline 0.003 -15"><span class='ocrx_word' id='word_1_212' title='bbox 765 2999 956 3053; x_wconf 91' lang='lat' dir='ltr'><strong>adtore</strong></span> <span class='ocrx_word' id='word_1_213' title='bbox 987 2998 1229 3067; x_wconf 87' lang='lat' dir='ltr'><strong>dignum.</strong></span> <span class='ocrx_word' id='word_1_214' title='bbox 1263 2999 1316 3051; x_wconf 93' lang='lat' dir='ltr'><strong>ln</strong></span> <span class='ocrx_word' id='word_1_215' title='bbox 1345 3001 1443 3050; x_wconf 85' lang='lat' dir='ltr'><strong>liae</strong></span> <span class='ocrx_word' id='word_1_216' title='bbox 1469 3012 1597 3065; x_wconf 77' lang='lat' dir='ltr'><strong>ergo</strong></span> <span class='ocrx_word' id='word_1_217' title='bbox 1624 2997 1888 3052; x_wconf 89' lang='lat' dir='ltr'><strong>electione</strong></span> <span class='ocrx_word' id='word_1_218' title='bbox 1913 3013 2033 3050; x_wconf 91' lang='lat' dir='ltr'><strong>cum</strong></span> <span class='ocrx_word' id='word_1_219' title='bbox 2064 3000 2348 3056; x_wconf 85' lang='lat' dir='ltr'><strong>universus</strong></span> 
     </span>
    </p>
   </div>
   <div class='ocr_carea' id='block_1_32' title="bbox 762 3091 2346 3160">
    <p class='ocr_par' dir='ltr' id='par_1_32' title="bbox 762 3091 2346 3160">
     <span class='ocr_line' id='line_1_32' title="bbox 762 3091 2346 3160; baseline 0.001 -14"><span class='ocrx_word' id='word_1_220' title='bbox 762 3095 1050 3148; x_wconf 87' lang='lat' dir='ltr'><strong>assentiret</strong></span> <span class='ocrx_word' id='word_1_221' title='bbox 1083 3094 1302 3160; x_wconf 91' lang='lat' dir='ltr'><strong>populus</strong></span> <span class='ocrx_word' id='word_1_222' title='bbox 1323 3132 1337 3155; x_wconf 96' lang='lat'><strong>,</strong></span> <span class='ocrx_word' id='word_1_223' title='bbox 1366 3091 1509 3160; x_wconf 89' lang='lat' dir='ltr'><strong>quod</strong></span> <span class='ocrx_word' id='word_1_224' title='bbox 1557 3107 1660 3145; x_wconf 91' lang='lat' dir='ltr'><strong>non</strong></span> <span class='ocrx_word' id='word_1_225' title='bbox 1688 3092 1888 3160; x_wconf 89' lang='lat' dir='ltr'><strong>absque</strong></span> <span class='ocrx_word' id='word_1_226' title='bbox 1936 3092 2102 3146; x_wconf 88' lang='lat' dir='ltr'><strong>livore</strong></span> <span class='ocrx_word' id='word_1_227' title='bbox 2136 3094 2346 3148; x_wconf 76' lang='lat' dir='ltr'><strong>invidia:</strong></span> 
     </span>
    </p>
   </div>
   <div class='ocr_carea' id='block_1_33' title="bbox 761 3182 2344 3252">
    <p class='ocr_par' dir='ltr' id='par_1_33' title="bbox 761 3182 2344 3252">
     <span class='ocr_line' id='line_1_33' title="bbox 761 3182 2344 3252; baseline -0.001 -12"><span class='ocrx_word' id='word_1_228' title='bbox 761 3195 939 3240; x_wconf 90' lang='lat' dir='ltr'><strong>actum</strong></span> <span class='ocrx_word' id='word_1_229' title='bbox 963 3199 1082 3238; x_wconf 85' lang='lat' dir='ltr'><strong>esse</strong></span> <span class='ocrx_word' id='word_1_230' title='bbox 1107 3185 1398 3245; x_wconf 87' lang='lat' dir='ltr'><strong>credimus,</strong></span> <span class='ocrx_word' id='word_1_231' title='bbox 1422 3182 1636 3251; x_wconf 85' lang='lat' dir='ltr'><strong>quidam</strong></span> <span class='ocrx_word' id='word_1_232' title='bbox 1665 3183 2037 3249; x_wconf 88' lang='lat' dir='ltr'><strong>episcoporum</strong></span> <span class='ocrx_word' id='word_1_233' title='bbox 2069 3194 2344 3252; x_wconf 60' lang='lat' dir='ltr'><strong>coeperunt</strong></span> 
     </span>
    </p>
   </div>
   <div class='ocr_carea' id='block_1_34' title="bbox 767 3263 2343 3342">
    <p class='ocr_par' dir='ltr' id='par_1_34' title="bbox 767 3263 2343 3342">
     <span class='ocr_line' id='line_1_34' title="bbox 767 3263 2343 3342; baseline -0.001 -11"><span class='ocrx_word' id='word_1_234' title='bbox 767 3263 1041 3333; x_wconf 14' lang='lat' dir='ltr'><strong>resistere.</strong></span> <span class='ocrx_word' id='word_1_235' title='bbox 1066 3287 1120 3330; x_wconf 90' lang='lat' dir='ltr'><strong>et</strong></span> <span class='ocrx_word' id='word_1_236' title='bbox 1149 3276 1515 3332; x_wconf 88' lang='lat' dir='ltr'><strong>contradicere</strong></span> <span class='ocrx_word' id='word_1_237' title='bbox 1543 3275 1659 3341; x_wconf 85' lang='lat' dir='ltr'><strong>ejus</strong></span> <span class='ocrx_word' id='word_1_238' title='bbox 1685 3273 2027 3338; x_wconf 91' lang='lat' dir='ltr'><strong>ordinationi,</strong></span> <span class='ocrx_word' id='word_1_239' title='bbox 2090 3288 2158 3328; x_wconf 89' lang='lat' dir='ltr'><strong>eo</strong></span> <span class='ocrx_word' id='word_1_240' title='bbox 2203 3275 2343 3342; x_wconf 87' lang='lat' dir='ltr'><strong>quod</strong></span> 
     </span>
    </p>
   </div>
   <div class='ocr_carea' id='block_1_35' title="bbox 763 3362 2344 3436">
    <p class='ocr_par' dir='ltr' id='par_1_35' title="bbox 763 3362 2344 3436">
     <span class='ocr_line' id='line_1_35' title="bbox 763 3362 2344 3436; baseline -0.004 -13"><span class='ocrx_word' id='word_1_241' title='bbox 763 3367 970 3423; x_wconf 85' lang='lat' dir='ltr'><strong>modica</strong></span> <span class='ocrx_word' id='word_1_242' title='bbox 990 3381 1112 3436; x_wconf 90' lang='lat' dir='ltr'><strong>pars</strong></span> <span class='ocrx_word' id='word_1_243' title='bbox 1136 3367 1296 3430; x_wconf 89' lang='lat' dir='ltr'><strong>naris,</strong></span> <span class='ocrx_word' id='word_1_244' title='bbox 1330 3365 1600 3432; x_wconf 89' lang='lat' dir='ltr'><strong>quondam</strong></span> <span class='ocrx_word' id='word_1_245' title='bbox 1625 3364 1965 3418; x_wconf 89' lang='lat' dir='ltr'><strong>incumbente</strong></span> <span class='ocrx_word' id='word_1_246' title='bbox 1985 3364 2163 3417; x_wconf 85' lang='lat' dir='ltr'><strong>cancri</strong></span> <span class='ocrx_word' id='word_1_247' title='bbox 2187 3362 2344 3433; x_wconf 61' lang='lat' dir='ltr'><strong>agri-</strong></span> 
     </span>
    </p>
   </div>
   <div class='ocr_carea' id='block_1_36' title="bbox 761 3453 2344 3525">
    <p class='ocr_par' dir='ltr' id='par_1_36' title="bbox 761 3453 2344 3525">
     <span class='ocr_line' id='line_1_36' title="bbox 761 3453 2344 3525; baseline -0.004 -11"><span class='ocrx_word' id='word_1_248' title='bbox 761 3459 966 3525; x_wconf 91' lang='lat' dir='ltr'><strong>tudine,</strong></span> <span class='ocrx_word' id='word_1_249' title='bbox 997 3458 1238 3513; x_wconf 90' lang='lat' dir='ltr'><strong>mutilata</strong></span> <span class='ocrx_word' id='word_1_250' title='bbox 1269 3456 1565 3510; x_wconf 87' lang='lat' dir='ltr'><strong>videretur.</strong></span> <span class='ocrx_word' id='word_1_251' title='bbox 1622 3453 1727 3509; x_wconf 90' lang='lat' dir='ltr'><strong>Sed</strong></span> <span class='ocrx_word' id='word_1_252' title='bbox 1760 3469 1891 3509; x_wconf 80' lang='lat' dir='ltr'><strong>voce</strong></span> <span class='ocrx_word' id='word_1_253' title='bbox 1933 3455 2172 3508; x_wconf 91' lang='lat' dir='ltr'><strong>omnium</strong></span> <span class='ocrx_word' id='word_1_254' title='bbox 2200 3469 2344 3508; x_wconf 92' lang='lat' dir='ltr'><strong>una-</strong></span> 
     </span>
    </p>
   </div>
   <div class='ocr_carea' id='block_1_37' title="bbox 760 3544 2346 3614">
    <p class='ocr_par' dir='ltr' id='par_1_37' title="bbox 760 3544 2346 3614">
     <span class='ocr_line' id='line_1_37' title="bbox 760 3544 2346 3614; baseline -0.003 -11"><span class='ocrx_word' id='word_1_255' title='bbox 760 3551 979 3604; x_wconf 85' lang='lat' dir='ltr'><strong>nimiter</strong></span> <span class='ocrx_word' id='word_1_256' title='bbox 1001 3545 1450 3603; x_wconf 88' lang='lat' dir='ltr'><strong>conclamanlium</strong></span> <span class='ocrx_word' id='word_1_257' title='bbox 1482 3559 1742 3614; x_wconf 87' lang='lat' dir='ltr'><strong>oppressa</strong></span> <span class='ocrx_word' id='word_1_258' title='bbox 1771 3544 1985 3598; x_wconf 70' lang='lat' dir='ltr'><strong>invidiae</strong></span> <span class='ocrx_word' id='word_1_259' title='bbox 2027 3544 2264 3599; x_wconf 86' lang='lat' dir='ltr'><strong>illatione</strong></span> <span class='ocrx_word' id='word_1_260' title='bbox 2291 3553 2346 3598; x_wconf 91' lang='lat' dir='ltr'><strong>et</strong></span> 
     </span>
    </p>
   </div>
   <div class='ocr_carea' id='block_1_38' title="bbox 759 3635 2342 3709">
    <p class='ocr_par' dir='ltr' id='par_1_38' title="bbox 759 3635 2342 3709">
     <span class='ocr_line' id='line_1_38' title="bbox 759 3635 2342 3709; baseline -0.001 -19"><span class='ocrx_word' id='word_1_261' title='bbox 759 3641 972 3709; x_wconf 77' lang='lat' dir='ltr'><strong>penitus</strong></span> <span class='ocrx_word' id='word_1_262' title='bbox 1003 3639 1280 3701; x_wconf 89' lang='lat' dir='ltr'><strong>frustrata,</strong></span> <span class='ocrx_word' id='word_1_263' title='bbox 1315 3638 1396 3690; x_wconf 90' lang='lat' dir='ltr'><strong>vir</strong></span> <span class='ocrx_word' id='word_1_264' title='bbox 1429 3647 1645 3691; x_wconf 89' lang='lat' dir='ltr'><strong>sanctus</strong></span> <span class='ocrx_word' id='word_1_265' title='bbox 1671 3635 1966 3690; x_wconf 90' lang='lat' dir='ltr'><strong>secundum</strong></span> <span class='ocrx_word' id='word_1_266' title='bbox 2001 3636 2094 3690; x_wconf 89' lang='lat' dir='ltr'><strong>Dei</strong></span> <span class='ocrx_word' id='word_1_267' title='bbox 2125 3636 2342 3704; x_wconf 85' lang='lat' dir='ltr'><strong>dispen-</strong></span> 
     </span>
    </p>
   </div>
   <div class='ocr_carea' id='block_1_39' title="bbox 737 3727 2339 3802">
    <p class='ocr_par' dir='ltr' id='par_1_39' title="bbox 737 3727 2339 3802">
     <span class='ocr_line' id='line_1_39' title="bbox 737 3727 2339 3802; baseline -0.005 -14"><span class='ocrx_word' id='word_1_268' title='bbox 737 3737 1022 3788; x_wconf 57' lang='lat' dir='ltr'><strong>sationem</strong></span> <span class='ocrx_word' id='word_1_269' title='bbox 1071 3741 1126 3787; x_wconf 92' lang='lat' dir='ltr'><strong>et</strong></span> <span class='ocrx_word' id='word_1_270' title='bbox 1173 3731 1354 3802; x_wconf 87' lang='lat' dir='ltr'><strong>populi</strong></span> <span class='ocrx_word' id='word_1_271' title='bbox 1395 3731 1748 3794; x_wconf 88' lang='lat' dir='ltr'><strong>electionem,</strong></span> <span class='ocrx_word' id='word_1_272' title='bbox 1792 3728 2122 3782; x_wconf 92' lang='lat' dir='ltr'><strong>ordinandus</strong></span> <span class='ocrx_word' id='word_1_273' title='bbox 2151 3727 2339 3782; x_wconf 89' lang='lat' dir='ltr'><strong>decer-</strong></span> 
     </span>
    </p>
   </div>
   <div class='ocr_carea' id='block_1_40' title="bbox 759 3828 925 3880">
    <p class='ocr_par' dir='ltr' id='par_1_40' title="bbox 759 3828 925 3880">
     <span class='ocr_line' id='line_1_40' title="bbox 759 3828 925 3880; baseline -0.018 0"><span class='ocrx_word' id='word_1_274' title='bbox 759 3828 925 3880; x_wconf 73' lang='lat' dir='ltr'><strong>nitur.</strong></span> 
     </span>
    </p>
   </div>
   <div class='ocr_carea' id='block_1_41' title="bbox 835 3909 2346 3983">
    <p class='ocr_par' dir='ltr' id='par_1_41' title="bbox 835 3909 2346 3983">
     <span class='ocr_line' id='line_1_41' title="bbox 835 3909 2346 3983; baseline -0.006 -12"><span class='ocrx_word' id='word_1_275' title='bbox 835 3919 925 3973; x_wconf 77' lang='grc'><strong>15.</strong></span> <span class='ocrx_word' id='word_1_276' title='bbox 970 3918 1173 3970; x_wconf 85' lang='lat' dir='ltr'><strong>Interea</strong></span> <span class='ocrx_word' id='word_1_277' title='bbox 1201 3915 1414 3983; x_wconf 89' lang='lat' dir='ltr'><strong>quidam</strong></span> <span class='ocrx_word' id='word_1_278' title='bbox 1450 3913 1661 3966; x_wconf 93' lang='lat' dir='ltr'><strong>illorum</strong></span> <span class='ocrx_word' id='word_1_279' title='bbox 1690 3913 1929 3966; x_wconf 86' lang='lat' dir='ltr'><strong>scientes</strong></span> <span class='ocrx_word' id='word_1_280' title='bbox 1962 3921 2172 3965; x_wconf 83' lang='lat' dir='ltr'><strong>ocatum</strong></span> <span class='ocrx_word' id='word_1_281' title='bbox 2209 3909 2346 3962; x_wconf 85' lang='lat' dir='ltr'><strong>Leo-</strong></span> 
     </span>
    </p>
   </div>
   <div class='ocr_carea' id='block_1_42' title="bbox 761 4000 2342 4073">
    <p class='ocr_par' dir='ltr' id='par_1_42' title="bbox 761 4000 2342 4073">
     <span class='ocr_line' id='line_1_42' title="bbox 761 4000 2342 4073; baseline -0.006 -12"><span class='ocrx_word' id='word_1_282' title='bbox 761 4011 944 4061; x_wconf 92' lang='lat' dir='ltr'><strong>binum</strong></span> <span class='ocrx_word' id='word_1_283' title='bbox 973 4007 1038 4059; x_wconf 84' lang='lat' dir='ltr'><strong>ad</strong></span> <span class='ocrx_word' id='word_1_284' title='bbox 1062 4007 1401 4073; x_wconf 85' lang='lat' dir='ltr'><strong>episcopatus</strong></span> <span class='ocrx_word' id='word_1_285' title='bbox 1424 4019 1528 4056; x_wconf 89' lang='lat' dir='ltr'><strong>non</strong></span> <span class='ocrx_word' id='word_1_286' title='bbox 1553 4004 1694 4058; x_wconf 89' lang='lat' dir='ltr'><strong>velle</strong></span> <span class='ocrx_word' id='word_1_287' title='bbox 1719 4001 2085 4056; x_wconf 90' lang='lat' dir='ltr'><strong>conscendere</strong></span> <span class='ocrx_word' id='word_1_288' title='bbox 2109 4000 2342 4069; x_wconf 89' lang='lat' dir='ltr'><strong>dignita-</strong></span> 
     </span>
    </p>
   </div>
   <div class='ocr_carea' id='block_1_43' title="bbox 759 4093 2338 4162">
    <p class='ocr_par' dir='ltr' id='par_1_43' title="bbox 759 4093 2338 4162">
     <span class='ocr_line' id='line_1_43' title="bbox 759 4093 2338 4162; baseline -0.003 -12"><span class='ocrx_word' id='word_1_289' title='bbox 759 4111 902 4162; x_wconf 89' lang='lat' dir='ltr'><strong>tem,</strong></span> <span class='ocrx_word' id='word_1_290' title='bbox 941 4100 1164 4153; x_wconf 79' lang='lat' dir='ltr'><strong>consilio</strong></span> <span class='ocrx_word' id='word_1_291' title='bbox 1204 4097 1365 4159; x_wconf 89' lang='lat' dir='ltr'><strong>inito,</strong></span> <span class='ocrx_word' id='word_1_292' title='bbox 1412 4098 1670 4149; x_wconf 86' lang='lat' dir='ltr'><strong>miserunt</strong></span> <span class='ocrx_word' id='word_1_293' title='bbox 1726 4098 1789 4146; x_wconf 90' lang='lat' dir='ltr'><strong>ad</strong></span> <span class='ocrx_word' id='word_1_294' title='bbox 1841 4109 1962 4148; x_wconf 91' lang='lat' dir='ltr'><strong>eum</strong></span> <span class='ocrx_word' id='word_1_295' title='bbox 2018 4101 2076 4145; x_wconf 85' lang='lat' dir='ltr'><strong>ut</strong></span> <span class='ocrx_word' id='word_1_296' title='bbox 2105 4093 2338 4160; x_wconf 87' lang='lat' dir='ltr'><strong>aliquem</strong></span> 
     </span>
    </p>
   </div>
   <div class='ocr_carea' id='block_1_44' title="bbox 758 4181 2340 4253">
    <p class='ocr_par' dir='ltr' id='par_1_44' title="bbox 758 4181 2340 4253">
     <span class='ocr_line' id='line_1_44' title="bbox 758 4181 2340 4253; baseline -0.004 -12"><span class='ocrx_word' id='word_1_297' title='bbox 758 4193 826 4243; x_wconf 79' lang='lat' dir='ltr'><strong>ile</strong></span> <span class='ocrx_word' id='word_1_298' title='bbox 877 4189 986 4242; x_wconf 88' lang='lat' dir='ltr'><strong>suis</strong></span> <span class='ocrx_word' id='word_1_299' title='bbox 1037 4188 1381 4249; x_wconf 88' lang='lat' dir='ltr'><strong>tnonachum,</strong></span> <span class='ocrx_word' id='word_1_300' title='bbox 1437 4185 1728 4253; x_wconf 84' lang='lat' dir='ltr'><strong>pontificali</strong></span> <span class='ocrx_word' id='word_1_301' title='bbox 1777 4182 1939 4237; x_wconf 81' lang='lat' dir='ltr'><strong>infula</strong></span> <span class='ocrx_word' id='word_1_302' title='bbox 1989 4183 2229 4250; x_wconf 85' lang='lat' dir='ltr'><strong>dignum,</strong></span> <span class='ocrx_word' id='word_1_303' title='bbox 2262 4181 2340 4236; x_wconf 84' lang='lat' dir='ltr'><strong>eis</strong></span> 
     </span>
    </p>
   </div>
   <div class='ocr_carea' id='block_1_45' title="bbox 764 4274 2342 4334">
    <p class='ocr_par' dir='ltr' id='par_1_45' title="bbox 764 4274 2342 4334">
     <span class='ocr_line' id='line_1_45' title="bbox 764 4274 2342 4334; baseline -0.004 -2"><span class='ocrx_word' id='word_1_304' title='bbox 764 4279 1156 4334; x_wconf 82' lang='lat' dir='ltr'><strong>transmitteret</strong></span> <span class='ocrx_word' id='word_1_305' title='bbox 1176 4277 1552 4332; x_wconf 86' lang='lat' dir='ltr'><strong>ordinandum.</strong></span> <span class='ocrx_word' id='word_1_306' title='bbox 1582 4279 1648 4330; x_wconf 86' lang='lat' dir='ltr'><strong>At</strong></span> <span class='ocrx_word' id='word_1_307' title='bbox 1679 4277 1766 4330; x_wconf 91' lang='lat' dir='ltr'><strong>ille</strong></span> <span class='ocrx_word' id='word_1_308' title='bbox 1789 4291 1970 4329; x_wconf 89' lang='lat' dir='ltr'><strong>eorum</strong></span> <span class='ocrx_word' id='word_1_309' title='bbox 1993 4275 2149 4328; x_wconf 85' lang='lat' dir='ltr'><strong>dictis</strong></span> <span class='ocrx_word' id='word_1_310' title='bbox 2173 4274 2342 4327; x_wconf 82' lang='lat' dir='ltr'><strong>liben-</strong></span> 
     </span>
    </p>
   </div>
   <div class='ocr_carea' id='block_1_46' title="bbox 761 4365 2337 4436">
    <p class='ocr_par' dir='ltr' id='par_1_46' title="bbox 761 4365 2337 4436">
     <span class='ocr_line' id='line_1_46' title="bbox 761 4365 2337 4436; baseline -0.003 -13"><span class='ocrx_word' id='word_1_311' title='bbox 761 4383 845 4425; x_wconf 87' lang='lat' dir='ltr'><strong>ter</strong></span> <span class='ocrx_word' id='word_1_312' title='bbox 873 4371 1274 4436; x_wconf 86' lang='lat' dir='ltr'><strong>obtemperans,</strong></span> <span class='ocrx_word' id='word_1_313' title='bbox 1323 4367 1543 4436; x_wconf 89' lang='lat' dir='ltr'><strong>deputat</strong></span> <span class='ocrx_word' id='word_1_314' title='bbox 1571 4382 1731 4421; x_wconf 89' lang='lat' dir='ltr'><strong>unum</strong></span> <span class='ocrx_word' id='word_1_315' title='bbox 1783 4381 1847 4419; x_wconf 79' lang='lat' dir='ltr'><strong>ex</strong></span> <span class='ocrx_word' id='word_1_316' title='bbox 1884 4367 1994 4419; x_wconf 82' lang='lat' dir='ltr'><strong>suis</strong></span> <span class='ocrx_word' id='word_1_317' title='bbox 2042 4365 2337 4433; x_wconf 83' lang='lat' dir='ltr'><strong>discipulis,</strong></span> 
     </span>
    </p>
   </div>
   <div class='ocr_carea' id='block_1_47' title="bbox 761 4457 2340 4522">
    <p class='ocr_par' dir='ltr' id='par_1_47' title="bbox 761 4457 2340 4522">
     <span class='ocr_line' id='line_1_47' title="bbox 761 4457 2340 4522; baseline -0.003 -8"><span class='ocrx_word' id='word_1_318' title='bbox 761 4473 926 4518; x_wconf 70' lang='lat' dir='ltr'><strong>tanta:</strong></span> <span class='ocrx_word' id='word_1_319' title='bbox 957 4462 1278 4516; x_wconf 88' lang='lat' dir='ltr'><strong>ordinationi</strong></span> <span class='ocrx_word' id='word_1_320' title='bbox 1305 4459 1659 4514; x_wconf 88' lang='lat' dir='ltr'><strong>iuveliendum</strong></span> <span class='ocrx_word' id='word_1_321' title='bbox 1683 4500 1697 4522; x_wconf 94' lang='lat'><strong>,</strong></span> <span class='ocrx_word' id='word_1_322' title='bbox 1747 4459 2014 4512; x_wconf 90' lang='lat' dir='ltr'><strong>instruens</strong></span> <span class='ocrx_word' id='word_1_323' title='bbox 2043 4468 2096 4510; x_wconf 88' lang='lat' dir='ltr'><strong>et</strong></span> <span class='ocrx_word' id='word_1_324' title='bbox 2143 4457 2340 4511; x_wconf 88' lang='lat' dir='ltr'><strong>docens</strong></span> 
     </span>
    </p>
   </div>
   <div class='ocr_carea' id='block_1_48' title="bbox 2471 633 4028 702">
    <p class='ocr_par' dir='ltr' id='par_1_48' title="bbox 2471 633 4028 702">
     <span class='ocr_line' id='line_1_48' title="bbox 2471 633 4028 702; baseline 0.004 -20"><span class='ocrx_word' id='word_1_325' title='bbox 2471 633 2625 700; x_wconf 81' lang='lat' dir='ltr'><strong>igitur</strong></span> <span class='ocrx_word' id='word_1_326' title='bbox 2652 647 2815 687; x_wconf 75' lang='lat' dir='ltr'><strong>senex</strong></span> <span class='ocrx_word' id='word_1_327' title='bbox 2841 634 3108 700; x_wconf 82' lang='lat' dir='ltr'><strong>profectus</strong></span> <span class='ocrx_word' id='word_1_328' title='bbox 3134 643 3215 687; x_wconf 90' lang='lat' dir='ltr'><strong>est</strong></span> <span class='ocrx_word' id='word_1_329' title='bbox 3234 633 3413 699; x_wconf 87' lang='lat' dir='ltr'><strong>simul,</strong></span> <span class='ocrx_word' id='word_1_330' title='bbox 3440 643 3493 688; x_wconf 91' lang='lat' dir='ltr'><strong>et</strong></span> <span class='ocrx_word' id='word_1_331' title='bbox 3519 635 3764 702; x_wconf 82' lang='lat' dir='ltr'><strong>pervenit</strong></span> <span class='ocrx_word' id='word_1_332' title='bbox 3784 634 4028 702; x_wconf 84' lang='lat' dir='ltr'><strong>Carnotis,</strong></span> 
     </span>
    </p>
   </div>
   <div class='ocr_carea' id='block_1_49' title="bbox 2465 725 4030 792">
    <p class='ocr_par' dir='ltr' id='par_1_49' title="bbox 2465 725 4030 792">
     <span class='ocr_line' id='line_1_49' title="bbox 2465 725 4030 792; baseline 0.004 -20"><span class='ocrx_word' id='word_1_333' title='bbox 2465 727 2916 791; x_wconf 75' lang='lat' dir='ltr'><strong>quemadmodum</strong></span> <span class='ocrx_word' id='word_1_334' title='bbox 2965 725 3137 778; x_wconf 90' lang='lat' dir='ltr'><strong>fuerat</strong></span> <span class='ocrx_word' id='word_1_335' title='bbox 3166 725 3509 792; x_wconf 86' lang='lat' dir='ltr'><strong>deprecatus.</strong></span> <span class='ocrx_word' id='word_1_336' title='bbox 3541 725 3642 790; x_wconf 82' lang='lat' dir='ltr'><strong>Qui</strong></span> <span class='ocrx_word' id='word_1_337' title='bbox 3678 725 3804 778; x_wconf 89' lang='lat' dir='ltr'><strong>dum</strong></span> <span class='ocrx_word' id='word_1_338' title='bbox 3839 727 3889 779; x_wconf 90' lang='lat' dir='ltr'><strong>in</strong></span> <span class='ocrx_word' id='word_1_339' title='bbox 3917 741 4030 792; x_wconf 85' lang='lat' dir='ltr'><strong>qua-</strong></span> 
     </span>
    </p>
   </div>
   <div class='ocr_carea' id='block_1_50' title="bbox 2463 814 4028 882">
    <p class='ocr_par' dir='ltr' id='par_1_50' title="bbox 2463 814 4028 882">
     <span class='ocr_line' id='line_1_50' title="bbox 2463 814 4028 882; baseline 0.005 -20"><span class='ocrx_word' id='word_1_340' title='bbox 2463 814 2586 866; x_wconf 86' lang='lat' dir='ltr'><strong>dam</strong></span> <span class='ocrx_word' id='word_1_341' title='bbox 2645 816 2920 868; x_wconf 88' lang='lat' dir='ltr'><strong>mansione</strong></span> <span class='ocrx_word' id='word_1_342' title='bbox 2980 814 3362 882; x_wconf 87' lang='lat' dir='ltr'><strong>hospitaretur,</strong></span> <span class='ocrx_word' id='word_1_343' title='bbox 3417 825 3473 869; x_wconf 91' lang='lat' dir='ltr'><strong>et</strong></span> <span class='ocrx_word' id='word_1_344' title='bbox 3519 816 3746 870; x_wconf 85' lang='lat' dir='ltr'><strong>vidisset</strong></span> <span class='ocrx_word' id='word_1_345' title='bbox 3794 817 4028 870; x_wconf 88' lang='lat' dir='ltr'><strong>noctein</strong></span> 
     </span>
    </p>
   </div>
   <div class='ocr_carea' id='block_1_51' title="bbox 2461 907 4031 974">
    <p class='ocr_par' dir='ltr' id='par_1_51' title="bbox 2461 907 4031 974">
     <span class='ocr_line' id='line_1_51' title="bbox 2461 907 4031 974; baseline 0.004 -18"><span class='ocrx_word' id='word_1_346' title='bbox 2461 908 2663 959; x_wconf 85' lang='lat' dir='ltr'><strong>smnnis</strong></span> <span class='ocrx_word' id='word_1_347' title='bbox 2689 907 3048 974; x_wconf 86' lang='lat' dir='ltr'><strong>pavimentum</strong></span> <span class='ocrx_word' id='word_1_348' title='bbox 3081 908 3302 962; x_wconf 91' lang='lat' dir='ltr'><strong>nucibus</strong></span> <span class='ocrx_word' id='word_1_349' title='bbox 3333 917 3579 972; x_wconf 87' lang='lat' dir='ltr'><strong>stratum,</strong></span> <span class='ocrx_word' id='word_1_350' title='bbox 3612 908 3816 973; x_wconf 88' lang='lat' dir='ltr'><strong>divina,</strong></span> <span class='ocrx_word' id='word_1_351' title='bbox 3845 918 3902 962; x_wconf 91' lang='lat' dir='ltr'><strong>ut</strong></span> <span class='ocrx_word' id='word_1_352' title='bbox 3927 924 4031 962; x_wconf 85' lang='lat' dir='ltr'><strong>cre-</strong></span> 
     </span>
    </p>
   </div>
   <div class='ocr_carea' id='block_1_52' title="bbox 2461 997 4029 1068">
    <p class='ocr_par' dir='ltr' id='par_1_52' title="bbox 2461 997 4029 1068">
     <span class='ocr_line' id='line_1_52' title="bbox 2461 997 4029 1068; baseline 0.003 -20"><span class='ocrx_word' id='word_1_353' title='bbox 2461 997 2658 1060; x_wconf 86' lang='lat' dir='ltr'><strong>dimus,</strong></span> <span class='ocrx_word' id='word_1_354' title='bbox 2688 998 2928 1065; x_wconf 89' lang='lat' dir='ltr'><strong>jussione</strong></span> <span class='ocrx_word' id='word_1_355' title='bbox 2958 1000 3006 1051; x_wconf 90' lang='lat' dir='ltr'><strong>ei</strong></span> <span class='ocrx_word' id='word_1_356' title='bbox 3037 998 3330 1066; x_wconf 91' lang='lat' dir='ltr'><strong>injunctum</strong></span> <span class='ocrx_word' id='word_1_357' title='bbox 3354 1012 3435 1054; x_wconf 77' lang='lat' dir='ltr'><strong>eSt</strong></span> <span class='ocrx_word' id='word_1_358' title='bbox 3455 1009 3720 1068; x_wconf 84' lang='lat' dir='ltr'><strong>quatenus</strong></span> <span class='ocrx_word' id='word_1_359' title='bbox 3743 999 4029 1052; x_wconf 82' lang='lat' dir='ltr'><strong>emendatis</strong></span> 
     </span>
    </p>
   </div>
   <div class='ocr_carea' id='block_1_53' title="bbox 2463 1089 4028 1145">
    <p class='ocr_par' dir='ltr' id='par_1_53' title="bbox 2463 1089 4028 1145">
     <span class='ocr_line' id='line_1_53' title="bbox 2463 1089 4028 1145; baseline 0.003 -6"><span class='ocrx_word' id='word_1_360' title='bbox 2463 1090 2615 1140; x_wconf 74' lang='lat' dir='ltr'><strong>teSIis</strong></span> <span class='ocrx_word' id='word_1_361' title='bbox 2648 1090 2893 1141; x_wconf 85' lang='lat' dir='ltr'><strong>nucleum</strong></span> <span class='ocrx_word' id='word_1_362' title='bbox 2945 1089 3048 1142; x_wconf 85' lang='lat' dir='ltr'><strong>sibi</strong></span> <span class='ocrx_word' id='word_1_363' title='bbox 3104 1089 3335 1143; x_wconf 89' lang='lat' dir='ltr'><strong>nitidum</strong></span> <span class='ocrx_word' id='word_1_364' title='bbox 3391 1101 3718 1145; x_wconf 85' lang='lat' dir='ltr'><strong>reservaret.</strong></span> <span class='ocrx_word' id='word_1_365' title='bbox 3753 1093 4028 1145; x_wconf 82' lang='lat' dir='ltr'><strong>Transacto</strong></span> 
     </span>
    </p>
   </div>
   <div class='ocr_carea' id='block_1_54' title="bbox 2461 1179 4029 1249">
    <p class='ocr_par' dir='ltr' id='par_1_54' title="bbox 2461 1179 4029 1249">
     <span class='ocr_line' id='line_1_54' title="bbox 2461 1179 4029 1249; baseline 0.001 -17"><span class='ocrx_word' id='word_1_366' title='bbox 2461 1179 2624 1249; x_wconf 83' lang='lat' dir='ltr'><strong>igitur</strong></span> <span class='ocrx_word' id='word_1_367' title='bbox 2652 1183 2822 1233; x_wconf 90' lang='lat' dir='ltr'><strong>noctis</strong></span> <span class='ocrx_word' id='word_1_368' title='bbox 2873 1189 3136 1248; x_wconf 90' lang='lat' dir='ltr'><strong>tempore,</strong></span> <span class='ocrx_word' id='word_1_369' title='bbox 3199 1194 3318 1232; x_wconf 91' lang='lat' dir='ltr'><strong>cum</strong></span> <span class='ocrx_word' id='word_1_370' title='bbox 3358 1181 3411 1234; x_wconf 92' lang='lat' dir='ltr'><strong>in</strong></span> <span class='ocrx_word' id='word_1_371' title='bbox 3450 1182 3748 1235; x_wconf 91' lang='lat' dir='ltr'><strong>crastinum</strong></span> <span class='ocrx_word' id='word_1_372' title='bbox 3778 1182 3934 1235; x_wconf 83' lang='lat' dir='ltr'><strong>vellet</strong></span> <span class='ocrx_word' id='word_1_373' title='bbox 3959 1180 4029 1233; x_wconf 79' lang='lat' dir='ltr'><strong>of-</strong></span> 
     </span>
    </p>
   </div>
   <div class='ocr_carea' id='block_1_55' title="bbox 2461 1273 4030 1342">
    <p class='ocr_par' dir='ltr' id='par_1_55' title="bbox 2461 1273 4030 1342">
     <span class='ocr_line' id='line_1_55' title="bbox 2461 1273 4030 1342; baseline 0.001 -16"><span class='ocrx_word' id='word_1_374' title='bbox 2461 1273 2600 1327; x_wconf 88' lang='lat' dir='ltr'><strong>ferre</strong></span> <span class='ocrx_word' id='word_1_375' title='bbox 2643 1273 2986 1336; x_wconf 82' lang='lat' dir='ltr'><strong>monachum,</strong></span> <span class='ocrx_word' id='word_1_376' title='bbox 3011 1284 3068 1327; x_wconf 93' lang='lat' dir='ltr'><strong>ut</strong></span> <span class='ocrx_word' id='word_1_377' title='bbox 3098 1273 3166 1326; x_wconf 86' lang='lat' dir='ltr'><strong>ab</strong></span> <span class='ocrx_word' id='word_1_378' title='bbox 3195 1289 3260 1328; x_wconf 89' lang='lat' dir='ltr'><strong>eo</strong></span> <span class='ocrx_word' id='word_1_379' title='bbox 3291 1274 3619 1342; x_wconf 86' lang='lat' dir='ltr'><strong>postulatum</strong></span> <span class='ocrx_word' id='word_1_380' title='bbox 3665 1274 3870 1336; x_wconf 90' lang='lat' dir='ltr'><strong>fuerat,</strong></span> <span class='ocrx_word' id='word_1_381' title='bbox 3903 1275 4030 1341; x_wconf 83' lang='lat' dir='ltr'><strong>epis-</strong></span> 
     </span>
    </p>
   </div>
   <div class='ocr_carea' id='block_1_56' title="bbox 2459 1365 4030 1434">
    <p class='ocr_par' dir='ltr' id='par_1_56' title="bbox 2459 1365 4030 1434">
     <span class='ocr_line' id='line_1_56' title="bbox 2459 1365 4030 1434; baseline 0 -16"><span class='ocrx_word' id='word_1_382' title='bbox 2459 1380 2647 1434; x_wconf 82' lang='lat' dir='ltr'><strong>copum</strong></span> <span class='ocrx_word' id='word_1_383' title='bbox 2706 1365 3093 1427; x_wconf 89' lang='lat' dir='ltr'><strong>ordinandum,</strong></span> <span class='ocrx_word' id='word_1_384' title='bbox 3121 1374 3174 1418; x_wconf 93' lang='lat' dir='ltr'><strong>et</strong></span> <span class='ocrx_word' id='word_1_385' title='bbox 3226 1365 3405 1434; x_wconf 87' lang='lat' dir='ltr'><strong>populi</strong></span> <span class='ocrx_word' id='word_1_386' title='bbox 3455 1380 3757 1420; x_wconf 88' lang='lat' dir='ltr'><strong>consensus</strong></span> <span class='ocrx_word' id='word_1_387' title='bbox 3791 1381 3892 1420; x_wconf 89' lang='lat' dir='ltr'><strong>non</strong></span> <span class='ocrx_word' id='word_1_388' title='bbox 3920 1379 4030 1420; x_wconf 89' lang='lat' dir='ltr'><strong>esse</strong></span> 
     </span>
    </p>
   </div>
   <div class='ocr_carea' id='block_1_57' title="bbox 2459 1455 4032 1526">
    <p class='ocr_par' dir='ltr' id='par_1_57' title="bbox 2459 1455 4032 1526">
     <span class='ocr_line' id='line_1_57' title="bbox 2459 1455 4032 1526; baseline 0.001 -17"><span class='ocrx_word' id='word_1_389' title='bbox 2459 1457 2776 1511; x_wconf 88' lang='lat' dir='ltr'><strong>decerneret</strong></span> <span class='ocrx_word' id='word_1_390' title='bbox 2802 1456 3191 1524; x_wconf 88' lang='lat' dir='ltr'><strong>recipiendum,</strong></span> <span class='ocrx_word' id='word_1_391' title='bbox 3244 1459 3386 1526; x_wconf 87' lang='lat' dir='ltr'><strong>regis</strong></span> <span class='ocrx_word' id='word_1_392' title='bbox 3430 1457 3633 1511; x_wconf 90' lang='lat' dir='ltr'><strong>dictum</strong></span> <span class='ocrx_word' id='word_1_393' title='bbox 3679 1457 3825 1510; x_wconf 92' lang='lat' dir='ltr'><strong>illico</strong></span> <span class='ocrx_word' id='word_1_394' title='bbox 3849 1455 3899 1510; x_wconf 90' lang='lat' dir='ltr'><strong>in</strong></span> <span class='ocrx_word' id='word_1_395' title='bbox 3930 1472 4032 1510; x_wconf 82' lang='lat' dir='ltr'><strong>me-</strong></span> 
     </span>
    </p>
   </div>
   <div class='ocr_carea' id='block_1_58' title="bbox 2457 1552 4031 1622">
    <p class='ocr_par' dir='ltr' id='par_1_58' title="bbox 2457 1552 4031 1622">
     <span class='ocr_line' id='line_1_58' title="bbox 2457 1552 4031 1622; baseline -0.003 -13"><span class='ocrx_word' id='word_1_396' title='bbox 2457 1555 2602 1609; x_wconf 91' lang='lat' dir='ltr'><strong>dium</strong></span> <span class='ocrx_word' id='word_1_397' title='bbox 2635 1563 2719 1608; x_wconf 90' lang='lat' dir='ltr'><strong>est</strong></span> <span class='ocrx_word' id='word_1_398' title='bbox 2752 1555 3038 1622; x_wconf 89' lang='lat' dir='ltr'><strong>prolatum,</strong></span> <span class='ocrx_word' id='word_1_399' title='bbox 3087 1563 3140 1607; x_wconf 91' lang='lat' dir='ltr'><strong>et</strong></span> <span class='ocrx_word' id='word_1_400' title='bbox 3166 1552 3288 1606; x_wconf 91' lang='lat' dir='ltr'><strong>inde</strong></span> <span class='ocrx_word' id='word_1_401' title='bbox 3319 1554 3604 1607; x_wconf 90' lang='lat' dir='ltr'><strong>recitatum</strong></span> <span class='ocrx_word' id='word_1_402' title='bbox 3632 1557 3776 1621; x_wconf 89' lang='lat' dir='ltr'><strong>quod</strong></span> <span class='ocrx_word' id='word_1_403' title='bbox 3806 1553 3870 1604; x_wconf 87' lang='lat' dir='ltr'><strong>ad</strong></span> <span class='ocrx_word' id='word_1_404' title='bbox 3902 1553 4031 1620; x_wconf 84' lang='lat' dir='ltr'><strong>regis</strong></span> 
     </span>
    </p>
   </div>
   <div class='ocr_carea' id='block_1_59' title="bbox 2458 1643 4034 1715">
    <p class='ocr_par' dir='ltr' id='par_1_59' title="bbox 2458 1643 4034 1715">
     <span class='ocr_line' id='line_1_59' title="bbox 2458 1643 4034 1715; baseline -0.003 -14"><span class='ocrx_word' id='word_1_405' title='bbox 2458 1650 2738 1714; x_wconf 89' lang='lat' dir='ltr'><strong>imperium</strong></span> <span class='ocrx_word' id='word_1_406' title='bbox 2772 1656 2824 1701; x_wconf 90' lang='lat' dir='ltr'><strong>et</strong></span> <span class='ocrx_word' id='word_1_407' title='bbox 2854 1648 3015 1699; x_wconf 89' lang='lat' dir='ltr'><strong>totius</strong></span> <span class='ocrx_word' id='word_1_408' title='bbox 3057 1646 3237 1715; x_wconf 88' lang='lat' dir='ltr'><strong>populi</strong></span> <span class='ocrx_word' id='word_1_409' title='bbox 3288 1656 3468 1700; x_wconf 88' lang='lat' dir='ltr'><strong>votum</strong></span> <span class='ocrx_word' id='word_1_410' title='bbox 3503 1643 3800 1699; x_wconf 87' lang='lat' dir='ltr'><strong>Leobinnm</strong></span> <span class='ocrx_word' id='word_1_411' title='bbox 3831 1655 4034 1712; x_wconf 87' lang='lat' dir='ltr'><strong>oporte-</strong></span> 
     </span>
    </p>
   </div>
   <div class='ocr_carea' id='block_1_60' title="bbox 2458 1737 4036 1806">
    <p class='ocr_par' dir='ltr' id='par_1_60' title="bbox 2458 1737 4036 1806">
     <span class='ocr_line' id='line_1_60' title="bbox 2458 1737 4036 1806; baseline -0.003 -14"><span class='ocrx_word' id='word_1_412' title='bbox 2458 1750 2539 1792; x_wconf 91' lang='lat' dir='ltr'><strong>ret</strong></span> <span class='ocrx_word' id='word_1_413' title='bbox 2569 1740 2879 1806; x_wconf 87' lang='lat' dir='ltr'><strong>episcopum</strong></span> <span class='ocrx_word' id='word_1_414' title='bbox 2926 1737 3306 1791; x_wconf 91' lang='lat' dir='ltr'><strong>ordinandum.</strong></span> <span class='ocrx_word' id='word_1_415' title='bbox 3368 1737 3484 1803; x_wconf 89' lang='lat' dir='ltr'><strong>Ipse</strong></span> <span class='ocrx_word' id='word_1_416' title='bbox 3533 1751 3663 1791; x_wconf 83' lang='lat' dir='ltr'><strong>vero</strong></span> <span class='ocrx_word' id='word_1_417' title='bbox 3715 1750 3940 1791; x_wconf 86' lang='lat' dir='ltr'><strong>renuens</strong></span> <span class='ocrx_word' id='word_1_418' title='bbox 3985 1745 4036 1787; x_wconf 90' lang='lat' dir='ltr'><strong>ct</strong></span> 
     </span>
    </p>
   </div>
   <div class='ocr_carea' id='block_1_61' title="bbox 2459 1827 4035 1898">
    <p class='ocr_par' dir='ltr' id='par_1_61' title="bbox 2459 1827 4035 1898">
     <span class='ocr_line' id='line_1_61' title="bbox 2459 1827 4035 1898; baseline -0.003 -15"><span class='ocrx_word' id='word_1_419' title='bbox 2459 1829 2731 1898; x_wconf 82' lang='lat' dir='ltr'><strong>indignum</strong></span> <span class='ocrx_word' id='word_1_420' title='bbox 2795 1843 2852 1882; x_wconf 87' lang='lat' dir='ltr'><strong>se</strong></span> <span class='ocrx_word' id='word_1_421' title='bbox 2913 1828 3158 1896; x_wconf 84' lang='lat' dir='ltr'><strong>judicans</strong></span> <span class='ocrx_word' id='word_1_422' title='bbox 3223 1827 3354 1881; x_wconf 86' lang='lat' dir='ltr'><strong>tanti</strong></span> <span class='ocrx_word' id='word_1_423' title='bbox 3433 1827 3713 1896; x_wconf 85' lang='lat' dir='ltr'><strong>regiminis</strong></span> <span class='ocrx_word' id='word_1_424' title='bbox 3773 1827 4035 1894; x_wconf 85' lang='lat' dir='ltr'><strong>suscipere</strong></span> 
     </span>
    </p>
   </div>
   <div class='ocr_carea' id='block_1_62' title="bbox 2386 1892 4034 1987">
    <p class='ocr_par' dir='ltr' id='par_1_62' title="bbox 2386 1892 4034 1987">
     <span class='ocr_line' id='line_1_62' title="bbox 2386 1892 4034 1987; baseline -0.003 -14"><span class='ocrx_word' id='word_1_425' title='bbox 2386 1892 2434 1951; x_wconf 75' lang='grc' dir='ltr'><strong>Β</strong></span> <span class='ocrx_word' id='word_1_426' title='bbox 2459 1934 2664 1986; x_wconf 88' lang='lat' dir='ltr'><strong>curam,</strong></span> <span class='ocrx_word' id='word_1_427' title='bbox 2698 1920 2764 1971; x_wconf 92' lang='lat' dir='ltr'><strong>ad</strong></span> <span class='ocrx_word' id='word_1_428' title='bbox 2798 1919 2960 1986; x_wconf 88' lang='lat' dir='ltr'><strong>pedes</strong></span> <span class='ocrx_word' id='word_1_429' title='bbox 2991 1920 3364 1987; x_wconf 89' lang='lat' dir='ltr'><strong>episcoporum</strong></span> <span class='ocrx_word' id='word_1_430' title='bbox 3396 1927 3680 1985; x_wconf 83' lang='lat' dir='ltr'><strong>porreetus</strong></span> <span class='ocrx_word' id='word_1_431' title='bbox 3718 1892 4034 1978; x_wconf 81' lang='lat' dir='ltr'><strong>extenditur,</strong></span> 
     </span>
    </p>
   </div>
   <div class='ocr_carea' id='block_1_63' title="bbox 2456 2006 4036 2076">
    <p class='ocr_par' dir='ltr' id='par_1_63' title="bbox 2456 2006 4036 2076">
     <span class='ocr_line' id='line_1_63' title="bbox 2456 2006 4036 2076; baseline -0.001 -14"><span class='ocrx_word' id='word_1_432' title='bbox 2456 2011 2850 2062; x_wconf 81' lang='lat' dir='ltr'><strong>excusatiOnem</strong></span> <span class='ocrx_word' id='word_1_433' title='bbox 2882 2021 3193 2076; x_wconf 89' lang='lat' dir='ltr'><strong>apponens,</strong></span> <span class='ocrx_word' id='word_1_434' title='bbox 3232 2007 3360 2060; x_wconf 91' lang='lat' dir='ltr'><strong>illud</strong></span> <span class='ocrx_word' id='word_1_435' title='bbox 3397 2006 3539 2076; x_wconf 89' lang='lat' dir='ltr'><strong>quod</strong></span> <span class='ocrx_word' id='word_1_436' title='bbox 3575 2008 3924 2075; x_wconf 89' lang='lat' dir='ltr'><strong>imponebant</strong></span> <span class='ocrx_word' id='word_1_437' title='bbox 3944 2021 4036 2061; x_wconf 87' lang='lat' dir='ltr'><strong>nec</strong></span> 
     </span>
    </p>
   </div>
   <div class='ocr_carea' id='block_1_64' title="bbox 2458 2093 4036 2166">
    <p class='ocr_par' dir='ltr' id='par_1_64' title="bbox 2458 2093 4036 2166">
     <span class='ocr_line' id='line_1_64' title="bbox 2458 2093 4036 2166; baseline -0.004 -15"><span class='ocrx_word' id='word_1_438' title='bbox 2458 2098 2681 2166; x_wconf 90' lang='lat' dir='ltr'><strong>implere</strong></span> <span class='ocrx_word' id='word_1_439' title='bbox 2711 2111 2892 2165; x_wconf 87' lang='lat' dir='ltr'><strong>posse,</strong></span> <span class='ocrx_word' id='word_1_440' title='bbox 2918 2111 3015 2149; x_wconf 91' lang='lat' dir='ltr'><strong>nec</strong></span> <span class='ocrx_word' id='word_1_441' title='bbox 3047 2097 3304 2163; x_wconf 88' lang='lat' dir='ltr'><strong>perlicere</strong></span> <span class='ocrx_word' id='word_1_442' title='bbox 3332 2109 3490 2164; x_wconf 92' lang='lat' dir='ltr'><strong>opus.</strong></span> <span class='ocrx_word' id='word_1_443' title='bbox 3519 2095 3626 2150; x_wconf 87' lang='lat' dir='ltr'><strong>Sed</strong></span> <span class='ocrx_word' id='word_1_444' title='bbox 3653 2093 4036 2148; x_wconf 86' lang='lat' dir='ltr'><strong>reluctantibus</strong></span> 
     </span>
    </p>
   </div>
   <div class='ocr_carea' id='block_1_65' title="bbox 2456 2188 4034 2255">
    <p class='ocr_par' dir='ltr' id='par_1_65' title="bbox 2456 2188 4034 2255">
     <span class='ocr_line' id='line_1_65' title="bbox 2456 2188 4034 2255; baseline -0.003 -12"><span class='ocrx_word' id='word_1_445' title='bbox 2456 2191 2725 2254; x_wconf 90' lang='lat' dir='ltr'><strong>omnibus,</strong></span> <span class='ocrx_word' id='word_1_446' title='bbox 2751 2198 2909 2243; x_wconf 87' lang='lat' dir='ltr'><strong>atoue</strong></span> <span class='ocrx_word' id='word_1_447' title='bbox 2931 2189 3049 2255; x_wconf 90' lang='lat' dir='ltr'><strong>ejus</strong></span> <span class='ocrx_word' id='word_1_448' title='bbox 3073 2188 3405 2242; x_wconf 76' lang='lat' dir='ltr'><strong>excusationi</strong></span> <span class='ocrx_word' id='word_1_449' title='bbox 3430 2203 3536 2242; x_wconf 89' lang='lat' dir='ltr'><strong>non</strong></span> <span class='ocrx_word' id='word_1_450' title='bbox 3556 2188 4034 2254; x_wconf 88' lang='lat' dir='ltr'><strong>acquiescentibus,</strong></span> 
     </span>
    </p>
   </div>
   <div class='ocr_carea' id='block_1_66' title="bbox 2455 2276 4036 2346">
    <p class='ocr_par' dir='ltr' id='par_1_66' title="bbox 2455 2276 4036 2346">
     <span class='ocr_line' id='line_1_66' title="bbox 2455 2276 4036 2346; baseline -0.003 -14"><span class='ocrx_word' id='word_1_451' title='bbox 2455 2279 2720 2333; x_wconf 90' lang='lat' dir='ltr'><strong>somnium</strong></span> <span class='ocrx_word' id='word_1_452' title='bbox 2748 2278 2888 2346; x_wconf 90' lang='lat' dir='ltr'><strong>quod</strong></span> <span class='ocrx_word' id='word_1_453' title='bbox 2913 2277 3117 2331; x_wconf 89' lang='lat' dir='ltr'><strong>viderat</strong></span> <span class='ocrx_word' id='word_1_454' title='bbox 3137 2291 3370 2346; x_wconf 82' lang='lat' dir='ltr'><strong>congrua</strong></span> <span class='ocrx_word' id='word_1_455' title='bbox 3400 2277 3852 2345; x_wconf 85' lang='lat' dir='ltr'><strong>interpretatione</strong></span> <span class='ocrx_word' id='word_1_456' title='bbox 3875 2276 4036 2342; x_wconf 85' lang='lat' dir='ltr'><strong>conji-</strong></span> 
     </span>
    </p>
   </div>
   <div class='ocr_carea' id='block_1_67' title="bbox 2453 2371 4036 2437">
    <p class='ocr_par' dir='ltr' id='par_1_67' title="bbox 2453 2371 4036 2437">
     <span class='ocr_line' id='line_1_67' title="bbox 2453 2371 4036 2437; baseline -0.003 -11"><span class='ocrx_word' id='word_1_457' title='bbox 2453 2374 2612 2435; x_wconf 89' lang='lat' dir='ltr'><strong>citur,</strong></span> <span class='ocrx_word' id='word_1_458' title='bbox 2643 2371 2850 2426; x_wconf 88' lang='lat' dir='ltr'><strong>scilicet</strong></span> <span class='ocrx_word' id='word_1_459' title='bbox 2899 2371 3039 2436; x_wconf 81' lang='lat' dir='ltr'><strong>quod</strong></span> <span class='ocrx_word' id='word_1_460' title='bbox 3072 2386 3164 2437; x_wconf 90' lang='lat' dir='ltr'><strong>per</strong></span> <span class='ocrx_word' id='word_1_461' title='bbox 3197 2372 3443 2424; x_wconf 85' lang='lat' dir='ltr'><strong>nucleum</strong></span> <span class='ocrx_word' id='word_1_462' title='bbox 3480 2386 3508 2423; x_wconf 90' lang='lat' dir='ltr'><strong>a</strong></span> <span class='ocrx_word' id='word_1_463' title='bbox 3537 2372 3652 2424; x_wconf 88' lang='lat' dir='ltr'><strong>suis</strong></span> <span class='ocrx_word' id='word_1_464' title='bbox 3674 2373 3827 2424; x_wconf 79' lang='lat' dir='ltr'><strong>testis</strong></span> <span class='ocrx_word' id='word_1_465' title='bbox 3856 2385 4036 2423; x_wconf 63' lang='lat' dir='ltr'><strong>emuno</strong></span> 
     </span>
    </p>
   </div>
   <div class='ocr_carea' id='block_1_68' title="bbox 2453 2461 4035 2530">
    <p class='ocr_par' dir='ltr' id='par_1_68' title="bbox 2453 2461 4035 2530">
     <span class='ocr_line' id='line_1_68' title="bbox 2453 2461 4035 2530; baseline -0.002 -13"><span class='ocrx_word' id='word_1_466' title='bbox 2453 2463 2631 2518; x_wconf 91' lang='lat' dir='ltr'><strong>datum</strong></span> <span class='ocrx_word' id='word_1_467' title='bbox 2678 2461 2905 2530; x_wconf 90' lang='lat' dir='ltr'><strong>populus</strong></span> <span class='ocrx_word' id='word_1_468' title='bbox 2946 2470 3092 2514; x_wconf 89' lang='lat' dir='ltr'><strong>esset</strong></span> <span class='ocrx_word' id='word_1_469' title='bbox 3133 2461 3202 2516; x_wconf 87' lang='lat' dir='ltr'><strong>ab</strong></span> <span class='ocrx_word' id='word_1_470' title='bbox 3251 2476 3316 2514; x_wconf 92' lang='lat' dir='ltr'><strong>eo</strong></span> <span class='ocrx_word' id='word_1_471' title='bbox 3341 2461 3639 2528; x_wconf 84' lang='lat' dir='ltr'><strong>regendus;</strong></span> <span class='ocrx_word' id='word_1_472' title='bbox 3683 2462 3774 2528; x_wconf 90' lang='lat' dir='ltr'><strong>qui</strong></span> <span class='ocrx_word' id='word_1_473' title='bbox 3802 2461 4035 2526; x_wconf 86' lang='lat' dir='ltr'><strong>deposita</strong></span> 
     </span>
    </p>
   </div>
   <div class='ocr_carea' id='block_1_69' title="bbox 2453 2550 4036 2620">
    <p class='ocr_par' dir='ltr' id='par_1_69' title="bbox 2453 2550 4036 2620">
     <span class='ocr_line' id='line_1_69' title="bbox 2453 2550 4036 2620; baseline -0.004 -12"><span class='ocrx_word' id='word_1_474' title='bbox 2453 2553 2786 2608; x_wconf 88' lang='lat' dir='ltr'><strong>austeritatis</strong></span> <span class='ocrx_word' id='word_1_475' title='bbox 2815 2551 3106 2620; x_wconf 86' lang='lat' dir='ltr'><strong>rigiditate,</strong></span> <span class='ocrx_word' id='word_1_476' title='bbox 3138 2550 3461 2619; x_wconf 88' lang='lat' dir='ltr'><strong>quandoque</strong></span> <span class='ocrx_word' id='word_1_477' title='bbox 3484 2562 3631 2604; x_wconf 90' lang='lat' dir='ltr'><strong>esset</strong></span> <span class='ocrx_word' id='word_1_478' title='bbox 3655 2566 3756 2604; x_wconf 90' lang='lat' dir='ltr'><strong>suo</strong></span> <span class='ocrx_word' id='word_1_479' title='bbox 3786 2552 4036 2617; x_wconf 85' lang='lat' dir='ltr'><strong>regimine</strong></span> 
     </span>
    </p>
   </div>
   <div class='ocr_carea' id='block_1_70' title="bbox 2452 2639 4032 2712">
    <p class='ocr_par' dir='ltr' id='par_1_70' title="bbox 2452 2639 4032 2712">
     <span class='ocr_line' id='line_1_70' title="bbox 2452 2639 4032 2712; baseline -0.004 -15"><span class='ocrx_word' id='word_1_480' title='bbox 2452 2643 2825 2712; x_wconf 85' lang='lat' dir='ltr'><strong>corrigendus,</strong></span> <span class='ocrx_word' id='word_1_481' title='bbox 2880 2650 3236 2708; x_wconf 87' lang='lat' dir='ltr'><strong>nectareoque</strong></span> <span class='ocrx_word' id='word_1_482' title='bbox 3264 2641 3347 2694; x_wconf 90' lang='lat' dir='ltr'><strong>sui</strong></span> <span class='ocrx_word' id='word_1_483' title='bbox 3386 2641 3653 2708; x_wconf 76' lang='lat' dir='ltr'><strong>dogmatis</strong></span> <span class='ocrx_word' id='word_1_484' title='bbox 3704 2639 3902 2708; x_wconf 88' lang='lat' dir='ltr'><strong>pabulo</strong></span> <span class='ocrx_word' id='word_1_485' title='bbox 3932 2655 4032 2692; x_wconf 85' lang='lat' dir='ltr'><strong>nn-</strong></span> 
     </span>
    </p>
   </div>
   <div class='ocr_carea' id='block_1_71' title="bbox 2453 2730 4032 2798">
    <p class='ocr_par' dir='ltr' id='par_1_71' title="bbox 2453 2730 4032 2798">
     <span class='ocr_line' id='line_1_71' title="bbox 2453 2730 4032 2798; baseline -0.004 -10"><span class='ocrx_word' id='word_1_486' title='bbox 2453 2735 2711 2790; x_wconf 90' lang='lat' dir='ltr'><strong>triendus.</strong></span> <span class='ocrx_word' id='word_1_487' title='bbox 2743 2732 2948 2786; x_wconf 77' lang='lat' dir='ltr'><strong>Exinde</strong></span> <span class='ocrx_word' id='word_1_488' title='bbox 2966 2734 3083 2787; x_wconf 88' lang='lat' dir='ltr'><strong>sine</strong></span> <span class='ocrx_word' id='word_1_489' title='bbox 3114 2744 3288 2796; x_wconf 89' lang='lat' dir='ltr'><strong>mora,</strong></span> <span class='ocrx_word' id='word_1_490' title='bbox 3313 2730 3694 2796; x_wconf 88' lang='lat' dir='ltr'><strong>plaudentibus</strong></span> <span class='ocrx_word' id='word_1_491' title='bbox 3726 2731 3939 2798; x_wconf 88' lang='lat' dir='ltr'><strong>populis</strong></span> <span class='ocrx_word' id='word_1_492' title='bbox 3973 2745 4032 2782; x_wconf 85' lang='lat' dir='ltr'><strong>ac</strong></span> 
     </span>
    </p>
   </div>
   <div class='ocr_carea' id='block_1_72' title="bbox 2454 2820 4034 2883">
    <p class='ocr_par' dir='ltr' id='par_1_72' title="bbox 2454 2820 4034 2883">
     <span class='ocr_line' id='line_1_72' title="bbox 2454 2820 4034 2883; baseline -0.008 -2"><span class='ocrx_word' id='word_1_493' title='bbox 2454 2828 2679 2881; x_wconf 89' lang='lat' dir='ltr'><strong>Domino</strong></span> <span class='ocrx_word' id='word_1_494' title='bbox 2703 2826 2754 2879; x_wconf 93' lang='lat' dir='ltr'><strong>in</strong></span> <span class='ocrx_word' id='word_1_495' title='bbox 2779 2824 3015 2879; x_wconf 73' lang='lat' dir='ltr'><strong>excelsis</strong></span> <span class='ocrx_word' id='word_1_496' title='bbox 3043 2824 3304 2876; x_wconf 77' lang='lat' dir='ltr'><strong>max-imas</strong></span> <span class='ocrx_word' id='word_1_497' title='bbox 3329 2821 3686 2875; x_wconf 81' lang='lat' dir='ltr'><strong>referentibus</strong></span> <span class='ocrx_word' id='word_1_498' title='bbox 3713 2820 3870 2883; x_wconf 86' lang='lat' dir='ltr'><strong>odas,</strong></span> <span class='ocrx_word' id='word_1_499' title='bbox 3907 2820 4034 2873; x_wconf 81' lang='lat' dir='ltr'><strong>Leo-</strong></span> 
     </span>
    </p>
   </div>
   <div class='ocr_carea' id='block_1_73' title="bbox 2453 2908 4034 2988">
    <p class='ocr_par' dir='ltr' id='par_1_73' title="bbox 2453 2908 4034 2988">
     <span class='ocr_line' id='line_1_73' title="bbox 2453 2908 4034 2988; baseline -0.008 -14"><span class='ocrx_word' id='word_1_500' title='bbox 2453 2919 2608 2974; x_wconf 89' lang='lat' dir='ltr'><strong>binus</strong></span> <span class='ocrx_word' id='word_1_501' title='bbox 2638 2933 2798 2988; x_wconf 92' lang='lat' dir='ltr'><strong>quem</strong></span> <span class='ocrx_word' id='word_1_502' title='bbox 2843 2915 2984 2970; x_wconf 88' lang='lat' dir='ltr'><strong>votis</strong></span> <span class='ocrx_word' id='word_1_503' title='bbox 3025 2913 3279 2968; x_wconf 86' lang='lat' dir='ltr'><strong>omnibus</strong></span> <span class='ocrx_word' id='word_1_504' title='bbox 3322 2911 3685 2979; x_wconf 88' lang='lat' dir='ltr'><strong>postulabant,</strong></span> <span class='ocrx_word' id='word_1_505' title='bbox 3717 2908 4034 2964; x_wconf 72' lang='lat' dir='ltr'><strong>Carnoteaai</strong></span> 
     </span>
    </p>
   </div>
   <div class='ocr_carea' id='block_1_74' title="bbox 2453 3001 4034 3076">
    <p class='ocr_par' dir='ltr' id='par_1_74' title="bbox 2453 3001 4034 3076">
     <span class='ocr_line' id='line_1_74' title="bbox 2453 3001 4034 3076; baseline -0.007 -12"><span class='ocrx_word' id='word_1_506' title='bbox 2453 3010 2599 3064; x_wconf 89' lang='lat' dir='ltr'><strong>urbis</strong></span> <span class='ocrx_word' id='word_1_507' title='bbox 2623 3009 2878 3062; x_wconf 63' lang='lat' dir='ltr'><strong>Ecclesia</strong></span> <span class='ocrx_word' id='word_1_508' title='bbox 2910 3005 3198 3076; x_wconf 73' lang='lat' dir='ltr'><strong>pra-ficitur</strong></span> <span class='ocrx_word' id='word_1_509' title='bbox 3217 3003 3521 3070; x_wconf 86' lang='lat' dir='ltr'><strong>episcopus,</strong></span> <span class='ocrx_word' id='word_1_510' title='bbox 3554 3014 3606 3056; x_wconf 93' lang='lat' dir='ltr'><strong>et</strong></span> <span class='ocrx_word' id='word_1_511' title='bbox 3637 3011 3828 3055; x_wconf 86' lang='lat' dir='ltr'><strong>contra</strong></span> <span class='ocrx_word' id='word_1_512' title='bbox 3847 3001 4034 3054; x_wconf 83' lang='lat' dir='ltr'><strong>callida</strong></span> 
     </span>
    </p>
   </div>
   <div class='ocr_carea' id='block_1_75' title="bbox 2450 3094 4036 3169">
    <p class='ocr_par' dir='ltr' id='par_1_75' title="bbox 2450 3094 4036 3169">
     <span class='ocr_line' id='line_1_75' title="bbox 2450 3094 4036 3169; baseline -0.006 -15"><span class='ocrx_word' id='word_1_513' title='bbox 2450 3100 2654 3169; x_wconf 89' lang='lat' dir='ltr'><strong>antiqui</strong></span> <span class='ocrx_word' id='word_1_514' title='bbox 2681 3099 2850 3153; x_wconf 88' lang='lat' dir='ltr'><strong>hostis</strong></span> <span class='ocrx_word' id='word_1_515' title='bbox 2873 3095 3302 3151; x_wconf 85' lang='lat' dir='ltr'><strong>machinamenta</strong></span> <span class='ocrx_word' id='word_1_516' title='bbox 3327 3094 3669 3147; x_wconf 86' lang='lat' dir='ltr'><strong>constituitur</strong></span> <span class='ocrx_word' id='word_1_517' title='bbox 3693 3105 3878 3160; x_wconf 88' lang='lat' dir='ltr'><strong>pastor</strong></span> <span class='ocrx_word' id='word_1_518' title='bbox 3894 3109 4036 3162; x_wconf 79' lang='lat' dir='ltr'><strong>egre-</strong></span> 
     </span>
    </p>
   </div>
   <div class='ocr_carea' id='block_1_76' title="bbox 2449 3185 4036 3258">
    <p class='ocr_par' dir='ltr' id='par_1_76' title="bbox 2449 3185 4036 3258">
     <span class='ocr_line' id='line_1_76' title="bbox 2449 3185 4036 3258; baseline -0.004 -16"><span class='ocrx_word' id='word_1_519' title='bbox 2449 3190 2586 3258; x_wconf 88' lang='lat' dir='ltr'><strong>gius.</strong></span> <span class='ocrx_word' id='word_1_520' title='bbox 2615 3189 2716 3250; x_wconf 78' lang='lat' dir='ltr'><strong>Qui</strong></span> <span class='ocrx_word' id='word_1_521' title='bbox 2749 3196 2933 3256; x_wconf 87' lang='lat' dir='ltr'><strong>postea</strong></span> <span class='ocrx_word' id='word_1_522' title='bbox 2966 3187 3200 3254; x_wconf 83' lang='lat' dir='ltr'><strong>rigorem</strong></span> <span class='ocrx_word' id='word_1_523' title='bbox 3231 3185 3312 3238; x_wconf 90' lang='lat' dir='ltr'><strong>sui</strong></span> <span class='ocrx_word' id='word_1_524' title='bbox 3348 3185 3614 3252; x_wconf 81' lang='lat' dir='ltr'><strong>propositi</strong></span> <span class='ocrx_word' id='word_1_525' title='bbox 3666 3185 4036 3238; x_wconf 85' lang='lat' dir='ltr'><strong>indeficieuter</strong></span> 
     </span>
    </p>
   </div>
   <div class='ocr_carea' id='block_1_77' title="bbox 2451 3276 4034 3356">
    <p class='ocr_par' dir='ltr' id='par_1_77' title="bbox 2451 3276 4034 3356">
     <span class='ocr_line' id='line_1_77' title="bbox 2451 3276 4034 3356; baseline -0.005 -22"><span class='ocrx_word' id='word_1_526' title='bbox 2451 3293 2703 3356; x_wconf 81' lang='lat' dir='ltr'><strong>servans,</strong></span> <span class='ocrx_word' id='word_1_527' title='bbox 2744 3281 2862 3331; x_wconf 85' lang='lat' dir='ltr'><strong>sine</strong></span> <span class='ocrx_word' id='word_1_528' title='bbox 2893 3290 3102 3345; x_wconf 77' lang='lat' dir='ltr'><strong>pompa:</strong></span> <span class='ocrx_word' id='word_1_529' title='bbox 3157 3276 3520 3330; x_wconf 88' lang='lat' dir='ltr'><strong>ostentatione</strong></span> <span class='ocrx_word' id='word_1_530' title='bbox 3577 3277 3909 3328; x_wconf 86' lang='lat' dir='ltr'><strong>monachum</strong></span> <span class='ocrx_word' id='word_1_531' title='bbox 3961 3291 4034 3334; x_wconf 74' lang='lat' dir='ltr'><strong>se,</strong></span> 
     </span>
    </p>
   </div>
   <div class='ocr_carea' id='block_1_78' title="bbox 2449 3364 4037 3433">
    <p class='ocr_par' dir='ltr' id='par_1_78' title="bbox 2449 3364 4037 3433">
     <span class='ocr_line' id='line_1_78' title="bbox 2449 3364 4037 3433; baseline -0.004 -13"><span class='ocrx_word' id='word_1_532' title='bbox 2449 3380 2506 3422; x_wconf 88' lang='lat' dir='ltr'><strong>ut</strong></span> <span class='ocrx_word' id='word_1_533' title='bbox 2536 3377 2662 3422; x_wconf 89' lang='lat' dir='ltr'><strong>ante</strong></span> <span class='ocrx_word' id='word_1_534' title='bbox 2705 3367 2903 3432; x_wconf 91' lang='lat' dir='ltr'><strong>fuerat,</strong></span> <span class='ocrx_word' id='word_1_535' title='bbox 2941 3365 2994 3420; x_wconf 90' lang='lat' dir='ltr'><strong>in</strong></span> <span class='ocrx_word' id='word_1_536' title='bbox 3028 3379 3126 3419; x_wconf 88' lang='lat' dir='ltr'><strong>suo</strong></span> <span class='ocrx_word' id='word_1_537' title='bbox 3157 3364 3429 3433; x_wconf 86' lang='lat' dir='ltr'><strong>proposito</strong></span> <span class='ocrx_word' id='word_1_538' title='bbox 3459 3366 3921 3432; x_wconf 84' lang='lat' dir='ltr'><strong>perseverabilem</strong></span> <span class='ocrx_word' id='word_1_539' title='bbox 3953 3368 4037 3418; x_wconf 64' lang='grc' dir='ltr'>ιιι»-</span> 
     </span>
    </p>
   </div>
   <div class='ocr_carea' id='block_1_79' title="bbox 2445 3461 2796 3514">
    <p class='ocr_par' dir='ltr' id='par_1_79' title="bbox 2445 3461 2796 3514">
     <span class='ocr_line' id='line_1_79' title="bbox 2445 3461 2796 3514; baseline 0 0"><span class='ocrx_word' id='word_1_540' title='bbox 2445 3461 2796 3514; x_wconf 88' lang='lat' dir='ltr'><strong>monstrabat.</strong></span> 
     </span>
    </p>
   </div>
   <div class='ocr_carea' id='block_1_80' title="bbox 2517 3549 4038 3619">
    <p class='ocr_par' dir='ltr' id='par_1_80' title="bbox 2517 3549 4038 3619">
     <span class='ocr_line' id='line_1_80' title="bbox 2517 3549 4038 3619; baseline -0.001 -15"><span class='ocrx_word' id='word_1_541' title='bbox 2517 3551 2604 3604; x_wconf 83' lang='grc'><strong>16.</strong></span> <span class='ocrx_word' id='word_1_542' title='bbox 2646 3551 3090 3618; x_wconf 82' lang='lat' dir='ltr'><strong>Susceptaigitur</strong></span> <span class='ocrx_word' id='word_1_543' title='bbox 3121 3549 3412 3618; x_wconf 73' lang='lat' dir='ltr'><strong>pontiﬁcali</strong></span> <span class='ocrx_word' id='word_1_544' title='bbox 3447 3553 3778 3615; x_wconf 84' lang='lat' dir='ltr'><strong>reverentia,</strong></span> <span class='ocrx_word' id='word_1_545' title='bbox 3812 3553 4038 3619; x_wconf 62' lang='lat' dir='ltr'><strong>qualiter</strong></span> 
     </span>
    </p>
   </div>
   <div class='ocr_carea' id='block_1_81' title="bbox 2445 3639 4037 3710">
    <p class='ocr_par' dir='ltr' id='par_1_81' title="bbox 2445 3639 4037 3710">
     <span class='ocr_line' id='line_1_81' title="bbox 2445 3639 4037 3710; baseline -0.003 -14"><span class='ocrx_word' id='word_1_546' title='bbox 2445 3652 2772 3710; x_wconf 87' lang='lat' dir='ltr'><strong>quantumve</strong></span> <span class='ocrx_word' id='word_1_547' title='bbox 2835 3655 2894 3694; x_wconf 90' lang='lat' dir='ltr'><strong>se</strong></span> <span class='ocrx_word' id='word_1_548' title='bbox 2961 3643 3192 3709; x_wconf 79' lang='lat' dir='ltr'><strong>gesserit</strong></span> <span class='ocrx_word' id='word_1_549' title='bbox 3251 3641 3302 3692; x_wconf 91' lang='lat' dir='ltr'><strong>in</strong></span> <span class='ocrx_word' id='word_1_550' title='bbox 3336 3639 3452 3708; x_wconf 88' lang='lat' dir='ltr'><strong>lege</strong></span> <span class='ocrx_word' id='word_1_551' title='bbox 3495 3641 3876 3695; x_wconf 86' lang='lat' dir='ltr'><strong>mandatorum</strong></span> <span class='ocrx_word' id='word_1_552' title='bbox 3911 3643 4037 3703; x_wconf 86' lang='lat' dir='ltr'><strong>Dei,</strong></span> 
     </span>
    </p>
   </div>
   <div class='ocr_carea' id='block_1_82' title="bbox 2447 3731 4038 3788">
    <p class='ocr_par' dir='ltr' id='par_1_82' title="bbox 2447 3731 4038 3788">
     <span class='ocr_line' id='line_1_82' title="bbox 2447 3731 4038 3788; baseline -0.001 -2"><span class='ocrx_word' id='word_1_553' title='bbox 2447 3737 2732 3788; x_wconf 89' lang='lat' dir='ltr'><strong>verborum</strong></span> <span class='ocrx_word' id='word_1_554' title='bbox 2757 3733 3030 3786; x_wconf 87' lang='lat' dir='ltr'><strong>affluentia</strong></span> <span class='ocrx_word' id='word_1_555' title='bbox 3065 3747 3170 3785; x_wconf 90' lang='lat' dir='ltr'><strong>non</strong></span> <span class='ocrx_word' id='word_1_556' title='bbox 3198 3731 3350 3784; x_wconf 81' lang='lat' dir='ltr'><strong>facile</strong></span> <span class='ocrx_word' id='word_1_557' title='bbox 3375 3742 3460 3786; x_wconf 88' lang='lat' dir='ltr'><strong>est</strong></span> <span class='ocrx_word' id='word_1_558' title='bbox 3481 3732 3886 3788; x_wconf 56' lang='lat' dir='ltr'><strong>diSSOI&#39;CfIthTl.</strong></span> <span class='ocrx_word' id='word_1_559' title='bbox 3919 3735 4038 3786; x_wconf 82' lang='lat' dir='ltr'><strong>Erat</strong></span> 
     </span>
    </p>
   </div>
   <div class='ocr_carea' id='block_1_83' title="bbox 2445 3821 4038 3890">
    <p class='ocr_par' dir='ltr' id='par_1_83' title="bbox 2445 3821 4038 3890">
     <span class='ocr_line' id='line_1_83' title="bbox 2445 3821 4038 3890; baseline -0.003 -13"><span class='ocrx_word' id='word_1_560' title='bbox 2445 3825 2584 3878; x_wconf 90' lang='lat' dir='ltr'><strong>enim</strong></span> <span class='ocrx_word' id='word_1_561' title='bbox 2615 3826 2698 3877; x_wconf 90' lang='lat' dir='ltr'><strong>vir</strong></span> <span class='ocrx_word' id='word_1_562' title='bbox 2727 3823 3084 3888; x_wconf 89' lang='lat' dir='ltr'><strong>apostolicus,</strong></span> <span class='ocrx_word' id='word_1_563' title='bbox 3135 3821 3571 3890; x_wconf 85' lang='lat' dir='ltr'><strong>splendidissima</strong></span> <span class='ocrx_word' id='word_1_564' title='bbox 3620 3821 3786 3875; x_wconf 91' lang='lat' dir='ltr'><strong>veluti</strong></span> <span class='ocrx_word' id='word_1_565' title='bbox 3845 3825 4038 3877; x_wconf 86' lang='lat' dir='ltr'><strong>ardens</strong></span> 
     </span>
    </p>
   </div>
   <div class='ocr_carea' id='block_1_84' title="bbox 2447 3912 4040 3984">
    <p class='ocr_par' dir='ltr' id='par_1_84' title="bbox 2447 3912 4040 3984">
     <span class='ocr_line' id='line_1_84' title="bbox 2447 3912 4040 3984; baseline 0.001 -18"><span class='ocrx_word' id='word_1_566' title='bbox 2447 3917 2500 3968; x_wconf 92' lang='lat' dir='ltr'><strong>in</strong></span> <span class='ocrx_word' id='word_1_567' title='bbox 2535 3916 2698 3967; x_wconf 90' lang='lat' dir='ltr'><strong>domo</strong></span> <span class='ocrx_word' id='word_1_568' title='bbox 2732 3912 2942 3966; x_wconf 86' lang='lat' dir='ltr'><strong>Domitii</strong></span> <span class='ocrx_word' id='word_1_569' title='bbox 2977 3913 3219 3975; x_wconf 88' lang='lat' dir='ltr'><strong>lucerna,</strong></span> <span class='ocrx_word' id='word_1_570' title='bbox 3253 3926 3503 3965; x_wconf 85' lang='lat' dir='ltr'><strong>sermone</strong></span> <span class='ocrx_word' id='word_1_571' title='bbox 3536 3912 3756 3972; x_wconf 83' lang='lat' dir='ltr'><strong>nitidus,</strong></span> <span class='ocrx_word' id='word_1_572' title='bbox 3790 3914 4040 3984; x_wconf 83' lang='lat' dir='ltr'><strong>dogmate</strong></span> 
     </span>
    </p>
   </div>
   <div class='ocr_carea' id='block_1_85' title="bbox 2447 4001 4036 4072">
    <p class='ocr_par' dir='ltr' id='par_1_85' title="bbox 2447 4001 4036 4072">
     <span class='ocr_line' id='line_1_85' title="bbox 2447 4001 4036 4072; baseline -0.003 -14"><span class='ocrx_word' id='word_1_573' title='bbox 2447 4003 2876 4068; x_wconf 88' lang='lat' dir='ltr'><strong>facundissimus,</strong></span> <span class='ocrx_word' id='word_1_574' title='bbox 2901 4001 3280 4072; x_wconf 67' lang='lat' dir='ltr'><strong>praedicatione</strong></span> <span class='ocrx_word' id='word_1_575' title='bbox 3295 4002 3560 4070; x_wconf 83' lang='lat' dir='ltr'><strong>egregius,</strong></span> <span class='ocrx_word' id='word_1_576' title='bbox 3588 4013 3769 4055; x_wconf 86' lang='lat' dir='ltr'><strong>mente</strong></span> <span class='ocrx_word' id='word_1_577' title='bbox 3788 4018 4036 4064; x_wconf 83' lang='lat' dir='ltr'><strong>serenus,</strong></span> 
     </span>
    </p>
   </div>
   <div class='ocr_carea' id='block_1_86' title="bbox 2448 4091 4040 4162">
    <p class='ocr_par' dir='ltr' id='par_1_86' title="bbox 2448 4091 4040 4162">
     <span class='ocr_line' id='line_1_86' title="bbox 2448 4091 4040 4162; baseline -0.002 -14"><span class='ocrx_word' id='word_1_578' title='bbox 2448 4096 2577 4148; x_wconf 91' lang='lat' dir='ltr'><strong>mira</strong></span> <span class='ocrx_word' id='word_1_579' title='bbox 2605 4093 2860 4160; x_wconf 88' lang='lat' dir='ltr'><strong>patientia</strong></span> <span class='ocrx_word' id='word_1_580' title='bbox 2891 4093 3182 4159; x_wconf 85' lang='lat' dir='ltr'><strong>benignus,</strong></span> <span class='ocrx_word' id='word_1_581' title='bbox 3217 4091 3561 4159; x_wconf 67' lang='lat' dir='ltr'><strong>pareitnoniaz</strong></span> <span class='ocrx_word' id='word_1_582' title='bbox 3599 4092 3794 4145; x_wconf 89' lang='lat' dir='ltr'><strong>studiis</strong></span> <span class='ocrx_word' id='word_1_583' title='bbox 3827 4109 4040 4162; x_wconf 88' lang='lat' dir='ltr'><strong>semper</strong></span> 
     </span>
    </p>
   </div>
   <div class='ocr_carea' id='block_1_87' title="bbox 2448 4181 4038 4249">
    <p class='ocr_par' dir='ltr' id='par_1_87' title="bbox 2448 4181 4038 4249">
     <span class='ocr_line' id='line_1_87' title="bbox 2448 4181 4038 4249; baseline -0.001 -13"><span class='ocrx_word' id='word_1_584' title='bbox 2448 4185 2701 4246; x_wconf 88' lang='lat' dir='ltr'><strong>intentus,</strong></span> <span class='ocrx_word' id='word_1_585' title='bbox 2739 4181 3122 4237; x_wconf 72' lang='lat' dir='ltr'><strong>misericordia:</strong></span> <span class='ocrx_word' id='word_1_586' title='bbox 3149 4181 3406 4249; x_wconf 91' lang='lat' dir='ltr'><strong>operibus</strong></span> <span class='ocrx_word' id='word_1_587' title='bbox 3433 4183 3817 4235; x_wconf 89' lang='lat' dir='ltr'><strong>devotissimus</strong></span> <span class='ocrx_word' id='word_1_588' title='bbox 3836 4222 3852 4244; x_wconf 94' lang='lat'><strong>,</strong></span> <span class='ocrx_word' id='word_1_589' title='bbox 3875 4197 4038 4249; x_wconf 77' lang='lat' dir='ltr'><strong>ange-</strong></span> 
     </span>
    </p>
   </div>
   <div class='ocr_carea' id='block_1_88' title="bbox 2447 4269 4039 4340">
    <p class='ocr_par' dir='ltr' id='par_1_88' title="bbox 2447 4269 4039 4340">
     <span class='ocr_line' id='line_1_88' title="bbox 2447 4269 4039 4340; baseline -0.003 -14"><span class='ocrx_word' id='word_1_590' title='bbox 2447 4273 2562 4327; x_wconf 65' lang='lat' dir='ltr'><strong>licae</strong></span> <span class='ocrx_word' id='word_1_591' title='bbox 2603 4287 2815 4340; x_wconf 85' lang='lat' dir='ltr'><strong>qtthtte</strong></span> <span class='ocrx_word' id='word_1_592' title='bbox 2845 4271 3111 4324; x_wconf 91' lang='lat' dir='ltr'><strong>castitatis</strong></span> <span class='ocrx_word' id='word_1_593' title='bbox 3141 4269 3379 4323; x_wconf 89' lang='lat' dir='ltr'><strong>candore</strong></span> <span class='ocrx_word' id='word_1_594' title='bbox 3409 4283 3573 4337; x_wconf 87' lang='lat' dir='ltr'><strong>super</strong></span> <span class='ocrx_word' id='word_1_595' title='bbox 3604 4270 3785 4324; x_wconf 87' lang='lat' dir='ltr'><strong>nivem</strong></span> <span class='ocrx_word' id='word_1_596' title='bbox 3817 4271 4039 4325; x_wconf 82' lang='lat' dir='ltr'><strong>dealba-</strong></span> 
     </span>
    </p>
   </div>
   <div class='ocr_carea' id='block_1_89' title="bbox 2447 4362 4039 4432">
    <p class='ocr_par' dir='ltr' id='par_1_89' title="bbox 2447 4362 4039 4432">
     <span class='ocr_line' id='line_1_89' title="bbox 2447 4362 4039 4432; baseline 0.001 -17"><span class='ocrx_word' id='word_1_597' title='bbox 2447 4374 2551 4430; x_wconf 90' lang='lat' dir='ltr'><strong>tus,</strong></span> <span class='ocrx_word' id='word_1_598' title='bbox 2581 4365 2933 4431; x_wconf 85' lang='lat' dir='ltr'><strong>omniumque</strong></span> <span class='ocrx_word' id='word_1_599' title='bbox 2962 4363 3220 4416; x_wconf 82' lang='lat' dir='ltr'><strong>virtutum</strong></span> <span class='ocrx_word' id='word_1_600' title='bbox 3247 4362 3402 4430; x_wconf 84' lang='lat' dir='ltr'><strong>copia</strong></span> <span class='ocrx_word' id='word_1_601' title='bbox 3427 4362 3628 4415; x_wconf 80' lang='lat' dir='ltr'><strong>ditatus</strong></span> <span class='ocrx_word' id='word_1_602' title='bbox 3650 4403 3663 4424; x_wconf 88' lang='lat'><strong>,</strong></span> <span class='ocrx_word' id='word_1_603' title='bbox 3697 4372 3753 4416; x_wconf 93' lang='lat' dir='ltr'><strong>et</strong></span> <span class='ocrx_word' id='word_1_604' title='bbox 3783 4365 4039 4432; x_wconf 87' lang='lat' dir='ltr'><strong>euprepia</strong></span> 
     </span>
    </p>
   </div>
   <div class='ocr_carea' id='block_1_90' title="bbox 2442 4453 4038 4520">
    <p class='ocr_par' dir='ltr' id='par_1_90' title="bbox 2442 4453 4038 4520">
     <span class='ocr_line' id='line_1_90' title="bbox 2442 4453 4038 4520; baseline -0.006 -6"><span class='ocrx_word' id='word_1_605' title='bbox 2442 4462 2725 4515; x_wconf 81' lang='lat' dir='ltr'><strong>decoratus</strong></span> <span class='ocrx_word' id='word_1_606' title='bbox 2753 4457 2878 4508; x_wconf 86' lang='lat' dir='ltr'><strong>vita.</strong></span> <span class='ocrx_word' id='word_1_607' title='bbox 2931 4454 2996 4508; x_wconf 83' lang='lat' dir='ltr'><strong>Et</strong></span> <span class='ocrx_word' id='word_1_608' title='bbox 3042 4465 3097 4507; x_wconf 93' lang='lat' dir='ltr'><strong>ut</strong></span> <span class='ocrx_word' id='word_1_609' title='bbox 3130 4455 3447 4520; x_wconf 87' lang='lat' dir='ltr'><strong>probaretur</strong></span> <span class='ocrx_word' id='word_1_610' title='bbox 3486 4468 3608 4507; x_wconf 91' lang='lat' dir='ltr'><strong>esse</strong></span> <span class='ocrx_word' id='word_1_611' title='bbox 3653 4453 3749 4508; x_wconf 90' lang='lat' dir='ltr'><strong>Dei</strong></span> <span class='ocrx_word' id='word_1_612' title='bbox 3804 4457 4038 4514; x_wconf 82' lang='lat' dir='ltr'><strong>amicus,</strong></span> 
     </span>
    </p>
   </div>
   <div class='ocr_carea' id='block_1_91' title="bbox 759 4546 4042 4636">
    <p class='ocr_par' dir='ltr' id='par_1_91' title="bbox 759 4546 4042 4636">
     <span class='ocr_line' id='line_1_91' title="bbox 759 4546 4042 4636; baseline -0.005 -21"><span class='ocrx_word' id='word_1_613' title='bbox 759 4557 991 4622; x_wconf 73' lang='lat' dir='ltr'><strong>qualiter</strong></span> <span class='ocrx_word' id='word_1_614' title='bbox 1019 4569 1077 4606; x_wconf 77' lang='lat' dir='ltr'><strong>se</strong></span> <span class='ocrx_word' id='word_1_615' title='bbox 1107 4555 1158 4606; x_wconf 74' lang='lat' dir='ltr'><strong>in</strong></span> <span class='ocrx_word' id='word_1_616' title='bbox 1189 4551 1446 4619; x_wconf 77' lang='lat' dir='ltr'><strong>t&#39;egilltitle</strong></span> <span class='ocrx_word' id='word_1_617' title='bbox 1468 4565 1626 4619; x_wconf 68' lang='lat' dir='ltr'><strong>agere</strong></span> <span class='ocrx_word' id='word_1_618' title='bbox 1658 4550 1898 4612; x_wconf 60' lang='lat' dir='ltr'><strong>deberet.</strong></span> <span class='ocrx_word' id='word_1_619' title='bbox 1922 4557 1977 4601; x_wconf 74' lang='grc' dir='ltr'><strong>ει</strong></span> <span class='ocrx_word' id='word_1_620' title='bbox 2008 4548 2058 4600; x_wconf 72' lang='lat' dir='ltr'><strong>in</strong></span> <span class='ocrx_word' id='word_1_621' title='bbox 2088 4549 2340 4601; x_wconf 69' lang='grc' dir='ltr'><strong>εδηοιὶιίι·</strong></span> <span class='ocrx_word' id='word_1_622' title='bbox 2375 4576 2423 4636; x_wconf 79' lang='grc' dir='ltr'><strong>ι)</strong></span> <span class='ocrx_word' id='word_1_623' title='bbox 2452 4554 2624 4610; x_wconf 87' lang='lat' dir='ltr'><strong>fidelis</strong></span> <span class='ocrx_word' id='word_1_624' title='bbox 2645 4565 2852 4620; x_wconf 86' lang='lat' dir='ltr'><strong>quoque</strong></span> <span class='ocrx_word' id='word_1_625' title='bbox 2870 4564 3056 4603; x_wconf 89' lang='lat' dir='ltr'><strong>servus</strong></span> <span class='ocrx_word' id='word_1_626' title='bbox 3079 4557 3132 4602; x_wconf 89' lang='lat' dir='ltr'><strong>et</strong></span> <span class='ocrx_word' id='word_1_627' title='bbox 3158 4546 3389 4616; x_wconf 90' lang='lat' dir='ltr'><strong>prudens</strong></span> <span class='ocrx_word' id='word_1_628' title='bbox 3410 4546 3688 4614; x_wconf 88' lang='lat' dir='ltr'><strong>sequentia</strong></span> <span class='ocrx_word' id='word_1_629' title='bbox 3717 4549 4042 4602; x_wconf 83' lang='lat' dir='ltr'><strong>reserabqu</strong></span> 
     </span>
    </p>
   </div>
   <div class='ocr_carea' id='block_1_92' title="bbox 760 4639 2340 4711">
    <p class='ocr_par' dir='ltr' id='par_1_92' title="bbox 760 4639 2340 4711">
     <span class='ocr_line' id='line_1_92' title="bbox 760 4639 2340 4711; baseline -0.004 -13"><span class='ocrx_word' id='word_1_630' title='bbox 760 4647 830 4698; x_wconf 91' lang='lat' dir='ltr'><strong>tis</strong></span> <span class='ocrx_word' id='word_1_631' title='bbox 860 4645 1011 4711; x_wconf 89' lang='lat' dir='ltr'><strong>apice</strong></span> <span class='ocrx_word' id='word_1_632' title='bbox 1038 4643 1309 4696; x_wconf 81' lang='lat' dir='ltr'><strong>exhibere.</strong></span> <span class='ocrx_word' id='word_1_633' title='bbox 1340 4643 1444 4694; x_wconf 85' lang='lat' dir='ltr'><strong>Sed</strong></span> <span class='ocrx_word' id='word_1_634' title='bbox 1477 4642 1639 4694; x_wconf 83' lang='lat' dir='ltr'><strong>frater</strong></span> <span class='ocrx_word' id='word_1_635' title='bbox 1665 4641 1850 4693; x_wconf 89' lang='lat' dir='ltr'><strong>nolens</strong></span> <span class='ocrx_word' id='word_1_636' title='bbox 1879 4639 2025 4692; x_wconf 92' lang='lat' dir='ltr'><strong>solus</strong></span> <span class='ocrx_word' id='word_1_637' title='bbox 2046 4639 2163 4691; x_wconf 87' lang='lat' dir='ltr'><strong>sine</strong></span> <span class='ocrx_word' id='word_1_638' title='bbox 2182 4639 2340 4692; x_wconf 86' lang='lat' dir='ltr'><strong>abba-</strong></span> 
     </span>
    </p>
   </div>
   <div class='ocr_carea' id='block_1_93' title="bbox 761 4733 2341 4806">
    <p class='ocr_par' dir='ltr' id='par_1_93' title="bbox 761 4733 2341 4806">
     <span class='ocr_line' id='line_1_93' title="bbox 761 4733 2341 4806; baseline -0.003 -14"><span class='ocrx_word' id='word_1_639' title='bbox 761 4740 831 4792; x_wconf 89' lang='lat' dir='ltr'><strong>tis</strong></span> <span class='ocrx_word' id='word_1_640' title='bbox 854 4740 933 4792; x_wconf 91' lang='lat' dir='ltr'><strong>sui</strong></span> <span class='ocrx_word' id='word_1_641' title='bbox 956 4739 1235 4806; x_wconf 75' lang='lat' dir='ltr'><strong>przesentia</strong></span> <span class='ocrx_word' id='word_1_642' title='bbox 1262 4737 1334 4788; x_wconf 90' lang='lat' dir='ltr'><strong>illi</strong></span> <span class='ocrx_word' id='word_1_643' title='bbox 1357 4735 1584 4789; x_wconf 89' lang='lat' dir='ltr'><strong>concilio</strong></span> <span class='ocrx_word' id='word_1_644' title='bbox 1606 4747 1912 4804; x_wconf 90' lang='lat' dir='ltr'><strong>properare,</strong></span> <span class='ocrx_word' id='word_1_645' title='bbox 1932 4733 2127 4787; x_wconf 72' lang='lat' dir='ltr'><strong>obnixe</strong></span> <span class='ocrx_word' id='word_1_646' title='bbox 2161 4741 2341 4801; x_wconf 87' lang='lat' dir='ltr'><strong>postu-</strong></span> 
     </span>
    </p>
   </div>
   <div class='ocr_carea' id='block_1_94' title="bbox 837 4866 2341 4932">
    <p class='ocr_par' dir='ltr' id='par_1_94' title="bbox 837 4866 2341 4932">
     <span class='ocr_line' id='line_1_94' title="bbox 837 4866 2341 4932; baseline -0.001 -11"><span class='ocrx_word' id='word_1_647' title='bbox 837 4877 864 4904; x_wconf 76' lang='grc'><strong>⁸</strong></span> <span class='ocrx_word' id='word_1_648' title='bbox 907 4867 1126 4921; x_wconf 78' lang='lat' dir='ltr'><strong>Mortem</strong></span> <span class='ocrx_word' id='word_1_649' title='bbox 1155 4867 1379 4922; x_wconf 62' lang='lat' dir='ltr'><strong>[Etherii</strong></span> <span class='ocrx_word' id='word_1_650' title='bbox 1407 4867 1568 4921; x_wconf 87' lang='lat' dir='ltr'><strong>refert</strong></span> <span class='ocrx_word' id='word_1_651' title='bbox 1597 4866 1844 4921; x_wconf 73' lang='lat' dir='ltr'><strong>(Ioiniius</strong></span> <span class='ocrx_word' id='word_1_652' title='bbox 1873 4867 1937 4917; x_wconf 90' lang='lat' dir='ltr'><strong>ad</strong></span> <span class='ocrx_word' id='word_1_653' title='bbox 1963 4882 2044 4918; x_wconf 79' lang='lat' dir='ltr'><strong>an.</strong></span> <span class='ocrx_word' id='word_1_654' title='bbox 2076 4866 2200 4926; x_wconf 74' lang='grc'><strong>541,</strong></span> <span class='ocrx_word' id='word_1_655' title='bbox 2234 4882 2341 4932; x_wconf 89' lang='lat' dir='ltr'><strong>quo</strong></span> 
     </span>
    </p>
   </div>
   <div class='ocr_carea' id='block_1_95' title="bbox 763 4935 2341 4994">
    <p class='ocr_par' dir='ltr' id='par_1_95' title="bbox 763 4935 2341 4994">
     <span class='ocr_line' id='line_1_95' title="bbox 763 4935 2341 4994; baseline -0.003 -2"><span class='ocrx_word' id='word_1_656' title='bbox 763 4953 904 4992; x_wconf 88' lang='lat' dir='ltr'><strong>anno</strong></span> <span class='ocrx_word' id='word_1_657' title='bbox 942 4940 998 4994; x_wconf 72' lang='grc' dir='ltr'><strong>ὃ.</strong></span> <span class='ocrx_word' id='word_1_658' title='bbox 1048 4939 1315 4992; x_wconf 83' lang='lat' dir='ltr'><strong>Leobinus</strong></span> <span class='ocrx_word' id='word_1_659' title='bbox 1351 4939 1522 4992; x_wconf 89' lang='lat' dir='ltr'><strong>cidem</strong></span> <span class='ocrx_word' id='word_1_660' title='bbox 1569 4937 1830 4990; x_wconf 84' lang='lat' dir='ltr'><strong>successit</strong></span> <span class='ocrx_word' id='word_1_661' title='bbox 1887 4937 1938 4988; x_wconf 89' lang='lat' dir='ltr'><strong>in</strong></span> <span class='ocrx_word' id='word_1_662' title='bbox 1989 4937 2115 4990; x_wconf 74' lang='lat' dir='ltr'><strong>sede</strong></span> <span class='ocrx_word' id='word_1_663' title='bbox 2158 4935 2341 4989; x_wconf 83' lang='lat' dir='ltr'><strong>Carte-</strong></span> 
     </span>
    </p>
   </div>
   <div class='ocr_carea' id='block_1_96' title="bbox 767 5024 936 5062">
    <p class='ocr_par' dir='ltr' id='par_1_96' title="bbox 767 5024 936 5062">
     <span class='ocr_line' id='line_1_96' title="bbox 767 5024 936 5062; baseline 0.006 -1"><span class='ocrx_word' id='word_1_664' title='bbox 767 5024 936 5062; x_wconf 78' lang='lat' dir='ltr'><strong>neusr.</strong></span> 
     </span>
    </p>
   </div>
   <div class='ocr_carea' id='block_1_97' title="bbox 838 5077 2341 5144">
    <p class='ocr_par' dir='ltr' id='par_1_97' title="bbox 838 5077 2341 5144">
     <span class='ocr_line' id='line_1_97' title="bbox 838 5077 2341 5144; baseline -0.002 -13"><span class='ocrx_word' id='word_1_665' title='bbox 838 5077 864 5114; x_wconf 67' lang='grc' dir='ltr'><strong>¹ν</strong></span> <span class='ocrx_word' id='word_1_666' title='bbox 913 5079 1006 5131; x_wconf 91' lang='lat' dir='ltr'><strong>llic</strong></span> <span class='ocrx_word' id='word_1_667' title='bbox 1036 5077 1129 5130; x_wconf 87' lang='lat' dir='ltr'><strong>fuit</strong></span> <span class='ocrx_word' id='word_1_668' title='bbox 1154 5077 1526 5130; x_wconf 90' lang='lat' dir='ltr'><strong>Cbildebertus</strong></span> <span class='ocrx_word' id='word_1_669' title='bbox 1556 5077 1572 5130; x_wconf 92' lang='grc'><strong>1</strong></span> <span class='ocrx_word' id='word_1_670' title='bbox 1598 5121 1610 5138; x_wconf 84' lang='grc'><em>,</em></span> <span class='ocrx_word' id='word_1_671' title='bbox 1661 5077 1749 5144; x_wconf 85' lang='lat' dir='ltr'><strong>qui</strong></span> <span class='ocrx_word' id='word_1_672' title='bbox 1786 5089 2008 5140; x_wconf 77' lang='lat' dir='ltr'><strong>regnare</strong></span> <span class='ocrx_word' id='word_1_673' title='bbox 2038 5079 2195 5142; x_wconf 75' lang='lat' dir='ltr'><strong>erepit</strong></span> <span class='ocrx_word' id='word_1_674' title='bbox 2227 5084 2341 5134; x_wconf 81' lang='lat' dir='ltr'><strong>post</strong></span> 
     </span>
    </p>
   </div>
   <div class='ocr_carea' id='block_1_98' title="bbox 703 5144 2339 5215">
    <p class='ocr_par' dir='ltr' id='par_1_98' title="bbox 703 5144 2339 5215">
     <span class='ocr_line' id='line_1_98' title="bbox 703 5144 2339 5215; baseline -0.002 -14"><span class='ocrx_word' id='word_1_675' title='bbox 703 5181 708 5186; x_wconf 91' lang='lat'><strong>-</strong></span> <span class='ocrx_word' id='word_1_676' title='bbox 768 5149 974 5201; x_wconf 90' lang='lat' dir='ltr'><strong>obitum</strong></span> <span class='ocrx_word' id='word_1_677' title='bbox 994 5150 1157 5215; x_wconf 89' lang='lat' dir='ltr'><strong>patris</strong></span> <span class='ocrx_word' id='word_1_678' title='bbox 1182 5149 1260 5200; x_wconf 92' lang='lat' dir='ltr'><strong>sui</strong></span> <span class='ocrx_word' id='word_1_679' title='bbox 1278 5147 1562 5201; x_wconf 87' lang='lat' dir='ltr'><strong>Cblodovei</strong></span> <span class='ocrx_word' id='word_1_680' title='bbox 1583 5149 1620 5210; x_wconf 92' lang='lat' dir='ltr'><strong>l,</strong></span> <span class='ocrx_word' id='word_1_681' title='bbox 1643 5164 1729 5200; x_wconf 90' lang='lat' dir='ltr'><strong>an.</strong></span> <span class='ocrx_word' id='word_1_682' title='bbox 1747 5149 1870 5211; x_wconf 81' lang='lat' dir='ltr'><strong>5H,</strong></span> <span class='ocrx_word' id='word_1_683' title='bbox 1891 5144 2339 5200; x_wconf 69' lang='grc' dir='ltr'><strong>ρι‹›1›ἱίιειι.558.</strong></span> 
     </span>
    </p>
   </div>
   <div class='ocr_carea' id='block_1_99' title="bbox 772 5216 1505 5271">
    <p class='ocr_par' dir='ltr' id='par_1_99' title="bbox 772 5216 1505 5271">
     <span class='ocr_line' id='line_1_99' title="bbox 772 5216 1505 5271; baseline -0.003 0"><span class='ocrx_word' id='word_1_684' title='bbox 772 5219 822 5271; x_wconf 91' lang='lat' dir='ltr'><strong>ls</strong></span> <span class='ocrx_word' id='word_1_685' title='bbox 853 5218 1034 5270; x_wconf 90' lang='lat' dir='ltr'><strong>sedem</strong></span> <span class='ocrx_word' id='word_1_686' title='bbox 1071 5216 1281 5270; x_wconf 78' lang='lat' dir='ltr'><strong>Parisiis</strong></span> <span class='ocrx_word' id='word_1_687' title='bbox 1304 5219 1505 5270; x_wconf 89' lang='lat' dir='ltr'><strong>habuit.</strong></span> 
     </span>
    </p>
   </div>
   <div class='ocr_carea' id='block_1_100' title="bbox 845 5285 2345 5354">
    <p class='ocr_par' dir='ltr' id='par_1_100' title="bbox 845 5285 2345 5354">
     <span class='ocr_line' id='line_1_100' title="bbox 845 5285 2345 5354; baseline 0 -17"><span class='ocrx_word' id='word_1_688' title='bbox 845 5299 866 5325; x_wconf 75' lang='grc' dir='ltr'><strong>ε</strong></span> <span class='ocrx_word' id='word_1_689' title='bbox 915 5289 1126 5340; x_wconf 81' lang='lat' dir='ltr'><strong>\‘arium</strong></span> <span class='ocrx_word' id='word_1_690' title='bbox 1167 5296 1288 5339; x_wconf 86' lang='lat' dir='ltr'><strong>tunc</strong></span> <span class='ocrx_word' id='word_1_691' title='bbox 1331 5289 1606 5353; x_wconf 88' lang='lat' dir='ltr'><strong>temporis,</strong></span> <span class='ocrx_word' id='word_1_692' title='bbox 1637 5303 1740 5354; x_wconf 89' lang='lat' dir='ltr'><strong>quo</strong></span> <span class='ocrx_word' id='word_1_693' title='bbox 1771 5286 2032 5338; x_wconf 77' lang='lat' dir='ltr'><strong>scribebat</strong></span> <span class='ocrx_word' id='word_1_694' title='bbox 2074 5285 2345 5338; x_wconf 87' lang='lat' dir='ltr'><strong>Fertnna-</strong></span> 
     </span>
    </p>
   </div>
   <div class='ocr_carea' id='block_1_101' title="bbox 775 5356 2343 5424">
    <p class='ocr_par' dir='ltr' id='par_1_101' title="bbox 775 5356 2343 5424">
     <span class='ocr_line' id='line_1_101' title="bbox 775 5356 2343 5424; baseline -0.001 -16"><span class='ocrx_word' id='word_1_695' title='bbox 775 5368 888 5419; x_wconf 84' lang='lat' dir='ltr'><strong>tus,</strong></span> <span class='ocrx_word' id='word_1_696' title='bbox 934 5360 986 5408; x_wconf 91' lang='lat' dir='ltr'><strong>in</strong></span> <span class='ocrx_word' id='word_1_697' title='bbox 1017 5359 1283 5424; x_wconf 69' lang='lat' dir='ltr'><strong>episcoliis</strong></span> <span class='ocrx_word' id='word_1_698' title='bbox 1323 5358 1618 5423; x_wconf 68' lang='lat' dir='ltr'><strong>deligendis</strong></span> <span class='ocrx_word' id='word_1_699' title='bbox 1648 5359 2024 5410; x_wconf 68' lang='lat' dir='ltr'><strong>ecclesiasticae</strong></span> <span class='ocrx_word' id='word_1_700' title='bbox 2054 5356 2343 5420; x_wconf 68' lang='lat' dir='ltr'><strong>disciplina:</strong></span> 
     </span>
    </p>
   </div>
   <div class='ocr_carea' id='block_1_102' title="bbox 772 5427 2340 5494">
    <p class='ocr_par' dir='ltr' id='par_1_102' title="bbox 772 5427 2340 5494">
     <span class='ocr_line' id='line_1_102' title="bbox 772 5427 2340 5494; baseline -0.001 -16"><span class='ocrx_word' id='word_1_701' title='bbox 772 5444 971 5480; x_wconf 85' lang='lat' dir='ltr'><strong>morem</strong></span> <span class='ocrx_word' id='word_1_702' title='bbox 1003 5428 1194 5489; x_wconf 72' lang='lat' dir='ltr'><strong>fuisse;</strong></span> <span class='ocrx_word' id='word_1_703' title='bbox 1237 5436 1289 5478; x_wconf 91' lang='lat' dir='ltr'><strong>et</strong></span> <span class='ocrx_word' id='word_1_704' title='bbox 1316 5443 1405 5478; x_wconf 88' lang='lat' dir='ltr'><strong>eos</strong></span> <span class='ocrx_word' id='word_1_705' title='bbox 1435 5431 1744 5494; x_wconf 76' lang='lat' dir='ltr'><strong>plerumque</strong></span> <span class='ocrx_word' id='word_1_706' title='bbox 1792 5444 1818 5477; x_wconf 72' lang='grc' dir='ltr'>ει</span> <span class='ocrx_word' id='word_1_707' title='bbox 1853 5427 1996 5478; x_wconf 83' lang='lat' dir='ltr'><strong>clero</strong></span> <span class='ocrx_word' id='word_1_708' title='bbox 2026 5436 2079 5478; x_wconf 90' lang='lat' dir='ltr'><strong>et</strong></span> <span class='ocrx_word' id='word_1_709' title='bbox 2129 5427 2340 5490; x_wconf 83' lang='lat' dir='ltr'><strong>populo,</strong></span> 
     </span>
    </p>
   </div>
   <div class='ocr_carea' id='block_1_103' title="bbox 776 5495 2343 5562">
    <p class='ocr_par' dir='ltr' id='par_1_103' title="bbox 776 5495 2343 5562">
     <span class='ocr_line' id='line_1_103' title="bbox 776 5495 2343 5562; baseline -0.003 -14"><span class='ocrx_word' id='word_1_710' title='bbox 776 5500 915 5550; x_wconf 89' lang='lat' dir='ltr'><strong>inter</strong></span> <span class='ocrx_word' id='word_1_711' title='bbox 967 5513 1022 5548; x_wconf 89' lang='lat' dir='ltr'><strong>se</strong></span> <span class='ocrx_word' id='word_1_712' title='bbox 1070 5497 1522 5549; x_wconf 84' lang='lat' dir='ltr'><strong>consentientilnis</strong></span> <span class='ocrx_word' id='word_1_713' title='bbox 1565 5499 1614 5548; x_wconf 90' lang='lat' dir='ltr'><strong>in</strong></span> <span class='ocrx_word' id='word_1_714' title='bbox 1651 5510 1860 5562; x_wconf 78' lang='lat' dir='ltr'><strong>pnsmre</strong></span> <span class='ocrx_word' id='word_1_715' title='bbox 1892 5513 1986 5545; x_wconf 79' lang='lat' dir='ltr'><strong>suo</strong></span> <span class='ocrx_word' id='word_1_716' title='bbox 2015 5495 2343 5562; x_wconf 74' lang='lat' dir='ltr'><strong>designaudn</strong></span> 
     </span>
    </p>
   </div>
   <div class='ocr_carea' id='block_1_104' title="bbox 772 5565 2342 5634">
    <p class='ocr_par' dir='ltr' id='par_1_104' title="bbox 772 5565 2342 5634">
     <span class='ocr_line' id='line_1_104' title="bbox 772 5565 2342 5634; baseline 0.001 -20"><span class='ocrx_word' id='word_1_717' title='bbox 772 5580 826 5618; x_wconf 74' lang='lat' dir='ltr'><strong>et</strong></span> <span class='ocrx_word' id='word_1_718' title='bbox 858 5567 1167 5618; x_wconf 85' lang='lat' dir='ltr'><strong>ascisceudo</strong></span> <span class='ocrx_word' id='word_1_719' title='bbox 1191 5610 1204 5630; x_wconf 91' lang='lat'><strong>,</strong></span> <span class='ocrx_word' id='word_1_720' title='bbox 1232 5567 1356 5634; x_wconf 76' lang='lat' dir='ltr'><strong>eligi</strong></span> <span class='ocrx_word' id='word_1_721' title='bbox 1387 5569 1577 5620; x_wconf 88' lang='lat' dir='ltr'><strong>solitos</strong></span> <span class='ocrx_word' id='word_1_722' title='bbox 1603 5583 1615 5628; x_wconf 88' lang='lat'><strong>;</strong></span> <span class='ocrx_word' id='word_1_723' title='bbox 1672 5579 1759 5618; x_wconf 88' lang='lat' dir='ltr'><strong>aut</strong></span> <span class='ocrx_word' id='word_1_724' title='bbox 1788 5581 1853 5616; x_wconf 83' lang='lat' dir='ltr'><strong>ex</strong></span> <span class='ocrx_word' id='word_1_725' title='bbox 1892 5565 2140 5617; x_wconf 71' lang='lat' dir='ltr'><strong>licclesim</strong></span> <span class='ocrx_word' id='word_1_726' title='bbox 2176 5565 2342 5616; x_wconf 85' lang='lat' dir='ltr'><strong>indul-</strong></span> 
     </span>
    </p>
   </div>
   <div class='ocr_carea' id='block_1_105' title="bbox 771 5634 2342 5703">
    <p class='ocr_par' dir='ltr' id='par_1_105' title="bbox 771 5634 2342 5703">
     <span class='ocr_line' id='line_1_105' title="bbox 771 5634 2342 5703; baseline -0.003 -17"><span class='ocrx_word' id='word_1_727' title='bbox 771 5637 978 5701; x_wconf 78' lang='lat' dir='ltr'><strong>gentia,</strong></span> <span class='ocrx_word' id='word_1_728' title='bbox 1005 5651 1031 5686; x_wconf 77' lang='grc' dir='ltr'><strong>ιι</strong></span> <span class='ocrx_word' id='word_1_729' title='bbox 1066 5637 1386 5703; x_wconf 71' lang='lat' dir='ltr'><strong>principibus</strong></span> <span class='ocrx_word' id='word_1_730' title='bbox 1415 5651 1475 5689; x_wconf 88' lang='lat' dir='ltr'><strong>ac</strong></span> <span class='ocrx_word' id='word_1_731' title='bbox 1507 5639 1714 5702; x_wconf 71' lang='lat' dir='ltr'><strong>regibus</strong></span> <span class='ocrx_word' id='word_1_732' title='bbox 1744 5634 1950 5687; x_wconf 77' lang='lat' dir='ltr'><strong>ostendi</strong></span> <span class='ocrx_word' id='word_1_733' title='bbox 1999 5644 2051 5687; x_wconf 89' lang='lat' dir='ltr'><strong>et</strong></span> <span class='ocrx_word' id='word_1_734' title='bbox 2103 5635 2342 5697; x_wconf 84' lang='lat' dir='ltr'><strong>indicari,</strong></span> 
     </span>
    </p>
   </div>
   <div class='ocr_carea' id='block_1_106' title="bbox 772 5705 2348 5772">
    <p class='ocr_par' dir='ltr' id='par_1_106' title="bbox 772 5705 2348 5772">
     <span class='ocr_line' id='line_1_106' title="bbox 772 5705 2348 5772; baseline 0.001 -19"><span class='ocrx_word' id='word_1_735' title='bbox 772 5709 858 5768; x_wconf 75' lang='lat' dir='ltr'><strong>qui</strong></span> <span class='ocrx_word' id='word_1_736' title='bbox 881 5707 1072 5759; x_wconf 87' lang='lat' dir='ltr'><strong>deinde</strong></span> <span class='ocrx_word' id='word_1_737' title='bbox 1101 5720 1130 5758; x_wconf 85' lang='lat' dir='ltr'><strong>a</strong></span> <span class='ocrx_word' id='word_1_738' title='bbox 1154 5707 1459 5772; x_wconf 79' lang='lat' dir='ltr'><strong>metropolis</strong></span> <span class='ocrx_word' id='word_1_739' title='bbox 1489 5716 1542 5759; x_wconf 88' lang='lat' dir='ltr'><strong>et</strong></span> <span class='ocrx_word' id='word_1_740' title='bbox 1567 5705 2099 5767; x_wconf 64' lang='lat' dir='ltr'><strong>cotnprovincialibu&lt;</strong></span> <span class='ocrx_word' id='word_1_741' title='bbox 2126 5706 2348 5771; x_wconf 80' lang='lat' dir='ltr'><strong>inaugu-</strong></span> 
     </span>
    </p>
   </div>
   <div class='ocr_carea' id='block_1_107' title="bbox 776 5775 2346 5843">
    <p class='ocr_par' dir='ltr' id='par_1_107' title="bbox 776 5775 2346 5843">
     <span class='ocr_line' id='line_1_107' title="bbox 776 5775 2346 5843; baseline -0.001 -16"><span class='ocrx_word' id='word_1_742' title='bbox 776 5787 1015 5828; x_wconf 74' lang='lat' dir='ltr'><strong>raenlttr</strong></span> <span class='ocrx_word' id='word_1_743' title='bbox 1039 5793 1052 5838; x_wconf 90' lang='lat'><strong>;</strong></span> <span class='ocrx_word' id='word_1_744' title='bbox 1077 5785 1162 5827; x_wconf 84' lang='lat' dir='ltr'><strong>aut</strong></span> <span class='ocrx_word' id='word_1_745' title='bbox 1198 5790 1226 5825; x_wconf 83' lang='lat' dir='ltr'><strong>a</strong></span> <span class='ocrx_word' id='word_1_746' title='bbox 1259 5775 1506 5827; x_wconf 75' lang='lat' dir='ltr'><strong>lionranis</strong></span> <span class='ocrx_word' id='word_1_747' title='bbox 1536 5776 1874 5843; x_wconf 76' lang='lat' dir='ltr'><strong>pontificibus</strong></span> <span class='ocrx_word' id='word_1_748' title='bbox 1902 5777 2182 5836; x_wconf 78' lang='lat' dir='ltr'><strong>declarari,</strong></span> <span class='ocrx_word' id='word_1_749' title='bbox 2219 5791 2346 5825; x_wconf 79' lang='lat' dir='ltr'><strong>eon-</strong></span> 
     </span>
    </p>
   </div>
   <div class='ocr_carea' id='block_1_108' title="bbox 778 5845 2344 5912">
    <p class='ocr_par' dir='ltr' id='par_1_108' title="bbox 778 5845 2344 5912">
     <span class='ocr_line' id='line_1_108' title="bbox 778 5845 2344 5912; baseline 0.001 -18"><span class='ocrx_word' id='word_1_750' title='bbox 778 5847 973 5898; x_wconf 88' lang='lat' dir='ltr'><strong>lirtnari</strong></span> <span class='ocrx_word' id='word_1_751' title='bbox 1003 5858 1053 5898; x_wconf 89' lang='lat' dir='ltr'><strong>et</strong></span> <span class='ocrx_word' id='word_1_752' title='bbox 1080 5847 1127 5897; x_wconf 90' lang='lat' dir='ltr'><strong>in</strong></span> <span class='ocrx_word' id='word_1_753' title='bbox 1153 5860 1272 5899; x_wconf 75' lang='lat' dir='ltr'><strong>suas</strong></span> <span class='ocrx_word' id='word_1_754' title='bbox 1304 5845 1476 5899; x_wconf 73' lang='lat' dir='ltr'><strong>invehi</strong></span> <span class='ocrx_word' id='word_1_755' title='bbox 1506 5850 1678 5909; x_wconf 70' lang='lat' dir='ltr'><strong>sedes,</strong></span> <span class='ocrx_word' id='word_1_756' title='bbox 1705 5846 1996 5912; x_wconf 65' lang='lat' dir='ltr'><strong>praesertim</strong></span> <span class='ocrx_word' id='word_1_757' title='bbox 2027 5861 2142 5898; x_wconf 87' lang='lat' dir='ltr'><strong>cum</strong></span> <span class='ocrx_word' id='word_1_758' title='bbox 2169 5845 2344 5898; x_wconf 81' lang='lat' dir='ltr'><strong>clerus</strong></span> 
     </span>
    </p>
   </div>
   <div class='ocr_carea' id='block_1_109' title="bbox 2448 4645 2725 4701">
    <p class='ocr_par' dir='ltr' id='par_1_109' title="bbox 2448 4645 2725 4701">
     <span class='ocr_line' id='line_1_109' title="bbox 2448 4645 2725 4701; baseline -0.025 0"><span class='ocrx_word' id='word_1_759' title='bbox 2448 4645 2725 4701; x_wconf 85' lang='lat' dir='ltr'><strong>miracula.</strong></span> 
     </span>
    </p>
   </div>
   <div class='ocr_carea' id='block_1_110' title="bbox 2519 4725 4042 4798">
    <p class='ocr_par' dir='ltr' id='par_1_110' title="bbox 2519 4725 4042 4798">
     <span class='ocr_line' id='line_1_110' title="bbox 2519 4725 4042 4798; baseline -0.007 -11"><span class='ocrx_word' id='word_1_760' title='bbox 2519 4735 2603 4787; x_wconf 84' lang='lat' dir='ltr'><strong>l7.</strong></span> <span class='ocrx_word' id='word_1_761' title='bbox 2645 4730 2884 4798; x_wconf 84' lang='lat' dir='ltr'><strong>Quodam</strong></span> <span class='ocrx_word' id='word_1_762' title='bbox 2916 4729 3093 4794; x_wconf 86' lang='lat' dir='ltr'><strong>itaque</strong></span> <span class='ocrx_word' id='word_1_763' title='bbox 3133 4735 3371 4793; x_wconf 86' lang='lat' dir='ltr'><strong>tempore</strong></span> <span class='ocrx_word' id='word_1_764' title='bbox 3401 4767 3415 4785; x_wconf 89' lang='lat'><strong>,</strong></span> <span class='ocrx_word' id='word_1_765' title='bbox 3473 4740 3591 4777; x_wconf 90' lang='lat' dir='ltr'><strong>cum</strong></span> <span class='ocrx_word' id='word_1_766' title='bbox 3648 4725 3792 4778; x_wconf 89' lang='lat' dir='ltr'><strong>idem</strong></span> <span class='ocrx_word' id='word_1_767' title='bbox 3849 4726 4042 4779; x_wconf 84' lang='lat' dir='ltr'><strong>beatus</strong></span> 
     </span>
    </p>
   </div>
   <div class='ocr_carea' id='block_1_111' title="bbox 2445 4855 4044 4931">
    <p class='ocr_par' dir='ltr' id='par_1_111' title="bbox 2445 4855 4044 4931">
     <span class='ocr_line' id='line_1_111' title="bbox 2445 4855 4044 4931; baseline -0.007 -12"><span class='ocrx_word' id='word_1_768' title='bbox 2445 4876 2498 4919; x_wconf 91' lang='lat' dir='ltr'><strong>et</strong></span> <span class='ocrx_word' id='word_1_769' title='bbox 2530 4865 2779 4931; x_wconf 82' lang='lat' dir='ltr'><strong>pepulus,</strong></span> <span class='ocrx_word' id='word_1_770' title='bbox 2805 4859 3044 4914; x_wconf 68' lang='lat' dir='ltr'><strong>distracti</strong></span> <span class='ocrx_word' id='word_1_771' title='bbox 3073 4859 3125 4911; x_wconf 92' lang='lat' dir='ltr'><strong>iu</strong></span> <span class='ocrx_word' id='word_1_772' title='bbox 3157 4858 3460 4931; x_wconf 30' lang='lat' dir='ltr'><strong>partes,_in‘</strong></span> <span class='ocrx_word' id='word_1_773' title='bbox 3483 4855 3740 4931; x_wconf 79' lang='lat' dir='ltr'><strong>eligendo</strong></span> <span class='ocrx_word' id='word_1_774' title='bbox 3760 4857 3869 4910; x_wconf 87' lang='lat' dir='ltr'><strong>sibi</strong></span> <span class='ocrx_word' id='word_1_775' title='bbox 3908 4872 4044 4924; x_wconf 84' lang='lat' dir='ltr'><strong>pas-</strong></span> 
     </span>
    </p>
   </div>
   <div class='ocr_carea' id='block_1_112' title="bbox 2450 4927 4044 4993">
    <p class='ocr_par' dir='ltr' id='par_1_112' title="bbox 2450 4927 4044 4993">
     <span class='ocr_line' id='line_1_112' title="bbox 2450 4927 4044 4993; baseline -0.006 -6"><span class='ocrx_word' id='word_1_776' title='bbox 2450 4927 2560 4988; x_wconf 85' lang='lat' dir='ltr'><strong>tore</strong></span> <span class='ocrx_word' id='word_1_777' title='bbox 2591 4927 2933 4990; x_wconf 86' lang='lat' dir='ltr'><strong>dissidereut,</strong></span> <span class='ocrx_word' id='word_1_778' title='bbox 2969 4943 3126 4981; x_wconf 89' lang='lat' dir='ltr'><strong>nemo</strong></span> <span class='ocrx_word' id='word_1_779' title='bbox 3182 4937 3265 4980; x_wconf 81' lang='lat' dir='ltr'><strong>est</strong></span> <span class='ocrx_word' id='word_1_780' title='bbox 3309 4928 3397 4993; x_wconf 88' lang='lat' dir='ltr'><strong>qui</strong></span> <span class='ocrx_word' id='word_1_781' title='bbox 3450 4927 3502 4979; x_wconf 89' lang='lat' dir='ltr'><strong>in</strong></span> <span class='ocrx_word' id='word_1_782' title='bbox 3535 4927 3796 4978; x_wconf 70' lang='lat' dir='ltr'><strong>Ecclesia:</strong></span> <span class='ocrx_word' id='word_1_783' title='bbox 3846 4941 4044 4980; x_wconf 85' lang='lat' dir='ltr'><strong>monu-</strong></span> 
     </span>
    </p>
   </div>
   <div class='ocr_carea' id='block_1_113' title="bbox 2448 4997 4040 5069">
    <p class='ocr_par' dir='ltr' id='par_1_113' title="bbox 2448 4997 4040 5069">
     <span class='ocr_line' id='line_1_113' title="bbox 2448 4997 4040 5069; baseline -0.006 -12"><span class='ocrx_word' id='word_1_784' title='bbox 2448 5007 2640 5057; x_wconf 82' lang='lat' dir='ltr'><strong>mentis</strong></span> <span class='ocrx_word' id='word_1_785' title='bbox 2674 5001 3003 5069; x_wconf 79' lang='lat' dir='ltr'><strong>pei-legendis</strong></span> <span class='ocrx_word' id='word_1_786' title='bbox 3033 4997 3228 5069; x_wconf 85' lang='lat' dir='ltr'><strong>aliquid</strong></span> <span class='ocrx_word' id='word_1_787' title='bbox 3259 5007 3522 5069; x_wconf 83' lang='lat' dir='ltr'><strong>versatus,</strong></span> <span class='ocrx_word' id='word_1_788' title='bbox 3549 4999 3802 5063; x_wconf 87' lang='lat' dir='ltr'><strong>ignorare</strong></span> <span class='ocrx_word' id='word_1_789' title='bbox 3841 5000 4040 5060; x_wconf 87' lang='lat' dir='ltr'><strong>possit.</strong></span> 
     </span>
    </p>
   </div>
   <div class='ocr_carea' id='block_1_114' title="bbox 2447 5068 4038 5139">
    <p class='ocr_par' dir='ltr' id='par_1_114' title="bbox 2447 5068 4038 5139">
     <span class='ocr_line' id='line_1_114' title="bbox 2447 5068 4038 5139; baseline -0.003 -17"><span class='ocrx_word' id='word_1_790' title='bbox 2447 5076 2557 5139; x_wconf 81' lang='lat' dir='ltr'><strong>Qua</strong></span> <span class='ocrx_word' id='word_1_791' title='bbox 2590 5076 2640 5126; x_wconf 90' lang='lat' dir='ltr'><strong>in</strong></span> <span class='ocrx_word' id='word_1_792' title='bbox 2670 5089 2726 5125; x_wconf 88' lang='lat' dir='ltr'><strong>re</strong></span> <span class='ocrx_word' id='word_1_793' title='bbox 2759 5068 3009 5139; x_wconf 65' lang='lat' dir='ltr'><strong>FlcClesiaB</strong></span> <span class='ocrx_word' id='word_1_794' title='bbox 3041 5068 3206 5133; x_wconf 82' lang='lat' dir='ltr'><strong>ipsius</strong></span> <span class='ocrx_word' id='word_1_795' title='bbox 3238 5068 3538 5139; x_wconf 75' lang='lat' dir='ltr'><strong>disciplina,</strong></span> <span class='ocrx_word' id='word_1_796' title='bbox 3574 5082 3669 5132; x_wconf 81' lang='lat' dir='ltr'><strong>pro</strong></span> <span class='ocrx_word' id='word_1_797' title='bbox 3703 5069 3874 5119; x_wconf 89' lang='lat' dir='ltr'><strong>variis</strong></span> <span class='ocrx_word' id='word_1_798' title='bbox 3900 5078 4038 5120; x_wconf 86' lang='lat' dir='ltr'><strong>lein-</strong></span> 
     </span>
    </p>
   </div>
   <div class='ocr_carea' id='block_1_115' title="bbox 2450 5138 4044 5210">
    <p class='ocr_par' dir='ltr' id='par_1_115' title="bbox 2450 5138 4044 5210">
     <span class='ocr_line' id='line_1_115' title="bbox 2450 5138 4044 5210; baseline -0.004 -15"><span class='ocrx_word' id='word_1_799' title='bbox 2450 5138 2634 5210; x_wconf 64' lang='lat' dir='ltr'><strong>purum</strong></span> <span class='ocrx_word' id='word_1_800' title='bbox 2675 5138 3160 5210; x_wconf 55' lang='lat' dir='ltr'><strong>vicissit&#39;ulinilnis,</strong></span> <span class='ocrx_word' id='word_1_801' title='bbox 3209 5147 3264 5190; x_wconf 88' lang='lat' dir='ltr'><strong>et</strong></span> <span class='ocrx_word' id='word_1_802' title='bbox 3293 5138 3556 5210; x_wconf 80' lang='lat' dir='ltr'><strong>_locoruin</strong></span> <span class='ocrx_word' id='word_1_803' title='bbox 3605 5147 4044 5203; x_wconf 76' lang='lat' dir='ltr'><strong>eventorumque</strong></span> 
     </span>
    </p>
   </div>
   <div class='ocr_carea' id='block_1_116' title="bbox 2450 5205 4041 5275">
    <p class='ocr_par' dir='ltr' id='par_1_116' title="bbox 2450 5205 4041 5275">
     <span class='ocr_line' id='line_1_116' title="bbox 2450 5205 4041 5275; baseline -0.006 -9"><span class='ocrx_word' id='word_1_804' title='bbox 2450 5205 2680 5272; x_wconf 75' lang='lat' dir='ltr'><strong>ratione,</strong></span> <span class='ocrx_word' id='word_1_805' title='bbox 2705 5225 2847 5275; x_wconf 82' lang='lat' dir='ltr'><strong>s:epe</strong></span> <span class='ocrx_word' id='word_1_806' title='bbox 2871 5219 3084 5261; x_wconf 67' lang='lat' dir='ltr'><strong>aetatum</strong></span> <span class='ocrx_word' id='word_1_807' title='bbox 3117 5206 3260 5259; x_wconf 76' lang='lat' dir='ltr'><strong>flexu</strong></span> <span class='ocrx_word' id='word_1_808' title='bbox 3293 5205 3569 5259; x_wconf 88' lang='lat' dir='ltr'><strong>immutata</strong></span> <span class='ocrx_word' id='word_1_809' title='bbox 3604 5217 3683 5257; x_wconf 64' lang='grc' dir='ltr'><strong>νει</strong></span> <span class='ocrx_word' id='word_1_810' title='bbox 3713 5223 3724 5256; x_wconf 92' lang='lat'>:</span> <span class='ocrx_word' id='word_1_811' title='bbox 3753 5221 4041 5274; x_wconf 77' lang='lat' dir='ltr'><strong>quousque</strong></span> 
     </span>
    </p>
   </div>
   <div class='ocr_carea' id='block_1_117' title="bbox 2449 5277 4039 5347">
    <p class='ocr_par' dir='ltr' id='par_1_117' title="bbox 2449 5277 4039 5347">
     <span class='ocr_line' id='line_1_117' title="bbox 2449 5277 4039 5347; baseline -0.004 -13"><span class='ocrx_word' id='word_1_812' title='bbox 2449 5287 2511 5334; x_wconf 88' lang='lat' dir='ltr'><strong>ad</strong></span> <span class='ocrx_word' id='word_1_813' title='bbox 2538 5292 2770 5335; x_wconf 79' lang='lat' dir='ltr'><strong>nostrain</strong></span> <span class='ocrx_word' id='word_1_814' title='bbox 2799 5288 3106 5347; x_wconf 86' lang='lat' dir='ltr'><strong>perventum</strong></span> <span class='ocrx_word' id='word_1_815' title='bbox 3128 5288 3359 5347; x_wconf 75' lang='lat' dir='ltr'><strong>:i-tatern,</strong></span> <span class='ocrx_word' id='word_1_816' title='bbox 3385 5291 3484 5343; x_wconf 81' lang='lat' dir='ltr'><strong>qua</strong></span> <span class='ocrx_word' id='word_1_817' title='bbox 3508 5291 3605 5346; x_wconf 87' lang='lat' dir='ltr'><strong>pro</strong></span> <span class='ocrx_word' id='word_1_818' title='bbox 3629 5277 3774 5327; x_wconf 65' lang='lat' dir='ltr'><strong>initis</strong></span> <span class='ocrx_word' id='word_1_819' title='bbox 3792 5291 4039 5330; x_wconf 65' lang='lat' dir='ltr'><strong>Conven-</strong></span> 
     </span>
    </p>
   </div>
   <div class='ocr_carea' id='block_1_118' title="bbox 2452 5346 4038 5419">
    <p class='ocr_par' dir='ltr' id='par_1_118' title="bbox 2452 5346 4038 5419">
     <span class='ocr_line' id='line_1_118' title="bbox 2452 5346 4038 5419; baseline -0.004 -15"><span class='ocrx_word' id='word_1_820' title='bbox 2452 5364 2536 5415; x_wconf 84' lang='lat' dir='ltr'><strong>tis,</strong></span> <span class='ocrx_word' id='word_1_821' title='bbox 2572 5363 2658 5403; x_wconf 88' lang='lat' dir='ltr'><strong>aut</strong></span> <span class='ocrx_word' id='word_1_822' title='bbox 2692 5346 2979 5419; x_wconf 76' lang='lat' dir='ltr'><strong>privilegiis</strong></span> <span class='ocrx_word' id='word_1_823' title='bbox 3030 5346 3318 5419; x_wconf 78' lang='lat' dir='ltr'><strong>concessis,</strong></span> <span class='ocrx_word' id='word_1_824' title='bbox 3379 5357 3472 5398; x_wconf 92' lang='lat' dir='ltr'><strong>aut</strong></span> <span class='ocrx_word' id='word_1_825' title='bbox 3523 5362 3584 5398; x_wconf 80' lang='lat' dir='ltr'><strong>ex</strong></span> <span class='ocrx_word' id='word_1_826' title='bbox 3643 5358 3832 5398; x_wconf 84' lang='lat' dir='ltr'><strong>vetere</strong></span> <span class='ocrx_word' id='word_1_827' title='bbox 3886 5361 4038 5400; x_wconf 83' lang='lat' dir='ltr'><strong>more</strong></span> 
     </span>
    </p>
   </div>
   <div class='ocr_carea' id='block_1_119' title="bbox 2454 5417 4036 5484">
    <p class='ocr_par' dir='ltr' id='par_1_119' title="bbox 2454 5417 4036 5484">
     <span class='ocr_line' id='line_1_119' title="bbox 2454 5417 4036 5484; baseline -0.005 -10"><span class='ocrx_word' id='word_1_828' title='bbox 2454 5417 2740 5484; x_wconf 37' lang='lat' dir='ltr'><strong>retentopa</strong></span> <span class='ocrx_word' id='word_1_829' title='bbox 2774 5421 2925 5472; x_wconf 69' lang='lat' dir='ltr'><strong>“Ulli.</strong></span> <span class='ocrx_word' id='word_1_830' title='bbox 2961 5417 3175 5481; x_wconf 79' lang='lat' dir='ltr'><strong>pontif.,</strong></span> <span class='ocrx_word' id='word_1_831' title='bbox 3208 5433 3234 5468; x_wconf 89' lang='lat' dir='ltr'><strong>a</strong></span> <span class='ocrx_word' id='word_1_832' title='bbox 3266 5419 3462 5483; x_wconf 83' lang='lat' dir='ltr'><strong>eapitul</strong></span> <span class='ocrx_word' id='word_1_833' title='bbox 3490 5433 3535 5479; x_wconf 84' lang='lat' dir='ltr'><strong>s,</strong></span> <span class='ocrx_word' id='word_1_834' title='bbox 3576 5427 3665 5468; x_wconf 90' lang='lat' dir='ltr'><strong>aut</strong></span> <span class='ocrx_word' id='word_1_835' title='bbox 3689 5419 4036 5475; x_wconf 82' lang='lat' dir='ltr'><strong>civitatibus,</strong></span> 
     </span>
    </p>
   </div>
   <div class='ocr_carea' id='block_1_120' title="bbox 2452 5486 4040 5558">
    <p class='ocr_par' dir='ltr' id='par_1_120' title="bbox 2452 5486 4040 5558">
     <span class='ocr_line' id='line_1_120' title="bbox 2452 5486 4040 5558; baseline -0.007 -13"><span class='ocrx_word' id='word_1_836' title='bbox 2452 5512 2478 5546; x_wconf 85' lang='lat' dir='ltr'><strong>a</strong></span> <span class='ocrx_word' id='word_1_837' title='bbox 2524 5505 2541 5544; x_wconf 96' lang='lat' dir='ltr'><strong>t</strong></span> <span class='ocrx_word' id='word_1_838' title='bbox 2568 5498 2632 5544; x_wconf 88' lang='lat' dir='ltr'><strong>ab</strong></span> <span class='ocrx_word' id='word_1_839' title='bbox 2664 5494 2789 5558; x_wconf 90' lang='lat' dir='ltr'><strong>ipsis</strong></span> <span class='ocrx_word' id='word_1_840' title='bbox 2831 5489 3056 5554; x_wconf 83' lang='lat' dir='ltr'><strong>denique</strong></span> <span class='ocrx_word' id='word_1_841' title='bbox 3084 5488 3310 5558; x_wconf 79' lang='lat' dir='ltr'><strong>regibus</strong></span> <span class='ocrx_word' id='word_1_842' title='bbox 3357 5487 3682 5548; x_wconf 77' lang='lat' dir='ltr'><strong>indicantur,</strong></span> <span class='ocrx_word' id='word_1_843' title='bbox 3716 5487 3809 5553; x_wconf 90' lang='lat' dir='ltr'><strong>qui</strong></span> <span class='ocrx_word' id='word_1_844' title='bbox 3841 5486 4040 5539; x_wconf 85' lang='lat' dir='ltr'><strong>deinde</strong></span> 
     </span>
    </p>
   </div>
   <div class='ocr_carea' id='block_1_121' title="bbox 2450 5557 4039 5631">
    <p class='ocr_par' dir='ltr' id='par_1_121' title="bbox 2450 5557 4039 5631">
     <span class='ocr_line' id='line_1_121' title="bbox 2450 5557 4039 5631; baseline -0.006 -17"><span class='ocrx_word' id='word_1_845' title='bbox 2450 5580 2476 5614; x_wconf 90' lang='lat' dir='ltr'><strong>a</strong></span> <span class='ocrx_word' id='word_1_846' title='bbox 2514 5557 2743 5631; x_wconf 77' lang='lat' dir='ltr'><strong>legitima</strong></span> <span class='ocrx_word' id='word_1_847' title='bbox 2789 5566 3049 5628; x_wconf 86' lang='lat' dir='ltr'><strong>potestate</strong></span> <span class='ocrx_word' id='word_1_848' title='bbox 3081 5557 3132 5610; x_wconf 91' lang='lat' dir='ltr'><strong>iu</strong></span> <span class='ocrx_word' id='word_1_849' title='bbox 3162 5560 3443 5631; x_wconf 72' lang='lat' dir='ltr'><strong>episcopos</strong></span> <span class='ocrx_word' id='word_1_850' title='bbox 3485 5560 3816 5631; x_wconf 85' lang='lat' dir='ltr'><strong>consecrati,</strong></span> <span class='ocrx_word' id='word_1_851' title='bbox 3855 5572 4039 5620; x_wconf 77' lang='lat' dir='ltr'><strong>pepu-</strong></span> 
     </span>
    </p>
   </div>
   <div class='ocr_carea' id='block_1_122' title="bbox 2452 5628 4041 5694">
    <p class='ocr_par' dir='ltr' id='par_1_122' title="bbox 2452 5628 4041 5694">
     <span class='ocr_line' id='line_1_122' title="bbox 2452 5628 4041 5694; baseline -0.006 -8"><span class='ocrx_word' id='word_1_852' title='bbox 2452 5628 2681 5686; x_wconf 66' lang='grc' dir='ltr'>Ιιιιιι”1)θί</span> <span class='ocrx_word' id='word_1_853' title='bbox 2715 5632 2764 5683; x_wconf 92' lang='lat' dir='ltr'><strong>in</strong></span> <span class='ocrx_word' id='word_1_854' title='bbox 2795 5633 3095 5688; x_wconf 70' lang='lat' dir='ltr'><strong>sanctitate,</strong></span> <span class='ocrx_word' id='word_1_855' title='bbox 3147 5628 3413 5694; x_wconf 69' lang='lat' dir='ltr'><strong>a&#39;quitate,</strong></span> <span class='ocrx_word' id='word_1_856' title='bbox 3464 5628 3772 5693; x_wconf 62' lang='lat' dir='ltr'><strong>prudentia,</strong></span> <span class='ocrx_word' id='word_1_857' title='bbox 3815 5639 4041 5692; x_wconf 85' lang='lat' dir='ltr'><strong>pascere</strong></span> 
     </span>
    </p>
   </div>
   <div class='ocr_carea' id='block_1_123' title="bbox 2451 5698 4036 5762">
    <p class='ocr_par' dir='ltr' id='par_1_123' title="bbox 2451 5698 4036 5762">
     <span class='ocr_line' id='line_1_123' title="bbox 2451 5698 4036 5762; baseline -0.005 -9"><span class='ocrx_word' id='word_1_858' title='bbox 2451 5704 2694 5762; x_wconf 78' lang='lat' dir='ltr'><strong>debeant,</strong></span> <span class='ocrx_word' id='word_1_859' title='bbox 2730 5700 2791 5751; x_wconf 80' lang='lat' dir='ltr'><strong>ad</strong></span> <span class='ocrx_word' id='word_1_860' title='bbox 2826 5701 2962 5752; x_wconf 85' lang='lat' dir='ltr'><strong>illius</strong></span> <span class='ocrx_word' id='word_1_861' title='bbox 2991 5698 3198 5752; x_wconf 70' lang='lat' dir='ltr'><strong>aedilicii</strong></span> <span class='ocrx_word' id='word_1_862' title='bbox 3247 5698 3362 5750; x_wconf 77' lang='lat' dir='ltr'><strong>sive</strong></span> <span class='ocrx_word' id='word_1_863' title='bbox 3410 5698 3650 5761; x_wconf 56' lang='lat' dir='ltr'><strong>corporis</strong></span> <span class='ocrx_word' id='word_1_864' title='bbox 3706 5710 4036 5761; x_wconf 60' lang='lat' dir='ltr'><strong>compagem</strong></span> 
     </span>
    </p>
   </div>
   <div class='ocr_carea' id='block_1_124' title="bbox 2451 5766 4041 5836">
    <p class='ocr_par' dir='ltr' id='par_1_124' title="bbox 2451 5766 4041 5836">
     <span class='ocr_line' id='line_1_124' title="bbox 2451 5766 4041 5836; baseline -0.006 -13"><span class='ocrx_word' id='word_1_865' title='bbox 2451 5785 2498 5824; x_wconf 90' lang='lat' dir='ltr'><strong>et</strong></span> <span class='ocrx_word' id='word_1_866' title='bbox 2536 5776 2823 5833; x_wconf 80' lang='lat' dir='ltr'><strong>unitatem,</strong></span> <span class='ocrx_word' id='word_1_867' title='bbox 2870 5771 2922 5821; x_wconf 85' lang='lat' dir='ltr'><strong>in</strong></span> <span class='ocrx_word' id='word_1_868' title='bbox 2943 5786 3042 5836; x_wconf 81' lang='lat' dir='ltr'><strong>quo</strong></span> <span class='ocrx_word' id='word_1_869' title='bbox 3075 5766 3303 5833; x_wconf 64' lang='lat' dir='ltr'><strong>Spiritus</strong></span> <span class='ocrx_word' id='word_1_870' title='bbox 3331 5776 3536 5818; x_wconf 69' lang='lat' dir='ltr'><strong>sanctus</strong></span> <span class='ocrx_word' id='word_1_871' title='bbox 3571 5769 3740 5832; x_wconf 79' lang='lat' dir='ltr'><strong>posuit</strong></span> <span class='ocrx_word' id='word_1_872' title='bbox 3765 5768 4041 5834; x_wconf 71' lang='lat' dir='ltr'><strong>episcopos</strong></span> 
     </span>
    </p>
   </div>
   <div class='ocr_carea' id='block_1_125' title="bbox 2453 5837 3970 5912">
    <p class='ocr_par' dir='ltr' id='par_1_125' title="bbox 2453 5837 3970 5912">
     <span class='ocr_line' id='line_1_125' title="bbox 2453 5837 3970 5912; baseline -0.003 -20"><span class='ocrx_word' id='word_1_873' title='bbox 2453 5857 2621 5912; x_wconf 79' lang='lat' dir='ltr'><strong>regere</strong></span> <span class='ocrx_word' id='word_1_874' title='bbox 2643 5840 2922 5894; x_wconf 65' lang='lat' dir='ltr'><strong>Ecclesium</strong></span> <span class='ocrx_word' id='word_1_875' title='bbox 2959 5837 3066 5903; x_wconf 60' lang='lat' dir='ltr'><strong>Dei,</strong></span> <span class='ocrx_word' id='word_1_876' title='bbox 3099 5854 3246 5907; x_wconf 76' lang='lat' dir='ltr'><strong>quam</strong></span> <span class='ocrx_word' id='word_1_877' title='bbox 3274 5839 3538 5906; x_wconf 64' lang='lat' dir='ltr'><strong>arquisit&#39;it</strong></span> <span class='ocrx_word' id='word_1_878' title='bbox 3565 5838 3818 5902; x_wconf 44' lang='lat' dir='ltr'><strong>sanguine</strong></span> <span class='ocrx_word' id='word_1_879' title='bbox 3850 5853 3970 5888; x_wconf 70' lang='lat' dir='ltr'><strong>suo.</strong></span> 
     </span>
    </p>
   </div>
  </div>
