4194 6544
168 421 259 475 557
1058 410 1209 467 V'ITA
1250 409 1307 466 S.
1349 408 1613 467 LEOBINI
1652 405 2121 465 CAKNOTENSIS
2162 405 2483 464 EPiSCOPI.

3346 404 3452 464 558

170 538 245 591 vir
279 532 543 590 Lenbinus
572 547 636 585 ex
688 545 836 585 more
869 530 1178 597 pnltlilicuttt
1211 527 1492 597 parochias
1520 526 1746 581 circtnn-
1776 531 1825 589 Α
1855 525 2019 577 fretus
2046 523 2310 590 oratione,
2336 539 2440 578 una
2463 538 2582 577 cum
2612 524 2916 591 sacerdote,
2945 524 3009 580 ad
3036 526 3212 593 ignem
3252 544 3448 601 prope-

163 631 330 687 eundo
387 629 650 690 visitaret,
701 633 755 679 et
793 623 1119 677 Avallotium
1151 632 1176 659 ι
1224 622 1599 690 pervenisset,
1631 620 1749 689 qui-

164 725 281 778 dam
312 736 484 775 cacus
522 719 591 773 ab
618 718 776 773 annis
800 725 924 772 octo
953 718 1199 772 caecitate
1247 715 1655 779 obtenebratus,
1693 724 1747 767 nt

166 814 407 884 cognovit
449 813 624 867 virum
670 819 917 865 sanctum
970 826 1064 879 per
1104 809 1253 865 illum
1314 808 1489 864 locum
1548 809 1747 862 habere

168 911 467 975 transitum,
494 906 770 961 humiliter
801 904 951 976 petiit
975 914 1033 959 ut
1057 919 1154 977 per
1182 902 1359 958 erucis
1412 902 1745 973 signaculum

165 1016 221 1055 se
246 999 495 1056 redderet
518 998 901 1053 illutniuatum.
935 995 1090 1064 Quod
1135 994 1217 1051 vir
1241 1003 1461 1050 sanctus
1498 993 1745 1061 aliquau-

162 1094 247 1146 diu
274 1105 529 1146 recusans
549 1132 569 1157 ,
603 1092 899 1160 tintensne
942 1089 1199 1145 virtutem
1235 1086 1511 1154 Operando
1540 1084 1744 1151 aliquid

156 1187 475 1257 arrogantia:
499 1186 769 1242 videretur
794 1198 1071 1241 assumere
1090 1198 1159 1240 ex
1182 1183 1472 1253 episcopali
1498 1180 1745 1235 ministe-

162 1285 258 1349 rio,
288 1282 413 1337 dum
443 1290 603 1336 caute
631 1280 745 1335 vult
769 1280 1020 1345 transire,
1058 1278 1275 1334 tandem
1302 1292 1330 1330 a
1359 1274 1470 1331 suis
1497 1274 1742 1341 compul-

159 1392 245 1432 sus
294 1386 461 1432 estut
510 1389 669 1445 opem
699 1373 921 1429 medela!
971 1372 1229 1427 erumnis
1274 1368 1404 1426 caici
1448 1370 1747 1424 clementer

158 1470 504 1539 impenderet.
534 1468 634 1537 Qui
661 1467 840 1522 statim
866 1466 1113 1535 precibus
1132 1465 1327 1521 devote
1350 1462 1599 1533 peractis,
1622 1476 1744 1517 cum

158 1566 426 1633 signaculo
442 1564 625 1617 crucis
661 1562 947 1617 θχωιὶυηε
973 1559 1235 1616 etecitatis
1262 1558 1575 1629 caliginem,
1608 1555 1746 1626 pris-

156 1658 269 1709 tino
298 1656 622 1709 exstinctum
654 1653 930 1721 reparavit
952 1653 1153 1708 lumine
1183 1650 1410 1717 vultum,
1434 1665 1541 1719 quo
1569 1661 1745 1703 catcus

155 1745 327 1801 fuerat
350 1756 474 1800 ante
497 1747 787 1800 alienatus.

222 1841 309 1896 18.
352 1841 648 1907 Adjieiatur
693 1839 852 1893 etiam
901 1838 1023 1891 huic
1052 1837 1279 1892 honesto
1305 1834 1453 1905 operi
1485 1832 1611 1887 illttd
1644 1847 1741 1887 no-

152 1934 260 1988 bile
309 1933 626 1987 miraculum
684 1948 790 2001 quo
852 1934 931 1985 vir
988 1945 1205 1984 sanetus
1264 1929 1484 1983 medens
1538 1925 1746 1980 sanavit

152 2027 530 2098 bydmpieum.
590 2026 722 2080 Dum
774 2025 1194 2095 gloriosissimus
1249 2039 1340 2077 rex
1370 2019 1746 2075 Cbildebertns

152 2119 363 2174 beatum
389 2117 684 2172 Leobiuutn
714 2119 1027 2185 episcopum
1067 2114 1092 2153 ι’
1142 2114 1387 2182 Rotnjalo
1410 2119 1652 2181 speraret
1677 2108 1744 2162 ad

144 2228 203 2266 se
232 2222 541 2275 venturum,
573 2220 627 2264 et
648 2211 698 2263 in
728 2209 844 2274 ipso
894 2209 1087 2263 itinere
1116 2207 1403 2261 accederet
1434 2204 1745 2259 Avallovico

153 2308 280 2379 [AI.,
310 2322 338 2359 a
365 2303 679 2375 \‘allovico],
705 2303 916 2357 oblatus
944 2312 1029 2357 est
1046 2302 1259 2370 quidam
1286 2299 1630 2370 hydrOpicus,
1658 2298 1741 2351 tti-

148 2401 251 2454 mis
295 2410 483 2454 tensus
518 2398 835 2459 visceribus,
877 2397 1093 2449 sanitati
1135 2393 1524 2448 restituendus:
1582 2405 1740 2459 quem

148 2508 266 2550 cum
318 2492 554 2561 pontifex
611 2504 707 2559 pro
729 2488 1149 2546 obtrectantibus
1196 2496 1471 2540 recusaret
1497 2483 1739 2549 sospitati

149 2586 453 2648 restituere,
471 2601 689 2640 suorum
715 2585 963 2654 pret-ibus
990 2584 1252 2651 pulsatus,
1282 2582 1434 2650 signo
1452 2581 1625 2633 crucis
1644 2594 1739 2647 ap-

151 2683 345 2750 posito,
377 2683 552 2734 omnis
606 2691 784 2734 tumor
813 2678 1089 2748 hydropici
1121 2677 1330 2745 fugatus
1362 2672 1581 2737 resedit,
1636 2676 1742 2727 vis-

144 2792 325 2832 cerum
353 2775 513 2830 dolor
539 2776 752 2844 penitus
782 2772 1023 2833 recessit.
1055 2782 1106 2825 et
1153 2770 1291 2824 cotis
1332 2780 1538 2821 tumore
1575 2766 1741 2834 depoo

142 2872 249 2923 sito
278 2870 330 2923 itt
356 2868 632 2938 planitiem
657 2866 868 2921 redacta
892 2873 1209 2932 estmgroto
1234 2878 1263 2917 a
1289 2862 1474 2916 mortis
1502 2861 1740 2930 periculo

138 2965 391 3019 liberato.

215 3060 303 3113 19.
332 3058 607 3111 Inseratur
640 3053 692 3107 in
720 3052 910 3122 pagina
942 3049 1169 3119 qualiter
1192 3064 1285 3119 per
1302 3058 1543 3102 sanctum
1569 3047 1739 3102 virum

142 3158 483 3209 evanuerunt
506 3148 771 3203 incendia.
806 3147 1046 3214 Quodam
1080 3155 1319 3213 tempore
1372 3145 1498 3197 duttt
1552 3145 1741 3199 beatus

143 3246 413 3301 Leohinns
469 3258 592 3296 eum
627 3252 649 3280 ο
675 3240 927 3295 Medcveo
955 3238 1341 3294 eonsaccrdote
1370 3253 1397 3289 a
1449 3238 1741 3306 saepedicto

140 3354 267 3409 rege
310 3335 549 3391 Parisios
594 3334 779 3387 fuisset
824 3331 1098 3395 invitatus,
1154 3332 1271 3384 dies
1298 3328 1519 3383 Pascitze
1546 3326 1596 3395 ά,
1628 3328 1742 3383 vice

141 3432 411 3503 pontificis
436 3430 575 3484 illius
616 3428 716 3481 loci
745 3427 1001 3487 defuncti,
1042 3424 1420 3494 episeopaliter
1452 3423 1742 3495 transegise

140 3538 239 3588 set,
274 3540 304 3577 a
360 3534 513 3594 parte
563 3521 797 3575 basilica:
828 3520 886 3574 Β.
928 3518 1201 3573 Laurentii
1232 3527 1389 3573 noctu
1417 3519 1555 3571 edax
1606 3516 1740 3587 ignis

136 3618 396 3672 exsilietts
422 3616 615 3669 domos
641 3613 896 3683 pendulas
923 3628 1041 3682 quae
1057 3626 1149 3680 per
1171 3619 1385 3680 pontem
1418 3619 1740 3665 constructae

136 3720 291 3764 erant
313 3721 545 3763 exurere
575 3704 827 3773 tmpit,et
852 3719 954 3755 non
978 3703 1152 3755 solum
1181 3717 1246 3755 ex
1272 3701 1449 3756 vicino
1473 3702 1630 3755 ﬂuvio
1649 3701 1742 3755 in-

139 3811 421 3855 cessanter
442 3813 579 3866 aqua
604 3794 881 3864 superfusa
909 3808 1017 3847 non
1047 3793 1332 3863 acquievit,
1364 3793 1458 3847 sed
1487 3794 1645 3848 etiam
1665 3794 1741 3848 ci-

141 3896 288 3949 vitati
350 3891 612 3962 proximis
655 3889 896 3953 civibus,
958 3896 1016 3941 ut
1061 3889 1307 3942 universa
1361 3898 1736 3955 camsumeret,

140 4004 396 4058 magnum
424 3986 676 4040 timorem
706 3984 949 4039 incussit.
1007 3982 1080 4038 Ut
1116 3992 1292 4036 autem
1323 3997 1415 4035 rex
1448 3982 1517 4037 ob
1539 3970 1739 4037 clamo-

143 4098 255 4135 rem
305 4079 490 4149 populi
525 4086 550 4114 θ
582 4077 1010 4145 expergefactus,
1037 4089 1230 4141 sopore
1258 4075 1451 4142 quietis
1486 4074 1736 4143 abrupto,

135 4191 359 4230 causam
396 4172 660 4226 tumultus
687 4171 923 4238 agnovit,
956 4168 1237 4222 confestim
1265 4168 1332 4220 ad
1361 4167 1571 4222 beatum
1605 4169 1740 4223 Leo-

134 4270 321 4322 binum
354 4264 540 4332 dirigit
568 4264 813 4325 missum,
838 4261 1193 4315 utcelerrirne
1219 4260 1438 4313 veniens
1454 4274 1738 4314 succurre-

134 4369 215 4413 ret
241 4357 471 4413 civitati.
506 4354 609 4410 Sed
640 4355 763 4407 dum
795 4352 975 4407 multis
1006 4352 1340 4404 hortantibus
1364 4361 1420 4403 ut
1448 4362 1571 4405 ante
1617 4367 1737 4405 eum

140 4455 240 4507 iret
264 4455 448 4504 locum
471 4463 578 4517 quo
602 4462 851 4516 magnum
867 4445 1123 4514 ﬂagrabat
1147 4442 1471 4509 incendium,
1491 4445 1564 4496 ait
1590 4460 1605 4497 :
1634 4443 1737 4495 Viri

137 4551 367 4612 fratres,
418 4546 533 4599 illic
580 4543 969 4597 occurrendum
1035 4551 1123 4597 est
1161 4542 1317 4596 nobis
1369 4544 1510 4597 unde
1553 4554 1736 4598 contra

1852 618 1990 670 ravit
2018 615 2258 685 impiger.
2296 616 2413 671 Mox
2442 615 2580 685 ignis
2607 616 2724 686 ejus
2749 618 2993 673 oratione
3021 632 3367 686 compressus
3395 626 3447 679 in

1849 709 2141 774 semetipso
2162 708 2368 772 deficit,
2395 710 2536 763 vires
2564 724 2697 778 quas
2728 710 3065 765 incendendo
3094 711 3322 768 aedificia
3360 730 3446 769 as-

1850 811 2151 868 sumpserat
2176 801 2531 865 obliviscitur,
2562 812 2613 854 et
2645 803 2713 855 ita
2738 804 2953 857 flamma
2983 803 3103 873 ejus
3144 804 3449 861 interventu

1848 898 2209 960 consumitur,
2247 905 2302 948 ut
2331 898 2382 948 in
2408 896 2696 963 semetipsa
2732 906 2938 951 mortua
2964 900 3175 967 penitus
3194 903 3449 969 consopi-

1850 999 2016 1041 retur.

1917 1100 2008 1155 SJ.
2048 1099 2155 1155 Nec
2204 1101 2330 1156 illud
2363 1103 2576 1157 silentio
2603 1106 3036 1170 prartercnndum
3085 1118 3169 1161 est
3217 1108 3449 1165 miracn.

1849 1182 1956 1244 lum
1986 1191 2126 1260 quod
2159 1192 2411 1247 nobiliter
2460 1196 2743 1248 virtutibus
2784 1196 2937 1252 ﬂoret
2966 1199 3260 1269 egregium.
3290 1201 3450 1268 Qua:-

1850 1281 1974 1335 dam
2001 1280 2115 1336 Deo
2140 1282 2329 1335 devota
2361 1300 2422 1337 es
2450 1284 2777 1340 monasterio
2803 1288 3121 1357 puellarum,
3146 1304 3266 1345 eum
3298 1292 3446 1345 tuni-

1846 1387 1967 1428 cam
2024 1374 2204 1428 domni
2255 1374 2477 1429 Leobini
2500 1390 2664 1431 causa
2687 1380 2985 1434 consuendi
3015 1384 3333 1451 accepisset,
3391 1394 3449 1439 et

1848 1468 1916 1522 de
1942 1482 2081 1522 novo
2112 1468 2200 1523 filo
2246 1473 2546 1525 resarciens
2598 1474 2755 1527 refeci
2772 1483 2893 1538 ~set,
2927 1486 3079 1529 vetus
3110 1476 3255 1531 filum
3284 1494 3348 1533 ex
3380 1495 3447 1533 ea

1848 1563 2122 1633 accipiens
2143 1565 2210 1620 ad
2233 1580 2382 1620 suam
2414 1583 2603 1623 zonam
2649 1585 2714 1623 ex
2748 1570 2849 1623 ίίάιε
2880 1572 3080 1640 ligatit.
3107 1572 3273 1626 Soror
3318 1586 3448 1627 vero

1847 1656 1968 1727 ejus
1993 1658 2284 1726 saecularis,
2312 1676 2431 1730 qua:
2461 1677 2655 1730 pavore
2672 1678 2927 1717 concussa
2952 1666 3015 1717 ad
3039 1681 3160 1720 eum
3183 1665 3444 1735 confuge-

1850 1763 1953 1819 rat,
2007 1752 2247 1808 diluculo
2298 1769 2629 1827 eonsurgeus
2670 1760 2841 1811 cinxit
2866 1775 3057 1813 zonam
3106 1763 3328 1825 sororis,
3358 1760 3447 1815 eui

1854 1845 2026 1900 inerat
2056 1846 2206 1902 filum
2235 1849 2501 1918 pontificis
2530 1851 2822 1920 alligatum.
2850 1854 2981 1907 Tum
3014 1856 3247 1921 dtemon,
3277 1872 3306 1910 a
3339 1874 3448 1927 quo

1852 1948 2014 1993 antea
2044 1950 2256 2008 arrepta
2290 1940 2485 2007 fuerat,
2542 1945 2780 1998 sentiens
2810 1946 2951 2000 circa
2988 1949 3215 2013 puellam
3246 1950 3445 2020 aliquid

1844 2046 2103 2100 maguum
2135 2043 2189 2087 et
2211 2034 2299 2087 diu
2348 2034 2489 2091 ferre
2525 2053 2629 2090 non
2662 2050 2861 2107 posset,
2895 2043 3072 2094 acrius
3097 2058 3215 2097 eam
3249 2059 3447 2100 vexare

1844 2125 2108 2192 incipit-ns
2131 2128 2375 2182 clamavit
2408 2146 2501 2199 per
2530 2146 2591 2185 os
2624 2133 2816 2200 puellzc
2837 2135 3070 2189 tunicam
3100 2136 3285 2191 dotnni
3309 2139 3446 2194 Leo-

1846 2216 1956 2272 bini
1994 2219 2140 2273 velut
2168 2221 2341 2290 ignem
2370 2222 2593 2277 sufferre
2616 2239 2720 2278 non
2750 2240 2928 2292 posse.
2952 2224 3084 2280 Cum
3117 2228 3216 2283 hac
3249 2219 3444 2297 'itaque

1848 2313 2236 2369 vociferatione
2258 2315 2469 2369 dzcmon
2498 2319 2799 2386 egrediens,
2827 2321 2996 2386 puella
3033 2322 3212 2377 tristes
3243 2323 3443 2379 fetores

1846 2404 1960 2474 ejus
1984 2408 2186 2474 pariter
2208 2424 2327 2461 cum
2360 2409 2622 2476 sanguine
2649 2414 2904 2467 evomuit.
2940 2414 3049 2467 lloe
3096 2394 3291 2484 quippe
3336 2418 3444 2471 mi-

1845 2499 2084 2551 raeulunt
2124 2516 2227 2553 non
2256 2499 2354 2553 illo
2401 2502 2613 2555 videtur
2659 2501 2880 2559 inferius
2923 2506 3065 2574 quod
3114 2506 3166 2559 in
3218 2507 3443 2565 muliere

1844 2591 2190 2649 litemoroissa
2232 2608 2260 2645 a
2307 2593 2531 2649 Domino
2571 2606 2783 2650 conStat
2813 2607 3098 2665 patratum,
3142 2602 3264 2671 quia
3303 2603 3442 2658 sicut

1847 2684 1934 2739 illa
1966 2699 2032 2739 ex
2083 2694 2223 2739 tactu
2259 2687 2484 2741 fimbriae
2514 2697 2696 2742 sanata
2728 2700 2812 2742 est
2854 2707 2881 2744 a
2917 2692 3176 2760 proﬂuvio
3223 2697 3443 2765 sanguio

1846 2776 1949 2839 nis,
1982 2778 2050 2829 ita
2087 2786 2142 2832 et
2190 2777 2287 2832 ista
2326 2794 2390 2833 ex
2441 2788 2582 2834 tactu
2627 2782 2697 2836 fili
2742 2792 2927 2852 erepta
2964 2796 3053 2841 est
3099 2803 3126 2840 a
3162 2791 3443 2846 vexatione

1845 2869 2126 2925 datmonis.
2187 2871 2279 2925 Illa
2321 2881 2497 2926 autem
2557 2875 2796 2941 liberata,
2853 2890 2956 2933 tam
3007 2896 3034 2933 a
3099 2882 3299 2952 laqueis
3332 2886 3438 2939 itii-

1846 2960 1966 3014 mici
1990 2976 2148 3030 quant
2180 2978 2205 3012 a
2234 2963 2376 3016 curis
2406 2966 2609 3030 srecnli,
2642 2967 2857 3023 devovit
2884 2987 2942 3026 se
2970 2975 3220 3030 omnibus
3248 2978 3439 3033 diebus

1845 3050 2162 3107 servituram
2209 3052 2455 3121 Domino,
2487 3057 2769 3128 conjuncta
2807 3065 2977 3118 sorori
3017 3064 3071 3119 itt
3098 3069 3291 3123 eodem
3323 3085 3440 3127 ete-

1846 3146 2037 3201 nobio.-

1763 3268 1814 3334 ο
1917 3238 2006 3293 Ἦ.
2040 3238 2179 3295 Inter
2221 3241 2419 3313 reliqua
2471 3245 2723 3300 virtutum
2767 3250 3019 3305 miracula
3079 3252 3209 3309 illud
3243 3255 3439 3315 inferre

1846 3336 2131 3392 mirificum
2162 3348 2262 3404 est,
2287 3342 2429 3409 quod
2461 3343 2509 3395 in
2537 3342 2782 3412 fingendis
2807 3346 3201 3406 infirmitatibus
3224 3364 3439 3410 constat

1843 3428 2274 3485 celeberrimum.
2302 3432 2431 3485 Nam
2458 3434 2499 3486 si
2528 3438 2649 3503 quis
2674 3446 2799 3507 typo
2828 3441 3172 3508 quotidiana),
3195 3446 3437 3502 tertiana:

1842 3522 1925 3576 vel
1953 3533 2230 3592 quartana:
2263 3524 2428 3579 febris
2448 3536 2752 3595 correptus,
2798 3530 2867 3585 de
2895 3536 3062 3587 sancti
3096 3536 3193 3590 viri
3218 3538 3437 3604 palliolo

1841 3612 2029 3671 fuisset
2056 3619 2390 3684 prmeinctus,
2441 3620 2662 3687 pristina
2695 3623 3061 3680 incolumitate
3111 3639 3342 3698 recepta,
3368 3635 3433 3685 ad

1844 3709 2135 3775 hospitium
2163 3710 2529 3765 revertebatur
2550 3726 2731 3766 sanus.
2774 3716 2835 3767 lit
2866 3714 2937 3768 ita
2985 3712 3004 3753 ί
3060 3716 3238 3773 divina
3263 3724 3434 3790 gratia

1841 3801 1986 3855 salus
2011 3814 2265 3856 concessa
2295 3802 2545 3857 manebat
2573 3802 2758 3875 [Forte
2786 3807 3056 3879 manabat]
3106 3810 3173 3865 de
3204 3812 3436 3880 tegmine

1842 3894 2131 3962 pontilicis,
2181 3907 2378 3965 quanta
2434 3898 2703 3966 quondam
2739 3899 3065 3965 produxerat
3102 3903 3169 3958 de
3201 3907 3433 3974 tegmine

1841 3987 2237 4056 Redemptoris.

1910 4077 2001 4133 22.
2046 4078 2346 4148 Adjiciatur
2370 4081 2423 4135 in
2453 4082 2638 4151 pagina
2666 4086 2807 4153 quod
2849 4086 2927 4139 vir
2967 4099 3182 4144 sanctus
3204 4090 3440 4149 obtinuit

1841 4172 1892 4226 in
1927 4173 2050 4227 vita.
2087 4172 2221 4227 Dum
2277 4174 2554 4243 cujusdam
2611 4178 2959 4235 Carnotensis
2990 4182 3120 4235 civis
3160 4184 3349 4239 damus
3380 4187 3433 4239 iii

1841 4268 2097 4323 suburbio
2126 4269 2359 4324 civitatis
2384 4271 2551 4337 posita
2584 4271 2910 4327 drcmotiiaca
2962 4277 3303 4339 infestatiene
3331 4298 3437 4338 sat-

1844 4364 1962 4430 pius
1990 4363 2223 4430 lapidum
2259 4362 2432 4417 imbre
2460 4373 2793 4433 quateretur,
2842 4366 2913 4421 ita
2944 4380 2998 4423 ut
3031 4372 3187 4426 vicini
3218 4384 3436 4444 propter

1842 4456 2160 4510 densitatem
2194 4455 2568 4524 crepitantium
2595 4468 2864 4525 petrarum
2899 4473 3080 4528 parata
3124 4467 3434 4539 relinquen-

1844 4559 1924 4603 tes
1953 4547 2217 4612 eoavivia,
2245 4547 2433 4602 domos
2453 4562 2577 4602 suas
2597 4546 2913 4619 etingerent,
2940 4556 3209 4611 exhertati
3250 4572 3377 4615 sunt
3402 4577 3435 4616 a

135 4644 370 4694 flamma:
400 4640 618 4707 globum
649 4636 885 4689 divinum
919 4637 1091 4703 potius
1121 4650 1277 4703 quam
1311 4633 1596 4688 humanum
1632 4636 1731 4688 ini-
1766 4638 1815 4699 υ
1846 4643 1935 4697 Dei
1966 4642 2160 4696 famulo
2188 4652 2244 4696 tit
2271 4657 2461 4711 aquam
2490 4657 2520 4697 a
2551 4656 2611 4697 se
2644 4643 2977 4701 benedictatn
3001 4664 3126 4704 eum
3154 4656 3333 4709 crucis
3362 4658 3437 4712 si-

137 4738 380 4804 ploretur
408 4731 689 4786 auxilium.
714 4731 958 4796 Quicum
994 4738 1235 4798 pergeret
1256 4728 1321 4782 ad
1348 4732 1654 4797 ecclesiam,
1686 4739 1739 4782 et

140 4832 192 4885 in
221 4840 429 4885 terram
461 4835 760 4896 prostratus
803 4822 1039 4878 divinum
1063 4825 1380 4895 efflagitarct
1407 4827 1736 4897 suffragium,

210 4993 237 5023 ι
288 4983 640 5057 Avallotium,
678 4980 825 5057 vicus
867 4981 1211 5057 carnotensis
1259 4981 1555 5057 ditecesist
1588 4988 1740 5057 cujus

138 5059 474 5112 mentionem
527 5052 651 5107 facit
692 5050 855 5122 Greg.
906 5053 1037 5107 Tur.
1089 5054 1181 5107 lib.
1230 5068 1278 5106 tv
1340 5056 1472 5109 Hist.
1523 5050 1737 5121 Fran'e"

133 5145 256 5197 cap.
288 5129 384 5182 5t).
410 5125 516 5179 llic
542 5126 685 5198 uicus
712 5124 915 5198 (subdit
938 5125 1247 5198 el._ltuinart
1278 5126 1328 5198 iu
1349 5129 1485 5181 notis
1515 5130 1577 5182 ad
1604 5146 1739 5198 prm-

144 5195 307 5254 [amm
338 5196 591 5270 6798"“
627 5196 826 5270 locum.)
856 5205 927 5270 ei“
962 5196 1031 5247 ad
1062 5198 1259 5270 tum"-
1294 5195 1614 5270 Lfdericum,
1652 5203 1738 5270 qni

136 5283 312 5341 postea
343 5268 599 5323 Allotium
628 5283 717 5341 seu
742 5267 1005 5341 ‘Alogiunt,
1050 5267 1199 5341 vulgo
1236 5266 1421 5341 Alitiye
1437 5270 1611 5341 dictus
1642 5266 1735 5326 est.

208 5342 235 5380 δ
265 5338 773 5412 Ratojalunt,__liuel,
791 5341 965 5412 tribus
988 5340 1157 5412 leucis
1174 5338 1305 5391 infra
1332 5338 1579 5412 Parisios,
1604 5344 1735 5397 Villa

144 5409 515 5483 flotojaleitsis
545 5424 574 5483 ξ
597 5409 758 5483 Greg.
789 5409 988 5483 'l‘uron.
1023 5414 1072 5483 in
1108 5410 1199 5483 lib.
1256 5425 1429 5483 κηρίῳ.
1456 5409 1525 5483 28
1546 5418 1739 5483 appet-

141 5480 295 5539 lator.
332 5485 435 5538 Est
462 5492 519 5537 et
548 5480 874 5548 Rotojaium,
911 5480 1060 5542 “uel,
1093 5482 1239 5534 vicus
1268 5481 1514 5535 dioecesis
1537 5480 1735 5538 not-io-

143 5556 441 5626 magensis,
494 5552 859 5626 Fredegnudis
890 5553 1086 5626 regina:
1116 5555 1439 5626 relegatione
1490 5555 1731 5626 insignis,

138 5621 277 5693 apu'd
301 5624 628 5695 Gregmiom
654 5623 1020 5677 'i‘uronenseut
1054 5621 1223 5695 iuAlih.
1248 5637 1314 5677 vtt
1338 5638 1454 5689 cap.
1510 5621 1735 5688 l9,_non

141 5692 328 5763 procul
360 5716 390 5751 a
422 5692 727 5750 confluente
759 5695 989 5749 Audura:
1034 5692 1257 5764 (l‘Eure)
1306 5696 1359 5748 in
1409 5696 1732 5762 Sequanam.

133 5772 239 5825 Sed
261 5770 331 5824 de
360 5770 538 5834 primo
571 5767 656 5820 hic
690 5766 836 5818 locus
864 5767 1314 5831 interpretandns.
1349 5770 1569 5820 Macttt.

210 5852 232 5878 ε
271 5843 369 5893 Hic
394 5856 500 5893 noti
532 5839 668 5891 alius
703 5840 910 5889 videtur
933 5852 1091 5903 quant
1128 5837 1734 5906 Mcdovens,episcopus

136 5911 449 5975 Meldettsis,
465 5911 551 5979 qui
570 5926 671 5962 una
688 5924 806 5963 eunt
833 5906 1307 5963 Leobiuocuncilio
1324 5909 1638 5967 Aureliancn
1652 5915 1686 5965 ~i
1707 5928 1732 5963 v

1841 4735 2069 4805 goaculo
2100 4736 2222 4791 illuc
2253 4735 2587 4805 porrigerent
2616 4742 3201 4808 conspergendam,ubi
3232 4746 3436 4804 darmo-

1844 4829 1979 4882 uita:
2032 4828 2292 4883 ilhtsionis
2336 4829 2625 4882 maximum
2664 4829 2898 4886 instabat
2955 4834 3258 4894 ridiculum.
3316 4842 3436 4908 Quo

1841 4984 2082 5039 interfuit
2106 5000 2195 5037 an.
2230 4983 2355 5039 549.

1911 5056 1937 5092 ⁴
1970 5057 2066 5110 Hie
2096 5060 2378 5123 episcopus
2400 5056 2739 5120 Parisieusis,
2765 5059 2855 5128 qui
2884 5061 2989 5113 vita
3020 5062 3237 5119 functus
3259 5063 3436 5124 fuerat

1840 5144 1960 5181 eum
1995 5128 2260 5181 Leobinus
2289 5129 2516 5181 Parisios
2547 5128 2713 5193 venit,
2770 5132 3013 5186 Aurelius
3038 5134 3202 5190 fuisse
3230 5138 3435 5193 dicitur

1840 5214 1870 5252 a
1895 5198 2129 5264 Cointio,
2163 5214 2250 5251 an.
2284 5197 2405 5263 547,
2440 5214 2586 5252 num.
2622 5200 2675 5253 7.
2709 5199 2759 5255 is
2786 5202 3100 5258 interfuerat
3127 5220 3283 5261 eone.
3318 5211 3431 5263 Au-

1841 5271 2024 5325 relian.
2057 5285 2128 5333 tv,
2149 5285 2236 5323 an.
2269 5268 2393 5323 5H.

1914 5350 1937 5378 ε
1969 5342 2101 5416 llinc
2133 5341 2431 5416 Hadrianus
2463 5341 2704 5416 Valesius
2731 5342 2782 5416 in
2818 5343 3051 5412 Discept.
3070 5347 3137 5402 de
3167 5348 3430 5416 basilicis,

1840 5428 1960 5479 cap.
1994 5413 2045 5482 ἦ,
2078 5414 2215 5466 hanc
2242 5414 2297 5465 S.
2331 5412 2604 5467 Laurentii
2634 5415 2906 5470 basilicam
2940 5433 3045 5470 non
3075 5419 3128 5471 in
3164 5412 3436 5478 suburba;

1842 5500 1924 5539 nis
1956 5484 2347 5557 Parisiensibus
2378 5484 2441 5557 ad
2466 5488 2886 5557 septentrionem
2912 5490 3118 5557 positis,
3152 5491 3238 5544 ubi
3268 5494 3433 5547 modo

1839 5557 2100 5620 cernitur,
2118 5560 2210 5609 sed
2231 5553 2283 5607 iit
2314 5555 2605 5609 suburbani
2630 5553 3319 5626 tneridiem'speetantibus,
3338 5565 3430 5620 ubi

1839 5639 1955 5681 erat
1973 5632 2184 5752 {iegilllll
2218 5626 2415 5681 Therm
2434 5642 2570 5682 II’UIII
2600 5627 2875 5695 palatium,
2905 5631 3060 5685 sitam
3091 5629 3259 5689 fuisse
3286 5648 3423 5689 cen-

1839 5710 1939 5751 set.
2026 5713 2195 5752 ABILL.

1837 5710 1939 5751 sel.
1973 5710 2195 5753 MABILL.

1914 5767 1934 5845 ἶ
1972 5771 2119 5838 Apud
2169 5768 2438 5824 Labbeutu
2464 5770 2543 5845 sic
2572 5769 2794 5845 legitur:
2840 5768 2907 5826 Et
2934 5774 3005 5825 ita
3033 5773 3207 5845 divina
3254 5778 3426 5845 gratia

1837 5840 1978 5917 solus
2024 5856 2259 5917 concessa
2302 5843 2531 5895 manebat
2570 5842 2755 5914 [Forte
2803 5844 3063 5915 ntunabatj
3111 5850 3173 5901 de
3208 5840 3432 5917 tegmine

1844 5911 2212 5981 fit'dentproris.
