4194 6548
756 383 860 437 559

1442 380 1757 435 VEVANTII
1801 380 1958 435 HON.
2001 379 2203 434 CLEM.
2249 375 2639 432 FORTL'NATI
2678 376 2964 436 υρειιυιι
3006 378 3187 435 PARS
3230 379 3292 433 ll.

3946 380 4041 434 560

758 503 895 558 facto
947 496 1115 550 hostis
1165 495 1349 565 effugit
1405 505 1643 561 territus,
1681 508 1732 551 et
1770 495 2021 550 dominus
2068 494 2198 549 redis
2234 508 2352 549 cum
2382 494 2430 553 Α
2462 491 2607 547 nullo
2665 492 2825 548 modo
2878 494 3147 564 pandere;
3201 496 3293 551 sed
3350 498 3471 565 quia
3509 499 3627 555 sine
3662 500 3855 557 dolore
3893 518 4043 560 nemo

752 593 942 646 eadem
972 591 1131 643 dorno
1160 604 1384 642 securus
1408 592 1603 643 mansit
1633 601 1684 644 et
1713 590 2036 659 intrepidus.

864 684 914 735 5.
960 680 1090 735 lilud
1146 682 1303 734 etiam
1335 680 1595 749 opitulare
1626 682 1941 735 miraculum
1972 682 2127 735 nobis
2168 691 2248 736 est
2278 682 2342 735 ad

755 778 1066 831 meritoriam
1092 775 1454 830 reducendum
1498 793 1604 845 quo
1637 778 1715 829 vir
1744 787 1960 831 sanctus
1992 778 2255 831 Leobintts
2284 776 2343 829 il-

754 870 937 923 lustris
966 869 1249 936 episcopus
1275 867 1489 922 refulsit
1518 869 1567 920 in
1615 870 1833 937 populo.
1881 870 2107 937 Quidam
2157 870 2343 923 beatus

751 962 832 1015 vir
858 966 1075 1015 nomine
1108 961 1131 987 ⁸
1162 959 1481 1025 Caletricus,
1513 960 1706 1014 nobilis
1733 978 1951 1032 genere,
1981 962 2074 1015 sed
2119 961 2344 1015 nobilior

757 1053 985 1116 meritis,
1029 1063 1146 1122 post
1176 1068 1459 1108 ext-essum
1508 1053 1645 1107 beati
1678 1053 2169 1108 LeobiniCarnOtis
2216 1068 2343 1107 con-

749 1143 968 1197 stitutus
997 1144 1302 1211 episcopus,
1328 1144 1453 1195 dum
1487 1143 1538 1197 in
1570 1145 1885 1214 presbyterii
1929 1145 2097 1215 gradu
2143 1162 2203 1201 se
2234 1157 2340 1201 tam

751 1237 804 1290 in
855 1244 1142 1303 CODSpeClu
1197 1234 1289 1287 Dei
1327 1250 1487 1303 quam
1534 1236 1584 1288 in
1625 1236 1793 1290 oculis
1840 1237 2112 1291 hominum
2158 1248 2338 1293 sancta

748 1328 1159 1381 conversatione
1186 1327 1435 1381 redderet
1464 1337 1697 1396 gntum,
1724 1338 1865 1382 tanta
1901 1330 2225 1384 infirmitatis
2248 1348 2339 1383 arr-

746 1419 918 1485 gttstia
946 1430 1025 1471 est
1051 1428 1350 1485 correptus,
1384 1428 1441 1471 ut
1474 1420 1558 1471 vix
1592 1420 1779 1473 ttltirno
1829 1421 2114 1488 palpitaret
2171 1424 2337 1478 anlte-

752 1511 867 1561 litu.
901 1508 1062 1575 Cujus
1106 1510 1428 1561 venerabilis
1457 1525 1707 1577 germana
1742 1514 1953 1565 traininc
1985 1512 2010 1550 δ
2046 1514 2336 1583 Mallegurt-

747 1604 850 1667 dis,
883 1602 1097 1654 directis
1126 1600 1383 1655 velociter
1412 1606 1590 1655 missis
1620 1603 1683 1655 ad
1731 1619 1975 1660 sanetum
2002 1610 2337 1674 episwputn,

749 1709 804 1749 ut
836 1697 901 1749 ad
936 1696 1234 1749 leviandum
1262 1695 1438 1748 fratris
1471 1698 1553 1749 sui
1589 1698 1953 1752 irrlirmitatern
2001 1702 2335 1755 benedictum

744 1787 998 1855 dirigeret
1047 1785 1242 1838 oleum.
1300 1784 1419 1852 ipse
1450 1800 1579 1839 vero
1619 1802 1737 1840 cum
1769 1788 1888 1841 oleo
1932 1788 2337 1856 praesentialiter

2450 584 2645 639 amittit
2676 586 2817 655 quod
2850 602 2972 640 cum
3000 602 3186 643 amore
3209 588 3465 657 possidet,
3498 589 3589 645 diu
3616 592 3799 649 celare
3825 611 3931 650 non
3951 614 4042 665 pu-

2451 680 2552 732 tuit
2607 680 2731 749 quia
2779 679 3002 735 interior
3026 680 3181 736 dolor
3206 683 3389 738 cordis
3420 685 3673 752 patefecit
3716 691 4038 746 exteriorem

2452 771 2722 825 tristitiam
2751 774 3013 842 corporis.
3032 774 3101 829 Ut
3128 784 3307 829 autem
3334 787 3551 831 sa:.ctus
3579 777 3671 832 Dei
3696 791 3950 836 mmstam
3983 784 4041 835 il-

2450 862 2550 916 lius
2572 862 2764 917 domus
2786 866 3071 933 conspexit
3112 864 3397 934 familiam,
3443 868 3653 923 tristitia
3682 882 3968 940 correptus
3996 886 4044 927 et

2452 950 2566 1017 ipse
2594 952 2662 1005 ab
2682 963 2941 1021 apparatu
2973 954 3181 1020 prandii
3228 956 3568 1025 aliquatenus
3598 975 3656 1014 se
3684 964 4039 1031 suspendens,

2449 1040 2685 1096 basilica:
2739 1045 3002 1111 templum
3051 1047 3321 1115 ingressus
3358 1063 3421 1103 ac
3459 1052 3765 1117 pavinrento
3820 1067 4042 1120 corpore

2448 1144 2747 1199 prostratus
2777 1152 2898 1190 cum
2925 1137 3175 1209 lacryrnis
3207 1139 3487 1194 Dominum
3518 1141 3838 1211 deprecatus
3858 1155 3961 1209 est,
3992 1157 4042 1197 ut

2447 1226 2679 1279 tristitia:
2733 1241 2947 1281 causam
2978 1244 3082 1297 qua
3111 1244 3347 1286 monens
3372 1231 3561 1285 domus
3588 1234 3907 1288 anxiabatur
3946 1236 4041 1289 sibi

2444 1320 2725 1375 ostendere
2752 1322 3080 1390 dignaretur.
3107 1324 3361 1378 Oratione
3386 1326 3619 1394 expleta,
3652 1338 3706 1380 ut
3731 1343 3896 1382 senex
3921 1344 4037 1384 sur-

2448 1413 2583 1467 rexit
2608 1412 2673 1467 de
2696 1415 2931 1483 pulvere,
2970 1418 3139 1484 puella
3164 1421 3424 1472 exanimis
3458 1422 3693 1475 surrexit
3733 1423 3801 1476 de
3845 1440 4036 1477 morte.

2443 1504 2591 1559 Tunc
2616 1506 2723 1575 jam
2752 1508 2923 1563 dictus
2956 1508 3291 1565 Baurlolenus
3319 1512 3591 1568 admirans
3639 1525 3798 1570 tanta:
3835 1519 4038 1572 virtutis

2441 1599 2837 1664 excellentiam,
2872 1617 2993 1655 cum
3024 1602 3166 1657 omni
3206 1606 3400 1658 domus
3431 1621 3539 1659 sure
3573 1608 3771 1661 familia
3819 1610 4039 1674 pedibus

2446 1689 2615 1741 sancti
2651 1701 2972 1759 prostratus,
3001 1696 3179 1747 omnia
3202 1710 3321 1763 qua“:
3350 1698 3482 1749 facta
3517 1697 3726 1753 fuerant
3770 1698 4038 1754 humiliter

2443 1772 2716 1835 indicavit.
2749 1780 2899 1839 Unde
2923 1792 2975 1839 et
3000 1785 3291 1842 immensas
3318 1788 3364 1842 ei
3392 1789 3594 1859 gratias
3621 1804 3651 1841 a
3682 1790 3825 1845 luctu
3860 1792 3910 1844 in
3944 1792 4033 1845 lm-

745 1881 965 1934 vetriens
995 1880 1265 1933 silentiuru
1290 1879 1357 1932 ab
1381 1879 1626 1933 omnibus
1657 1882 1942 1948 postulavit
1978 1882 2194 1936 dicens:
2232 1881 2336 1937 Do-
2369 1852 2413 1910 Β
2448 1872 2613 1926 “Nam
2641 1875 2841 1929 Γειυιίι-

746 1973 887 2026 rnine
926 1972 1014 2041 qui
1060 1974 1237 2027 omnia
1268 1972 1429 2037 IIOSIi,
1456 1979 1499 2027 si
1529 1972 1669 2027 hrtrrc
1699 1975 1954 2028 famulum
1986 1986 2130 2029 lnurrr
2158 1976 2341 2031 Eci'le-

743 2067 836 2118 sia:
890 2074 992 2118 true
1022 2067 1101 2135 vel
1130 2064 1321 2134 populo
1361 2066 1567 2133 judicas
1599 2068 1980 2133 neotissariurn,
2040 2079 2126 2122 tua
2152 2068 2338 2136 opitu-

748 2165 890 2213 lante
914 2158 1125 2221 virtute,
1180 2160 1402 2213 restitue
1440 2174 1649 2213 sariunt.
1682 2159 1831 2213 Tunc
1860 2161 1945 2213 ille
1968 2176 2109 2229 (eger
2157 2162 2338 2215 statim

744 2262 799 2303 ιιι
822 2267 984 2304 sarta:
1010 2251 1277 2304 unctionis
1299 2250 1418 2302 oleo
1440 2261 1521 2304 est
1546 2259 1857 2320 perunctus,
1902 2262 2059 2306 tanta:
2091 2255 2339 2308 sanitatis

741 2342 908 2409 gratia
940 2353 1019 2395 est
1045 2342 1345 2403 restitutas,
1374 2354 1428 2395 ut
1465 2343 1666 2396 nullius
1718 2342 2043 2398 infirmitatis
2093 2342 2336 2399 molestia

744 2450 975 2503 ntrqttattt
1001 2434 1116 2503 ejus
1145 2436 1380 2489 membra
1416 2434 1636 2489 fuissent
1670 2447 1887 2491 attacta.
1948 2436 2027 2491 Ad
2082 2452 2333 2507 compro-

748 2527 974 2580 bandarn
1008 2536 1182 2581 autem
1215 2526 1385 2581 sancti
1412 2524 1508 2579 viri
1543 2528 1787 2581 virtutem
1819 2526 2023 2597 reliqua
2071 2528 2174 2582 olei
2216 2544 2336 2598 pars

744 2640 794 2675 ιιι
827 2632 1027 2676 tantam
1054 2630 1265 2677 constat
1288 2621 1699 2691 pulchritudinis
1721 2622 2019 2676 claritatem
2048 2636 2334 2687 conversa,

744 2726 800 2769 ιιι
820 2720 1026 2771 cunctis
1054 2718 1141 2786 qtti
1173 2718 1397 2770 aderant
1422 2733 1527 2770 non
1550 2718 1654 2771 olei
1685 2719 1845 2782 nitor,
1872 2719 1965 2771 sed
1999 2720 2233 2790 crystalli
2259 2720 2336 2772 vi-

745 2810 964 2863 deretur
993 2809 1290 2860 clarescere
1317 2808 1589 2875 Splendor.
1642 2808 1897 2861 Nimirum
1931 2809 2057 2863 illud
2089 2812 2333 2879 pr:eligu~

744 2916 889 2962 raris,
922 2910 975 2951 ut
1005 2900 1091 2967 qui
1137 2900 1343 2951 futurus
1376 2907 1491 2951 erat
1536 2898 1818 2967 epischrus
1848 2914 1939 2966 per
1980 2900 2332 2953 ministerium

740 2989 1044 3055 epismpnle
1067 2987 1239 3039 oleum
1268 2988 1687 3040 consecrationis
1704 2989 2334 3043 sarrctilicarctetditinis

741 3082 1030 3133 virtutibus
1064 3096 1153 3145 pr-r
1181 3081 1454 3133 caelestem
1486 3078 1709 3148 gratiam
1736 3080 2150 3149 splendesceret.

816 3172 900 3224 25.
932 3173 1119 3239 Opera:
1167 3172 1392 3239 pretium
1424 3179 1508 3224 est
1542 3182 1594 3224 ct
1623 3172 1747 3225 illud
1780 3172 1987 3241 insigne
2019 3172 2328 3227 miraculum

742 3263 865 3315 huic
914 3262 1087 3315 ordini
1142 3262 1383 3316 inserere
1431 3262 1570 3331 qrrod
1596 3262 1675 3316 vir
1696 3275 1913 3317 sanctus
1935 3263 2179 3332 quamvis
2209 3278 2329 3317 nes-

738 3358 886 3408 ciens
910 3358 1111 3423 percgit
1145 3354 1195 3407 in
1228 3370 1472 3423 corpore.
1498 3355 1739 3420 Quodam
1771 3365 2011 3422 tempore
2041 3356 2167 3409 dum
2218 3372 2331 3411 me-

744 3458 983 3501 moratus
1016 3450 1301 3513 episeopus
1348 3446 1651 3513 parochiam
1704 3445 1969 3499 Donensis
2006 3447 2121 3515 pagi
2158 3458 2175 3485 ε
2206 3462 2328 3501 cum

736 3540 849 3595 suis
878 3550 1122 3609 pergeret
1150 3538 1489 3601 visitandam,
1521 3539 1628 3591 lilia
1655 3539 1807 3593 unica
1836 3540 2111 3607 cujusdam
2134 3554 2196 3593 ex
2240 3556 2331 3608 pa-

739 3633 1029 3696 rorhianis,
1066 3631 1279 3684 nomine
1310 3628 1625 3694 Baudnleni,
1660 3644 1858 3699 genere
1886 3640 1940 3683 et
1966 3630 2155 3699 opibus
2184 3630 2329 3685 illus-

734 3730 837 3780 tris
866 3726 985 3789 viri,
1022 3725 1091 3778 ita
1120 3724 1168 3777 vi
1196 3723 1423 3777 febrium
1453 3731 1505 3776 et
1528 3724 1678 3791 longa
1709 3724 2022 3792 azgriturline
2053 3722 2331 3777 tenebatur

738 3820 977 3883 astricta,
1008 3827 1062 3871 ut
1089 3817 1199 3887 jam
1235 3818 1503 3884 sepultura
1550 3824 1939 3885 pra'pararctur
1993 3833 2114 3869 r-trrn
2174 3832 2328 3870 exse-

739 3914 985 3981 quiarum
1033 3927 1175 3981 pom;
1198 3927 1246 3964 a.
1302 3911 1401 3964 llic
1430 3910 1652 3964 audiens
1682 3920 1922 3965 sanctum
1947 3908 2242 3964 Leobinurn
2266 3925 2329 3964 ex

743 4006 986 4075 proximo
1015 4006 1338 4071 venientem,
1370 4004 1582 4059 concito
1613 4004 1777 4073 gradu
1819 4004 1935 4073 ejus
1982 4012 2332 4073 prmsentatur

739 4098 1077 4163 consocelui,
1135 4107 1315 4164 petens
1364 4096 1430 4147 ab
1456 4110 1521 4149 co
1549 4110 1701 4148 suam
1748 4094 1989 4149 benedici
2016 4097 2333 4155 domum.et

744 4207 848 4244 tam
882 4191 979 4244 sibi
1013 4204 1168 4257 quam
1205 4188 1316 4241 suis
1345 4186 1593 4241 omnibus
1639 4187 1876 4253 eulogias
1921 4185 2055 4239 dari.
2105 4187 2331 4241 Sanctus

744 4289 921 4354 itaque
945 4282 1212 4337 Leobinus
1242 4290 1447 4335 mature
1480 4295 1832 4349 consurgens,
1868 4281 1931 4333 ad
1980 4288 2328 4334 rnernoratunr

746 4374 1110 4430 Baudolenum
1139 4382 1191 4425 ut
1214 4372 1578 4440 Spoponderat
1607 4374 1943 4438 perveniens,
1976 4370 2101 4423 dum
2152 4371 2331 4439 ingrc-

743 4467 963 4519 deretur
991 4463 1227 4523 domum,
1265 4461 1381 4528 ejus
1407 4459 1579 4525 puella
1612 4474 1672 4513 ea
1696 4474 1795 4527 qua
1827 4459 2145 4526 gravabatur
2186 4459 2334 4511 infir-

2356 3221 2403 3284 C

2513 1964 2604 2018 23.
2662 1966 2878 2022 Dicatur
2925 1979 2979 2024 et
3021 1969 3148 2025 illud
3182 1972 3466 2028 mirificum
3504 1973 3644 2043 quod
3676 1984 3894 2031 sanctus
3944 1975 4036 2031 Dei

2437 2057 2548 2127 jam
2590 2059 2901 2118 infirmitate
2956 2063 3205 2120 detentus
3253 2068 3483 2135 patravit
3532 2067 3867 2124 miraculum.
3930 2071 4036 2125 llae

2442 2151 2621 2220 itaque
2647 2168 2769 2210 cum
2799 2163 3076 2224 urgeretur
3107 2157 3283 2213 infirm
3311 2168 3439 2225 tate,
3469 2160 3578 2215 duo
3609 2163 3837 2230 pueruli,
3864 2163 4032 2217 hostis

2441 2245 2719 2301 vexatiOne
2748 2248 2952 2316 agitati,
2981 2250 3096 2317 ejus
3128 2250 3363 2321 vestigiis
3393 2267 3451 2307 se
3475 2263 3904 2321 prosternentes,
3962 2259 4035 2309 ri-

2440 2336 2588 2404 bum,
2616 2339 2705 2408 qui
2735 2339 2835 2394 sibi
2897 2350 3017 2410 post
3066 2357 3214 2396 esum
3240 2355 3592 2410 remanserat,
3619 2359 3741 2399 curn
3784 2347 4033 2401 benedic-

2443 2432 2585 2485 tione
2614 2433 2890 2500 percipere
2921 2436 3385 2501 meruerunt.Quo
3408 2448 3633 2492 curante
3656 2438 4029 2506 medicamine,

2440 2532 2661 2591 uterque
2694 2524 2851 2578 rediit
2882 2524 3163 2580 incolumis
3188 2528 3252 2580 ad
3285 2530 3517 2597 propria.
3576 2528 3819 2598 Cumque
3849 2535 4033 2586 beatus

2440 2613 2705 2670 Leobinus
2762 2631 2857 2685 per
2912 2629 3116 2686 septem
3153 2634 3321 2673 annos
3357 2624 3668 2675 continuata
3721 2624 4032 2679 infirmitate

2437 2707 2753 2774 agitaretur,
2805 2707 3002 2762 divinis
3030 2708 3236 2763 actibus
3268 2711 3318 2762 in
3347 2712 3543 2765 caelum
3573 2714 3835 2778 intentus,
3868 2727 3923 2770 ct
3944 2720 4032 2769 mi.

2439 2801 2743 2854 raculorum
2779 2801 3072 2855 honoratus
3102 2800 3399 2871 insignibus
3430 2844 3443 2868 ,
3495 2807 3647 2873 quasi
3674 2823 3874 2875 sapore
3911 2813 4031 2863 dor-

2438 2891 2623 2951 miens,
2662 2893 2897 2959 prmnriis
2928 2894 3355 2947 remunerandus
3383 2896 3599 2962 opimis,
3634 2908 3690 2949 ut
3720 2900 3894 2954 tidelis
3924 2917 4031 2955 ser-

2438 2997 2532 3034 vus
2558 2982 2816 3035 talentum
2848 2982 2951 3036 sibi
2984 2984 3249 3038 creditum
3276 2985 3596 3053 duplicatum
3631 3003 3938 3055 reportans,
3981 2998 4028 3046 in

2438 3072 2684 3141 gaudium
2714 3072 2922 3127 Domini
2953 3075 3031 3127 sui
3058 3074 3370 3141 intraturus,
3391 3079 3598 3147 angelis
3627 3080 4024 3149 plaudentibus,

2438 3164 2657 3218 feliciter
2688 3165 2933 3234 migravit
2957 3168 3021 3219 ad
3053 3167 3219 3221 etelos
3246 3166 3292 3221 ἀ.

2508 3278 2597 3333 26.
2649 3280 2748 3347 Qui
2793 3290 2969 3335 tamen
3032 3292 3314 3350 antequam
3368 3284 3656 3351 sepultura:
3706 3287 4026 3350 traderetur,

2437 3385 2647 3443 quantm
2678 3376 2889 3428 virtutis
2918 3374 3077 3429 fuerit
3106 3378 3256 3430 vivus
3289 3378 3518 3443 prodidit
3558 3394 3823 3434 mortuus.
3875 3381 4027 3433 Deni-

2435 3479 2538 3532 que
2568 3480 2687 3517 cum
2718 3466 2769 3518 iri
2797 3466 3072 3519 basilicam
3108 3466 3165 3521 8.
3203 3468 3412 3521 Martini
3464 3470 3514 3522 in
3575 3470 3776 3524 feretro
3830 3477 4027 3540 positus

2437 3567 2736 3623 portaretur
2792 3560 3129 3623 humandus,
3178 3561 3393 3628 qnidanr
3447 3564 3514 3616 de
3560 3565 4030 3619 circumstantibus

2435 3652 2561 3705 dum
2584 3655 2726 3721 virga
2758 3652 3044 3721 gestatoria
3064 3653 3415 3723 frequentiori
3458 3658 3807 3725 irrumpentis
3852 3664 4025 3728 pepuli

2436 3744 2762 3813 prohiberet,
2796 3746 3015 3815 contigit
3041 3754 3098 3798 ut
3124 3761 3339 3799 crucem
3374 3762 3493 3800 cum
3539 3750 3875 3813 lampadibus
3914 3752 4028 3803 oleo

2437 3838 2606 3905 plenis
2632 3835 2947 3907 pendentem
2980 3839 3045 3890 ad
3078 3847 3273 3892 terram
3308 3850 3698 3907 proSterneret.
3764 3842 3886 3896 Mox
3919 3844 4026 3911 ipsa

2434 3944 2589 3995 crux,
2623 3932 2867 3985 mirabile
2895 3932 3065 3985 dictu!
3101 3930 3357 3996 funiculo,
3393 3934 3533 3986 unde
3564 3935 3857 3998 ceciderat,
3910 3952 4027 3989 cum

2434 4024 2578 4076 omni
2602 4021 2901 4091 integritate
2930 4024 3293 4091 larnpadarum
3319 4066 3334 4089 ,
3366 4034 3417 4077 et
3449 4026 3565 4078 sine
3597 4026 3701 4079 olei
3736 4026 4029 4082 detrimen-

2438 4117 2751 4181 to,nemine
2772 4115 3102 4181 sublevante,
3138 4130 3259 4169 sese
3313 4116 3557 4169 innexuit
3610 4128 3662 4170 et
3714 4134 4030 4185 permanere

2437 4208 2487 4260 in
2515 4209 2682 4262 oculis
2710 4208 2969 4267 omnium,
3002 4217 3057 4261 ut
3113 4221 3238 4263 ante
3288 4219 3658 4271 consueverat,
3717 4213 3923 4277 coepit:
3980 4224 4030 4265 et

2438 4299 2526 4351 ubi
2555 4298 2912 4351 credebantur
2941 4300 3217 4366 lanrpades
3247 4301 3546 4353 minutatim
3570 4302 3903 4367 confracta,
3933 4320 4026 4359 sua

2437 4389 2739 4458 integritate
2767 4390 2971 4453 solidae,
3016 4405 3111 4445 nec
3145 4392 3306 4445 ullam
3360 4393 3462 4446 olei
3515 4404 3721 4463 guttam
3768 4400 4029 4464 permisc-

2438 4490 2560 4533 runt
2583 4480 2861 4533 distillare.
2894 4480 2981 4534 Sic
3014 4480 3308 4534 beatissimi
3356 4482 3453 4535 viri
3486 4497 3677 4550 corprrs
3706 4486 3775 4538 ad
3822 4486 4028 4539 laudern

746 4559 932 4610 mitate
984 4555 1035 4607 in
1093 4553 1230 4607 lecto
1286 4552 1515 4606 cflicitnr
1555 4561 1785 4604 mortua.
1818 4548 1957 4603 Nulli
2013 4550 2155 4603 enirn
2190 4550 2329 4604 fideli

2440 4587 2547 4627 suae
2577 4572 2763 4643 gloria:
2802 4574 3021 4627 emicuit
3050 4573 3247 4627 virtute
3276 4574 3449 4627 crucis
3474 4573 3527 4627 in
3569 4575 3778 4630 funere.

746 4660 956 4705 constat
979 4647 1192 4701 dobirrrn
1224 4656 1279 4698 ut
1304 4661 1396 4708 per
1421 4644 1866 4698 resurrectionem
1893 4643 2083 4711 puellae
2126 4659 2155 4697 a
2189 4660 2331 4698 mor—

750 4747 851 4795 tuis
898 4756 1093 4795 nomen
1147 4738 1317 4793 sancti
1373 4737 1627 4790 antistitis
1661 4736 1985 4791 clariiiratur
2016 4737 2067 4789 in
2102 4737 2328 4805 populis.

749 4834 1007 4888 l‘r:rf:rtus
1035 4846 1263 4897 namque
1293 4831 1372 4883 vir
1405 4830 1739 4883 Baudolenus
1761 4830 1947 4883 volens
1972 4846 2029 4885 se
2077 4832 2127 4883 in
2176 4847 2331 4885 cons-

751 4936 904 4993 pectu
940 4923 1206 4995 pontificis
1238 4922 1479 4975 hilariter
1508 4921 1803 4986 continere,
1843 4923 1943 4976 sub
1991 4924 2332 4977 attestatione

744 5018 892 5071 orrrni
916 5016 1097 5071 domui
1122 5030 1232 5069 sua:
1258 5014 1508 5082 praecepit
1533 5025 1761 5067 mortem
1786 5012 2050 5067 defuncta:
2088 5013 2331 5082 cuiqrrarn

820 5160 843 5185 ⁸
880 5154 1008 5209 Vide
1033 5169 1151 5223 qua:
1175 5151 1406 5223 diximus
1438 5152 1488 5205 in
1521 5166 1570 5205 c.
1599 5152 1629 5204 7
1657 5150 1748 5204 lib.
1776 5165 1825 5203 tv
1852 5150 2090 5223 Qperurn
2109 5150 2255 5205 Fort.

823 5224 847 5259 ι’
887 5221 1085 5278 Cruditi
1118 5222 1355 5276 rrnnnulli
1398 5232 1618 5275 censent
1672 5223 1807 5274 hanc
1850 5221 2013 5275 fuisse
2047 5221 2333 5287 Monegun-

750 5301 890 5359 dem,
917 5298 1066 5361 cujus
1092 5295 1208 5347 Vita
1229 5303 1402 5348 exstat
1428 5296 1565 5361 apud
1588 5297 1747 5362 Crcg.
1766 5293 1893 5345 'l‘nr.
1921 5294 1970 5345 itt
1998 5292 2090 5345 lib.
2110 5292 2177 5346 de
2202 5293 2332 5348 Vitis

753 5371 919 5429 i’alr.,
949 5382 1065 5429 cap.
1102 5364 1187 5417 19.

825 5452 845 5477 ε
873 5440 1075 5491 Dunutn
1100 5436 1339 5489 Castrum
1370 5436 1526 5501 vulgo
1547 5432 1904 5496 Cltdleaudutt,
1938 5433 2003 5486 ad
2031 5433 2331 5488 Lidericum

752 5509 970 5563 ﬂuvium
1006 5508 1253 5571 positum,
1288 5505 1632 5558 Carnorensis
1661 5505 1959 5559 dimceseos
2012 5505 2172 5557 fuisse
2222 5522 2333 5560 nte-

756 5589 928 5632 ttrorat
964 5578 1125 5645 Gr‘eg.
1176 5576 1399 5637 'l'ttt'ttrt.,
1432 5576 1522 5627 lib.
1546 5590 1632 5645 )‘ll
1670 5576 1797 5625 Hist.
1835 5574 2053 5640 Frattc.,
2086 5590 2135 5627 c.
2176 5576 2258 5627 17.

824 5651 847 5685 ‘-'
879 5643 1247 5713 Netnpe‘cir'ca
1298 5663 1491 5697 atttrnrn
1532 5643 1725 5696 Christi
1759 5645 1879 5697 536.
1911 5646 2037 5698 Nam
2092 5646 2335 5700 inter-luit

757 5719 992 5771 conciliis
1026 5720 1392 5770 Atrreliuttenst
1419 5734 1469 5780 v,
1496 5733 1634 5767 anno
1664 5716 1787 5779 549,
1817 5717 2100 5768 Parisiensi
2129 5733 2161 5768 ll
2189 5732 2330 5769 anno

756 5790 881 5843 551.
917 5790 1205 5841 Caletricus
1236 5804 1360 5842 vero
1384 5788 1500 5853 ejus
1529 5802 1805 5841 successor
1839 5803 1868 5841 c
1892 5788 2119 5839 sticilrurn
2178 5788 2329 5839 Par.-

756 5863 928 5912 siense
958 5874 1033 5923 ιιι,
1078 5874 1215 5910 anno
1258 5859 1360 5911 557
1406 5858 1753 5922 celebratum,
1802 5875 1889 5909 sua
1947 5858 2333 5927 subscriptione

2503 4666 2595 4721 27.
2643 4662 2687 4719 Ο
2724 4666 3165 4734 gloriosissimum
3222 4668 3417 4733 virum,
3470 4670 3621 4738 cujus
3663 4672 3859 4725 merita
3902 4674 4034 4725 adeo

2436 4758 2711 4809 valuerunt
2738 4757 2873 4825 apud
2905 4758 3254 4821 Crucilixurrt,
3292 4768 3347 4810 ut
3403 4774 3531 4811 crux
3584 4776 3704 4826 qua:
3758 4763 4033 4816 ceciderat

2438 4849 2485 4899 in
2520 4856 2712 4901 terram
2742 4850 2858 4902 sine
2882 4848 3038 4901 ullius
3063 4848 3386 4902 adminiculo
3416 4850 3482 4902 ad
3516 4851 3692 4903 locum
3727 4853 3875 4907 unde
3906 4871 4033 4907 rue-

2438 4949 2517 4992 rat
2548 4948 2910 4993 reverteretur
2940 4939 3139 4994 illmsa!
3174 4942 3217 4994 0
3244 4941 3603 4995 venerabilem
3653 4940 3862 4997 Christi
3898 4960 4034 5012 pon-

2438 5030 2653 5095 tiﬁcem,
2686 5031 2925 5084 custodia
2950 5032 3258 5102 angelorum
3303 5030 3505 5101 iugiter
3536 5038 3803 5087 munitum
3830 5035 3845 5087 l
3881 5039 4034 5105 cujus

2439 5164 2686 5237 firmavit.
2722 5164 2847 5219 llaec
2876 5166 3146 5237 Mabillon.
3178 5166 3231 5219 S.
3261 5166 3553 5221 Leobinum
3581 5168 3887 5224 decessisse
3919 5172 4030 5237 pri-

2435 5237 2521 5287 die
2577 5236 2698 5307 ldus
2750 5236 2921 5290 Martii
2983 5238 3217 5293 ostendit
3247 5238 3386 5293 Mab.
3429 5240 3539 5307 ipse
3567 5254 3695 5292 saac.
3730 5256 3766 5293 ιι
3800 5236 4030 5304 Berred.,

2436 5320 2553 5375 part.
2591 5306 2745 5361 1104.

2508 5377 2673 5431 Porro
2700 5379 2755 5433 S.
2790 5376 3008 5432 Leobini
3056 5394 3249 5448 corpus
3284 5379 3335 5432 in
3379 5380 3681 5434 suburbana
3718 5382 3777 5437 S.
3816 5383 4027 5436 Martini

2438 5448 2649 5501 basilica
2675 5449 2728 5500 ιιι
2764 5448 2908 5501 Valle
2944 5465 3240 5518 nuncupata
3287 5451 3536 5519 religiose
3580 5454 3916 5507 asservatum
3946 5465 4029 5508 est

2438 5522 2821 5593 usqueadan.
2848 5522 3003 5583 1568,
3036 5536 3143 5589 quo
3169 5522 3471 5574 Calvinistre
3498 5538 3677 5576 sacras
3732 5525 3853 5593 ejus
3903 5526 4027 5578 reti-

2435 5592 2585 5654 quias
2610 5592 2657 5641 in
2687 5590 2888 5643 favillas
2920 5595 3257 5659 redegerunt,
3288 5603 3513 5659 excepto
3545 5590 3935 5662 capite,'qrtiiil
3973 5596 4023 5647 iri

2435 5662 2661 5713 ecclesia
2689 5662 2867 5728 Majori
2917 5663 3228 5715 custoditur.
3282 5663 3336 5715 In
3383 5678 3515 5716 tnss.
3553 5664 3722 5717 Codd.
3783 5668 4025 5719 ecclesw

2437 5731 2775 5783 Car'rrotensis
2826 5733 3098 5791 dioecesim
3144 5734 3530 5786 Carnotertsr-m
3607 5736 3907 5801 limitasse,
3967 5751 4025 5788 ac

2436 5803 2715 5857 duodccnn
2741 5804 2952 5859 circrter
2980 5807 3132 5856 armis
3155 5806 3359 5859 sedisse
3383 5804 3594 5873 legitur.
3634 5808 3862 5859 MANLL.
