4194 6568
1478 415 1800 468 ὶΕΝᾹΝΪΗ
1846 414 1997 466 ΗΟἶνί.
2035 413 2239 467 CLIZM.
2294 416 2340 467 ῐηί

2440 417 2683 471 ῘιζΝΑΤΙ
2730 419 3011 472 υΡΕΜΞΜ
3055 420 3229 476 PARS
3273 420 3333 475 ll.
3947 421 4028 476 50%

791 562 4032 617 Ἥ

1341 702 1750 826 VlTA
1835 703 2438 832 SANCTI
2541 734 2564 760 ‘
2621 711 3175 836 MAURI
3206 717 3490 843 LII.

1877 925 2216 986 EI’ISCOPI
2263 926 2288 963 δ
2336 932 2378 987 Λ
2394 930 2600 990 Νι)Εο
2618 935 2652 990 .l
2669 934 2964 993 VENSIS.

851 1161 904 1216 1.
943 1159 1215 1216 Maurilius
1255 1158 1669 1212 Mediolaneusis
1697 1158 1874 1226 oppidi
1908 1160 2154 1227 indigena
2191 1161 2356 1214 exsli-
2397 1167 2438 1222 Α
2468 1162 2663 1217 ibidem
2711 1165 2943 1218 advenit.
2979 1165 3176 1221 \‘idens
3212 1178 3388 1221 autem
3419 1171 3561 1238 quod
3593 1171 3823 1226 humana
3854 1174 4030 1230 virtute

775 1255 860 1318 tit,
889 1253 1197 1323 parentibus
1219 1251 1688 1320 spiendidissiinis,
1715 1261 1770 1304 et
1796 1251 1862 1305 ab
1885 1253 2010 1320 ipsis
2034 1267 2166 1319 pene
2189 1267 2324 1306 cuna
2342 1284 2358 1294 -

775 1346 912 1399 bulis
940 1359 970 1398 a
999 1344 1155 1398 beato
1183 1343 1436 1408 Martino,
1470 1345 1558 1410 qui
1586 1344 1689 1394 illis
1721 1345 2048 1411 temporibus
2077 1344 2355 1397 Mediolani

771 1436 874 1491 sibi
899 1447 921 1474 ε
949 1436 1332 1490 monasterium
1357 1434 1731 1498 collocaverat,
1748 1435 1914 1488 sacris
1937 1437 2126 1488 litteris
2147 1436 2357 1488 institu-

773 1539 860 1583 tus
886 1542 991 1583 est.
1016 1527 1118 1580 Sed
1151 1527 1305 1579 beato
1332 1526 1556 1578 Martin
1580 1525 1897 1578 Arianorum
1937 1525 2154 1588 perlidia
2188 1526 2256 1578 tle
2283 1525 2355 1577 ci-

769 1619 935 1672 vitate
959 1620 1046 1671 illa
1073 1618 1296 1685 expulso
1320 1615 1367 1678 ιι,
1396 1628 1614 1668 sanctus
1639 1616 1910 1668 Maurilius
1939 1615 2133 1669 ibidem
2166 1621 2354 1669 demo-

769 1721 918 1766 ratus
947 1721 1048 1776 est,
1074 1725 1348 1779 quousque
1369 1724 1396 1760 a
1426 1711 1582 1762 beato
1608 1709 1908 1772 Ambrosio,
1934 1710 2100 1776 ipsius
2124 1711 2354 1765 civitatis

767 1806 1040 1871 episc0po,
1065 1803 1298 1856 ollieium
1327 1802 1539 1855 lectoris
1564 1800 1788 1868 accepit.
1817 1801 2020 1855 Interea
2048 1811 2196 1870 patre
2217 1796 2350 1872 ejus,

765 1893 854 1961 qui
891 1901 914 1927 ε
947 1901 1108 1946 totam
1162 1892 1471 1958 llesperiam
1504 1905 1636 1956 pene
1664 1890 1897 1958 regebat,
1942 1890 2227 1956 defuncto,
2269 1907 2354 1947 se-

764 1988 995 2041 cundum
1031 1995 1356 2053 pra-ceptum
1404 1985 1768 2053 evangelicum
1801 1984 2027 2054 (Matth.
2065 2003 2150 2040 xix
2175 1987 2228 2051 ),
2271 2004 2354 2043 re-

762 2078 888 2132 licta
932 2087 1123 2141 matre,
1172 2079 1520 2144 omniumque
1568 2091 1746 2130 rerum
1795 2091 2013 2130 suarum
2066 2079 2352 2144 cupiditate

762 2166 1017 2233 habendi,
1062 2167 1159 2218 sub
1191 2165 1208 2202 ί
1241 2167 1452 2219 Juliano
1482 2175 1606 2218 tunc
1649 2165 1881 2228 Cmsare,
1916 2166 2220 2230 Martioum,
2263 2169 2349 2236 qui

761 2266 891 2310 tunc
913 2257 1232 2310 Turonicam
1258 2258 1471 2324 regebat
1501 2257 1861 2324 metropolim,
1890 2257 2130 2324 expetiit,
2155 2267 2209 2311 et
2231 2265 2352 2311 tan-

758 2348 849 2401 diu
871 2364 991 2400 cum
1013 2349 1201 2419 eodem
1227 2358 1460 2400 moratus
1482 2357 1586 2410 est,
1607 2348 1803 2401 divinis
1824 2357 2112 2416 occupatus
2138 2347 2346 2413 olliciis,

759 2453 930 2507 usque
961 2441 1085 2490 dum
1115 2449 1342 2491 Caeteros
1372 2437 1769 2491 eccleszasticos
1796 2438 1990 2504 gradus
2015 2436 2349 2506 gratiamque

2466 1269 2568 1305 non
2623 1263 2803 1322 posset
2845 1256 3026 1321 evelli,
3077 1259 3142 1310 ad
3175 1256 3464 1311 Dominum
3511 1271 3695 1315 mente
3741 1277 4024 1324 conversus.

2462 1347 2648 1399 orabat
2679 1357 2734 1399 ut
2770 1348 2882 1414 ipse
2917 1347 3122 1412 furtim,
3160 1350 3248 1403 ubi
3271 1351 3499 1404 diversis
3543 1354 3818 1408 erroribus
3847 1369 4033 1411 mentes

2463 1437 2849 1492 lraudabantur
2895 1440 3162 1505 humanas,
3199 1441 3338 1510 quod
3392 1445 3505 1511 ipse
3549 1459 3654 1498 non
3688 1457 3906 1514 poterat,
3950 1448 4032 1501 de-

2461 1540 2712 1583 strueret.
2746 1532 2863 1584 Mox
2895 1547 3022 1601 ergo
3051 1532 3303 1586 divinitus
3326 1535 3482 1602 ignis,
3516 1550 3548 1590 e
3581 1537 3723 1591 cmlo
3761 1537 4032 1603 demissus,

2462 1620 2717 1686 quidquid
2748 1622 3158 1675 simulacrorum
3199 1634 3252 1677 et
3283 1624 3634 1679 immunditiis:
3665 1627 3858 1680 ibidem
3894 1644 4034 1697 repe-

2464 1714 2553 1772 rit.
2587 1715 2684 1766 sub
2723 1715 2977 1766 momenti
3013 1715 3143 1768 hora
3173 1716 3530 1782 consumpsit.
3575 1719 3861 1772 Eliminata
3893 1723 4034 1784 igitur

2458 1802 2602 1853 omni
2643 1803 2920 1867 spurcitia,
2957 1802 3328 1857 lionorabilem
3365 1805 3561 1859 Christi
3586 1804 3830 1861 fundavit
3867 1809 4022 1862 Eccle.

2457 1891 2612 1952 siam,
2645 1889 2923 1956 ipsamque
2967 1892 3304 1957 postmodum
3364 1893 3482 1948 fore
3519 1895 3694 1948 vicum
3731 1897 3958 1950 instituit
3996 1897 4032 1951 ί.

2458 1979 2533 2032 lbi
2565 1979 2793 2032 bissenis
2821 1981 3022 2048 degens
3059 1983 3235 2047 annis,
3266 1983 3450 2037 multis
3496 2001 3557 2039 se
3586 1985 3814 2054 jejuniis
3839 1997 3893 2042 et
3913 2005 4037 2041 ora-

2457 2068 2692 2121 tionibus
2717 2070 2905 2123 sedule
2939 2070 3162 2125 Domino
3192 2075 3531 2142 maneipabat
3567 2093 3581 2129 :
3615 2077 3705 2131 ubi
3743 2080 3905 2133 etiam
3935 2084 4033 2134 vir-

2458 2157 2654 2212 tutibus
2681 2159 2862 2212 multis
2884 2160 3097 2212 claruit.

2525 2250 2578 2304 2.
2622 2252 2752 2306 Nam
2779 2253 2831 2306 in
2860 2253 3060 2338 praedio
3089 2254 3230 2322 quod
3257 2254 3272 2305 i
3307 2255 3662 2313 Pontiacense
3690 2271 3910 2315 vocatur
3931 2274 4038 2317 erat

2454 2343 2534 2396 vir
2560 2343 2799 2412 quidam,
2832 2345 3094 2399 Saturnus
3126 2347 3369 2413 nomine,
3402 2363 3562 2415 quem
3585 2365 3650 2404 ex
3679 2360 3837 2404 utero
3862 2356 4040 2409 matris

2454 2449 2565 2488 sua:
2596 2437 2781 2488 ambas
2820 2451 3007 2490 manus
3044 2439 3222 2493 aridas
3253 2439 3563 2507 habentem,
3610 2444 3661 2496 in
3715 2445 3855 2500 lianc
3883 2449 4037 2501 vitam

759 2529 1044 2585 sacerdotii
1116 2518 1349 2594 invitus,
1421 2528 1648 2582 Martino
1707 2537 1970 2597 cogente,
2029 2528 2343 2596 susciperet.
2377 2514 2427 2574 Β
2451 2538 2637 2583 natura
2663 2529 3005 2594 produxerat.
3029 2532 3129 2598 Qui
3157 2535 3285 2588 dum
3318 2536 3683 2607 eleemosyuis
3713 2541 3779 2592 ad
3831 2541 4037 2609 plenam

758 2623 969 2689 Atlepto
1018 2622 1197 2688 itaque
1250 2619 1536 2675 sacerdotii
1584 2619 1808 2682 honore,
1863 2620 2146 2674 arctiorem
2188 2634 2342 2687 quam

757 2715 896 2770 inter
932 2712 1222 2767 monachos
1249 2711 1446 2766 ducere
1477 2711 1703 2781 diligens
1731 2711 1918 2775 vitam,
1948 2722 2003 2764 ut
2033 2721 2059 2758 tr
2081 2711 2229 2766 solus
2259 2726 2347 2765 so-

755 2805 864 2856 lum
892 2803 1110 2856 liberius
1140 2801 1420 2853 Dominum
1449 2801 1600 2867 sequi
1645 2799 1873 2862 valeret,
1914 2798 2124 2852 Martini
2154 2799 2344 2854 admo-

753 2894 880 2948 dum
905 2892 1161 2947 doctrinis
1197 2891 1458 2956 eruditus,
1493 2899 1545 2942 et
1574 2903 1726 2957 teque
1759 2888 2219 2942 benedictionibus
2250 2904 2341 2942 ro-

753 2986 972 3040 boratus
993 2998 1114 3038 sese
1137 2983 1363 3038 invicem
1387 2981 1695 3036 osculantes
1723 2982 2018 3036 etmultum
2040 2982 2251 3048 ﬂentes,
2275 2983 2344 3038 ab

750 3079 941 3133 eodem
982 3078 1099 3145 ipso
1140 3078 1354 3130 nolente
1393 3073 1663 3139 discessit,
1705 3083 1762 3128 et
1797 3075 2204 3143 Andegavorum
2245 3089 2340 3145 ag-

752 3185 972 3241 gressus
990 3179 1067 3222 est
1093 3168 1302 3221 urbem.
1331 3165 1569 3220 Audiens
1591 3173 1767 3218 autem
1793 3162 1934 3216 baud
1959 3164 2116 3232 longe
2137 3163 2340 3231 ab'ipsa

748 3277 910 3331 super
936 3261 1165 3328 Ligerim
1195 3260 1412 3313 ﬂuvium
1458 3259 1513 3310 in
1546 3257 1669 3310 villa
1693 3256 1919 3324 quadam
1951 3253 1978 3292 ιι
2008 3255 2188 3309 l'anum
2225 3255 2340 3310 fore

747 3353 1207 3422 antiquissimum,
1231 3349 1458 3404 diversis
1483 3348 1747 3405 idolorum
1770 3346 1993 3402 culturis
2012 3347 2335 3414 dedicatum,

818 3541 846 3568 ι
886 3529 997 3588 ΔΙ..
1026 3527 1367 3582 Maurilinnis.
1396 3523 1587 3579 Surius
1607 3523 1684 3576 sic
1705 3521 1862 3576 ell‘ert
1883 3521 2339 3590 titulumliujusce

751 3603 886 3655 Vita:
921 3620 932 3653 :
971 3600 1092 3654 Vita
1122 3598 1184 3654 S.
1215 3595 1454 3651 Haurilii
1505 3594 1729 3663 episcopi
1759 3593 2148 3663 Andegavensis
2177 3609 2196 3646 :
2225 3596 2339 3663 ejus

747 3680 1005 3725 auctorem
1046 3669 1150 3720 duo
1172 3684 1293 3721 mss.
1319 3661 1655 3720 Codices'non
1678 3661 1945 3721 habebant,
1971 3662 2059 3714 sed
2079 3677 2194 3714 cum
2219 3661 2336 3715 con-

746 3750 841 3795 stet
873 3755 940 3793 ea:
965 3739 1276 3799 Trithemio,
1308 3733 1657 3790 Fortunatam
1693 3734 1806 3798 ejus
1850 3732 1984 3783 beati
2026 3733 2122 3783 uiri
2166 3731 2336 3784 Vitam

747 3811 1030 3877 scripsisse,
1066 3819 1112 3860 et
1158 3806 1324 3877 stylus
1367 3806 1668 3868 consentiat,
1721 3799 2062 3877 Fortunatam
2101 3817 2208 3856 esse
2253 3819 2338 3856 ttu-

747 3875 939 3936 ctorem
962 3895 1064 3931 non
1104 3875 1256 3943 facile
1293 3877 1558 3944 quisquam
1583 3875 1857 3941 negaverit.

821 3948 850 3988 ι’
881 3940 1222 4016 Andegavnm
1254 3940 1439 4016 civitas
1459 3940 1759 4016 cauuer
1790 3950 1892 4016 est,
1927 3940 2190 4016 Andensis
2217 3955 2338 4016 pro:

749 4020 943 4073 vincia:
982 4011 1328 4083 mctropolis.
1353 4082 1356 4083 ν
1383 4013 1602 4069 finitima
1657 4011 1961 4083 Turonibus
1988 4020 2066 4083 et
2103 4013 2336 4083 _ducatui

749 4088 1093 4144 Bituricensi.
1124 4079 1311 4138 Vicina
1338 4082 1553 4137 Oceano
1574 4087 1679 4143 est,
1701 4087 1865 4148 atque
1885 4094 1918 4131 a
1942 4079 2139 4150 Ligeri,
2168 4082 2339 4135 notis-

747 4161 890 4214 simo
913 4157 1132 4210 ﬂumine
1155 4153 1358 4212 Galliae.
1387 4153 1619 4205 alluitur.

825 4238 850 4266 ο
894 4227 970 4281 De
999 4228 1101 4279 lioc
1130 4222 1456 4278 monasterio
1513 4222 1570 4275 S.
1614 4218 1847 4280 Martini,
1888 4217 2026 4286 quod
2053 4217 2336 4272 Mediolani

750 4298 1038 4358 exstruxit,
1066 4296 1404 4348 mentionem
1429 4290 1552 4344 iacit
1574 4288 1702 4344 Sev.
1731 4287 2000 4356 Sulpicius
2023 4289 2076 4342 iu
2108 4288 2242 4342 libro
2270 4289 2338 4344 de

749 4369 868 4422 Vita
889 4366 1154 4435 ejusdem.
1175 4379 1225 4416 c.
1255 4365 1310 4417 4.

819 4437 847 4474 ά
869 4427 938 4492 8:
961 4436 1213 4496 llilarius,
1243 4433 1556 4486 Arianorum
1588 4441 1769 4497 opera,
1800 4428 1851 4479 in
1879 4427 2124 4480 exsilium
2153 4427 2336 4494 pulsus

748 4515 833 4561 est
852 4515 972 4574 post
990 4506 1249 4574 synodum
1275 4503 1551 4574 Beterren.
1577 4514 1663 4574 an.
1690 4497 1821 4554 556:
1847 4513 1951 4565 quo
1973 4507 2091 4550 acto
2114 4499 2164 4548 in
2188 4500 2333 4574 exsi-

748 4569 880 4632 lium
910 4578 968 4630 S.
1010 4569 1264 4626 Martinus
1304 4573 1449 4622 venit
1475 4569 1851 4623 Mediolanum.
1900 4582 1996 4618 nec
2039 4578 2214 4619 tamen
2243 4570 2332 4619 diu

749 4648 1028 4700 mansitea
1054 4645 1104 4694 in
1130 4641 1279 4704 urbe,
1307 4641 1374 4693 ab
1398 4639 1682 4700 Auxentio,
1710 4637 1909 4688 Ariano
1937 4636 2190 4702 episcOpo
2211 4652 2333 4688 exa-

746 4719 971 4783 gitatus,
1016 4727 1089 4766 ac
1132 4709 1444 4783 deturbatus
1487 4709 1556 4760 de
1592 4722 1689 4759 suo
1738 4706 2030 4783 domicilio.
2074 4707 2331 4783 Hilarium

750 4776 1189 4839 deitide'secutus
1210 4791 1312 4841 est,
1345 4779 1592 4831 reducem
1621 4791 1683 4828 ex
1707 4791 1803 4827 suo
1832 4776 2042 4836 exsilio,
2072 4791 2190 4826 cum
2221 4778 2331 4840 ipse

747 4865 977 4923 quatuor
1004 4851 1457 4923 solumwannosuin
1485 4847 1710 4923 Pbrygua
1732 4846 1890 4923 essul
1921 4845 2327 4923 inans_isset,__uti

747 4914 976 4977 testatur
1006 4922 1132 4975 Sev.
1173 4920 1324 4984 Sulp.
1369 4919 1506 4972 llist.
1551 4916 1587 4967 l.
1622 4930 1678 4967 ιι.
1731 4914 1944 4984 Siiergo
1973 4918 2027 4966 δ.
2062 4914 2330 4968 Maurilius

748 5009 901 5062 puer,
926 5006 990 5046 ac
1019 5005 1153 5062 pene
1174 4983 1368 5062 infans,
1390 5002 1418 5038 a
1443 4987 1498 5037 Β.
1532 4985 1756 5038 Martino
1783 4983 2330 5062 Tur._litleras_edoc-

749 5052 834 5115 ius
861 5052 964 5124 est,
988 5052 1047 5114 ut
1076 5061 1178 5112 hoc
1202 5059 1318 5110 loco
1357 5066 1622 5116 narratur,
1653 5069 1756 5106 non
1788 5053 1834 5105 is
1860 5056 1925 5124 ad
1959 5070 2044 5104 an.
2075 5052 2187 5124 321
2234 5070 2328 5105 na-

748 5142 836 5186 tus
867 5121 973 5192 est,
1004 5141 1061 5182 Iit
1100 5129 1284 5182 Volunt
1328 5127 1685 5186 Bollandistze,
1740 5124 1832 5176 sed
1861 5123 1925 5174 ad
1969 5138 2054 5175 an.
2085 5121 2210 5184 545,
2244 5125 2324 5176 vel

2448 2619 2777 2688 pervenisset
2805 2628 3038 2683 artatem,
3071 2622 3300 2690 quadam
3332 2633 3492 2678 nocte
3523 2641 3618 2692 per
3648 2627 3822 2681 visum
3859 2631 4038 2686 admo-

2449 2712 2614 2776 nitus,
2656 2711 2857 2764 audivit
2901 2725 3086 2766 vocem
3119 2713 3380 2768 dicentem
3407 2716 3510 2768 sibi
3540 2735 3550 2768 :
3586 2716 3736 2772 Vade
3771 2721 3841 2774 ad
3870 2722 4037 2776 virum

2446 2801 2838 2863 Maurilium,et
2854 2800 3144 2868 deprecare
3168 2804 3338 2871 ipsum
3370 2814 3428 2859 ut
3448 2806 3663 2873 signum
3694 2820 3900 2863 sancta:
3923 2827 4038 2866 eru-

2446 2893 2524 2945 cis
2565 2905 2726 2958 super
2756 2906 2945 2944 manus
2994 2901 3116 2945 tuas
3146 2893 3350 2946 iaciat:
3394 2903 3450 2949 et
3491 2897 3674 2951 statim
3742 2903 4035 2956 sanaberis.

2449 2982 2888 3050 Expergelactus,
2911 2985 3149 3037 cucurrit
3175 2985 3241 3037 ad
3269 2985 3441 3040 virum
3472 2988 3586 3054 Dei,
3619 2992 4037 3060 provolutosque

2444 3071 2669 3140 pedibus
2697 3073 2838 3140 ejus,
2876 3082 3017 3127 totus
3048 3074 3251 3129 inlusus
3287 3075 3562 3146 lacrymis,
3609 3081 3928 3148 suppliciter
3951 3085 4039 3138 de-

2447 3163 2762 3229 precabatur
2792 3175 2846 3217 ut
2884 3165 2985 3218 sibi
3018 3181 3231 3219 manum
3274 3167 3597 3234 imponeret,
3649 3185 3934 3238 exponens
3969 3175 4037 3228 illi

2446 3253 2725 3307 visionem.
2744 3255 2896 3308 Tunc
2916 3254 3102 3309 beatus
3123 3255 3396 3309 Maurilius
3418 3265 3528 3310 tota
3567 3259 3658 3313 die
3675 3270 3734 3314 et
3751 3271 3862 3316 tota
3886 3274 4037 3318 nocte

2437 3341 2709 3414 jejunans,
2743 3356 2798 3401 et
2823 3347 2874 3400 in
2903 3347 3152 3416 precibus
3182 3348 3300 3402 solo
3327 3357 3628 3417 prostratus
3658 3367 4034 3420 perseverans.

2441 3524 2650 3600 scribit,
2677 3525 2780 3600 iam
2809 3523 3067 3600 lectorem
3108 3526 3450 3600 ordinatum;
3476 3528 3574 3600 sed
3614 3531 3811 3585 reticet
3835 3534 3979 3600 quod
4009 3551 4040 3590 a

2443 3593 2498 3646 Β.
2537 3594 2819 3647 Ambrosio
2849 3593 2996 3646 illum
3020 3595 3071 3646 in
3103 3596 3326 3659 gradum
3352 3593 3514 3649 fuerit
3533 3600 3754 3652 ascitus.

2517 3672 2542 3700 ο
2583 3664 2786 3739 Auctor
2834 3663 3108 3739 Apologia:
3154 3665 3415 3739 adversus
3457 3665 3800 3736 Launoyum,
3850 3687 3951 3739 pro
3980 3674 4034 3729 S.

2449 3733 3122 3805 Renatogedilmtnornine
3153 3734 3425 3803 Hesperia
3457 3751 3562 3788 non
3597 3733 3764 3790 totam
3808 3733 4035 3805 Italiam,

2443 3801 2804 3924 ﬁednﬁailliam
2851 3800 3180 3868 Cisalpinam
3247 3800 3399 3871 putat
3454 3805 3678 3861 indicari
3715 3825 3728 3860 :
3763 3800 4042 3866 referente

2489 3887 2520 3924 o
2565 3886 2650 3923 ant
2675 3910 2687 3922 .

2489 3886 2687 3925 Ollantl.

2470 4011 2479 4019 I
2518 3941 2535 4019 ξ
2569 3941 2662 3994 Est
2689 3939 2942 3994 mendum
2964 3938 3189 3996 librarii.
3216 3941 3526 4008 Legendum
3554 3942 3805 4002 fortassis
3847 3948 4037 4003 Faleri-

2441 4021 2654 4064 ιιηναιιο.

2513 4089 2537 4126 s
2560 4077 2926 4147 Magnobodus
2957 4089 3140 4132 narrat
3163 4077 3223 4132 S.
3253 4077 3581 4146 Iaurilium,
3614 4097 3810 4139 amore
3845 4088 4038 4143 solito-

2439 4149 2599 4209 diuis.
2629 4165 2657 4200 a
2692 4149 2916 4200 Martino
2945 4148 3243 4202 Turoneusi
3270 4154 3576 4205 secessisse.

2510 4217 2538 4254 ιι
2569 4219 2713 4273 Idem
2736 4217 2836 4269 hoc
2857 4216 3038 4272 ianum
3070 4219 3122 4270 in
3152 4218 3427 4272 territoro
3453 4223 3840 4288 Andegaveusi
3873 4225 4040 4282 refert

2437 4287 2622 4360 fuisse,
2669 4288 2725 4360 in
2772 4288 2892 4340 loco
2913 4291 3002 4360 qui
3045 4288 3351 4360 nominatur
3687 4307 3858 4360 super
3887 4297 4041 4350 littus

2439 4357 2659 4431 Ligeris.
2693 4356 2863 4431 Porro
2897 4358 3046 4431 vicus
3079 4357 3168 4410 ille
3198 4357 3298 4422 (uti
3327 4367 3516 4431 notant
3545 4356 3927 4431 Bollandiste)
3954 4375 4040 4418 est

2439 4430 2488 4480 in
2523 4428 2760 4480 Anilensi
2791 4427 3072 4491 concitatu,
3099 4435 3330 4494 quatuor
3355 4429 3566 4482 circiter
3596 4427 3928 4486 militaribus
3966 4439 4038 4487 ab

2437 4499 2726 4564 Andegavo
2755 4497 2978 4550 distans.

2514 4566 2528 4602 ί
2567 4563 2850 4636 Latinoyus
2871 4563 3101 4635 penits.
3125 4563 3422 4618 Mamilium
3443 4581 3613 4621 annos
3641 4566 3712 4620 40
3739 4583 3810 4622 eo
3835 4571 3889 4622 in
3917 4573 4039 4626 vico

2435 4637 2726 4697 habitasse,
2759 4647 3045 4703 antequam
3067 4637 3352 4700 episcopus
3379 4645 3655 4689 crearetur
3675 4654 3692 4692 :
3715 4640 3816 4691 sed
3849 4642 3900 4693 ei
3925 4658 4037 4694 non

2433 4708 2772 4766 assentimur,
2823 4716 2880 4758 ut
2907 4703 3032 4758 alibi
3078 4703 3362 4757 ostendere
3404 4706 3745 4760 conabimur.
3793 4709 3854 4762 Si
3898 4710 4037 4764 illud

2431 4777 2752 4830 concedatur
2773 4775 2914 4842 quod
2939 4774 3184 4840 opinatur
3212 4773 3516 4842 Launoyus,
3543 4785 3650 4828 tota
3680 4777 3797 4830 fere
3825 4783 4037 4833 corruit

2430 4848 2496 4900 de
2517 4846 2576 4897 Β.
2599 4844 2835 4898 Maurilio
2857 4843 3088 4898 historia:
3107 4843 3276 4912 series
3297 4857 3360 4896 ac
3381 4845 3598 4898 veritas.
3649 4845 4041 4912 Magnotodus

2431 4915 2627 4968 nullam
2661 4913 2783 4968 facit
2828 4915 3152 4967 mentionem
3183 4911 3250 4965 de
3298 4922 3537 4980 tempore
3583 4929 3692 4980 quo
3732 4911 3793 4969 S.
3831 4917 4043 4971 Mauri-

2431 4986 2529 5037 lius
2551 4998 2616 5037 eo
2638 4998 2696 5035 se
2727 5000 2777 5036 in
2808 4985 2927 5036 loco
2958 4983 3124 5035 tenuit
3153 4997 3167 5032 :
3199 4982 3530 5035 solummodo
3557 4985 3743 5037 tandiu
3766 5001 4039 5042 asserens

2429 5057 2498 5108 ibi
2533 5054 2815 5115 mansisse,
2839 5053 3008 5120 quoad
3041 5067 3165 5103 onus
3190 5052 3510 5119 episcOpatus
3537 5058 3754 5121 accepit.

2503 5125 2516 5173 i
2559 5124 2610 5174 In
2653 5121 2768 5173 Vita
2797 5137 2826 5174 a
2858 5121 3191 5190 Magnobodo
3223 5133 3421 5188 scripta
3450 5122 3640 5186 legitur
3681 5123 4037 5188 Pociacense.

747 5218 931 5268 supra.
962 5187 1112 5264 Quod
1144 5210 1269 5252 vero
1299 5199 1342 5249 is
1367 5197 1537 5268 lector
1557 5195 1663 5260 jam
1706 5195 1980 5268 ordinatus
2018 5207 2048 5268 a
2087 5193 2146 5243 Β.
2201 5194 2324 5268 Ani-
2355 5187 2405 5245 D
2435 5192 2767 5268 [iollandistge
2793 5187 3129 5268 ξμερξξθνωὲ.
3158 5187 3381 5266 Pedium
3422 5192 3912 5268 Anegqun‘e‘m‘?
3946 5187 4036 5246 im

751 5262 954 5336 brosio,
986 5262 1266 5322 Martinam
1294 5263 1614 5336 sueruliano
1643 5263 1908 5336 expetiisse
1935 5263 2148 5336 dicitur,
2181 5262 2324 5336 etab

751 5356 814 5394 eo
837 5332 1003 5394 sacris
1031 5339 1306 5391 ordinibus
1335 5335 1569 5388 initiatus
1591 5332 1774 5394 fuisse,
1806 5336 1918 5384 haec
1940 5333 2075 5383 inter
2093 5345 2160 5390 ,ξε
2183 5333 2326 5384 nullo

751 5413 912 5464 modo
937 5410 1207 5463 conciliari
1241 5414 1479 5471 possunt,
1511 5402 1610 5456 nisi
1638 5401 1834 5453 ειυιέαηὶ
1865 5416 2056 5453 nomen
2091 5415 2185 5467 pro
2223 5400 2326 5452 Va-

750 5482 1027 5534 lentiniano
1058 5476 1337 5541 irrepsisse
1361 5476 1618 5526 dicamus.
1643 5472 1881 5525 Julianus
1905 5474 2096 5537 quippe
2116 5477 2322 5538 Augus-

754 5561 838 5603 tus
869 5558 992 5602 ante
1031 5550 1162 5601 obiit
1214 5561 1371 5614 quam
1405 5543 1714 5596 Ambrosius
1742 5542 2148 5614 Mediolanensis
2187 5541 2324 5614 epis-

752 5633 920 5681 c0pus
966 5609 1256 5670 crearetur.
1309 5616 1434 5680 Ejus
1463 5617 1654 5680 quippe
1697 5625 1838 5681 mors
1882 5613 2109 5681 refertur
2132 5609 2201 5681 ad
2227 5626 2316 5681 an.

753 5679 1018 5752 3'03,cum
1051 5679 1359 5739 Ambrosius
1383 5679 1492 5736 non
1519 5691 1638 5734 ante
1667 5695 1753 5732 an.
1785 5679 1889 5752 574
1918 5679 2321 5752 sedemllledio-

755 5748 985 5811 lanensis
1013 5756 1253 5810 ecclesia:
1281 5755 1353 5807 sit
1371 5755 1611 5817 adeptus.
1647 5750 2004 5818 lilagnobodus
2032 5749 2241 5816 quidem
2267 5748 2318 5801 iu

754 5823 872 5888 Ἣιᾶ
902 5826 960 5881 S.
1008 5825 1254 5889 Maurilii,
1300 5824 1398 5878 sub
1449 5823 1652 5875 Juliano
1711 5822 1760 5873 in
1789 5818 1988 5872 Gallias
2027 5821 2317 5886 prolectum

2428 5264 2593 5316 dicari
2624 5280 2635 5312 :
2669 5261 2901 5331 riualliac
2923 5261 2972 5312 in
2998 5259 3360 5331 Andegavensi
3382 5259 3651 5331 provinCia
3674 5264 4034 5331 Oppidulum,

2429 5335 2598 5385 tribus
2627 5347 2655 5384 a
2685 5330 2948 5383 Saltuurio
2996 5330 3048 5382 in
3077 5329 3352 5382 meridiem
3402 5329 3760 5393 milliaribus,‘
3789 5342 3851 5384 et
3899 5342 4038 5386 octo

2429 5403 2713 5467 Andegavo
2743 5400 3008 5452 dissitum.
3056 5416 3074 5448 ι
3121 5395 3410 5464 Gregorius
3450 5399 3786 5454 Turonensis
3823 5403 3878 5454 in
3933 5403 4031 5454 lib.

2427 5475 2494 5525 de
2519 5471 2647 5524 Vitis
2678 5469 2915 5531 Patrum,
2949 5483 3068 5534 cap.
3101 5469 3187 5531 ιδ,
3225 5467 3530 5520 l’ontiacum
3564 5484 3835 5522 memorat
3866 5474 3924 5523 in
3963 5473 4030 5522 li-

2429 5542 2583 5593 nibus
2614 5539 2925 5600 Bituricum,
2957 5540 3042 5590 ubi
3067 5538 3447 5590 monasterium
3472 5553 3502 5588 a
3534 5538 3593 5590 S.
3635 5537 3775 5592 Urso
3824 5541 4040 5594 abbate

2429 5618 2790 5663 constructum
2815 5608 2975 5660 fuisse
2997 5616 3194 5660 narrat.
3227 5607 3452 5660 lbl’licile
3473 5621 3604 5660 sane
3629 5618 3714 5660 est
3736 5622 3892 5662 certo
3927 5611 4025 5662 de-

2433 5683 2584 5733 linire
2612 5695 2716 5747 quo
2742 5678 2795 5730 in
2837 5677 2954 5731 loco
2983 5687 3128 5731 esset
3168 5677 3270 5730 huc
3298 5677 3456 5730 silum
3505 5679 3646 5744 quod
3682 5679 3769 5732 hic
3797 5679 4034 5732 l’outia-

2428 5764 2587 5804 cense
2615 5748 2928 5818 appellatur.
