4194 6552
177 401 286 462 565

1044 393 1200 448 \"lT.-\
1243 395 1296 447 S.
1344 389 1655 447 ilAUlilLll
1699 387 2232 444 ANDECAV’ENSiS
2269 383 2596 439 El’lSCCPl.

3359 388 3466 444 διδ

181 531 278 585 pro
302 523 503 585 a‘groto
528 513 757 568 ﬁdeliter
782 511 1116 580 precabatur.
1145 510 1296 564 Mane
1319 519 1492 561 autem
1526 505 1770 575 sequenti
1804 508 1851 565 Α
1880 504 2110 558 evadere
2142 503 2437 557 valeamus.
2495 502 2642 556 lllico
2684 508 2861 554 autem
2922 499 2972 555 in
2999 501 3280 558 adversum
3312 505 3466 573 signa

179 609 360 662 crucis
401 608 612 673 signum
644 618 805 670 super
845 619 1035 656 manus
1077 602 1270 654 inlirmi
1302 601 1569 669 deposuit,
1601 608 1653 650 et
1681 612 1776 650 ex-

183 699 386 768 templo
412 713 569 751 sanas
600 695 848 750 reddidit.

255 790 310 843 5.
355 791 468 842 Non
503 788 671 840 multo
703 796 822 856 past
862 795 1122 852 tempore,
1155 782 1345 836 mulier
1370 781 1608 850 qu'edam
1640 777 1780 832 Nan-

184 883 429 938 netensis
479 882 673 945 incola,
724 881 864 934 male
912 895 939 931 a
979 879 1244 931 diDlllOlliO
1277 878 1583 941 vexabatur,
1618 889 1778 942 quam

183 985 298 1028 toto
320 989 545 1041 corpore
575 971 826 1033 debilem,
855 970 946 1023 sed
988 979 1041 1022 et
1069 984 1292 1031 exeam,
1320 967 1518 1020 lumine
1552 963 1776 1032 privato,

183 1065 440 1120 reddidit.
475 1067 605 1130 Qum
646 1063 874 1131 geminis
908 1062 1081 1114 vincta
1108 1060 1314 1113 catenis
1355 1075 1381 1110 a
1429 1057 1673 1110 ﬁdelibus
1716 1055 1778 1107 ad
1838 1125 1843 1130 ι

184 1157 362 1209 virum
395 1155 488 1208 Dei
520 1153 747 1207 deducta
790 1161 890 1206 est.
927 1153 1105 1204 Altera
1153 1164 1280 1202 vero
1319 1147 1426 1210 die,
1463 1146 1548 1199 ubi
1582 1147 1630 1196 in
1665 1160 1779 1196 eam

181 1260 408 1304 sanctus
454 1263 546 1300 sua
596 1247 796 1300 lumina
837 1245 1048 1308 direxit,
1099 1259 1220 1294 mox
1270 1241 1410 1293 illam
1461 1238 1780 1290 dwmonium

182 1339 448 1392 deseruit.
484 1337 634 1391 Tunc
675 1337 849 1390 crucis
878 1335 1030 1402 signo
1080 1333 1254 1386 lumen
1307 1331 1555 1392 reddidit,
1582 1340 1631 1382 et
1667 1343 1784 1394 qua:

185 1431 397 1482 catenis
425 1429 598 1481 vincta
629 1428 694 1481 ad
739 1428 875 1479 beati
904 1427 999 1478 viri
1031 1424 1255 1476 deducta
1281 1424 1450 1475 fuerat
1475 1420 1780 1485 ecclesiam,

184 1520 355 1572 libera
388 1526 441 1571 el
472 1517 751 1570 incolumis
791 1515 1063 1583 repedavit
1091 1515 1153 1566 ad
1183 1513 1418 1581 propria.

260 1608 318 1666 4.
351 1610 463 1663 Sub
488 1611 600 1676 ipso
631 1606 742 1662 fere
768 1617 1029 1675 tempore,
1062 1607 1187 1658 dum
1218 1605 1429 1670 quidam
1465 1614 1705 1672 pastores
1737 1601 1785 1652 in

184 1701 379 1754 eadem
416 1702 631 1769 regione
655 1700 997 1753 dominorum
1032 1713 1248 1749 suorum
1284 1712 1473 1762 pecora
1506 1703 1790 1761 pascereut

186 1800 244 1843 et
270 1789 573 1855 vigilarent,
623 1804 807 1842 eorum
841 1803 976 1841 unus
1020 1789 1142 1839 dum
1177 1798 1334 1839 noctu
1371 1799 1559 1852 pet-ora
1610 1794 1787 1836 custo-

1878 604 2074 648 sanctze
2103 593 2277 646 crucis
2291 596 2556 660 opposito,
2578 591 2837 645 daetnoiiia
2856 603 3076 660 repente
3109 595 3317 650 elevato
3348 613 3464 649 ma-

1879 702 1983 754 gno
2015 685 2211 754 rugitu,
2246 699 2350 738 non
2383 687 2498 737 sine
2555 686 2815 737 immenso
2873 685 3044 738 fetore
3077 684 3342 752 fugerunt.
3374 687 3465 740 Ille

1882 790 2056 833 autem
2091 781 2331 833 omnium
2381 779 2642 832 idolorum
2673 779 2961 831 simulacra
2999 777 3293 832 coadunari
3325 793 3468 846 pra:-

1881 873 2043 938 cepit.
2076 884 2128 925 et
2154 873 2363 940 ignibus
2387 887 2447 925 ea
2481 883 2855 933 concremans,
2888 870 2938 924 in
2968 870 3204 923 favillam
3239 870 3462 939 redegit.

1885 963 2086 1015 Deinde
2110 963 2370 1014 mundans
2391 963 2696 1029 diligentius
2721 960 2920 1021 locum,
2961 962 3153 1015 ibidem
3183 961 3469 1014 honorabi.

1887 1056 1934 1107 le
1958 1055 2343 1108 monasterium
2377 1057 2581 1119 statuit,
2613 1053 2752 1122 quod
2803 1051 2866 1104 ad
2899 1053 3124 1118 gloriam
3165 1053 3387 1116 Cltristi,
3418 1065 3471 1105 ct

1887 1148 2092 1201 laudem
2129 1125 2266 1199 nunc
2299 1161 2464 1212 usque
2496 1154 2769 1212 permanet
2798 1146 3143 1198 conlessoris.

1958 1239 2007 1292 7.
2044 1238 2330 1309 Monachus
2353 1238 2591 1305 quidam.
2636 1236 2882 1290 Clemens
2914 1236 3128 1290 nomine
3163 1279 3177 1301 ,
3211 1252 3306 1305 per
3363 1245 3472 1290 tres

1886 1332 2079 1402 jugiter
2130 1348 2233 1384 ann
2259 1349 2299 1385 ~s
2336 1331 2611 1400 quaternis
2670 1330 2906 1382 febribus
2938 1331 3217 1384 urebatur.
3253 1333 3470 1383 Attere-

1891 1421 1975 1474 bat
2005 1423 2147 1475 enim
2181 1421 2399 1474 nimium
2432 1433 2591 1474 aestus
2621 1435 2738 1474 cum
2779 1420 2998 1488 frigore,
3026 1433 3077 1472 et
3109 1431 3224 1473 erat
3257 1421 3306 1474 ei
3341 1420 3473 1472 hor-

1891 1528 1979 1565 ror
2004 1513 2131 1574 cibi,
2160 1513 2409 1580 quoniam
2440 1510 2890 1565 deieceratvirtus
2913 1512 3195 1563 stomachi.
3228 1510 3473 1580 Cumque

1895 1603 1980 1656 tali
2009 1605 2194 1656 dolore
2219 1605 2490 1661 deﬁceret,
2517 1604 2733 1670 jamque
2757 1602 2822 1655 de
2850 1603 2952 1654 vita
2985 1601 3319 1669 desperaret,
3341 1603 3476 1654 ami-

1893 1711 2075 1748 corum
2111 1698 2314 1748 monitu
2334 1695 2399 1747 ad
2427 1695 2638 1747 beatqu
2669 1696 2836 1747 virum
2875 1710 2934 1748 se
2963 1697 3241 1748 transferri
3273 1710 3474 1765 prece-

1897 1788 1987 1854 pit.
2019 1787 2118 1853 Qui
2150 1797 2202 1838 ut
2232 1787 2349 1853 ejus
2373 1787 2709 1854 praesentiam
2742 1785 2920 1838 videre
2970 1788 3284 1853 promeruit,
3319 1800 3342 1825 ο
3385 1802 3478 1839 eu-

184 1880 354 1948 diret,
384 1881 661 1934 mordetur
689 1897 716 1932 a
749 1881 951 1948 vipera.
985 1879 1150 1946 Cujus
1175 1880 1320 1930 virus
1354 1891 1411 1929 se
1444 1889 1662 1942 repente
1695 1889 1785 1940 per
1819 1868 1862 1925 Β
1893 1879 2055 1945 logias
2078 1878 2260 1930 salutis
2283 1878 2394 1930 dari
2422 1878 2488 1930 ab
2511 1876 2699 1930 eodem
2733 1877 2962 1930 ﬁdeliter
2992 1880 3306 1946 postulavit.
3329 1878 3477 1944 Quas

187 1990 382 2028 omnes
407 1976 554 2042 pueri
591 1989 754 2029 venas
786 1975 995 2037 infudit,
1038 1984 1092 2026 et
1130 1982 1296 2025 totum
1330 1972 1596 2025 hominem
1631 1972 1680 2023 in
1707 1978 1786 2020 tu-

189 2083 400 2121 morem
431 2071 716 2121 convertit.
764 2067 838 2121 De
880 2083 984 2135 quo
1009 2083 1128 2119 cum
1174 2066 1302 2118 nihil
1342 2065 1479 2118 aliud
1515 2061 1790 2132 praestola-

187 2169 343 2210 retur
386 2157 484 2210 nisi
523 2157 798 2221 interitus,
830 2174 948 2223 qum
976 2155 1083 2224 jam
1114 2159 1401 2209 semivivus
1436 2155 1650 2222 jacebat
1691 2167 1787 2205 ex-

189 2258 404 2310 tensus,
434 2258 556 2300 tunc
586 2248 764 2300 czeteri
803 2258 1040 2315 pastores
1072 2249 1173 2300 hde
1204 2245 1513 2300 commoniti
1549 2258 1783 2311 [triBSCll‘

191 2338 281 2389 tite
331 2337 582 2391 deferunt
628 2336 970 2393 confessoris.
1021 2340 1171 2391 Tunc
1223 2349 1457 2401 sanctus,
1489 2339 1673 2389 oculos
1721 2336 1784 2388 ad

189 2427 392 2481 ccelum
423 2433 654 2498 erigens,
696 2431 943 2485 universa
989 2431 1132 2498 pueri
1168 2431 1402 2481 membra
1447 2429 1698 2495 signavit,
1734 2435 1788 2479 et

191 2524 245 2570 in
274 2522 393 2586 ipso
420 2522 760 2584 vulnusculo,
796 2538 889 2589 per
920 2521 1055 2588 quod
1083 2521 1278 2584 viperze
1308 2521 1454 2571 virus
1485 2518 1784 2582 inﬂuxerat,

190 2608 260 2661 de
287 2611 497 2677 propria
524 2612 723 2664 s:iliva°
752 2613 957 2678 signum
983 2613 1152 2664 CI'UCis
1177 2611 1468 2677 impressit.
1493 2610 1788 2676 Statimque

190 2715 256 2752 ex
286 2702 535 2755 omnibus
563 2703 805 2771 corporis
834 2702 1070 2769 partibus
1096 2710 1404 2753 revocatum
1432 2700 1576 2753 virus
1599 2715 1787 2752 cucur-

192 2790 263 2842 rit
290 2790 356 2842 ad
393 2791 558 2857 ipsum
607 2808 699 2860 per
729 2807 886 2861 quem
929 2807 987 2844 se
1015 2791 1306 2844 immiserat
1336 2794 1531 2856 locum,
1562 2801 1616 2844 et
1648 2793 1784 2845 inte-

192 2896 305 2949 gra:
332 2882 542 2935 sanitati
575 2884 811 2936 redditus
836 2892 917 2936 est
939 2899 1085 2951 puer.

271 2973 329 3028 5.
358 2975 613 3041 Qutedam
646 2977 1045 3046 Audegavensis
1077 2976 1329 3029 territorii
1362 2985 1628 3038 inatroiia,
1655 2975 1772 3028 viu-

196 3064 326 3117 culo
378 3067 642 3134 coniugali
679 3083 810 3121 nexa
840 3110 853 3132 ,
900 3084 965 3121 ex
993 3078 1236 3135 tempore
1287 3084 1398 3120 sure
1431 3068 1786 3133 copulationis

200 3155 404 3208 sterilis
433 3159 798 3222 permanebat.
841 3158 969 3222 Quae
993 3159 1116 3210 dum
1144 3174 1238 3226 pro
1264 3158 1605 3225 adipiscenda
1637 3158 1786 3226 prole

200 3243 492 3300 Dominum
549 3248 929 3316 deprecaretur
959 3249 1172 3303 assidue
1199 3290 1212 3311 ,
1248 3259 1300 3301 et
1333 3263 1667 3316 nequaquam
1695 3265 1787 3300 vo-

198 3345 314 3387 tum
337 3353 490 3390 suum
524 3342 766 3393 obtinere
785 3341 1010 3403 valeret,
1042 3355 1102 3393 ac
1152 3340 1464 3407 procederet
1495 3349 1706 3392 matura
1731 3341 1783 3393 in

199 3443 374 3480 annos
397 3429 786 3495 desperationis
814 3431 1086 3498 adeptum:
1117 3429 1248 3503 [Pro
1275 3431 1655 3501 adipiscendae]
1675 3432 1782 3498 jam

197 3518 390 3584 prolis,
449 3519 513 3573 ad
573 3520 788 3574 beatum
825 3523 995 3575 virum
1027 3537 1086 3576 se
1118 3531 1224 3576 tota
1257 3523 1541 3585 convertit,
1569 3535 1622 3575 ut
1645 3523 1785 3591 quod

195 3612 313 3679 ipsa
344 3627 450 3664 non
487 3616 808 3678 merebatur,
848 3617 936 3670 ille
963 3616 1101 3684 apud
1136 3617 1416 3670 Dominum
1448 3617 1559 3671 suis
1585 3618 1787 3673 meritis

204 3701 499 3756 obtineret.
553 3705 638 3770 Et,
691 3707 734 3757 si
764 3707 877 3758 suis
916 3708 1165 3773 precibus
1219 3708 1383 3760 lilium
1415 3710 1530 3761 seni
1579 3709 1790 3763 femina

201 3797 500 3861 impetrare
527 3796 802 3860 potuisset,
838 3797 1008 3865 ipsum
1041 3813 1100 3852 se
1122 3798 1347 3852 Domino
1386 3800 1713 3862 oblaturam,
1739 3799 1791 3855 ei

198 3893 465 3954 perpetuo
494 3885 842 3950 serviturum,
873 3896 975 3941 tota
998 3887 1098 3940 ﬁde
1145 3903 1207 3941 ac
1238 3899 1363 3942 voto
1411 3890 1785 3958 pollicebatur.

196 3976 422 4030 lntuens
447 3987 626 4030 autem
655 3977 732 4029 vir
763 3979 946 4031 beatus
973 3979 1210 4032 mulieris
1231 3980 1388 4034 ﬁdem
1421 3996 1484 4034 ac
1499 3981 1787 4052 lacrymas,

198 4068 487 4122 Dominum
515 4084 614 4139 pro
629 4083 692 4122 ea
714 4069 1096 4137 deprecaturus
1123 4072 1370 4126 accessit.
1403 4073 1791 4143 Exaudivitque

198 4157 466 4212 Dominus
498 4161 670 4211 virum
699 4171 940 4214 sanctum
970 4204 983 4227 ,
1010 4171 1064 4216 et
1089 4163 1394 4230 deprecanti
1426 4163 1637 4219 feminae
1665 4180 1794 4219 con-

197 4261 415 4319 ceptum
437 4249 583 4306 dedit
611 4263 665 4307 et
688 4263 918 4322 partum.
943 4253 970 4293 b
998 4257 1167 4323 Quem
1206 4257 1292 4310 illa
1321 4299 1336 4324 ,
1361 4257 1501 4312 sicut
1528 4259 1794 4328 promise-

197 4357 305 4408 rat,
341 4347 568 4401 Domino
583 4351 921 4404 consecravit
966 4350 1290 4404 habendum.

275 4437 330 4492 6.
365 4438 481 4493 Non
509 4442 664 4509 longe
694 4457 723 4494 a
757 4443 876 4496 vico
907 4443 1179 4507 Caloonze,
1208 4460 1366 4513 quem
1396 4445 1479 4499 vir
1503 4445 1694 4499 beatus
1720 4445 1796 4498 in-

1891 1970 2014 2021 dum
2047 1981 2261 2020 sanctus
2311 1969 2669 2021 sanctiﬁcatas
2694 1984 2757 2022 ex
2805 1984 2953 2023 more
2988 1971 3321 2037 porrigeret,
3355 1971 3474 2024 lan~

1889 2075 2022 2127 guor
2055 2069 2109 2110 ut
2136 2059 2312 2111 fumus
2339 2059 2553 2111 evanuit
2583 2075 2598 2122 ;
2631 2075 2860 2126 moxque
2889 2062 3034 2114 omni
3070 2064 3263 2115 virtute
3308 2063 3474 2117 robo.-

1893 2163 2038 2205 ratus
2060 2166 2220 2205 Sanus
2241 2153 2304 2204 ad
2338 2155 2545 2220 propria
2584 2154 2860 2206 remeavit.

1962 2242 2014 2295 8.
2046 2242 2305 2295 Proximis
2330 2259 2457 2295 sane
2489 2243 2680 2296 exinde
2710 2243 2916 2302 diebus,
2950 2244 3076 2296 dum
3109 2247 3474 2312 negotiatores

1891 2335 2028 2386 inter
2081 2334 2321 2385 divorsas
2364 2334 2620 2384 mercium
2675 2331 2881 2397 cepiai,
2916 2331 2940 2367 ἀ
2979 2349 3168 2386 scucos
3199 2335 3477 2404 utriusque

1891 2437 2049 2474 sexus
2081 2422 2305 2487 juvenes
2337 2423 2552 2475 venales
2586 2423 2862 2482 haberent,
2897 2433 2950 2475 ct
2999 2441 3117 2476 cum
3165 2425 3367 2478 eisdem
3407 2429 3474 2480 ad

1892 2516 2196 2581 Hispaniain
2250 2514 2547 2578 tenderent,
2604 2529 2695 2580 per
2740 2513 2997 2567 Calunnte
3057 2516 3314 2584 praedium
3371 2518 3473 2572 iter

1891 2609 2138 2675 agebant.
2172 2608 2622 2659 l’ra:tereuntihus
2678 2617 2855 2658 autem
2893 2621 3050 2660 secus
3107 2608 3276 2660 aedem
3335 2609 3476 2661 beati

1891 2701 2008 2763 viri,
2037 2715 2172 2752 unus
2200 2713 2385 2751 eorum
2415 2700 2504 2766 qui
2535 2697 2872 2751 venundandi
2908 2699 3257 2761 ducebantur,
3284 2718 3478 2768 magno

1891 2792 2172 2858 prosiliens
2198 2791 2422 2856 impetu,
2457 2791 2736 2842 ecclesiam
2771 2792 3042 2854 ingtcssus
3066 2801 3167 2855 est,
3201 2805 3253 2846 et
3284 2810 3475 2860 provo-

1892 2880 2029 2934 lutus
2051 2896 2169 2933 cum
2195 2880 2441 2947 lacrymis
2464 2879 2682 2944 pedibus
2698 2880 3041 2942 cou’essoris,
3059 2886 3247 2933 orabat
3282 2892 3338 2935 ut
3366 2885 3477 2936 suis

1893 2972 2138 3039 precibus
2167 2981 2256 3023 aut
2290 2971 2472 3036 pretiis
2521 2985 2642 3022 sese
2669 2987 2762 3036 pro
2815 2970 2906 3024 Dei
2943 2986 3126 3025 amore
3161 2974 3471 3038 redi.neret,

1891 3077 2176 3130 secumque
2208 3062 2482 3124 retineret,
2514 3066 2602 3128 qui
2635 3063 2812 3114 furtim
2841 3062 2908 3115 de
2939 3065 3152 3129 prepria
3178 3066 3478 3131 captivatus

1895 3156 2086 3220 patria,
2120 3153 2430 3206 vendendus
2455 3152 2742 3206 duceretur
2775 3155 2826 3207 in
2878 3156 3129 3210 alienam.
3164 3155 3328 3226 Cujus
3360 3174 3479 3213 ver-

1895 3247 1975 3300 bis
2003 3257 2056 3300 et
2088 3246 2296 3299 ﬂetibus
2322 3262 2474 3298 suum
2507 3247 2842 3312 patriotieum
2878 3264 3291 3317 recognoscens,
3331 3267 3478 3304 com-

1890 3347 2064 3391 motus
2097 3339 2176 3404 pia
2226 3345 2406 3390 mente
2437 3337 2710 3401 sacerdos,
2766 3339 2885 3392 sine
2932 3356 3078 3393 mora
3131 3357 3226 3408 pro
3261 3345 3476 3408 captivo

1890 3429 2057 3498 ipsius
2112 3429 2330 3480 domino
2381 3428 2777 3495 supplicaturus
2835 3431 3126 3498 egreditur.
3187 3433 3294 3486 Sed
3352 3449 3476 3488 cum

1889 3520 2136 3574 dominus
2159 3521 2320 3586 ipsius
2343 3535 2548 3573 smnma
2580 3521 2932 3577 obstinatione
2969 3523 3020 3576 id
3055 3525 3164 3577 ﬁeri
3199 3540 3354 3592 posse
3389 3541 3483 3580 ue-

1890 3622 2060 3683 garet,
2107 3613 2278 3665 innuit
2332 3612 2443 3664 suis
2499 3622 2552 3664 ut
2604 3612 2775 3678 ipsum
2829 3613 2898 3666 de
2952 3615 3176 3668 ecclesia
3228 3615 3486 3670 velociter

1890 3705 2254 3756 extraherent.
2310 3703 2650 3756 Ctndentihus
2705 3716 2881 3757 autem
2953 3706 3211 3758 ministris
3265 3709 3485 3776 vimque

1893 3794 2230 3856 facientibus,
2265 3811 2326 3849 ac
2345 3795 2543 3848 domini
2579 3795 2658 3847 sui
2693 3805 3017 3863 prmccptum
3037 3801 3484 3866 exsequentibus,

1891 3886 2165 3940 immensis
2188 3888 2425 3954 captivus
2456 3888 2685 3939 clamare
2703 3891 2865 3954 cmpit
2913 3888 3136 3939 vocibus
3182 3907 3193 3940 :
3229 3891 3484 3944 Miserere

1891 3987 1946 4031 et
1977 3993 2254 4042 succurre,
2284 3991 2440 4030 serve
2468 3977 2584 4041 Dei,
2617 3992 2773 4045 quem
2808 3980 3031 4030 devotus
3061 3979 3365 4033 liberandus
3393 3995 3489 4034 ex-

1895 4072 2046 4140 petii.
2091 4069 2355 4125 Sacerdos
2395 4084 2522 4124 vero
2554 4069 2706 4123 llexis
2754 4070 2868 4123 solo
2911 4071 3180 4139 paululum
3236 4071 3488 4140 genibus,

1894 4163 2216 4230 elevatisque
2247 4161 2296 4214 in
2327 4161 2524 4214 coelum
2558 4158 2822 4224 manibus,
2854 4161 3022 4228 inquit
3049 4178 3058 4212 :
3089 4161 3312 4218 Domine
3343 4161 3486 4216 Deus

1895 4255 2255 4322 omnipotens,
2313 4253 2402 4321 qui
2433 4253 2486 4306 in
2538 4253 2780 4321 angustia
2815 4253 3136 4315 constitutis.
3192 4265 3246 4309 et
3276 4255 3343 4309 de
3393 4264 3480 4309 tua

1896 4345 2263 4399 misericordia
2311 4358 2440 4398 vere
2480 4343 2871 4398 conﬁdentibus
2920 4347 3211 4407 succurris,
3258 4344 3487 4400 subveni

1897 4438 2023 4491 huic
2051 4439 2283 4505 captivo,
2318 4453 2413 4503 pro
2435 4451 2540 4505 quo
2570 4446 2623 4493 te
2647 4438 2869 4506 supplex
2900 4454 3086 4495 exoro.
3116 4439 3195 4493 Ad
3228 4438 3367 4493 hanc
3390 4454 3492 4493 vo.

199 4529 430 4592 colebat,
461 4540 576 4584 erat
599 4531 811 4599 quidam
831 4534 983 4587 collis
1009 4535 1336 4589 Praesciacus
1359 4536 1596 4601 nomine,
1619 4537 1794 4592 diver-
1823 4564 1874 4624 ο
1901 4544 2020 4584 cem
2053 4540 2198 4584 tanta
2245 4530 2326 4584 vis
2359 4530 2583 4584 febrium
2610 4530 2883 4584 dominum
2927 4531 3096 4596 ipsius
3153 4533 3398 4599 arripuit.
3430 4541 3493 4587 ut

199 4620 277 4674 sis
307 4621 574 4674 idolorqu
605 4623 773 4675 titulis
799 4621 1105 4677 decoratus.
1137 4625 1411 4679 Maurilius
1441 4643 1571 4680 vero
1606 4627 1794 4682 dolens

201 4713 354 4767 illam
387 4713 594 4779 longius
608 4730 823 4769 manere
851 4716 1312 4784 superstitionem,
1334 4717 1424 4772 ubi
1453 4718 1796 4773 diversarum

203 4803 463 4858 credebat
491 4805 664 4858 inesse
691 4805 1041 4871 perditionem
1073 4806 1258 4879 [Forte
1283 4807 1410 4860 add.
1446 4808 1796 4878 animarum],

203 4896 443 4966 quadam
469 4896 579 4959 die.
627 4895 883 4950 adhibitis
913 4911 1092 4950 secum
1143 4899 1326 4966 paucis
1359 4898 1604 4952 fidelibus
1636 4901 1798 4963 viris,

202 4989 447 5058 perrexit
473 4987 538 5040 ad
559 4988 752 5042 locum.
777 4987 1017 5057 Cumque
1041 4992 1371 5057 pervenisset
1399 4991 1463 5043 ad
1508 4991 1708 5045 idolum
1748 5000 1804 5045 ut

202 5081 336 5135 illud
387 5087 677 5143 everteret,
713 5080 997 5143 daemonia,
1027 5095 1146 5149 qua:
1182 5081 1251 5134 ibi
1281 5081 1536 5148 latebant,
1569 5083 1803 5138 clamare

202 5180 514 5239 cmperunt,
551 5171 784 5225 dicentia
823 5192 834 5225 :
867 5171 1003 5236 Quid
1051 5188 1147 5225 uos
1177 5181 1232 5226 et
1263 5172 1372 5237 hic,
1409 5173 1617 5226 Maurili
1640 5214 1654 5238 ,
1687 5189 1806 5242 per-

206 5264 493 5334 sequeris?
543 5263 596 5316 ln
627 5261 709 5316 his
759 5262 1065 5332 regionibus
1117 5266 1292 5320 nullus
1321 5275 1404 5320 est
1431 5265 1582 5320 locus
1614 5277 1795 5335 quote

281 5449 307 5476 ⁸
343 5439 712 5510 Magnobodus
741 5449 920 5494 narrat
950 5440 1009 5494 S.
1062 5441 1361 5495 Manrilium
1395 5442 1655 5498 infudisse
1683 5445 1808 5498 sali-

204 5527 332 5566 vam
366 5512 416 5563 in
447 5527 507 5561 ns
543 5511 712 5578 pueri,
759 5520 920 5578 atque
951 5511 1074 5564 hinc
1105 5514 1251 5565 illum
1292 5514 1576 5567 sanitatem
1613 5531 1807 5568 conse-

203 5593 418 5637 cutum.
443 5581 634 5634 Simile
663 5581 772 5633 fere
799 5581 920 5634 huic
944 5582 1260 5635 mirai-ulum
1284 5599 1311 5634 a
1341 5583 1398 5636 S.
1430 5584 1656 5637 Mat-tino
1677 5586 1804 5639 Tur.

202 5654 414 5708 editum
436 5651 632 5720 legitur
650 5652 700 5702 iu
724 5651 841 5715 ejus
860 5651 975 5704 Vita
996 5667 1024 5704 a
1048 5653 1342 5707 Fortunato
1367 5655 1585 5721 scripta,
1607 5655 1699 5709 lib.
1727 5671 1804 5709 Ill.

285 5722 310 5759 δ
347 5723 540 5776 Narrat
571 5722 933 5786 Magnobodus
960 5725 1096 5776 hunc
1131 5735 1313 5788 postea
1347 5725 1675 5780 successisse
1706 5727 1806 5791 ipsi

205 5795 456 5848 Maurilio
491 5798 545 5847 in
577 5797 709 5846 sede
732 5792 1140 5859 Andegavensi;
1173 5805 1334 5862 atque
1364 5796 1501 5846 adeo
1525 5810 1633 5849 non
1668 5797 1805 5849 alius

205 5867 295 5921 liic
328 5866 423 5920 fuit
453 5879 619 5935 quam
649 5863 704 5918 S.
734 5863 994 5932 llenatus,
1026 5864 1091 5919 de
1131 5881 1237 5933 quo
1255 5874 1433 5933 postea
1465 5866 1567 5920 erit
1601 5880 1799 5922 sermo.

1901 4638 2188 4696 antequam
2211 4627 2471 4696 pmnitere
2495 4626 3117 4695 succurreret,spiritum
3136 4627 3414 4682 exhalaret
3436 4633 3483 4681 ⁸.

1903 4718 2050 4773 Tunc
2081 4727 2226 4772 tanta
2269 4716 2552 4772 formidine
2595 4718 2774 4773 cmteri
2828 4708 3208 4786 percelluntur,
3242 4727 3492 4773 metuen-

1905 4821 1984 4866 tes
2012 4826 2079 4864 ne
2099 4825 2221 4872 [sese
2248 4810 2398 4864 vivos
2431 4820 2571 4864 terra
2604 4811 2959 4875 absorberet,
2992 4820 3048 4864 ut
3086 4811 3367 4866 unanimes
3398 4825 3493 4866 ex-

1905 4911 2149 4971 peterent
2195 4901 2530 4955 sacerdotem
2587 4900 2856 4963 ﬁebiliter,
2911 4901 3315 4968 expostulantes
3360 4916 3492 4970 qua-

1905 5004 2058 5048 tenus
2081 5003 2133 5046 et
2157 4993 2258 5046 sibi
2289 4991 2697 5061 indulgentiam,
2727 5000 2781 5046 et
2804 4991 3055 5047 defuncto
3104 4993 3214 5047 suis
3260 4996 3489 5060 meritis,

1904 5085 2208 5154 acquireret
2238 5085 2424 5136 vitam.
2485 5082 2572 5136 Vir
2601 5097 2726 5136 vero
2757 5081 2945 5136 beatus
2987 5083 3209 5137 nimium
3242 5094 3491 5140 metuens

1905 5192 1971 5230 ne
2003 5177 2118 5243 ipse
2146 5179 2359 5230 occasio
2379 5185 2432 5229 et
2449 5189 2606 5228 causa
2639 5176 2781 5229 illius
2803 5184 2950 5230 esset
2972 5177 3308 5244 perditionis,
3331 5195 3484 5248 pros-

1906 5274 2076 5322 tratus
2110 5274 2268 5321 terrm
2304 5265 2578 5320 immensis
2608 5263 2925 5335 singultibus
2956 5265 3486 5331 invocatChristum,

1985 5454 2005 5481 ε
2039 5443 2112 5496 De
2139 5441 2365 5508 eulogiis
2391 5440 2512 5496 vide
2542 5456 2660 5510 qua:
2691 5443 3062 5499 adnotavimus
3091 5444 3156 5499 ad
3187 5460 3238 5500 c.
3275 5447 3402 5502 lii.
3435 5463 3487 5502 xi

1908 5515 2010 5582 0p.
2045 5513 2324 5566 Fortunat.

1983 5583 2008 5621 τι
2039 5583 2153 5636 V'ox
2182 5591 2451 5651 corrupta.
2479 5582 2670 5638 Surius
2699 5584 2926 5638 adnotat
2961 5585 3122 5640 Italos
3149 5603 3167 5650 ;
3223 5601 3290 5641 an
3321 5603 3496 5642 uri-os

1912 5655 2234 5724 legendum?

1984 5735 2006 5762 ο
2045 5723 2406 5792 Magnohodus
2434 5723 2712 5779 dominum
2734 5723 2881 5780 servi
2912 5741 3017 5781 non
3048 5737 3350 5781 emortuum
3376 5729 3495 5783 fuis-

1912 5810 1971 5850 se
2001 5804 2204 5856 narrat,
2263 5795 2359 5849 sed
2391 5795 2462 5852 ita
2499 5807 2830 5867 'regrotasse,
2866 5807 2923 5853 ut
2951 5804 3109 5852 morti
3141 5809 3288 5854 esset
3313 5806 3494 5867 prosi-

1913 5881 2030 5922 mus
2061 5881 2074 5930 ;
2102 5874 2257 5934 atque
2278 5880 2344 5921 ex
2380 5865 2627 5936 precibus
2645 5865 2703 5924 S.
2724 5867 2948 5925 Maurilii
2967 5871 3126 5924 vitam
3152 5865 3489 5940 impetrasse.
