4194 6548
770 427 877 482 567

1449 424 1769 480 ΥΕΝᾹΝΤΙΙ
1815 425 1969 480 NON.
2013 425 2216 480 CLEM.
2262 424 2656 481 FORTUNATI
2699 427 2982 484 Oi‘EllUM
3030 429 3202 486 PARS
3244 429 3304 486 ll.

3933 430 4030 490 568

767 552 826 595 ut
863 540 1111 594 defuncto
1166 537 1414 593 redderet
1442 540 1696 592 animam.
1741 539 1848 592 Nec
1878 550 2031 594 antea
2064 539 2291 592 surrexi:
2315 554 2343 591 a
2377 544 2422 604 Α
2456 538 2586 592 illud
2618 541 2846 594 dicentis
2879 542 3088 597 Domini
3120 560 3134 599 :
3179 542 3424 598 Infirmus
3450 543 3541 609 fui,
3571 553 3622 598 et
3662 545 3922 600 visitastis
3952 563 4029 602 me

766 634 883 688 solo
909 631 1082 685 donec
1122 639 1177 686 et
1205 630 1455 684 defuncto
1501 629 1682 693 vitam,
1713 639 1767 683 et
1794 629 2002 697 captivo
2045 630 2343 698 acquireret

766 723 1094 776 libertatem.
1148 720 1516 788 Negotiatores
1545 719 1796 788 denique,
1831 731 1886 772 tit
1921 729 2179 773 retroacta
2211 734 2342 787 prae-

765 816 1000 884 sumptio
1032 813 1409 882 indulgere'ur,
1436 815 1617 867 multis
1645 813 1880 867 donariis
1913 815 2083 881 ipsum
2116 815 2344 866 honora-

765 916 960 962 verunt
983 907 1158 960 locum
1187 922 1200 970 ;
1259 918 1380 972 qum
1409 919 1572 974 prope
1599 905 1776 958 omnia
1808 906 1993 960 beatus
2025 907 2106 959 vir
2133 907 2182 960 in
2217 919 2342 958 usus

765 1009 1055 1063 pauperum
1079 994 1368 1063 deputavit.

835 1085 890 1137 9.
922 1084 1178 1138 Nimirum
1205 1098 1482 1153 pra-terea,
1517 1093 1574 1138 ut
1595 1086 1930 1140 necessitudo
1959 1087 2103 1154 cogit
2136 1089 2339 1140 huma-

765 1189 855 1240 na,
890 1182 915 1209 ⁸
941 1175 1092 1230 navis
1117 1176 1258 1245 Argo
1279 1175 1414 1228 haud
1440 1175 1670 1239 modica,
1718 1178 1985 1232 mercibus
2018 1179 2215 1232 referta
2250 1193 2341 1245 per

765 1264 999 1336 Ligerim
1019 1265 1328 1320 vehebatur.
1355 1265 1484 1331 Quae
1511 1275 1696 1321 contra
1720 1267 2010 1322 Calonnam
2027 1283 2147 1321 cum
2164 1281 2346 1321 ascen-

765 1362 940 1426 deret,
993 1363 1171 1418 subito
1227 1362 1438 1417 turbato
1477 1378 1598 1418 cum
1650 1362 1865 1417 flamine
1895 1373 2079 1432 ponto,
2113 1362 2263 1415 navis
2293 1362 2342 1414 in

765 1455 1082 1525 vertiginem
1153 1455 1429 1510 rolabatur
1463 1472 1476 1508 :
1531 1453 1788 1522 frangitur
1829 1463 2057 1506 antenna
2079 1495 2092 1518 ,
2125 1460 2178 1506 et
2208 1467 2346 1504 nunc

770 1561 932 1616 prora
955 1547 1249 1616 subrigitur
1271 1548 1474 1602 elevata
1505 1547 1554 1600 in
1586 1547 1798 1610 fluctus,
1833 1560 1972 1600 nunc
2023 1545 2213 1614 puppis
2245 1544 2348 1598 de-

769 1639 1022 1709 primitur
1052 1640 1190 1694 inter
1220 1640 1476 1694 undarum
1533 1637 1727 1692 hiatus.
1768 1637 1899 1690 \‘icti
1956 1651 2082 1702 ergo
2150 1645 2346 1696 nautte,

770 1737 1040 1798 tantaque
1066 1731 1397 1799 tempestatis
1426 1729 1621 1783 timore
1670 1727 1960 1796 perterriti,
1992 1725 2060 1780 de
2091 1725 2340 1795 prmseuti

764 1820 878 1889 jam
907 1821 1256 1886 deSperantes
1303 1820 1499 1884 salute,
1528 1819 1708 1872 omnia
1740 1818 1889 1872 navis
1917 1825 2246 1870 armamenta
2266 1814 2347 1884 je-

2447 632 2660 701 (Mattlr.
2695 636 2842 702 xxv),
2892 635 3070 690 statim
3099 636 3453 703 proficiscitur
3481 653 3602 692 cum
3657 641 3888 694 eisdem.
3927 640 4022 692 Ve-

2446 723 2596 776 niens
2619 734 2795 778 autem
2827 725 2878 777 in
2903 725 3144 787 domum,
3179 742 3328 780 mure
3355 743 3453 779 suo
3477 729 3625 795 prius
3657 731 3947 795 prostravit
3966 745 4021 782 se

2443 813 2509 865 ad
2537 816 2854 868 orationem.
2885 813 3086 870 Deinde
3111 817 3378 872 benedicti
3407 819 3512 871 olei
3546 819 3758 888 liquore
3785 821 4023 876 mulieris

2445 907 2682 960 nrembra
2718 906 3006 974 perunxit:
3061 923 3181 978 qua)
3236 911 3414 964 statim
3462 913 3689 964 omnino
3744 911 4026 966 incolumis

2445 999 2698 1052 surrexit.

2520 1093 2604 1146 12.
2660 1094 2862 1148 interea
2905 1094 3031 1148 dum
3063 1094 3256 1149 talibus
3284 1095 3469 1150 beatus
3500 1095 3581 1149 vir
3610 1095 3662 1150 in
3696 1097 3816 1150 vico
3839 1097 4027 1152 Calon-

2447 1199 2528 1237 nte
2560 1185 2772 1239 floreret
2793 1185 2995 1239 meritis
3018 1197 3072 1240 et
3101 1185 3408 1250 virtutibus,
3437 1187 3562 1240 urbs
3581 1189 3874 1256 Andegava
3905 1203 4022 1256 pro-

2449 1275 2562 1343 prio
2583 1272 2610 1309 ι’
2639 1285 2847 1340 pastore
2868 1277 3132 1331 viduatur.
3167 1277 3315 1331 Tunc
3340 1277 3492 1345 plebs
3516 1280 3719 1333 urbana
3737 1289 3790 1332 et
3821 1282 4028 1334 univer-

2449 1381 2504 1420 sa
2537 1365 2804 1429 nobilitas,
2834 1367 3068 1420 collectis
3095 1367 3256 1421 etiam
3283 1369 3513 1433 undique
3557 1370 3952 1436 sacerdotibus,
3979 1371 4027 1422 in

2451 1472 2608 1508 untrm
2641 1472 2835 1510 venere
2885 1458 3190 1522 consilium,
3241 1460 3624 1528 conquirentes
3682 1460 3800 1530 quis
3845 1477 4027 1515 eorum

2449 1546 2692 1600 substitui
2721 1547 2938 1600 deberet
2971 1549 3020 1601 in
3061 1548 3363 1615 pontificale
3391 1549 3770 1604 ministerium.
3800 1548 3914 1604 Sed
3940 1565 4024 1604 re-

2452 1654 2572 1692 vera
2601 1649 2686 1691 aut
2719 1640 3009 1693 nobilitatis
3037 1650 3260 1694 ventoso
3294 1642 3602 1705 favore,aut
3635 1643 3878 1710 pecuniis
3901 1644 4029 1696 sub-

2452 1730 2619 1796 rogati
2673 1730 2736 1782 ad
2787 1732 2914 1783 tanti
2965 1731 3213 1784 culminis
3258 1732 3598 1801 dignitatem,
3651 1733 3866 1800 quidam
3901 1735 4033 1787 alios

2454 1819 2805 1883 prteferehant
2833 1838 2847 1884 ;
2875 1823 3098 1890 ideoque
3131 1823 3178 1875 in
3213 1838 3374 1874 unum
3433 1838 3541 1876 non
3569 1826 3817 1878 valebant
3846 1827 4033 1880 venire

768 1920 959 1966 certtnt
988 1911 1039 1964 in
1070 1911 1234 1973 littus,
1266 1911 1437 1963 solum
1467 1909 1829 1976 pratstolautes
1876 1907 2166 1964 interitum.
2211 1905 2346 1958 Tum
2383 1902 2422 1958 ll
2454 1912 2722 1964 decretum
2757 1927 2771 1975 ;
2800 1927 2864 1964 eo
2907 1912 3046 1977 quod
3102 1915 3358 1981 scriptum
3390 1923 3471 1967 est
3523 1914 3696 1984 (Acta.
3734 1915 3812 1979 ν.)
3841 1933 3856 1968 :
3892 1917 4033 1984 quod

770 2013 994 2072 repente
1025 2003 1299 2058 immensis
1331 2003 1550 2056 vocibus
1581 2003 1812 2058 clamare
1842 2009 2142 2067 cmperunt,
2167 2001 2346 2055 dicen-

770 2103 854 2148 tes
885 2093 1195 2158 :Miserere,
1223 2092 1304 2146 vir
1333 2092 1556 2157 Christi,
1597 2091 1802 2146 Manrili
1839 2109 1853 2158 ;
1886 2106 2138 2146 succurre
2169 2102 2351 2144 nostro

769 2183 1077 2252 naufragio,
1112 2193 1261 2252 potes
1289 2183 1429 2238 enim
1461 2184 1704 2238 obtinere
1736 2201 1764 2236 a
1805 2184 2050 2248 Christo,
2081 2184 2348 2253 quivitatn

770 2273 1044 2342 acquisisti
1071 2273 1341 2327 defuncto.
1387 2273 1465 2326 Ad
1513 2287 1738 2340 quorum
1772 2288 1929 2326 voces
1957 2288 2252 2342 exsurgens
2282 2274 2349 2327 ab

771 2363 1013 2419 oratione
1041 2365 1333 2430 Maurilius,
1369 2364 1561 2420 festiue
1583 2367 1816 2420 cucurrit
1837 2365 1902 2419 ad
1936 2367 2085 2420 littus
2113 2407 2128 2431 ,
2153 2376 2208 2420 et
2239 2368 2351 2421 ele-

771 2467 897 2510 vato
921 2458 974 2510 in
1003 2457 1292 2511 adversum
1330 2459 1504 2511 crucis
1555 2458 1727 2526 signo,
1761 2457 1984 2525 imperat
2017 2457 2262 2527 procellae
2285 2473 2351 2510 ne

771 2547 1003 2602 saeviret.
1035 2546 1240 2601 Cedunt
1262 2562 1382 2601 mox
1408 2548 1651 2616 deposito
1675 2548 1850 2617 rigore
1891 2548 2182 2616 spiramina
2219 2566 2230 2599 :
2265 2557 2348 2600 tu-

773 2646 1076 2692 mescentes
1111 2637 1265 2692 unda:
1296 2645 1570 2690 vertuntur
1608 2638 1658 2690 in
1705 2651 1940 2706 aequora,
1982 2636 2350 2704 subsequitur-

772 2746 879 2799 que
907 2744 1094 2783 sereua
1139 2729 1511 2799 tranquillitas,
1544 2729 1804 2798 illaesique
1830 2740 2004 2782 nauta:
2031 2727 2096 2781 ad
2140 2736 2349 2797 portum

774 2830 1016 2891 optatum
1043 2821 1272 2876 feliciter
1304 2831 1680 2888 pervenerunt.

849 2914 938 2970 10.
969 2915 1098 2968 Erat
1153 2914 1413 2968 familiare
1449 2913 1605 2968 beato
1638 2913 1775 2977 viro,
1819 2921 1876 2966 ut
1908 2925 2044 2965 nunc
2075 2911 2350 2974 ecclesias,

773 3006 1171 3060 nuncinfirmos
1189 3014 1435 3076 tanquam
1452 3005 1598 3058 verbi
1616 3004 1706 3058 Dei
1725 3003 2062 3058 fidelissimus
2079 3003 2352 3070 dispensa-

769 3107 862 3153 tor
879 3098 1204 3153 circumiret.
1238 3098 1304 3153 Et
1330 3114 1395 3152 ne
1421 3098 1552 3153 ultra
1573 3099 1787 3152 modum
1813 3098 2061 3166 fatigatus
2077 3097 2350 3160 deficeret,

774 3189 1006 3243 habebat
1024 3189 1238 3244 humilis
1259 3203 1437 3244 sessor
1455 3189 1700 3254 asellum,
1731 3203 1833 3256 quo
1854 3188 2051 3254 smpius
2078 3187 2346 3240 utebatur.

777 3281 948 3347 Quem
972 3282 1243 3336 nocturnis
1274 3281 1407 3370 latro
1435 3279 1764 3350 temporibus
1791 3278 1954 3333 furari
1981 3293 2088 3331 non
2142 3277 2348 3332 metuit.

775 3370 887 3428 Sed
916 3370 1122 3433 infelix,
1148 3368 1508 3426 dumfuratur
1527 3369 1775 3434 asellum,
1809 3369 2062 3438 arripitur
2092 3383 2120 3420 a
2151 3368 2354 3421 daimo-

773 3463 889 3528 nio,
919 3472 974 3517 et
1010 3464 1088 3518 sic
1121 3464 1362 3526 devians,
1396 3477 1490 3531 per
1531 3471 1694 3515 totam
1727 3470 1935 3515 noctem
1984 3458 2220 3512 illuditur
2267 3473 2359 3510 va-

773 3555 1073 3625 gabundus.
1105 3555 1260 3610 Mane
1293 3564 1469 3609 autem
1513 3553 1751 3616 reddito,
1781 3560 1902 3606 ante
1929 3549 2073 3604 fores
2111 3548 2250 3604 beati
2277 3549 2356 3602 vi-

774 3649 848 3712 ri,
875 3648 1114 3702 exsensis
1146 3646 1391 3717 lAmens]
1422 3648 1535 3715 ipse
1573 3645 1740 3698 adfuit
1779 3658 1899 3698 cum
1934 3642 2122 3707 asello,
2151 3641 2355 3694 crimen

778 3739 925 3808 quod
953 3738 1300 3793 commiserat
1329 3738 1525 3791 invitus
1555 3735 1858 3790 confitetur.
1890 3731 2090 3786 Deinde
2115 3739 2360 3799 arreptus

779 3846 811 3885 a
839 3829 1130 3893 darmonio,
1163 3830 1340 3897 fugere
1365 3827 1545 3880 nititur
1578 3841 1644 3880 ne
1673 3834 1908 3878 curetur.
1940 3824 2042 3878 Sed
2071 3823 2148 3876 vir
2175 3821 2360 3875 beatus

773 3917 1035 3973 furiosum
1064 3933 1162 3986 per
1202 3917 1485 3971 exorcismi
1537 3915 1762 3984 gratiam
1816 3913 1960 3981 prius
1981 3928 2010 3966 a
2034 3913 2277 3966 daztnone
2298 3911 2361 3964 li-

778 4008 1082 4073 heravit,et
1105 4016 1223 4074 post
1248 4023 1279 4060 a
1305 4006 1555 4067 crimine;
1587 4013 1803 4073 recepto
1825 4007 1995 4068 asino,
2027 4003 2270 4056 absolvit.
2299 4003 2360 4055 Et

776 4102 905 4167 quia
958 4098 1278 4154 necessitate
1316 4105 1550 4164 cmprrat
1595 4095 1754 4149 furari
1780 4137 1795 4161 ,
1825 4109 1927 4149 non
1961 4094 2110 4160 vitio,
2145 4101 2252 4147 tres
2281 4093 2360 4146 iu-

778 4203 945 4258 super
975 4189 1049 4241 ilti
1079 4201 1269 4241 aureos
1299 4187 1463 4247 dedit,
1495 4201 1556 4240 ac
1579 4184 1798 4240 dimisit.

857 4279 940 4334 ll.
977 4279 1211 4332 Matrona
1252 4279 1496 4346 qumdam
1527 4278 1743 4342 nobilis,
1786 4274 2362 4344 praedives,senatorio

779 4389 844 4426 ex
871 4387 1069 4442 genere
1099 4371 1344 4434 oriunda,
1379 4371 1582 4424 Amelia
1638 4371 1852 4424 nomine
1877 4409 1892 4434 ,
1941 4372 2086 4438 gravi
2125 4376 2362 4436 coeperat

781 4463 1127 4516 incornnrodo
1153 4461 1349 4529 urgeri.
1379 4460 1531 4527 Quod
1570 4476 1689 4514 cum
1743 4476 1836 4527 per
1881 4459 2161 4514 duodecim
2195 4474 2363 4512 annos

785 4553 1125 4623 pertulisset,
1157 4567 1450 4618 omnesque
1484 4566 1570 4605 res
1601 4567 1723 4604 suas
1749 4552 1798 4602 in
1845 4551 2169 4603 medicorum
2218 4559 2362 4603 artes

783 4645 1144 4713 expenderet,
1177 4645 1378 4696 ntrllutu
1411 4641 1789 4696 incolumitatis
1814 4642 2106 4696 remedium
2141 4643 2355 4708 assequi

786 4739 1090 4790 merebatur
1120 4754 1132 4798 ;
1160 4744 1211 4788 et
1247 4746 1446 4804 quanto
1478 4734 1740 4787 curiosius
1773 4743 1938 4785 toturn
1965 4733 2092 4784 artis
2125 4747 2234 4784 suae
2275 4731 2357 4783 in-

780 4832 991 4900 genium
1023 4833 1072 4882 in
1107 4832 1245 4882 illam
1302 4830 1610 4898 impendere
1640 4827 1963 4880 studuissent
1997 4865 2012 4888 ,
2047 4837 2193 4877 tanto
2221 4839 2359 4876 sem-

787 4940 882 4992 per
911 4923 1147 4978 dcl0rius
1183 4921 1519 4974 incommodo
1551 4920 1887 4988 gravabatur.
1923 4917 2053 4970 Cum
2088 4928 2264 4968 autem
2292 4916 2359 4967 de

781 5018 896 5084 ejus
943 5017 1170 5068 sanitate
1203 5015 1570 5078 desperantes,
1613 5022 1857 5079 parentes
1908 5009 1973 5062 de
2003 5010 2132 5063 solis
2179 5006 2359 5076 sepul-

785 5121 916 5160 tura.-
950 5107 1265 5160 necessariis
1318 5106 1665 5158 admnnereut
1695 5145 1710 5165 ,
1755 5105 1827 5154 ait
1872 5103 1954 5154 illa
1989 5101 2212 5152 amicis:
2263 5098 2356 5157 Ite,

783 5199 980 5252 currite
1008 5199 1324 5266 quantocius
1375 5198 1438 5247 ad
1474 5198 1682 5248 IlCJllllll
1713 5198 1883 5246 virum
1918 5190 2213 5244 Maurilitttu
2253 5207 2263 5240 2
2307 5199 2362 5241 et

783 5291 827 5346 si
862 5291 1104 5343 obtinere
1135 5290 1406 5353 potueritis
1431 5298 1486 5339 ιιι
1513 5288 1577 5338 ah
1608 5288 1694 5337 illo
1727 5300 1934 5337 merear
1963 5281 2189 5343 vtsituri,
2231 5294 2360 5334 con-

787 5384 893 5438 fido
924 5382 1061 5452 Qtlml
1093 5398 1184 5447 per
1209 5381 1374 5448 ipsum
1407 5380 1652 5433 restituar
1673 5377 1906 5430 sanitati.
1938 5376 2088 5427 Tunc
2113 5381 2360 5441 parentes

788 5493 850 5531 ac
891 5476 1045 5528 atttitzt
1107 5487 1321 5540 perpete
1374 5488 1528 5524 tur-su
1565 5488 1656 5536 pro
1689 5470 1882 5522 femina
1934 5469 2145 5519 beatum
2189 5466 2358 5518 virum

788 5569 1056 5627 adierunt,
1113 5569 1209 5631 piis
1241 5566 1480 5630 precibus
1532 5561 1862 5630 po-tnlantes
1895 5569 1948 5611 ut
1980 5568 2230 5623 wgrutam
2259 5569 2357 5608 sua

790 5657 1396 5714 ﬂliSCl‘ﬂliUllC\'l:llitl‘Ci.
1434 5656 1522 5708 lile
1551 5654 1633 5706 ubi
1657 5654 1752 5706 hoc
1779 5652 1995 5713 audivit,
2014 5647 2363 5703 reminiscens

865 5839 889 5872 ίξ
924 5827 1281 5898 Μειςιιυὺοάιις
1316 5825 1498 5895 plut-di
1532 5826 1742 5879 nomine
1774 5840 1918 5878 naves
1951 5822 2222 5892 exprimit.

2376 3237 2423 3298 C

2457 2019 2557 2056 non
2588 2013 2757 2058 estex
2796 2003 2903 2056 Deo
2924 2002 3227 2066 consilium,
3279 2020 3385 2057 non
3419 2006 3612 2071 poterit
3640 2022 3874 2071 unquam
3926 2017 4034 2060 sta-

2453 2096 2612 2156 biliri,
2643 2096 2734 2148 sed
2794 2097 2949 2149 Solvi.
2984 2095 3120 2148 Dum
3154 2111 3282 2162 ergo
3317 2098 3430 2150 haec
3457 2097 3687 2152 invicem
3733 2099 4034 2163 volverent,

2456 2201 2552 2240 nec
2578 2185 2800 2238 delinire
2825 2186 3082 2247 valerent,
3106 2188 3281 2241 subito
3311 2189 3714 2243 sanctissimum
3741 2190 4029 2246 Tumnicze

2455 2279 2597 2332 sedis
2658 2278 3116 2346 archiepiscopum
3171 2281 3444 2333 nuntiatur
3496 2281 3684 2336 adesse
3729 2282 4034 2337 Martinum.

2459 2367 2624 2434 llujus
2653 2366 2777 2419 dum
2813 2382 2950 2435 pene
3002 2383 3191 2422 omnes
3218 2370 3537 2424 sententiam
3567 2373 4032 2438 praestolarentur.

2454 2462 2526 2512 ait
2557 2477 2566 2510 :
2605 2459 2715 2511 Viri
2748 2459 2958 2524 fratres,
3017 2460 3195 2514 audite
3226 2469 3278 2514 et
3307 2463 3563 2516 attendite
3619 2464 3907 2518 consilium
3956 2466 4039 2517 bo-

2455 2567 2600 2604 nurn.
2632 2550 2762 2616 Quia
2809 2550 2922 2611 Deo
2947 2550 3097 2604 vobis
3125 2553 3326 2605 electus
3351 2561 3433 2605 est
3461 2554 3719 2620 pontifex.
3749 2557 3923 2622 ipsum
3951 2572 4034 2609 su-

2454 2641 2640 2696 scinite
2670 2641 3022 2695 sacerdotem.
3050 2641 3190 2695 Sane
3212 2641 3506 2706 Maurilius,
3529 2644 3891 2698 Calonnensis
3938 2647 4037 2701 Ee-

2456 2731 2634 2785 clcsia:
2664 2732 2966 2801 presbyter,
2999 2732 3104 2785 erit
3127 2732 3364 2798 pontifex
3390 2742 3589 2786 vester.
3622 2735 3774 2799 Quod
3821 2735 4039 2789 audien-

2459 2831 2556 2886 tes,
2589 2821 2760 2875 mirati
2789 2829 2913 2874 sunt
2945 2840 2954 2873 :
2981 2820 3073 2876 sed
3105 2823 3224 2890 quia
3254 2823 3604 2892 Mauriliijam
3637 2834 3903 2878 noverant
3932 2826 4039 2878 vir-

2458 2916 2596 2963 tutes
2650 2918 2704 2963 et
2761 2910 2988 2975 merita,
3021 2911 3309 2978 p03tposita
3339 2909 3448 2979 jam
3506 2912 3669 2978 priori
3716 2914 4037 2981 ignorantia.

2457 3001 2634 3058 statim
2668 3002 2780 3072 pari
2809 3011 2985 3057 mente
3013 3017 3074 3056 ac
3105 3015 3228 3057 voto
3279 3005 3331 3058 itr
3372 3020 3528 3057 unam
3582 3021 3779 3060 venere
3828 3019 4037 3060 senten-

2461 3095 2628 3159 tiam;
2683 3103 3008 3161 acceptoque
3061 3093 3262 3147 domini
3313 3095 3702 3164 archiepiscopi
3751 3110 4042 3164 pra'cepto,

2459 3187 2736 3241 celerrime
2764 3186 2994 3256 dirigunt
3019 3184 3085 3238 ad
3149 3187 3319 3240 virum
3346 3187 3440 3240 Dei
3467 3204 3479 3240 :
3531 3203 3688 3257 quem
3720 3188 3766 3241 si
3799 3185 3992 3259 [Forte
4024 3228 4039 3250 ,

2457 3275 2546 3347 ex]
2577 3277 2816 3345 episcopi
2843 3277 3177 3342 auctoritate,
3203 3277 3270 3330 de
3293 3277 3505 3346 propria
3534 3288 3745 3346 raptum
3779 3278 4042 3341 Ecclesia,

2461 3368 2670 3422 Martini
2723 3369 3028 3436 praesentia:
3073 3368 3340 3423 nolentem
3370 3371 3585 3423 sistunt.
3635 3370 3736 3436 Qui
3767 3370 3898 3424 dum
3927 3386 4042 3423 cum

2461 3458 2520 3511 Β.
2547 3457 2768 3512 Martino
2791 3457 3068 3510 ecclesiam
3132 3457 3519 3526 ingrederetur,
3549 3461 3731 3512 statim
3775 3461 3844 3512 ad
3868 3460 4041 3512 decla-

2461 3549 2623 3602 randa
2659 3548 2789 3601 tanti
2813 3549 3108 3602 sacerdotis
3139 3547 3349 3615 merita,
3383 3549 3790 3604 niveocaudnre
3837 3550 4043 3602 colum-

2460 3640 2527 3694 ba
2557 3639 2811 3693 divinitus
2844 3642 3020 3707 elapsa
3042 3680 3057 3704 ,
3091 3653 3254 3706 super
3284 3649 3441 3709 caput
3466 3639 3638 3707 ipsius
3666 3638 3956 3693 descendit
3983 3653 4041 3690 ac

2461 3732 2617 3786 sedit.
2658 3732 2809 3799 Quod
2862 3729 3102 3786 videntes
3151 3731 3354 3796 multi,
3409 3730 3689 3784 unanimes
3752 3747 3857 3782 una
3915 3745 4042 3782 voce

2461 3824 2928 3879 conclamaverunt
2959 3820 3256 3874 Maurilium
3304 3821 3616 3887 epiSCOpatu
3641 3820 4042 3888 dignissimum,

2464 3930 2567 3968 non
2592 3914 2660 3968 ab
2683 3915 2989 3967 hominibus
3019 3921 3247 3975 tantum,
3298 3911 3392 3966 sed
3423 3911 3492 3963 ab
3520 3910 3909 3977 Omnipotente
3940 3911 4047 3963 ele-

2461 4015 2600 4060 etum
2639 4014 2692 4057 et
2714 4004 3158 4057 demonstraturn.
3183 4001 3334 4056 Tunc
3358 3999 3660 4064 Maurilius,
3695 4000 3964 4053 miratulo
3991 4015 4048 4052 ac

2465 4095 2708 4164 precibus
2737 4095 2927 4160 victus,
2959 4094 3186 4162 implens
3217 4101 3561 4162 praeceptum,
3594 4092 3832 4159 suscepit
3873 4107 4048 4144 sacer-

2462 4187 2683 4240 dotium.
2713 4185 2866 4250 Nam,
2921 4194 2978 4238 ut
3009 4184 3158 4236 tuulti
3199 4182 3382 4236 videre
3441 4188 3787 4245 meruerunt,
3839 4180 4049 4249 quoties

2463 4279 2652 4332 beatus
2701 4276 2953 4330 Martinus
2994 4275 3060 4328 ad
3107 4288 3313 4326 sacram
3345 4270 3694 4325 consecrandi
3752 4270 4048 4323 sacerdotis

2465 4367 2884 4424 benedictionem
2913 4379 3071 4433 super
3093 4373 3252 4432 caput
3291 4364 3406 4427 eius
3437 4359 3773 4416 extendisset
3802 4375 4046 4421 manum,

2463 4477 2672 4528 semper
2699 4462 2745 4514 ei
2778 4459 2991 4526 prmfata
3024 4458 3222 4511 aditum
3253 4456 3412 4509 dabat
3439 4455 3713 4508 columba.
3754 4455 3955 4524 Sicque
3989 4456 4046 4506 Β.

2465 4553 2704 4606 Manrilio
2738 4549 2980 4617 pontiﬁce
3012 4548 3326 4609 constituto,
3357 4555 3409 4598 et
3469 4544 3527 4598 Β.
3562 4543 3793 4597 Martino
3824 4545 3891 4596 ad
3927 4558 4047 4612 pro-

2465 4642 2634 4711 priam
2664 4641 2845 4694 sedem
2877 4652 3145 4706 regresso,
3174 4643 3390 4689 sanctus
3420 4634 3677 4687 Martinus
3709 4631 3918 4686 referre
3953 4650 4041 4686 sn-

2464 4735 2584 4787 litus
2613 4739 2727 4784 erat
2755 4728 2893 4798 quod
2924 4729 2989 4780 ad
3008 4726 3431 4781 benedicendum
3463 4732 3709 4777 sanctum
3742 4723 4049 4776 Mauriliutn

2466 4824 2765 4892 pontificem
2795 4822 2843 4874 in
2875 4820 3136 4873 columba:
3186 4819 3370 4885 specie
3419 4830 3524 4868 non
3568 4815 3746 4867 solum
3806 4815 4053 4883 Spiritus

2461 4923 2694 4979 sanctus,
2717 4909 2810 4964 sed
2831 4911 2988 4963 etiarn
3021 4906 3248 4960 adfuerit
3276 4905 3590 4972 angelorum
3621 4906 3927 4958 exercitus.

2538 5006 2624 5058 l5.
2678 5001 2937 5056 Ordinato
2997 4999 3176 5067 itaque
3201 4997 3271 5050 ad
3311 4997 3610 5050 custodiam
3639 4995 3839 5049 Christi
3872 4997 4054 5049 ovium

2463 5094 2702 5149 Mauriliu
2731 5091 3002 5161 pontifice,
3037 5098 3177 5142 tanta
3210 5089 3260 5141 in
3309 5103 3374 5142 eo
3409 5087 3619 5140 Domini
3653 5088 3828 5154 gratia
3865 5088 4056 5140 rutilae

2464 5189 2572 5250 bat,
2605 5196 2659 5237 ut
2691 5199 2795 5237 non
2827 5183 3031 5235 minora
3058 5193 3154 5248 per
3179 5193 3300 5232 eum
3334 5192 3492 5246 quam
3522 5177 3722 5230 dudum
3757 5191 3858 5244 per
3889 5191 4054 5245 apos-

2466 5279 2599 5332 tolns
2651 5275 2797 5342 signa
2829 5282 2883 5326 et
2930 5270 3182 5324 miracula
3214 5268 3425 5323 fierent.
3460 5268 3593 5322 Nam
3628 5277 3838 5322 tantum
3872 5269 4056 5322 verbis

2463 5374 2734 5425 da-mones
2783 5367 3064 5436 efTugabat,
3120 5373 3353 5432 :egrotos
3383 5365 3495 5416 sola
3523 5365 3770 5416 oratione
3803 5363 4053 5424 curabat,

2463 5465 2620 5519 caecis
2675 5463 2830 5530 signo
2856 5460 3030 5514 crucis
3081 5460 3250 5511 visum
3306 5455 3580 5520 reddebat,
3613 5457 3942 5525 paralyticos
3990 5456 4054 5508 ad

2466 5555 2744 5624 pristinam
2796 5550 3083 5605 sanitatem
3134 5548 3432 5604 nredicaute
3489 5549 3682 5600 merito
3735 5548 4050 5600 revocabat.

2465 5651 2602 5706 Sunt
2651 5646 2810 5702 etiam
2860 5643 2974 5712 ejus
3007 5640 3231 5710 plurima
3283 5639 3534 5693 miracula
3587 5639 3718 5703 alia,
3751 5654 3895 5708 quae,
3929 5639 4053 5692 licet

2537 5806 2562 5845 ι)
2595 5804 2742 5859 llunc
2773 5800 2938 5855 fuisse
2975 5797 3294 5864 Prosperum
3327 5803 3541 5850 constat
3573 5808 3639 5849 ex
3689 5793 4049 5862 Audegaven-

2471 5882 2607 5935 sium
2633 5875 3007 5944 episcoporum
3039 5868 3312 5936 catalogis.
