4194 6546
154 434 247 493 589

1024 433 1176 489 VITA
1221 434 1279 490 S.
1322 432 1634 489 MAURILII
1682 430 2206 489 ANDEGAV'ENSIS
2247 432 2579 490 EPISCOPI.

3334 437 3442 495 570

156 552 340 619 scripta
369 564 475 605 non
508 550 873 617 inveniantur,
930 561 1109 605 tamen
1141 554 1260 619 quia
1294 567 1419 605 vera
1448 560 1571 606 sunt
1597 592 1611 614 ,
1645 548 1738 603 de-
1767 552 1815 607 Δ
1846 549 2049 613 habitu,
2080 550 2169 603 uni
2202 552 2435 618 regionis
2466 550 2769 620 principum
2799 550 3044 617 adhmsit,
3079 552 3350 619 professus
3372 571 3433 611 se

159 644 307 696 ficere
335 656 442 695 non
476 651 719 709 possunt,
779 641 871 695 sed
901 642 1188 695 multorum
1240 655 1335 697 ore
1362 644 1723 696 celebramur.

158 731 362 786 Talibus
385 732 549 800 igitur
578 732 659 785 vir
681 732 776 787 Dei
808 734 1104 801 apostolica
1135 733 1481 800 simplicitate
1508 733 1733 787 redimi-

160 832 256 889 tus,
287 824 575 893 cordisque
608 825 838 892 puritate
857 825 1315 893 perlucidus,sine
1339 825 1740 881 intermissione

158 928 248 979 pro
275 913 377 967 sibi
406 913 699 968 commisso
728 914 924 970 Christi
949 932 1133 986 grege,
1167 918 1216 969 in
1242 916 1435 984 vigiliis
1470 927 1523 969 et
1550 918 1741 971 oratio-

161 1005 311 1058 nibus
339 1012 503 1074 atque
526 1004 747 1075 jejuniis
802 1016 971 1060 totum
1021 1021 1082 1060 se
1119 1007 1349 1062 Domino
1378 1007 1739 1077 tnancipabat,

160 1105 217 1151 ut
240 1096 492 1179 antiquus
524 1097 694 1150 hostis
728 1096 974 1151 diabolus
1008 1096 1308 1151 Ecclesiam
1340 1098 1541 1150 nullam
1572 1113 1635 1150 ex
1664 1097 1741 1149 si-

162 1191 211 1247 bi
243 1190 462 1246 creditis
477 1190 939 1245 ovibustentando
961 1200 1142 1260 posset
1172 1191 1366 1247 laedere
1388 1202 1477 1245 aut
1507 1190 1740 1245 auferre.

224 1286 310 1339 Ν.
345 1284 599 1338 Proximo
627 1294 803 1339 autem
829 1294 951 1354 post
972 1296 1249 1355 acceptam
1281 1286 1535 1355 episcopii
1566 1286 1744 1355 digni-

162 1385 317 1433 tatem
350 1388 612 1449 tempore,
644 1381 769 1433 dum
801 1379 869 1433 de
903 1379 1121 1433 basilica
1154 1378 1295 1432 beati
1348 1378 1490 1432 Petri
1523 1379 1745 1446 egrede-

161 1479 323 1530 retur.
357 1472 445 1524 ubi
481 1470 699 1540 pervigil
744 1470 796 1523 in
829 1470 1075 1523 oratione
1105 1478 1267 1521 totam
1302 1479 1509 1523 noctem
1545 1470 1746 1522 insom-

165 1578 280 1616 nem
312 1564 565 1632 duxerat,
597 1566 818 1621 obvium
854 1562 1034 1618 habuit
1070 1564 1354 1631 quemdam
1389 1578 1628 1628 czecum,
1678 1578 1745 1616 ex

163 1666 310 1711 utero
340 1659 529 1712 matris
560 1672 673 1713 sua:
716 1667 991 1712 carentem
1028 1657 1244 1709 lumine.
1280 1654 1433 1719 Quod
1482 1669 1602 1707 cum
1646 1653 1746 1706 sibi

162 1764 189 1801 a
219 1749 441 1804 Domino
473 1752 631 1805 tribui
680 1765 775 1818 per
805 1751 994 1805 merita
1046 1748 1187 1801 beati
1235 1748 1461 1800 Maurilii
1516 1747 1747 1801 ﬁdeliter

161 1843 473 1910 postularet,
509 1843 694 1897 beatus
744 1845 974 1897 antistes
1029 1841 1303 1909 paulisper
1350 1842 1597 1905 erubuit;
1652 1841 1745 1895 sed

1847 642 2189 696 hortulanum
2236 641 2369 704 fore,
2430 654 2693 710 quatenus
2743 657 2938 711 corpus
2982 642 3201 711 proprio
3245 645 3431 701 labore

1845 732 2152 801 castigaret.
2181 732 2279 798 Qui
2310 748 2430 786 cum
2466 734 2555 787 tali
2606 734 2888 802 proficeret
2941 735 3259 799 ministerio,
3310 743 3427 789 tan-

1846 832 1950 877 tam
1984 823 2188 889 copiatn
2222 824 2339 893 ejus
2366 824 2567 878 meritis
2598 825 2850 881 Dominus
2880 827 3115 882 oleribus
3150 828 3341 891 dabat,
3374 837 3435 882 ut

1844 918 2115 981 omnibus,
2162 919 2584 987 quibuscumque
2634 934 2857 973 necesse
2906 921 3099 985 fuerat,
3127 937 3190 975 ex
3223 922 3429 977 eisdem

1846 1011 2176 1066 sufficienter
2202 1014 2551 1075 ministraret,
2580 1023 2633 1067 et
2660 1022 2838 1066 tamen
2864 1013 3010 1067 olera
3039 1031 3310 1080 nunquam
3336 1016 3433 1069 de-

1848 1103 2090 1183 ficerent.
2124 1102 2277 1156 Unde
2326 1103 2664 1170 peipluribus
2696 1105 2943 1175 placebat
2982 1112 3036 1159 et
3068 1105 3205 1160 bene
3231 1107 3299 1161 ab
3321 1122 3439 1161 ont-

1850 1190 2004 1243 nibus
2034 1190 2334 1243 amabatur.

1924 1283 2011 1336 16.
2040 1281 2251 1335 Interea
2279 1282 2429 1351 plebs
2455 1282 2889 1353 Andegavorum,
2913 1286 3123 1339 cmlitus
3148 1286 3246 1339 sibi
3271 1300 3437 1355 quon-

1848 1375 1879 1429 d
1904 1391 1967 1427 rm
2003 1378 2291 1429 commisso
2323 1377 2535 1429 viduata
2570 1388 2801 1444 pastore,
2854 1396 2960 1433 non
2988 1381 3208 1433 minimo
3240 1396 3437 1445 pavore

1850 1467 2178 1535 percellitur,
2228 1468 2541 1537 crebrisque
2575 1470 2869 1523 visionibus
2908 1473 3163 1537 minatur,
3197 1488 3438 1540 persaepe

1851 1563 2008 1612 etiam
2056 1560 2377 1615 admouetur
2425 1563 2498 1615 uti
2550 1564 2822 1630 prOpriutn
2878 1574 3145 1629 p-ISlOTCIn
3202 1567 3436 1620 circnm-

1850 1669 2058 1721 quaque
2090 1656 2477 1722 perquirerent,
2511 1665 2566 1711 et
2596 1658 2693 1710 nisi
2727 1658 3004 1711 Mani-ilius
3034 1659 3281 1714 inventus
3310 1676 3426 1716 sua:

1853 1745 2166 1797 redderetur
2191 1746 2461 1808 Ecclesim,
2488 1749 2671 1800 urbem
2697 1750 3037 1818 Audegavatn
3070 1751 3296 1804 celerius
3321 1751 3434 1806 fore

1858 1839 2291 1892 Subvertentlam.
2327 1837 2479 1892 Unde
2518 1840 2758 1908 ejusdem
2795 1842 3026 1911 regionis
3080 1854 3186 1896 tota
3234 1844 3435 1897 nobili-

161 1946 276 1985 cum
307 1946 472 1999 super
510 1934 695 1987 oculos
742 1933 907 2000 ipsius
940 1934 1149 2003 signum
1182 1946 1381 1986 sancta:
1429 1935 1607 1987 crucis
1643 1934 1746 1986 im-
1784 1903 1825 1960 Β
1858 1940 1954 1989 tas,
1986 1928 2079 1981 sed
2105 1938 2158 1981 et
2188 1930 2417 1994 vulgaris
2462 1932 2819 1996 immensitas,
2854 1936 3143 1989 collatione
3173 1936 3345 2000 facta,
3389 1937 3441 1989 in

165 2021 439 2091 primeret,
474 2034 790 2093 erumpente
828 2039 948 2077 mox
983 2024 1243 2091 sanguine
1286 2038 1405 2076 cum
1437 2024 1645 2086 dolore,
1674 2024 1753 2077 lu-

163 2129 280 2167 men
325 2114 528 2169 habere
562 2114 879 2183 promeruit.
914 2114 1052 2168 Tum
1085 2114 1245 2166 homo
1275 2114 1389 2181 ipse
1439 2129 1534 2181 pro
1564 2130 1751 2169 amore

162 2200 297 2255 beati
331 2202 554 2257 Maurilii
578 2241 591 2263 ,
624 2202 799 2257 eidem
832 2202 973 2255 beati
1026 2201 1167 2256 Petri
1200 2204 1431 2255 traditus
1481 2202 1752 2265 basilicae,

163 2294 393 2362 quandiu
423 2294 475 2347 in
505 2296 767 2363 reliquum
798 2293 1021 2357 advixit,
1068 2294 1301 2348 fideliter
1329 2294 1575 2348 servivit.

235 2386 319 2440 15.
355 2386 614 2455 Sequenti
644 2387 729 2441 die
750 2386 907 2442 beato
930 2386 1175 2441 Maut-ilio
1202 2389 1455 2455 episcopo
1486 2388 1537 2442 in
1564 2386 1752 2440 eadem

164 2478 303 2532 beati
378 2476 523 2533 Petri
582 2478 802 2533 basilica
860 2488 1102 2532 sanctam
1162 2479 1561 2533 solemnitatem
1614 2482 1755 2533 cele-

164 2571 375 2635 brante,
406 2572 628 2625 advenit
656 2586 777 2625 cum
827 2571 1095 2625 moriente
1134 2585 1309 2639 puero
1334 2588 1335 2591 ‘
1359 2582 1601 2624 matrona
1626 2610 1639 2629 .
1670 2571 1753 2623 cui

165 2663 430 2732 quondam
474 2662 647 2718 sterili
694 2662 965 2728 eumdem,
1003 2671 1059 2715 ut
1105 2672 1441 2727 nasceretur,
1488 2670 1609 2714 ante
1642 2662 1755 2729 epi-

164 2765 441 2823 scopatum
492 2756 632 2824 apud
683 2755 966 2809 Dominum
1000 2755 1114 2807 suis
1162 2754 1371 2807 meritis
1400 2754 1752 2821 obtinuerat;

164 2850 441 2917 postulans
469 2858 529 2901 ut
558 2848 670 2901 filio
700 2863 830 2912 suo,
861 2862 1021 2916 quem
1056 2846 1286 2900 Domino
1318 2847 1625 2900 habendum
1657 2849 1755 2902 ob-

165 2940 378 3004 tulerat,
412 2955 667 2994 manuum
696 2954 909 2993 suarum
954 2940 1296 3008 impositione
1324 2939 1585 3007 Spiritum
1628 2956 1753 2994 san-

163 3039 304 3084 ctum
365 3032 545 3096 daret,
596 3040 880 3100 antequam
931 3030 1128 3084 obiret.
1187 3030 1293 3084 Sed
1347 3042 1653 3085 remorante
1700 3032 1754 3085 in

162 3130 345 3175 sancta
397 3122 645 3191 corporis
698 3131 751 3175 et
791 3121 1065 3191 sanguinis
1099 3121 1299 3177 Christi
1346 3124 1755 3179 consecratione

1855 2034 2013 2070 unum
2046 2033 2238 2073 venere
2269 2020 2565 2087 decretum,
2617 2022 2879 2091 eligentes
2914 2039 2944 2077 e
2974 2025 3284 2079 concivibus
3307 2042 3439 2094 qua-

1856 2119 1975 2162 tuor
2008 2110 2212 2163 difl’usa:
2241 2112 2472 2175 virtutis,
2504 2121 2559 2166 et
2591 2114 2709 2166 fidei
2741 2115 2905 2167 viros.
2939 2114 3168 2181 Quibus,
3209 2118 3298 2185 qui
3342 2132 3447 2171 ne-

1854 2203 2069 2253 cessarii
2117 2202 2183 2255 ad
2236 2202 2365 2255 tanti
2426 2202 2633 2257 itineris
2662 2214 2817 2258 erant
2857 2207 3159 2275 supplenda
3196 2209 3439 2275 negotia,

1854 2295 2155 2361 sumptibus
2184 2308 2247 2347 ex
2298 2305 2421 2346 voto
2466 2295 2703 2358 collatis,
2754 2296 3068 2364 praecipiunt
3111 2313 3178 2351 ne
3210 2313 3443 2367 unquam

1856 2392 2283 2446 reverterentur,
2333 2384 2433 2435 nisi
2478 2385 2622 2451 prius
2657 2386 2931 2453 proprium
2979 2388 3308 2442 invenissent
3351 2404 3451 2457 pa-

1857 2482 2092 2524 tronum.
2147 2474 2245 2537 Qui
2293 2471 2458 2525 functi
2509 2474 2796 2543 legatione,
2850 2476 3009 2530 nrbes
3052 2479 3354 2548 oppidaque
3398 2495 3451 2533 et

1857 2564 2002 2615 vicos
2035 2577 2225 2616 omnes
2258 2562 2661 2631 pru'terlegunt,
2689 2567 2943 2635 omnique
2972 2567 3085 2621 fere
3112 2569 3319 2635 Europa
3343 2571 3448 2623 cir-

1856 2656 2080 2720 cumita,
2113 2654 2349 2723 septimo
2380 2656 2595 2708 tandem
2647 2672 2788 2711 anno
2820 2660 2870 2713 in
2922 2670 3100 2729 partes
3133 2660 3317 2715 Galliae
3361 2678 3447 2717 re-

1860 2756 2149 2811 vertentes,
2205 2756 2257 2799 et
2290 2747 2533 2815 minime,
2591 2763 2754 2815 quem
2806 2752 3144 2818 quaerebant,
3198 2753 3448 2816 invento,

1857 2837 2035 2890 divino
2067 2837 2229 2892 ductu
2281 2838 2346 2892 ad
2380 2850 2590 2907 portum
2624 2841 2823 2895 Oceani
2872 2843 3056 2909 maris,
3102 2844 3190 2912 qui
3237 2846 3285 2898 in
3332 2844 3450 2898 Bri.

1859 2932 2039 2988 tanuia
2097 2943 2277 2988 manet
2325 2935 2560 2999 minori,
2615 2945 3010 3002 pervenerunt,
3068 2948 3330 3007 quatenus
3371 2939 3448 2989 cis

1857 3039 2024 3089 mare,
2056 3038 2215 3092 quem
2250 3026 2492 3078 invenire
2524 3040 2628 3078 non
2663 3038 2929 3094 poterant,
2958 3041 3104 3081 trans
3129 3044 3276 3081 mare
3298 3044 3445 3097 qua:-

1857 3134 1977 3173 rere
2008 3121 2325 3171 niterentur.
2364 3116 2743 3171 Prmstolantes
2782 3118 2940 3188 igitur
2966 3135 3178 3182 navem,
3204 3134 3323 3173 cum
3347 3135 3450 3188 qua

161 3211 434 3277 paululum
490 3212 743 3281 pressule,
790 3226 925 3281 puer
974 3212 1229 3267 excessit.
1288 3213 1516 3281 Expleta
1574 3223 1752 3268 autem
1786 3245 1832 3308 Ο
1863 3221 2098 3280 emptum
2147 3212 2364 3279 explete
2411 3209 2651 3263 valerent
2681 3210 3025 3277 obsequium,
3064 3213 3189 3263 tlutn
3245 3212 3449 3265 reside-

161 3309 359 3355 sanctaa
404 3300 767 3355 solemnitatis
798 3303 1076 3372 mysterio,
1127 3311 1184 3357 et
1235 3303 1383 3357 obitu
1436 3306 1607 3372 pueri,
1665 3303 1755 3371 qui

160 3393 363 3461 absque
394 3392 707 3446 chrismatis
737 3392 882 3445 dono
923 3402 1255 3459 excesserat,
1290 3394 1636 3462 prmcognito,
1674 3402 1755 3447 to-

161 3489 272 3534 tum
325 3482 379 3537 id
405 3496 518 3536 sua:
571 3481 859 3536 desitudini
910 3481 1226 3549 deputavit,
1281 3484 1533 3553 lacrymis
1589 3484 1755 3538 multo

161 3586 403 3645 tempore
434 3574 921 3629 irremediabilibus
946 3589 1057 3629 suae
1092 3576 1303 3644 eulpam
1338 3577 1521 3645 lugens
1569 3577 1757 3631 inobe-

159 3669 395 3723 dientite.
437 3666 536 3723 Cui
567 3682 688 3721 cum
735 3681 833 3721 nec
865 3667 963 3720 ista
1016 3666 1349 3733 sufficerent,
1381 3667 1469 3722 diu
1501 3671 1756 3722 multum-

162 3775 265 3828 que
317 3758 452 3827 quid
504 3767 690 3829 ageret
720 3773 901 3813 secum
946 3758 1125 3812 animo
1157 3760 1496 3823 colluctante,
1542 3762 1752 3814 tandem

158 3851 359 3919 reperit
410 3849 553 3917 quod
606 3849 748 3902 inter
776 3848 1031 3903 concives
1063 3857 1225 3902 tanta:
1262 3849 1595 3917 negligentia:
1642 3852 1755 3916 pia-

159 3943 335 3995 culum
390 3941 553 4010 plene
594 3938 797 4006 expiari
848 3938 1127 4007 nequiret,
1165 3938 1268 3993 nisi
1301 3940 1590 4009 singularis
1638 3941 1753 3994 ela-

157 4051 286 4106 psus
316 4036 549 4106 patriam
595 4034 847 4102 civesque
890 4032 1241 4101 relinqueret.
1293 4033 1408 4087 Tali
1464 4035 1620 4101 igitur
1671 4050 1756 4089 re-

160 4137 308 4196 perto
338 4127 599 4191 consilio,
632 4125 842 4179 occulte
871 4124 1225 4191 semetipsum
1259 4126 1457 4179 exinde
1484 4125 1682 4193 eripuit
1702 4136 1751 4192 ³,

159 4233 219 4272 ex
252 4228 568 4272 sanctorum
598 4214 838 4285 reliquiis
867 4216 1059 4281 quibus
1090 4214 1327 4269 Ecclesia
1352 4216 1758 4285 Andegavensis

159 4310 517 4365 decorabatur
567 4323 750 4363 secum
804 4308 984 4363 claves
1029 4307 1343 4375 deportatis.
1396 4307 1533 4362 Cum
1579 4320 1755 4363 autem

159 4402 501 4470 pervenisset
540 4401 606 4455 ad
641 4414 807 4468 mare,
838 4400 1014 4453 divina
1046 4398 1400 4469 providentia,
1440 4401 1529 4469 qui
1574 4416 1758 4456 manc-

160 4491 247 4544 bat
279 4494 331 4545 in
366 4492 579 4556 littore,
613 4490 756 4545 diem
793 4492 1046 4544 transitus
1072 4490 1151 4542 sui
1196 4492 1439 4544 exaravit
1468 4495 1518 4545 in
1546 4490 1756 4559 lapide;

161 4584 341 4653 sicque
371 4597 603 4638 ascensa
656 4582 838 4650 pttppi,
874 4581 1107 4635 inchoati
1157 4581 1363 4636 itineris
1392 4584 1554 4651 coepit
1587 4594 1758 4638 matu-

156 4690 302 4737 rator
352 4684 613 4736 existere.
667 4678 906 4746 Cumque
960 4680 1315 4747 processisset
1365 4679 1417 4731 in
1464 4680 1654 4742 altum,
1705 4688 1755 4734 et

166 4791 328 4845 quare
380 4774 568 4829 claves
596 4769 623 4809 δ
655 4770 999 4840 reliquiarum
1045 4786 1228 4825 secum
1274 4772 1528 4827 detulerit
1556 4774 1729 4843 cogita

160 4874 257 4931 ret,
292 4865 591 4921 insidiante
625 4863 842 4917 humani
874 4863 1090 4933 generis
1126 4864 1382 4929 'inimico,
1415 4874 1472 4919 ut
1514 4864 1756 4919 dolorem

159 4968 345 5014 sancto
379 4959 502 5012 viro
535 4972 697 5025 super
740 4956 977 5011 dolorem
1017 4955 1341 5025 imponeret,
1391 4967 1617 5028 repente
1648 4958 1750 5012 cla-

160 5065 249 5105 ves
282 5050 349 5105 de
398 5050 659 5104 manibus
706 5048 902 5117 elapsae
944 5048 1364 5117 submerguntur
1415 5048 1468 5103 in
1513 5064 1753 5118 :equore.

159 5140 306 5197 'l'unc
335 5157 463 5196 cum
502 5140 761 5209 lacrymis
790 5138 842 5193 id
872 5138 1041 5194 fertur
1080 5140 1414 5195 exclamasse
1456 5140 1754 5207 lllaurilius,

162 5236 295 5305 quod
327 5246 519 5307 postea
559 5233 806 5303 probavit
835 5240 1062 5289 eventus
1092 5252 1105 5287 :
1139 5233 1247 5289 Nisi
1279 5235 1375 5288 has
1420 5234 1639 5300 iterum,
1672 5236 1757 5290 in-

162 5330 296 5398 quit,
346 5330 537 5384 claves
586 5327 769 5381 videre
825 5341 1115 5393 meruero,
1173 5326 1401 5395 patriam
1459 5326 1758 5396 urbemque

164 5436 426 5489 nunquam
458 5428 727 5487 repetam,
758 5430 919 5485 quam
954 5416 1171 5484 effugio.
1206 5416 1549 5471 Transmisso
1593 5417 1758 5485 igitur

165 5514 316 5578 tnari,
340 5528 477 5583 quo,
509 5512 634 5581 quis
663 5518 828 5575 esset,
856 5508 1187 5566 abscondere
1216 5510 1521 5579 potuisset,
1552 5518 1758 5567 mutato

232 5684 257 5709 ι
291 5674 361 5726 De
393 5672 497 5725 hac
531 5670 651 5739 fuga
684 5684 751 5724 ne
779 5670 1001 5723 verbum
1028 5670 1243 5739 qttidem
1269 5667 1658 5740 Magnobodus.

230 5740 257 5781 δ
286 5744 659 5810 Magnubodus
709 5748 871 5793 totam
924 5742 1061 5794 hanc
1107 5739 1384 5794 historiam
1432 5740 1500 5793 de
1532 5739 1652 5810 fuga
1697 5740 1754 5796 S.

167 5814 413 5881 Mani-itii,
454 5815 523 5867 de
557 5812 773 5865 amissis
797 5810 1056 5873 clavibus,
1088 5827 1149 5865 ac
1174 5811 1341 5865 multo
1373 5821 1489 5878 post
1516 5822 1760 5878 tempore

170 5886 215 5937 in
237 5885 387 5954 piscis
420 5884 723 5940 visceribus
755 5882 1003 5951 inventis,
1026 5885 1091 5939 de
1122 5882 1310 5940 eodem
1338 5883 1393 5939 S.
1432 5882 1677 5940 Maurilio
1705 5884 1757 5939 in

1863 3315 1982 3360 rent
2011 3307 2061 3358 in
2097 3306 2291 3368 littore,
2324 3305 2609 3370 scriptum,
2638 3305 2781 3373 quod
2812 3319 2969 3373 supra
3001 3306 3259 3369 diximus,
3297 3307 3443 3359 inve-

1860 3408 2054 3453 nerunt
2076 3400 2126 3450 itt
2152 3398 2298 3451 silice
2327 3415 2337 3449 :
2370 3397 2464 3451 llic
2502 3398 2707 3452 transiit
2745 3398 3015 3452 Maurilius
3044 3400 3451 3467 Andegavorunt

1860 3491 2164 3557 episcopus.
2201 3488 2273 3541 De
2302 3497 2405 3540 tam
2436 3488 2669 3541 evidenti
2704 3486 2869 3556 igitur
2927 3489 3133 3542 alacres
3163 3489 3338 3541 effecti
3372 3490 3453 3541 itt-

1861 3582 2021 3644 dicio,
2058 3590 2203 3633 trans
2234 3590 2450 3645 pontum
2484 3580 2665 3634 abiere
2695 3581 2894 3635 securi.
2929 3580 3171 3650 Cumque
3198 3582 3247 3634 in
3275 3582 3452 3634 medio

1864 3674 2135 3742 tranquilli
2180 3674 2414 3741 aequoris
2447 3672 2575 3724 mari
2610 3682 2822 3735 essent,
2854 3687 2981 3726 ecce
3011 3683 3238 3741 repente
3280 3690 3453 3727 emer-

1860 3780 1951 3817 sus
1983 3780 2011 3817 e
2041 3765 2248 3831 gurgite
2278 3764 2441 3830 piscis
2472 3763 2745 3825 immanis,
2778 3762 3039 3831 prosilivit
3068 3763 3118 3817 in
3150 3764 3348 3818 navim.
3377 3764 3453 3819 De

1862 3872 1968 3927 quo
1998 3872 2117 3910 cum
2172 3856 2283 3909 Deo
2312 3860 2511 3919 gratias
2545 3855 2886 3919 retulissent,
2922 3856 3207 3923 ipsumque
3253 3855 3450 3923 piscem

1862 3958 2180 4003 cxenterare
2236 3947 2576 4013 cwpissent,
2643 3946 2989 4013 reliquiarum
3048 3947 3265 4010 claves,
3319 3961 3454 4014 quas

1863 4041 2136 4094 Mamilius
2171 4040 2222 4091 in
2256 4054 2404 4090 tnare
2434 4035 2762 4106 perdiderat.
2798 4038 2850 4090 in
2888 4038 3046 4102 piscis
3078 4037 3261 4103 jecore
3300 4051 3455 4104 tepe-

1864 4142 2071 4187 rcrunt.
2098 4132 2239 4199 Quas
2271 4140 2741 4199 recognosCentes,
2790 4129 3011 4182 nimium
3047 4128 3303 4181 mirantes
3335 4138 3451 4180 tur-

1866 4227 2125 4280 babantur
2154 4224 2387 4287 attoniti,
2420 4231 2720 4276 metuentes
2756 4236 2819 4275 ne
2845 4237 2965 4273 cum
3012 4221 3142 4286 ipsis
3172 4219 3451 4273 Maurilius

1866 4316 2198 4383 naufragium
2233 4328 2443 4382 passus,
2475 4313 2749 4366 hominem
2780 4313 2999 4365 exisset.
3051 4309 3309 4364 Demissis
3346 4308 3413 4379 igi
3435 4337 3447 4349 -

1869 4415 1952 4459 tur
1980 4406 2046 4459 de
2076 4405 2194 4459 navi
2226 4403 2498 4467 anchoris,
2531 4402 2581 4456 in
2615 4403 2715 4455 Itoc
2752 4411 2980 4465 stantes,
3015 4410 3069 4454 ut
3092 4403 3158 4454 tle
3190 4400 3323 4454 mari
3369 4416 3453 4454 re-

1870 4504 2237 4557 verterentur,
2263 4494 2626 4546 asserentibus
2656 4493 2829 4545 nautis
2853 4492 3150 4544 Mamilium
3193 4507 3313 4545 esse
3354 4491 3449 4543 de-

1875 4585 2111 4642 functum
2144 4605 2154 4637 :
2190 4585 2379 4652 singuli
2412 4584 2655 4653 sequenti
2690 4596 2844 4637 nocte
2886 4600 3047 4636 unum
3094 4584 3449 4652 ettmdentqtte

1870 4682 2060 4743 visum,
2097 4679 2321 4732 Domino
2366 4678 2655 4741 tribuente,
2708 4679 2983 4732 viderunt.
3018 4677 3067 4730 itt
3101 4692 3205 4744 quo
3241 4678 3441 4731 dictum

1863 4766 2059 4826 est'eis
2085 4788 2096 4823 :
2132 4770 2302 4823 Nolite
2336 4776 2597 4833 metuere,
2629 4782 2727 4819 nec
2757 4769 3101 4821 revertamini
3132 4770 3199 4823 de
3230 4768 3442 4832 itinere,

1863 4873 2095 4931 coeptum
2148 4869 2410 4913 maturate
2438 4859 2706 4927 negotium
2732 4874 2745 4922 ;
2783 4861 2963 4925 procul
2993 4858 3155 4911 dubio
3186 4858 3275 4911 diu
3305 4875 3450 4927 qua:-

1860 4954 2021 5011 situm
2069 4962 2305 5006 vestrum
2338 4950 2620 5003 invenietis
2669 4949 3019 5004 desiderium.
3070 4951 3220 5003 Mane
3270 4962 3446 5004 autem

1861 5042 2091 5107 reddito,
2144 5041 2275 5110 quid
2325 5040 2518 5109 singuli
2563 5042 2807 5095 viderant
2850 5042 3077 5095 invicem
3124 5044 3445 5096 refert-bant.

1863 5133 2017 5191 Unde
2046 5132 2333 5187 admodum
2367 5132 2627 5197 roborati,
2659 5132 2761 5187 iter
2785 5133 2927 5201 quod
2961 5144 3217 5201 ceperant
3240 5136 3446 5187 avidius

1863 5228 2209 5299 peragebant.
2245 5225 2399 5281 Unde
2443 5228 2635 5279 factum
2668 5236 2749 5280 est
2792 5237 2849 5279 ut
2878 5228 3125 5296 angelico
3176 5226 3336 5280 ductu
3380 5230 3445 5279 ad

1862 5322 2078 5377 domum
2119 5319 2373 5389 principis
2404 5334 2523 5372 cum
2556 5333 2663 5387 quo
2694 5318 2971 5373 Maurilius
3021 5318 3314 5380 habitabat,
3364 5335 3449 5373 re-

1862 5428 1948 5472 eto
1976 5415 2167 5470 itinere
2197 5415 2541 5470 ducerentur.
2581 5412 2810 5479 lngressi
2853 5424 3053 5477 autem,
3099 5414 3242 5466 illico
3268 5417 3445 5466 vocari

1863 5510 2188 5576 Mamilium,
2220 5519 2276 5563 ut
2304 5522 2420 5561 cum
2453 5506 2716 5570 oleribus,
2745 5507 2941 5577 quibus
2975 5520 3066 5560 rex
3098 5505 3173 5559 uti
3217 5518 3445 5558 consue-

1863 5668 2023 5721 tlomo
2053 5667 2193 5733 regis
2226 5664 2463 5726 invento,
2513 5662 2650 5730 apud
2683 5676 2841 5728 quem
2905 5660 3173 5713 ltortulani
3227 5673 3449 5712 munere

1866 5739 2200 5808 iungebatur,
2232 5736 2297 5789 de
2322 5735 2529 5808 Renato
2556 5748 2741 5800 puero,
2772 5742 2889 5796 post
2920 5746 3090 5784 annos
3116 5741 3345 5808 septeni,
3374 5744 3439 5783 ev

1863 5801 1979 5877 qno'
1996 5801 2319 5869 decesserat,
2351 5805 2415 5863 ad
2446 5807 2604 5877 vitam
2638 5812 2912 5877 revocato,
2953 5801 3335 5872 pl'iBiCl'tlliHll,
3386 5816 3449 5853 ac

1866 5875 1929 5937 ne
1956 5882 2175 5939 verbum
2199 5878 2414 5948 quidem
2444 5876 2510 5931 de
2541 5876 2621 5930 liis
2652 5875 2794 5929 latit.
