4194 6544
767 429 860 482 571
1448 417 1764 472 ΥΕΝΑΝΤΙΙ
1811 414 1965 470 IION.
2010 411 2218 466 CLEM.
2263 409 2423 464 FUR'I

2384 406 2661 461 ιτυΜΤι
2704 407 2989 461 οιιιειιωι
3035 405 3210 460 PARS
3250 405 3307 459 ll.
3948 403 4040 456 ετξ

768 545 943 600 verat,
971 540 1302 595 accurreret,
1332 530 1633 583 audierunt.
1653 528 1942 580 Oculorum
1959 534 2136 577 autem
2167 525 2335 576 aciem
2371 527 2412 581 Α
2447 537 2546 588 quc
2579 519 2754 589 fugato
2791 520 3012 581 dature,
3065 535 3252 572 uiantis
3287 522 3495 588 integre
3535 516 3902 573 reformantur
3927 559 3940 582 ,
3991 533 4039 573 et

768 631 822 683 in
857 634 1060 694 partem
1089 638 1188 692 qua
1245 623 1390 674 illum
1425 617 1700 672 inclamari
1747 616 2052 677 audierant,
2089 613 2346 680 dirigunt,
2456 627 2644 676 sospes
2671 624 2790 662 cum
2825 609 3019 676 gaudio
3050 621 3132 661 est
3165 625 3458 678 regressus.

778 732 877 771 nec
908 730 1057 768 mora
1097 727 1215 768 cum
1257 709 1495 764 oleribus
1542 721 1828 760 accurrere
1873 705 2172 758 Maurilium
2226 717 2351 755 con-
2531 702 2613 754 l8.
2663 701 2812 754 Alter
2841 702 3081 768 quidam,
3137 703 3380 768 Belgicus
3431 705 3674 770 nomine,
3728 705 3908 771 primo
3957 704 4038 757 die

778 817 1089 876 spexerunt.
1129 806 1298 870 Quem
1330 813 1386 855 ut
1415 802 1819 871 cognovissent,
1852 797 2103 867 prostrati
2127 797 2349 866 pedibus
2457 792 2678 846 Pascha:
2727 794 2973 860 proprias
3001 803 3214 861 segetes
3261 793 3432 846 servis
3465 793 3698 862 pr0priis
3753 795 4035 846 temerario

785 904 970 972 ipsius,
999 915 1117 953 cum
1149 911 1340 965 magno
1371 895 1498 949 ﬂetu
1532 893 1790 959 rogabant
1817 904 1872 944 ut
1899 891 2129 960 prepria:
2157 891 2352 942 subve-
2451 883 2575 951 jure
2605 883 2864 936 mundare
2897 893 3224 950 praeceperat
3250 923 3264 938 .
3291 883 3553 952 Mancipia
3583 894 3765 938 autem
3803 897 3924 936 cum
3957 897 4036 935 re—

774 996 914 1048 niret
942 991 1190 1045 Ecclesia:
1218 997 1378 1054 atque
1407 985 1626 1040 civitati.
1655 983 1731 1038 Ad
1759 999 1984 1052 quorum
2018 981 2201 1033 ﬂetum
2229 993 2348 1032 cum
2458 975 2551 1027 niti
2608 975 2922 1042 cmpisscnt,
2952 989 3015 1028 ac
3045 975 3227 1029 dicere
3266 987 3452 1029 contra
3500 978 3884 1030 auctoritatem
3933 974 4040 1027 foro

772 1099 831 1137 se
864 1095 1056 1148 negare
1086 1093 1190 1132 non
1225 1085 1422 1144 posset,
1454 1073 1881 1142 obstupefactue,
1935 1085 2056 1123 cum
2102 1067 2354 1137 lacrymis
2459 1075 2515 1116 tit
2551 1065 2640 1120 tali
2688 1067 2776 1122 die
2820 1082 2982 1135 opera
3028 1079 3316 1136 agerentur
3361 1069 3609 1134 servilia,
3654 1068 3912 1122 dominus
3955 1083 4040 1119 eo-

775 1184 1072 1240 repugnare
1100 1168 1262 1232 C(Bt'il
1291 1163 1561 1228 obnixius,
1595 1163 1779 1216 dicens
1829 1178 1842 1212 :
1881 1161 2018 1214 Voto
2050 1168 2251 1212 memet
2294 1171 2356 1210 ac
2462 1173 2581 1211 rum
2612 1169 2669 1212 ut
2717 1160 2771 1214 id
2805 1171 3028 1230 agerent
3059 1162 3254 1216 invitos
3281 1163 3478 1230 coegit.
3513 1162 3617 1216 Sed
3657 1176 3782 1216 cum
3834 1171 4044 1228 segetes

774 1261 1079 1326 iuramento
1105 1255 1417 1318 constrinxi,
1455 1268 1724 1322 nunquam
1753 1251 1807 1305 in
1840 1253 2060 1316 patriam
2103 1263 2356 1302 reversn-
2464 1247 2716 1318 ingrcssi,
2750 1250 2872 1304 lolia
2899 1261 2953 1306 et
2984 1268 3319 1321 quacunque
3371 1253 3580 1307 inutilia
3611 1252 3816 1306 sarrire
3848 1260 4044 1304 tentas-

772 1365 926 1416 rum,
974 1349 1073 1402 nisi
1104 1349 1280 1401 claves
1310 1347 1490 1400 videre
1531 1360 1769 1399 mererer
1795 1344 1987 1396 iterum
2019 1355 2151 1410 quas
2178 1339 2356 1393 amisi.
2464 1348 2604 1402 si-nt,
2659 1355 2786 1394 mox
2837 1341 3102 1409 Belgicus,
3137 1345 3414 1398 oculorum
3447 1344 3696 1398 crettitate
3741 1355 4041 1411 percussus,

780 1445 921 1508 Quas
951 1441 1132 1494 statim
1180 1439 1492 1492 exhibentes
1517 1477 1532 1500 ,
1574 1434 1831 1504 quidquid
1866 1433 1919 1486 in
1952 1433 2084 1486 mari
2120 1430 2362 1483 viderant
2466 1443 2636 1500 empta
2687 1433 2998 1488 desererent
3045 1435 3320 1490 immensis
3352 1437 3573 1491 vocibus
3612 1436 3888 1491 clamabat
3919 1437 4048 1487 invi-

780 1535 863 1587 vcl
909 1531 1241 1601 pertulerant
1289 1546 1353 1583 ex
1404 1528 1592 1582 ordine
1640 1526 1964 1580 referebant.
2011 1523 2205 1578 Statim
2249 1522 2363 1576 lizec
2469 1533 2571 1576 tus.
2589 1523 2722 1578 Cum
2742 1533 2919 1578 autem
2948 1537 3358 1593 pertresannos
3380 1527 3434 1582 in
3453 1543 3514 1583 ea
3537 1531 3783 1583 caicitate
3804 1542 4048 1594 perman-

784 1625 923 1677 fama
959 1623 1216 1689 pervolat,
1261 1620 1541 1688 ipsumque
1588 1618 1844 1672 sollicitat
1873 1631 2076 1684 regem.
2113 1615 2365 1667 Mirantur
2469 1616 2647 1682 sisset,
2701 1619 2828 1671 dum
2862 1619 3072 1672 beatum
3126 1621 3432 1676 Maurilium
3483 1636 3584 1691 pro
3629 1620 3908 1674 commissi
3956 1619 4051 1671 sibi

781 1713 982 1777 ςιιςιριὶ,
1024 1720 1078 1764 et
1107 1726 1265 1778 quem
1296 1719 1345 1761 ut
1379 1709 1720 1761 hortulanum
1756 1707 2055 1760 habuerant
2108 1718 2248 1758 nunc
2299 1713 2355 1756 ut
2472 1707 2652 1772 ponuli
2687 1709 3006 1772 salvatione,
3054 1717 3113 1761 ut
3139 1711 3410 1778 episcOpis
3440 1711 3610 1766 moris
3657 1719 3763 1772 est,
3801 1711 3954 1763 vicos
3999 1723 4060 1760 ac

785 1801 1155 1855 beatissimum
1191 1800 1473 1866 praesulem
1506 1804 1830 1852 venerantes
1879 1795 2124 1856 adorant,
2179 1791 2363 1845 multis
2477 1798 2630 1850 villas
2661 1799 2917 1851 circuisse
2949 1799 3208 1862 audisset.
3257 1799 3580 1868 cogentibus
3606 1799 3883 1854 continuis
3912 1796 4063 1850 dolo—

791 1909 914 1946 eum
947 1892 1254 1944 muneribus
1287 1890 1549 1942 honorare
1579 1898 1866 1940 certantes.
1913 1886 2064 1938 Tunc
2093 1885 2366 1938 Maurilius
2399 1881 2445 1938 Β
2478 1886 2646 1950 ribus,
2684 1888 2903 1940 sedulus
2930 1903 2994 1942 ac
3027 1889 3254 1945 devotus
3281 1892 3571 1958 expetebat
3597 1900 3656 1946 ut
3696 1893 3748 1946 ei
3782 1891 3870 1945 vel
3902 1890 4064 1942 vesti-

790 1991 870 2034 tot
919 1981 1182 2046 precibus,
1217 1990 1272 2030 ut
1301 1978 1698 2047 regrederetur,
1745 1988 1797 2030 ct
1849 1976 2116 2030 miraculis
2161 1977 2368 2038 victus,
2483 1987 2717 2030 mentum
2745 1987 2964 2047 tangere
2989 1980 3284 2034 sacerdotis
3314 1981 3708 2037 concederetur
3733 2023 3748 2046 ,
3784 1979 4065 2034 conﬁdens

792 2069 917 2120 dum
949 2069 1223 2121 sollicitior
1251 2077 1628 2130 cunctaretur,
1677 2075 1733 2120 et
1763 2066 1956 2133 vigiliis
1985 2077 2147 2132 atque
2176 2065 2370 2118 oratio-
2479 2083 2570 2134 per
2602 2070 2703 2121 hoc
2733 2084 2792 2121 se
2844 2083 3002 2135 posse
3031 2071 3212 2124 statim
3255 2071 3457 2124 sanari.
3511 2069 3666 2136 Quod
3700 2082 3824 2124 cum
3859 2081 4064 2136 praepa-

790 2164 946 2215 ltiiAlS
991 2163 1286 2215 inSomuem
1320 2161 1518 2214 ducere
1549 2167 1862 2227 sequentem
1911 2158 2221 2226 disponeret
2273 2173 2372 2210 no-
2482 2157 2722 2210 rantibus
2760 2158 2946 2211 amicis
2977 2168 3194 2228 tangere
3238 2162 3551 2225 meruisset,
3581 2175 3708 2214 mox
3735 2159 3936 2213 merito
3969 2172 4053 2212 sa-

790 2263 952 2313 ctem,
985 2252 1191 2304 tandem
1226 2251 1494 2318 latigatus,
1527 2249 1798 2318 paululum
1831 2247 2200 2309 obdormiens,
2245 2248 2375 2301 vidit
2481 2247 2714 2300 cerdotis
2743 2248 2921 2302 lumen
2951 2252 3206 2302 amissum
3249 2251 3490 2320 recipere
3517 2253 3731 2306 meruit.

792 2343 1036 2410 angelum
1069 2341 1334 2394 dicentem
1370 2342 1472 2394 sibi
1524 2342 1764 2410 :oSnrge,
1801 2339 2032 2404 Maurili,
2068 2347 2123 2392 et
2155 2339 2377 2407 populo-
2555 2338 2644 2393 l9.
2691 2339 2746 2394 ln
2782 2356 2915 2408 pago
2941 2341 3026 2395 cui
3057 2356 3253 2396 nomen
3283 2351 3368 2396 est
3409 2343 3725 2400 Commonia
3755 2355 3880 2402 erat
3914 2358 4072 2413 rupes

793 2447 913 2484 rem
963 2442 1013 2485 te
1044 2432 1432 2500 requirentium
1467 2445 1763 2499 exsequere
1796 2440 2002 2484 votum.
2051 2430 2190 2484 Ecce
2235 2433 2376 2484 enirn
2490 2429 2733 2496 quaedam
2783 2431 2994 2484 excelsa
3022 2472 3036 2494 ,
3097 2431 3430 2486 diversarum
3477 2435 3733 2488 arborum
3788 2436 4077 2504 generibus

798 2527 900 2575 luis
931 2524 1176 2591 precibus
1207 2534 1262 2577 et
1291 2523 1496 2576 meritis
1527 2521 1620 2575 tibi
1652 2523 1969 2576 commissas
1999 2523 2239 2575 servavit
2268 2521 2378 2574 Do-
2485 2535 2790 2585 nemorosa,
2822 2520 2888 2574 ad
2916 2537 3098 2589 quam,
3123 2539 3228 2576 non
3261 2532 3374 2578 toto
3403 2523 3579 2579 adhuc
3610 2540 3945 2596 paganorum
3968 2526 4072 2578 ritu

799 2614 974 2665 minus
1003 2628 1150 2676 oves,
1187 2628 1284 2681 pro
1312 2613 1504 2680 quibus
1536 2612 1756 2681 rogasti,
1790 2620 1844 2665 et
1891 2611 2110 2678 insuper
2139 2611 2382 2665 reddidit
2487 2612 2762 2677 discusso,
2811 2616 3095 2668 stultorum
3153 2617 3305 2671 turba
3353 2618 3738 2683 conveniebat,
3790 2633 4072 2672 sacrorum

801 2708 895 2758 tibi
946 2721 1168 2773 puerum
1219 2721 1380 2773 quem
1428 2705 1630 2759 diutius
1679 2705 1896 2774 plorans
1935 2704 2197 2772 quaesisti.
2242 2703 2381 2770 Quid
2490 2719 2706 2758 suorum
2736 2706 2992 2759 solemnia
3020 2705 3396 2762 anniversario
3427 2709 3621 2763 ordine
3649 2707 4074 2764 celebrare.Ubi

803 2797 1018 2850 multis?
1051 2797 1198 2850 Mane
1223 2799 1447 2862 reddito,
1476 2796 1917 2850 concurrentibus
1947 2795 2182 2864 undique
2217 2811 2385 2864 popu-
2493 2809 2585 2862 per
2613 2807 2816 2864 septeni
2847 2798 2962 2851 dies
2987 2798 3254 2865 epulando
3285 2808 3343 2853 et
3386 2800 3584 2854 choros
3630 2799 3885 2855 ducendo
3915 2809 4077 2868 atque

806 2894 890 2955 li-,
923 2909 1043 2945 cum
1072 2909 1265 2961 magno
1295 2894 1497 2946 honore
1527 2892 1741 2945 ducitur
1772 2891 1838 2944 ad
1871 2906 2086 2954 navem,
2112 2901 2164 2944 et
2197 2891 2386 2943 tradu-
2494 2889 2891 2956 debacchando,
2923 2890 3181 2943 solemnia
3209 2906 3304 2945 sua
3332 2892 3486 2960 quasi
3514 2891 3637 2960 jure
3667 2891 3853 2945 debito
3887 2891 4084 2959 persol-

806 2995 945 3044 rtns.
980 3000 1085 3038 non
1133 2986 1324 3038 tninori
1359 2986 1526 3053 gloria
1557 2984 1824 3053 excipitur
1867 2999 1895 3034 a
1928 2983 2095 3048 patria
2147 2984 2383 3050 propria.
2494 2980 2706 3034 vehant.
2739 2979 2842 3034 Sed
2870 2981 3009 3048 quod
3042 2982 3155 3034 fieri
3199 2982 3249 3035 in
3282 2984 3408 3036 vino
3438 2986 3762 3052 plerumque
3807 2993 3868 3036 et
3913 2983 4085 3051 epulis

810 3078 1118 3144 'l‘aliterqne
1150 3079 1416 3144 propriam
1468 3090 1745 3142 regressus
1778 3073 1844 3126 ad
1875 3074 2083 3137 urbem,
2133 3073 2386 3126 n.mirum
2495 3072 2647 3138 solet,
2681 3081 2796 3124 orta
2829 3072 3114 3138 seditione,
3148 3075 3299 3128 multi
3333 3077 3779 3140 vulnerabantur,
3827 3076 4078 3130 nonnulli

811 3169 1249 3234 exspectantibus
1280 3169 1470 3232 turbis,
1499 3167 1566 3221 de
1597 3165 1806 3219 Domini
1839 3165 2200 3234 promissione
2231 3181 2389 3218 secu-
2430 3227 2465 3234 _
2497 3162 2656 3217 etiam
2688 3162 2753 3216 de
2785 3178 2931 3215 tnore
2957 3163 3025 3215 ibi
3054 3162 3453 3232 iugulabantur.
3484 3166 3550 3218 Et
3581 3166 3820 3233 idipsum
3845 3180 3969 3219 cum
3992 3181 4080 3220 aco

814 3274 924 3318 rus,
976 3261 1118 3311 venit
1160 3259 1225 3311 ad
1260 3244 1406 3327 pueri
1442 3259 1723 3312 tumulum.
1775 3257 1893 3323 Quo
1943 3260 2129 3312 rastris
2173 3259 2388 3312 discoo-
2421 3227 2466 3289 Ο
2499 3256 2736 3316 cidissct,
2763 3254 3049 3308 incvitabili
3075 3255 3180 3308 fato
3216 3255 3330 3310 ﬂeri
3363 3256 3788 3322 proclamabam.
3823 3256 3981 3321 Quod
4008 3255 4088 3309 ubi

813 3358 987 3413 tierto,
1024 3350 1232 3404 invocat
1261 3351 1561 3403 diutissime
1591 3351 1893 3418 planctibus
1919 3350 2215 3404 Christum.
2245 3351 2387 3404 Tau-
2501 3344 2771 3399 Maurilius
2817 3344 3098 3410 comperit,
3132 3359 3231 3398 nec
3279 3359 3454 3410 mora,
3487 3360 3611 3399 cum
3663 3346 3942 3414 religiosis
3983 3347 4091 3414 qui-

811 3440 935 3492 dem
965 3448 1138 3492 autem
1171 3441 1380 3507 expleta
1411 3457 1530 3494 cum
1564 3440 1814 3509 lacrymis
1863 3440 2127 3504 oratione,
2181 3442 2391 3509 utrique
2499 3435 2720 3488 busdam
2754 3435 3005 3488 fratribus
3025 3435 3092 3489 ad
3123 3437 3298 3490 locum
3327 3439 3588 3505 perrexit.
3619 3438 3718 3492 Ubi
3738 3453 3866 3493 cum
3888 3439 4091 3507 jejunio

813 3539 1156 3595 consurgunt.
1184 3529 1454 3581 Manrilius
1475 3529 1542 3581 de
1571 3528 1838 3591 oratione,
1859 3537 1914 3582 et
1944 3543 2076 3596 puer
2099 3531 2166 3582 de
2192 3541 2388 3584 morte.
2502 3537 2555 3580 et
2577 3525 2818 3580 oratione
2864 3541 2969 3580 una
3005 3536 3164 3580 nocte
3202 3529 3592 3597 pervigilasset,
3624 3529 3899 3597 gallorum
3939 3539 4092 3582 cantu

819 3617 986 3680 Quem
1019 3615 1350 3683 scptil’ortnis
1381 3618 1608 3685 Spiritus
1657 3619 1828 3687 gratia
1869 3628 2240 3672 consecratum
2267 3659 2282 3684 ,
2327 3635 2392 3673 ex
2505 3629 2682 3671 tantus
2732 3618 2867 3672 fetor
2897 3620 2962 3674 de
3012 3620 3130 3674 loco
3153 3623 3404 3689 surrexit,
3436 3631 3494 3675 ut
3519 3623 3608 3676 vix
3641 3625 3730 3678 vit:
3759 3625 3955 3678 beatus
4005 3625 4095 3678 ibi.

815 3719 1010 3760 eventu
1062 3710 1272 3761 vocavit
1326 3708 1589 3762 [leuatum
1620 3726 1630 3759 :
1665 3709 1752 3777 qui
1804 3707 2000 3761 divinis
2045 3707 2277 3762 cultibus
2328 3709 2392 3761 il-
2505 3709 2625 3762 dem
2657 3709 2898 3764 habitare
2921 3724 3040 3763 cum
3065 3712 3178 3766 suis
3206 3719 3408 3780 posset.
3445 3712 3603 3766 Mane
3641 3722 3826 3767 autem
3867 3713 4094 3777 reddito,

818 3799 922 3850 lico
956 3800 1307 3866 mancipatus,
1337 3810 1392 3854 et
1439 3815 1468 3852 a
1511 3801 1666 3853 beato
1697 3799 1945 3853 Maurilio
1966 3797 2248 3867 diligenter
2273 3814 2398 3853 eru-
2504 3801 2664 3855 etiam
2696 3805 2783 3870 qui
2810 3803 3242 3870 superstitionem
3275 3803 3378 3858 loci
3415 3803 3558 3857 illius
3599 3815 3761 3858 antea
3784 3805 4092 3868 servabant,

823 3889 984 3954 ditus,
1039 3896 1200 3946 tantis
1251 3893 1544 3962 promeruit
1584 3893 1776 3946 ﬂorere
1829 3891 2130 3954 virtutibus,
2182 3903 2236 3943 ut
2281 3898 2400 3958 post
2507 3893 2858 3962 intelligentes
2881 3893 3134 3947 sedivina
3156 3893 3353 3947 virtute
3379 3893 3723 3961 perterritos,
3749 3907 3821 3949 ne
3843 3895 4093 3962 episcopo

823 3980 1120 4036 Maurilimn
1169 3984 1527 4051 pontificalem
1575 3980 1978 4051 Andegavensis
2025 3981 2278 4034 Ecclesia:
2310 3995 2400 4033 ca-
2507 3994 2884 4054 repugnarent,
2910 3986 3010 4052 ipsi
3037 4000 3157 4039 cum
3183 3985 3374 4040 eodem
3402 3999 3564 4040 omne
3585 3999 3782 4039 nemus
3805 3986 4090 4039 succidere

823 4068 1065 4123 tliedratn
1115 4073 1429 4138 posthumus
1484 4073 1767 4126 sortiretur
1815 4082 1872 4126 et
1915 4073 2110 4124 haeres.
2161 4070 2312 4136 Quod
2357 4072 2400 4123 si
2506 4087 2560 4132 et
2589 4078 2694 4146 igni
2723 4091 3068 4132 concremare
3100 4076 3443 4132 festinabant.
3477 4076 3554 4130 Ita
3579 4087 3762 4130 autem
3793 4091 3894 4146 per
3920 4077 4091 4144 ignem

824 4161 944 4228 quis
997 4162 1234 4218 fortassis
1285 4165 1632 4217 mstimaverit
1684 4162 2005 4226 fabulosum,
2053 4161 2397 4228 Andegavam

2511 4171 2771 4225 inundate
2802 4171 2941 4234 loco,
2979 4169 3266 4223 aediﬁcavit
3294 4169 3364 4222 ibi
3393 4168 3574 4222 statim
3606 4167 3660 4220 in
3692 4165 3905 4220 honore
3929 4167 4098 4220 beata

826 4262 1070 4305 recurrat
1097 4253 1162 4305 ad
1215 4254 1421 4307 urbem.
1475 4253 1548 4306 Ibi
1591 4255 1732 4306 enim
1785 4253 2024 4305 inveniet
2072 4249 2401 4318 pretiosissi-

2511 4260 2687 4314 Maria:
2717 4259 2993 4325 genitricis
3020 4258 3217 4312 Christi
3251 4257 3527 4311 basilicam
3557 4273 3570 4309 :
3602 4264 3659 4308 et
3686 4257 3848 4309 locus
3875 4257 3991 4319 ille,
4018 4255 4101 4323 qui

826 4355 974 4394 mum
1005 4342 1368 4395 confessorum
1400 4341 1594 4395 Clll’iSli
1629 4341 1928 4394 Maurilium
1973 4340 2252 4393 immensis
2301 4355 2404 4392 vtr-
2511 4359 2633 4404 ante
2661 4364 2815 4416 τηρεε
2863 4348 2947 4402 vel
2998 4349 3144 4402 lucu;
3195 4347 3381 4401 Martis
3425 4345 3826 4416 appellabatur,
3871 4345 4106 4399 Castrum

830 4433 1030 4486 tutibus
1048 4435 1347 4500 ﬂorentem,
1375 4445 1428 4488 et
1465 4449 1560 4486 nec
1589 4435 1761 4486 minus
1790 4433 2051 4486 Renatutn
2083 4431 2400 4496 antistitem,
2513 4454 2669 4511 ρεινω
2697 4457 2890 4494 "oan
2921 4441 3150 4509 accepit.

831 4535 1199 4577 successorem
1230 4525 1416 4592 ipsius,
1452 4523 1720 4576 miraculis
1747 4531 2140 4575 coruscantem.
2443 4573 2487 4592 η

2444 4573 2489 4592 η
2582 4533 2674 4586 20.
2718 4531 2924 4584 Accidit
2951 4530 3137 4584 iisdem
3166 4529 3353 4584 diebus
3384 4538 3438 4582 ut
3477 4530 3665 4582 beatus
3698 4527 3990 4581 llanrilius
4022 4527 4100 4579 in-

909 4614 992 4666 17.
1026 4613 1370 4668 Sanctissimo
1415 4617 1572 4684 igitur
1613 4615 1947 4668 sacerdotum
1985 4613 2236 4667 Maurilio
2280 4625 2405 4678 pro-
2438 4573 2491 4632 Β
2518 4633 2599 4676 tet-
2647 4620 2908 4689 quosdam
2960 4620 3239 4674 discordes
3292 4621 3361 4674 ob
3431 4619 3834 4674 reformandam
3916 4631 4109 4685 pacem

833 4707 965 4774 prire
989 4707 1100 4759 sedi
1135 4708 1398 4771 restituto,
1431 4708 1556 4773 quid
1589 4708 1843 4772 proximis
1875 4707 2050 4758 adhuc
2081 4705 2275 4757 exinde
2295 4703 2412 4756 dico
2518 4723 2541 4750 ο
2571 4712 2987 4766 Cenomanicam
3019 4721 3304 4766 vocaretur
3335 4711 3403 4764 ad
3447 4711 3656 4765 urbem.
3684 4710 3802 4776 Quo
3839 4723 3965 4762 cum
3997 4708 4115 4760 sine

833 4799 935 4850 bus
963 4800 1262 4865 contigerit.
1294 4797 1552 4851 dicamus.
1607 4798 1696 4850 Vir
1740 4797 1955 4864 quidam
2011 4809 2228 4858 ω’τιτιιε,
2263 4793 2412 4844 Ῐιιειὶ-
2519 4819 2666 4858 mora
2700 4806 2956 4868 venisset,
3005 4813 3080 4871 et,
3128 4818 3260 4871 pace
3303 4803 3446 4856 inter
3500 4801 3782 4856 discordes
3833 4801 4110 4860 restituta.

835 4897 986 4955 gatus
1019 4889 1332 4954 cupiditate,
1367 4898 1576 4956 arri-pta
1606 4889 1800 4949 securi,
1829 4888 1917 4940 die
1964 4883 2260 4947 Dominica,
2302 4884 2414 4936 avi-
2519 4894 2724 4962 regredi
2754 4895 3031 4961 cwpisset,
3065 4901 3351 4960 antequam
3381 4891 3446 4945 ad
3489 4900 3705 4958 pontem
3736 4891 3937 4960 Leugg
3983 4905 4116 4957 per-

837 4981 937 5030 dus
987 4990 1237 5046 Operator
1287 4980 1586 5033 exstiterat.
1639 4983 1834 5045 Quem,
1886 4978 2089 5031 securis
2134 4974 2413 5027 manubrio

2520 4987 2774 5050 venisset,
2807 4985 2994 5038 incola:
3024 4984 3125 5037 loci
3161 4984 3325 5047 illius,
3363 4992 3420 5035 ut
3472 4980 3947 5035 benedictionibus
3982 4995 4116 5047 prae-

840 5069 1083 5122 tnauibus
1130 5070 1442 5135 inluercnte,
1497 5072 1627 5124 ultio
1680 5072 1858 5123 statim
1901 5070 2078 5122 divina
2127 5070 2409 5120 subsecuta
2518 5078 2647 5130 sutis
2693 5077 2894 5129 ﬁrmari
2943 5085 3302 5139 mererentur,
3351 5075 3469 5141 eius
3516 5074 3807 5124 adventum
3854 5072 4114 5124 devotius

840 5167 942 5210 est.
991 5159 1135 5212 Idem
1169 5170 1345 5214 tamen
1379 5163 1693 5230 erigentibus
1719 5160 2018 5221 doloribus,
2055 5167 2174 5225 post
2203 5173 2414 5210 menses
2522 5165 2997 5234 ρτιιιειοιειιηιιιυιι,
3026 5165 3170 5219 Inter
3197 5179 3334 5234 quos
3366 5172 3620 5232 parentes
3651 5160 3938 5228 cujusdam
3968 5159 4115 5227 pueri

841 5252 1073 5315 quinque
1123 5252 1414 5307 Maurilium
1467 5266 1748 5321 expetens,
1803 5269 1914 5308 sua:
1964 5255 2206 5306 ordinem
2245 5253 2416 5318 culpa:
2525 5257 2689 5310 tilium
2723 5271 2874 5310 suum
2914 5256 3078 5309 nimia
3110 5255 3423 5308 infirmitate
3453 5267 3520 5306 ex
3580 5263 3826 5317 tempore
3873 5249 4118 5303 infantiae

843 5339 1088 5394 ﬂebiliter
1119 5345 1488 5400 confitebatur.
1536 5347 1703 5415 Cujus
1735 5362 1854 5400 cum
1905 5345 1986 5399 vir
2016 5347 2205 5400 beatus
2250 5345 2418 5413 pretii-
2525 5358 2821 5415 gravatum,
2859 5362 3017 5400 secus
3042 5345 3180 5400 viam
3214 5361 3309 5415 per
3337 5360 3495 5414 quam
3545 5343 3830 5396 transitum
3872 5339 4118 5409 episcopi

847 5433 1085 5487 tudinem
1116 5437 1354 5501 vidisset,
1407 5453 1705 5493 commotus
1755 5443 1968 5509 Spiriltl,
2017 5440 2203 5493 dolere
2234 5440 2417 5504 erepit.
2528 5442 2639 5492 fore
2671 5447 3057 5507 cognoverant,
3112 5446 3426 5506 posuerunt,
3474 5435 3718 5488 dicentes
3750 5452 3763 5485 :
3794 5431 4033 5492 Poterit,
4079 5429 4118 5481 si

847 5525 951 5576 Sed
982 5541 1098 5578 cum
1129 5539 1345 5583 sanctus
1379 5531 1653 5585 Maurilius
1680 5532 2018 5586 manubrium
2053 5531 2315 5599 tetigisset
2338 5545 2421 5583 se-
2529 5530 2784 5594 voluerit,
2817 5530 2988 5583 uestri
3013 5527 3253 5582 infantuli
3279 5529 3526 5581 obtinere
3553 5525 3804 5588 salutem,
3835 5522 3928 5590 qui
3977 5535 4120 5574 mor-

850 5616 1015 5681 curis,
1051 5618 1189 5672 illico
1221 5621 1410 5675 laxatis
1442 5625 1622 5677 nervis
1665 5633 1719 5678 et
1749 5624 1944 5678 erectis
1992 5622 2190 5691 digitis,
2245 5620 2421 5674 omni-
2527 5628 2619 5675 tuo
2651 5633 2815 5687 puero
2842 5621 3010 5673 vitam
3041 5617 3274 5674 obtinuit
3294 5617 3453 5672 etiam
3488 5623 3608 5685 post
3629 5613 3969 5684 sepulcrum.
3999 5612 4119 5664 Erat

917 5756 1463 5880 {conﬁinqrmcmuébs
1493 5755 1676 5811 Gallia:
1717 5757 2000 5828 perampla,
2049 5764 2101 5811 et
2164 5753 2448 5824 provincia:
2486 5754 2815 5824 cognominis
2867 5760 3043 5824 caput.
3076 5752 3184 5810 Sita
3214 5760 3294 5808 est
3333 5751 3396 5806 ad
3445 5751 3655 5805 Sartam
3728 5749 3976 5813 ﬂuvium,
4034 5746 4116 5798 ubi

917 5834 1035 5880 sunt
1113 5841 1160 5879 ui
1194 5842 1332 5880 nam.
1409 5841 1630 5880 οιιΑΜ).

850 5834 1035 5894 recipit
1068 5834 1332 5881 llutl'nam.
1366 5834 1630 5881 BOLLAND.
