4194 6540
167 415 255 474 573

1023 409 1175 464 VlTA
1220 408 1277 464 S.
1324 407 1636 465 MAURILII
1676 407 2204 467 ANDECAVENSIS
2245 411 2555 468 EPISCOPI

3335 423 3442 481 575

165 540 386 596 namque
421 539 551 592 Puer
579 524 669 579 ille
701 531 809 579 tam
840 522 989 592 gravi
1040 522 1366 577 infirmitatis
1395 522 1584 577 dolore
1605 536 1735 576 cnn-
1765 526 1817 581 A
1844 518 2018 591 fragio
2068 525 2398 580 constitutis.
2448 524 2871 595 Expergefactus
2899 538 3102 596 autem,
3163 534 3269 590 illis
3325 536 3439 591 cleo

161 620 394 683 strictus,
424 626 480 670 et
508 617 749 669 omnium
801 615 1166 669 membrorum
1210 614 1501 668 contractis
1534 615 1735 679 nervis.

161 709 300 781 quasi
333 709 386 763 in
418 708 679 762 circulum
710 706 1007 769 involutus,
1046 705 1117 758 ita
1151 714 1206 758 ut
1231 704 1483 773 glomeris
1508 707 1735 759 rotulam

160 802 327 872 potius
382 801 583 855 imitari
635 810 972 862 cerneretur,
999 814 1159 867 quam
1208 797 1439 851 hominis
1488 795 1734 853 formam.

156 892 481 947 Adveniettte
504 899 686 944 autem
719 891 997 958 episcopo,
1050 891 1190 943 inter
1228 887 1616 942 benedictionis
1644 888 1736 942 fla-

155 983 456 1054 gitationem
500 982 679 1035 cuncti
714 982 1025 1036 catervatim
1061 981 1129 1035 ad
1150 980 1313 1049 pedes
1341 979 1460 1048 ejus
1493 990 1731 1045 ruentes,

154 1076 361 1130 orabant
388 1082 448 1128 ut
491 1075 687 1129 infirmi
735 1074 883 1141 pueri
916 1073 1127 1142 pietatis
1157 1072 1336 1126 studio
1361 1073 1731 1127 misereretur.

152 1168 372 1222 Coactus
390 1181 523 1236 ergo
541 1165 808 1234 precibus,
825 1164 1119 1234 prostravit
1134 1177 1194 1217 se
1219 1163 1397 1217 statim
1418 1163 1469 1216 in
1489 1163 1733 1217 oratione

152 1276 263 1313 cum
291 1261 577 1329 lacrymis;
611 1274 710 1313 nec
731 1268 887 1313 antea
911 1258 980 1312 ab
998 1259 1242 1312 oratione
1269 1256 1524 1322 surrexit,
1559 1260 1731 1311 donec

154 1351 388 1405 distortis
420 1351 585 1415 tibiis,
617 1352 912 1419 cmpissent
939 1365 998 1405 se
1036 1351 1245 1419 singula
1288 1349 1445 1418 pueri
1494 1352 1732 1405 membra

155 1446 477 1499 distendere.
507 1446 661 1499 Tunc
715 1460 940 1514 surgens
969 1445 1037 1499 ab
1061 1446 1324 1509 oratione,
1372 1446 1734 1513 apprehensa-

158 1552 254 1601 qne
301 1553 463 1590 manu
496 1538 669 1603 pueri,
702 1538 977 1604 extemplo
1010 1537 1327 1591 incolumem
1375 1538 1609 1591 reddidit
1641 1552 1733 1605 pa-

154 1627 429 1689 rentibus;
464 1630 650 1696 sicque
676 1627 862 1681 beatus
893 1627 1166 1680 Maurilius
1197 1629 1297 1681 iter
1330 1629 1470 1696 quod
1495 1638 1731 1695 creperat

154 1721 451 1788 explicavit.
505 1721 638 1773 Cum
698 1729 877 1773 autem
918 1721 983 1773 ad
1032 1731 1241 1789 portum
1273 1729 1297 1756 ⁸
1331 1720 1448 1773 Lidi
1494 1721 1729 1777 ﬂuminis

151 1815 497 1880 pervenisset,
534 1813 733 1867 nullam
767 1813 963 1867 ibidem
1024 1815 1200 1867 navim
1236 1816 1462 1881 reperit,
1487 1816 1583 1869 sed
1612 1830 1728 1868 om-

154 1918 241 1956 nes
270 1918 335 1956 ex
368 1914 521 1970 parte
545 1906 711 1957 altera
744 1906 1083 1959 tenebantur.
1116 1904 1225 1960 Nec
1255 1907 1414 1959 etiam
1439 1916 1599 1959 nauta
1632 1921 1729 1974 pa-

148 1992 293 2046 rebat
321 1995 414 2062 qui
445 1994 714 2062 navigium
745 1995 1055 2049 adduceret.
1101 1996 1200 2060 Qui
1230 1996 1355 2049 dum
1383 1997 1727 2063 praestolare-

146 2094 250 2147 tur,
277 2092 332 2137 et
363 2099 521 2137 nemo
546 2094 689 2138 esset
714 2086 805 2153 qui
854 2086 1247 2148 transduceret,
1280 2095 1500 2153 repente
1542 2101 1730 2141 omnes

146 2177 359 2240 carinm,
389 2177 569 2229 divina
598 2178 840 2242 jussione
871 2188 1094 2232 semota:
1139 2192 1168 2231 a
1219 2179 1422 2241 littore,
1466 2178 1531 2232 ad
1559 2180 1728 2233 obse-

150 2268 325 2331 quium
358 2265 601 2332 pra'sulis
635 2267 685 2319 itt
712 2276 915 2334 partem
939 2268 1165 2321 alteram
1189 2267 1542 2322 deducuntur.
1573 2269 1725 2324 Unde

144 2370 260 2409 cum
307 2357 662 2425 omnipotenti
717 2357 825 2411 Deo
874 2359 1075 2425 gratias
1125 2357 1439 2422 retulisset,
1495 2358 1725 2427 ingressi

151 2462 330 2508 naves,
364 2447 475 2501 Deo
502 2448 619 2501 solo
644 2448 1023 2514 gubernatore,
1049 2462 1111 2501 ac
1136 2446 1338 2517 absque
1369 2450 1723 2503 humanorum

144 2550 425 2593 nautarum
491 2540 821 2593 adminiculo
880 2542 1225 2594 transierunt.
1283 2539 1483 2593 Verum
1543 2549 1721 2595 tamen

137 2628 305 2680 nautis
335 2628 423 2695 qui
454 2638 819 2693 accurrerant,
842 2630 993 2696 quasi
1024 2630 1069 2682 si
1101 2628 1311 2682 illorttm
1339 2630 1519 2684 labore
1547 2640 1721 2685 trans-

135 2716 283 2782 isset,
313 2722 532 2773 naulum
564 2736 670 2773 non
702 2708 970 2789 expetitus
998 2720 1112 2773 dari
1145 2720 1415 2789 praecepit.

197 2809 286 2865 2i.
332 2811 528 2864 Villam
556 2813 839 2879 quamdam
893 2810 1174 2865 Geriacum
1224 2812 1460 2875 nomine,
1521 2813 1589 2867 ad
1623 2813 1721 2865 ali-

141 2914 314 2956 menta
338 2908 701 2970 captivorum,
753 2902 1054 2967 viduarum,
1087 2903 1435 2973 pupillorum,
1482 2918 1583 2958 nec
1612 2919 1720 2959 non

132 2993 367 3047 subsidia
414 2994 741 3048 clericorum
792 3008 857 3047 ac
906 3009 1204 3065 pauperum
1246 2992 1604 3063 profuturam,
1637 2996 1721 3051 vir

138 3082 323 3137 beatus
346 3100 412 3139 ex
446 3085 607 3139 rebus
636 3084 891 3140 Ecclesia:
939 3095 1363 3153 comparaverat.
1395 3086 1565 3151 Quam
1591 3086 1718 3141 dum

131 3176 358 3239 quadam
388 3177 501 3241 die,
530 3186 589 3231 ut
612 3177 808 3231 ibidem
837 3177 1090 3246 quiddam
1119 3178 1298 3245 operis
1326 3177 1548 3244 faceret,
1596 3194 1717 3233 cum

128 3264 385 3320 fratribus
443 3268 783 3332 circumiret,
837 3276 1061 3337 repente
1106 3264 1133 3302 δ
1188 3278 1481 3337 cornupeta
1533 3269 1720 3336 vitula,

130 3353 391 3410 instinctu
430 3358 695 3411 daemonis
716 3366 855 3421 acta,
879 3372 999 3410 cum
1024 3356 1223 3424 ingenti
1248 3358 1450 3425 mugitu
1473 3372 1536 3412 ac
1555 3360 1721 3414 torvis

130 3446 414 3501 furibunda
466 3448 783 3513 luminibus,
812 3448 867 3501 in
909 3462 1037 3502 eum
1093 3448 1311 3502 rotatim
1360 3463 1481 3502 cum
1524 3464 1720 3519 magno

128 3538 327 3607 impetu
359 3539 707 3594 accurrebat.
730 3540 932 3594 Contra
962 3553 1121 3609 quam
1145 3554 1265 3593 cum
1292 3540 1483 3596 beatus
1510 3543 1721 3609 episco-

128 3646 224 3699 pus
249 3632 465 3701 signum
496 3632 673 3686 crucis
693 3641 1009 3700 opponeret,
1036 3646 1160 3686 mox
1180 3632 1429 3687 diabolus
1453 3634 1521 3687 de
1541 3634 1721 3702 capite

124 3723 238 3791 ejus
287 3724 342 3776 in
385 3725 572 3792 specie
622 3724 767 3779 corvi
814 3722 1118 3792 egrediens,
1169 3723 1418 3789 evolavit,
1459 3734 1515 3777 et
1544 3725 1721 3780 subito

131 3817 266 3868 sicut
295 3817 482 3869 fumus
524 3816 762 3869 evanuit.
794 3815 945 3869 Multi
966 3814 1113 3869 enim
1143 3815 1400 3879 fidelium,
1433 3817 1525 3884 qui
1551 3817 1721 3870 comi-

133 3907 383 3961 tabantur
418 3922 543 3962 cum
571 3922 659 3972 eo,
713 3907 883 3960 oculis
928 3907 1045 3961 haec
1073 3907 1346 3975 corporeis
1389 3907 1573 3961 videre
1602 3920 1717 3962 me-

128 4007 377 4052 ruerunt.
412 3997 613 4052 Bucula
645 4012 773 4053 vero
795 3998 942 4068 gregi
977 4012 1076 4053 suo
1114 3997 1300 4053 statim
1333 3998 1515 4055 mitior
1534 4014 1596 4056 se
1619 4015 1720 4056 ove

131 4090 451 4153 immiscuit,
482 4098 538 4143 et
564 4088 823 4157 deinceps
852 4089 1122 4143 neminem
1152 4088 1309 4146 Iussit.

185 4178 277 4233 22.
311 4180 564 4245 Quadam
620 4179 726 4245 die,
754 4194 874 4233 cum
906 4192 1000 4247 per
1031 4188 1055 4217 ο
1092 4178 1350 4234 Mediana:
1380 4179 1599 4234 ﬂuvium
1624 4194 1715 4235 na-

124 4268 227 4324 vali
254 4272 625 4325 subvectione
652 4272 704 4323 in
733 4269 940 4339 Ligeris
968 4270 1122 4323 alveo
1148 4282 1339 4326 secure
1364 4269 1719 4327 descenderet

121 4357 422 4423 laurilius,
469 4357 681 4427 jejunio
726 4357 980 4428 fatigatus
1024 4366 1080 4413 et
1130 4358 1401 4423 oratione,
1451 4358 1507 4414 in
1559 4361 1711 4414 navis

126 4449 281 4518 puppi
338 4450 627 4518 paululum
679 4449 1080 4514 obdormierat;
1109 4462 1229 4503 cum
1259 4449 1458 4515 subito,
1492 4450 1713 4505 humani

1748 3225 1796 3290 Ο

1846 617 2081 671 mentius
2108 617 2180 670 ait
2208 632 2222 671 :
2255 615 2395 684 Quid
2445 631 2532 671 me
2562 619 2841 685 quaeritis?
2866 635 2960 675 vos
2999 621 3197 678 fratres
3226 626 3441 682 satisfa-

1844 721 1969 761 cere
1997 710 2281 774 poteratis.
2315 708 2467 762 Tunc
2497 719 2737 776 accepta.
2764 727 2885 780 qua:
2926 713 3193 769 benedicti
3219 716 3437 785 liquoris

1844 806 1961 852 erat
1991 799 2293 863 vasculum,
2320 799 2578 867 ampulla,
2611 815 2737 853 mox
2762 812 2817 855 ut
2844 804 3020 858 oleum
3041 819 3165 859 cum
3193 809 3438 864 oratione

1841 898 1896 943 et
1933 894 2090 959 signo
2131 889 2307 942 crucis
2359 890 2412 942 iit
2461 891 2724 960 gurgitem
2759 897 3040 961 respersit,
3082 898 3171 952 illa
3204 900 3437 954 saeviens

1843 979 2181 1047 tempestatis
2214 979 2475 1048 procella,
2514 984 2827 1051 temperatis
2871 984 3109 1053 flatibus,
3160 990 3436 1058 extemplo

1840 1072 2087 1124 cessavit.
2145 1071 2278 1124 Laeti
2334 1086 2463 1140 ergo
2523 1082 2578 1126 et
2626 1073 2925 1133 incolumes
2977 1091 3338 1148 pervenerunt
3366 1083 3433 1137 ad

1840 1171 2073 1230 portum.

1909 1256 1999 1311 25.
2042 1257 2376 1314 Adolescens
2401 1259 2619 1329 quidam
2648 1261 3069 1318 catecliumenus
3112 1264 3180 1320 de
3204 1280 3434 1321 numero

1842 1347 2100 1401 Ecclesiae
2122 1347 2222 1400 sibi
2247 1351 2572 1415 commissae,
2595 1351 2820 1407 absente
2850 1352 3115 1418 Mattrilio,
3141 1366 3245 1411 tam
3269 1358 3434 1412 velte-

1839 1448 2072 1492 mentettt
2096 1437 2299 1493 febrem
2333 1439 2654 1507 incurrerat,
2688 1453 2745 1497 ut
2775 1454 3063 1514 antequam
3101 1448 3240 1502 sacri
3270 1447 3434 1505 fontis

1838 1528 2162 1598 baptismate
2185 1533 2493 1599 regenerari
2528 1533 2810 1601 potuisset,
2853 1536 2879 1572 ά
2914 1538 3162 1605 spiritum
3213 1540 3432 1595 exhala-

1835 1631 1932 1673 ret.
1973 1620 2080 1672 l\'ec
2128 1636 2300 1684 mora,
2356 1633 2605 1689 parentes
2653 1625 2820 1692 ipsius
2868 1642 2983 1703 non‘
3006 1628 3122 1683 sine
3153 1630 3433 1685 immensis

1840 1709 2121 1779 lactymis,
2156 1711 2282 1763 ilum
2317 1711 2467 1766 locus
2498 1714 2665 1768 funeri
2693 1727 2993 1782 pararetur,
3017 1733 3138 1771 eum
3172 1720 3237 1772 ad
3261 1724 3432 1774 eccle-

1835 1799 1966 1853 siam
1999 1801 2330 1865 detulerunt,
2359 1818 2481 1855 cum
2508 1803 2687 1857 subito
2713 1804 2899 1859 beatus
2931 1808 3211 1862 Mam-ilius
3239 1812 3431 1865 adesse

1839 1893 2132 1946 nuntiatur.
2157 1892 2257 1960 Qui
2279 1905 2556 1963 comperto
2573 1897 2715 1964 quod
2738 1897 2855 1951 sine
2886 1899 3221 1966 baptismatis
3250 1917 3427 1957 reme-

1834 1983 1923 2038 dio
1952 1985 2140 2038 ultimo
2170 1986 2485 2054 fungeretur
2511 1988 2717 2056 oflicio,
2761 1990 3041 2058 ingemuit.
3088 1993 3243 2048 Tunc
3292 2008 3420 2049 sen-

1836 2076 1971 2130 tiens
2000 2092 2094 2144 per
2122 2077 2369 2147 spiritum
2397 2080 2497 2133 sibi
2517 2081 2707 2135 adesse
2727 2084 3002 2151 virtutem,
3026 2085 3211 2153 egredi
3238 2100 3428 2140 omnes

1841 2168 2090 2221 cellulam
2123 2169 2176 2221 in
2206 2184 2308 2237 qua
2341 2184 2536 2237 corpus
2554 2171 2771 2238 jacebat
2811 2176 3081 2244 praecepit.
3121 2175 3217 2230 Ubi
3244 2177 3429 2246 singu-

1831 2257 1960 2314 laris
1989 2274 2109 2314 cum
2142 2277 2309 2331 puero
2341 2277 2650 2329 remanens,
2684 2265 2753 2320 de
2782 2282 2931 2321 more
2962 2270 3254 2335 prostravit
3281 2285 3341 2326 se
3372 2270 3425 2324 in

1831 2351 2074 2405 oratione
2105 2366 2226 2405 cum
2249 2354 2473 2420 gemitu.
2512 2353 2576 2407 Et
2601 2356 2783 2423 rigans
2809 2357 3063 2428 lacrymis
3094 2360 3293 2427 solum,
3339 2368 3426 2417 vix

1831 2450 2031 2494 tantum
2058 2443 2233 2511 spatio
2253 2443 2408 2497 unius
2425 2442 2571 2499 horas
2594 2446 2942 2516 intergresso,
2962 2450 3093 2505 vidit
3112 2451 3423 2508 defunctum

1829 2533 2081 2600 paulatim
2135 2535 2385 2588 omnibus
2437 2537 2694 2591 membris
2724 2542 3076 2594 commoveri.
3110 2542 3279 2609 Quem
3309 2556 3422 2598 sta-

1831 2624 1949 2688 tim,
2004 2633 2063 2678 ut
2106 2625 2173 2679 de
2214 2627 2462 2681 oratione
2491 2630 2747 2697 surrexit,
2802 2632 3137 2699 parentibus,
3185 2637 3274 2699 qui
3326 2653 3424 2705 pro

1830 2715 2036 2771 foribus
2058 2719 2363 2784 astiterant,
2397 2720 2574 2774 vivum
2622 2731 2676 2775 et
2718 2722 3041 2779 incolumem
3076 2726 3329 2792 reddidit,
3361 2744 3424 2783 ac

1829 2808 1985 2863 sacro
2012 2809 2335 2877 baptismate
2357 2816 2712 2868 consecravit.
2735 2814 2877 2869 Duos
2899 2816 3132 2885 denique
3155 2820 3421 2888 leprosos,

1830 2899 1931 2953 sub
1961 2900 2080 2967 ipso
2112 2910 2357 2969 tempore
2384 2902 2643 2968 pert-ariis
2660 2904 2975 2958 vulneribus
2992 2906 3245 2961 obsessos
3262 2918 3423 2977 atque

1829 2988 2079 3056 foedatos,
2107 2991 2233 3045 dum
2265 2992 2456 3046 salutis
2499 2994 2796 3048 remedium
2827 3010 2854 3047 a
2882 2996 3041 3049 beato
3064 2998 3418 3064 postularent,

1823 3084 1965 3149 illos,
1988 3086 2154 3140 verbo
2180 3095 2381 3139 tantum
2398 3086 2717 3155 medicante,
2734 3088 2836 3144 sub
2853 3102 3126 3144 momento
3145 3093 3351 3145 curavit
3371 3094 3417 3147 °.

1900 3177 1994 3231 24.
2024 3176 2347 3244 Peregrinus
2367 3176 2583 3244 quidam
2612 3177 2744 3231 dum
2779 3180 2993 3231 hiemali
3028 3190 3273 3243 tempore
3306 3196 3419 3247 poe-

1827 3265 2048 3320 nitentis
2073 3266 2309 3319 habitum
2338 3280 2555 3334 gerens,
2580 3266 2901 3321 medicinam
2926 3269 3120 3321 anima:
3138 3284 3249 3323 suae
3272 3286 3418 3337 qna:-

1824 3358 2014 3422 rendo,
2072 3358 2222 3411 vicos
2263 3368 2319 3411 et
2367 3358 2526 3411 nrbes
2579 3359 2838 3427 plurimas
2882 3360 3157 3421 circuiret,
3201 3361 3415 3415 beatum

1821 3450 2147 3514 Maurilium,
2176 3448 2331 3517 cujus
2351 3450 2459 3516 jam
2487 3449 2740 3503 bonitatis
2767 3449 2960 3504 famam
2990 3452 3256 3513 audierat,
3286 3467 3418 3520 qna-

1823 3554 1984 3597 tenus
2015 3543 2083 3595 ab
2115 3542 2232 3610 ipso
2258 3541 2477 3595 verbum
2510 3540 2703 3595 salutis
2731 3540 2919 3596 audire
2968 3543 3247 3608 potuisset,
3300 3542 3420 3596 lon-

1821 3633 1943 3703 gius
1972 3629 2132 3685 exsul
2161 3645 2191 3683 a
2223 3628 2389 3699 patria
2431 3644 2552 3683 cum
2607 3627 2727 3683 aliis
2774 3631 3073 3700 peregrinis
3128 3630 3415 3685 itinerator

1826 3723 1961 3797 [ΑΙ.⁹
1990 3720 2234 3791 iterator]
2264 3722 2452 3774 avidus
2480 3719 2766 3787 expetebat
2798 3718 2844 3774 ί.
2877 3721 2984 3776 Sed
3028 3733 3314 3791 antequam
3346 3725 3414 3778 ad

1821 3813 1996 3882 ipsum
2044 3812 2329 3880 pervenire
2382 3808 2669 3878 potuisset,
2720 3812 3003 3877 repentina
3048 3824 3222 3866 morte
3255 3814 3306 3865 in
3335 3816 3417 3867 via

1822 3912 2150 3973 pmventus,
2195 3901 2451 3957 occubuit
2504 3911 2771 3956 mortuus.
2804 3902 2903 3958 Ubi
2949 3918 3072 3957 cum
3106 3904 3418 3973 peregrino-

1822 4009 1942 4049 rum
1968 3992 2152 4062 aliqui,
2183 3992 2444 4061 multique
2466 4007 2533 4047 ex
2563 3991 2757 4047 vicinis
2788 3994 3032 4062 partibus
3058 3994 3125 4047 ad
3143 3996 3413 4066 peregrini

1822 4087 2028 4142 obitum
2059 4084 2460 4151 convenissent,
2479 4085 2674 4140 accidit
2693 4092 2751 4139 ut
2774 4085 2981 4140 electus
3008 4088 3103 4140 Dei
3132 4089 3412 4152 sacerdos,

1820 4178 1909 4246 qui
1938 4192 2038 4246 pro
2066 4175 2378 4244 supplendis
2404 4175 2683 4230 commissi
2705 4175 2809 4230 sibi
2846 4177 3025 4246 gregis
3054 4176 3412 4233 necessitudi-

1821 4266 1977 4321 nibus
2006 4264 2413 4335 infatigabiliter
2443 4264 2687 4320 laborare
2708 4266 2971 4331 certabat,
2998 4283 3028 4321 a
3060 4268 3177 4322 vico
3194 4278 3221 4316 ε
3243 4269 3410 4334 Sapo~

1820 4360 1973 4413 naria
1996 4367 2297 4422 revertens,
2328 4356 2394 4411 ad
2419 4356 2549 4426 justi
2580 4364 2636 4411 et
2662 4358 2833 4412 sancti
2877 4358 3142 4429 peregrini
3175 4360 3411 4416 hominis

1818 4448 2046 4502 cadaver
2071 4447 2345 4501 Maurilius
2375 4447 2706 4501 advenisset.
2740 4448 2841 4514 Qui
2878 4462 3001 4502 cum
3049 4448 3288 4504 debitum
3338 4450 3410 4505 de

122 4541 332 4606 generis
382 4540 678 4593 insidiante
718 4539 960 4603 inimico,
994 4549 1275 4606 cmperunt
1311 4541 1537 4609 gurgitis
1567 4542 1711 4595 intu-
1739 4576 1793 4637 Ι)
1822 4555 1976 4596 more
2006 4556 2102 4610 pro
2128 4541 2467 4595 absolutione
2497 4540 2691 4595 animae
2724 4539 2931 4596 funeris
2962 4542 3198 4598 officium
3231 4548 3408 4600 exsol-

120 4647 358 4685 inescere
400 4634 635 4693 tluctus;
669 4632 737 4683 ita
770 4640 826 4684 ut
853 4632 1168 4685 cadentibus
1190 4631 1426 4700 desuper
1454 4632 1709 4702 lymphis,

125 4722 399 4794 submergi
428 4722 590 4775 navis
611 4731 979 4778 autumaretur
1003 4725 1053 4778 in
1082 4723 1259 4778 undis.
1284 4724 1437 4781 Tunc
1459 4725 1707 4794 discipuli

125 4815 313 4870 timore
347 4815 624 4882 perterriti
648 4815 1013 4870 excitaverunt
1033 4832 1180 4880 eum,
1210 4816 1454 4871 dicentes
1479 4836 1491 4869 :
1512 4818 1714 4873 Exsur-

124 4919 184 4969 ge
211 4908 560 4975 quantocius,
605 4915 658 4961 et
703 4920 954 4962 succurre
983 4906 1037 4961 in
1066 4922 1329 4976 supremae
1355 4909 1546 4963 mortis
1575 4924 1711 4964 nau-

185 5081 210 5107 ⁸
244 5077 426 5131 Ledus
457 5085 547 5131 est
575 5075 761 5129 Galliae
783 5076 1147 5131 Narbonensis
1193 5092 1387 5143 amnis,
1420 5094 1577 5147 quem
1601 5083 1712 5135 tin-

118 5160 214 5219 gua
246 5162 338 5219 sua
372 5150 425 5219 le
448 5147 557 5199 ιρι
584 5158 919 5219 nuncupant;
951 5150 1041 5201 sed
1064 5148 1294 5219 dubium
1329 5166 1431 5201 non
1463 5160 1546 5203 est
1584 5155 1707 5219 quin

119 5215 554 5284 btcsignificetur
586 5216 799 5277 Ltedus.
822 5216 1029 5273 Gallice
1050 5218 1095 5270 le
1131 5216 1274 5272 Loir.
1302 5219 1518 5274 Fluvios
1542 5215 1624 5275 hic
1657 5224 1708 5277 in

120 5284 409 5341 Perticensi
447 5288 722 5357 provincia
752 5300 920 5349 ortus.
954 5290 1336 5342 Carnutensetn
1380 5289 1570 5345 Belsite
1598 5302 1709 5347 tra-

120 5366 258 5409 ctum
289 5359 484 5412 defluit
514 5375 526 5409 :
553 5357 689 5430 dein»
711 5360 857 5430 varia
887 5360 1033 5411 alluit
1058 5361 1193 5425 loca,
1225 5370 1278 5413 et
1305 5360 1517 5413 tandem
1550 5365 1709 5430 paulo

121 5443 274 5500 supra
300 5431 661 5500 Andegavum
679 5428 729 5500 in
747 5429 955 5500 Sgtrtam
974 5445 1181 5483 amnem
1199 5444 1257 5483 se
1269 5428 1561 5485 exonerat.
1575 5433 1705 5488 Βοι..

185 5496 435 5575 [δίιιιῇιβ
471 5496 501 5551 a
537 5497 765 5575 Martino
783 5498 1086 5575 Iuronensi
1122 5500 1319 5555 factum
1366 5502 1562 5569 legitur
1591 5520 1708 5575 ejus

120 5566 168 5619 in
202 5566 338 5627 Vita,
360 5571 457 5623 lib.
497 5583 581 5629 ιιι,
613 5570 751 5633 apud
781 5569 1150 5625 Fortunatum.

192 5651 210 5675 ε
242 5637 462 5691 Fluvios
493 5640 684 5692 Gallia:
715 5641 765 5691 la
813 5639 993 5693 Maiae
1041 5642 1234 5696 dictus.
1276 5641 1332 5695 In
1368 5641 1707 5703 Normannitn

122 5705 282 5761 limite
310 5719 491 5774 ortus,
539 5724 633 5775 per
664 5710 998 5763 Cenomanos
1029 5711 1218 5775 ﬂuens,
1249 5713 1565 5770 Metluanam
1612 5734 1706 5772 ur-

122 5778 232 5851 item
288 5792 341 5832 et
394 5781 697 5851 Lavalliutn
732 5782 887 5848 rigat.
922 5783 1095 5850 Supra
1120 5786 1486 5851 Andegavutn,
1516 5799 1706 5845 auctus

120 5844 263 5901 Sarta
282 5861 332 5904 et
348 5850 515 5905 lardo
535 5844 866 5919 ﬂuminibus,
886 5852 934 5908 in
958 5844 1187 5923 Ligerim
1202 5868 1257 5911 se
1273 5844 1552 5913 ἓκοηειξιι.
1575 5844 1702 5916 80L.

1821 4638 2004 4701 visset,
2033 4646 2087 4691 et
2112 4635 2322 4703 populis
2352 4649 2657 4689 sermonem
2689 4634 2759 4688 de
2799 4635 3057 4705 religione
3103 4640 3402 4705 conferret,

1821 4728 2013 4780 mirum
2061 4726 2236 4780 dictu!
2272 4726 2451 4779 subito
2493 4741 2553 4780 se
2607 4726 2783 4795 palam
2840 4729 3090 4781 omnibus
3118 4728 3404 4785 defunctus

1818 4818 2007 4881 erexit,
2061 4825 2117 4871 et
2160 4832 2280 4871 cum
2312 4817 2535 4883 reliquis
2585 4816 2699 4871 Deo
2730 4819 2934 4887 gratias
2971 4822 3232 4881 referens,
3263 4821 3405 4890 quod

1819 4923 1913 4978 per
1941 4910 2153 4964 beatum
2179 4908 2481 4963 Maurilium
2512 4906 2772 4963 Dominus
2794 4924 2919 4963 cum
2974 4912 3401 4975 resuscitaverit,

1890 5083 2304 5155 eblagnobodus
2334 5101 2440 5140 non
2474 5086 2617 5141 hunc
2666 5098 2934 5142 mortuum
2982 5089 3149 5145 fuisse
3182 5092 3393 5155 scribit,

1816 5154 1909 5208 sed
1939 5156 1989 5208 itt
2019 5158 2128 5222 ipso
2152 5157 2381 5236 qujunt
2407 5159 2566 5236 [ututi
2595 5159 2762 5236 exitus
2794 5160 3163 5236 periculo,_via:
3191 5154 3398 5215 tandem

1816 5242 2062 5300 supremo
2082 5227 2267 5295 spiritu
2289 5227 2625 5300 palpitantem
2656 5244 2684 5281 a
2707 5229 2953 5285 Maurilio
2983 5231 3221 5300 pristinas
3250 5236 3396 5285 sani-

1818 5297 1908 5348 tati
1942 5297 2243 5349 restituttttn
2274 5297 2453 5350 fuisse.
2484 5344 2493 5351 .

1891 5374 1914 5441 ὲ
1941 5365 2102 5419 Addit
2132 5367 2490 5441 Magnnbodus
2513 5367 2677 5423 hosce
2696 5369 2959 5438 leprosos,
2985 5372 3177 5441 stipem
3197 5387 3226 5425 a
3258 5373 3392 5425 Man-

1815 5436 1938 5490 rilio
1969 5448 2231 5501 petentes,
2264 5439 2543 5492 sanitatem
2579 5436 2870 5504 recepisse.

1892 5505 2297 5577 flllagnobodus
2358 5510 2572 5562 diverso
2618 5510 2816 5577 aliquid
2864 5511 3025 5565 modo
3077 5524 3259 5565 narrat
3293 5512 3394 5563 hoc.

1816 5577 2034 5641 factum,
2085 5594 2181 5633 nec
2223 5580 2561 5647 peregrinum
2593 5580 2693 5632 iter
2733 5580 2859 5635 illud
2914 5583 2981 5635 ad
3034 5583 3309 5636 visendum
3342 5595 3397 5636 et

1814 5650 2236 5703 conveniendum
2270 5650 2326 5703 S.
2352 5648 2647 5703 Manrilium
2681 5650 2812 5705 dicit
2842 5653 3165 5719 suscepisse.

1888 5729 1912 5765 ε
1946 5719 2099 5773 Villa:
2130 5720 2441 5788 Saponaria:
2464 5722 2666 5774 mentio
2691 5722 2746 5773 fit
2770 5723 2821 5775 in
2854 5734 3172 5778 testamento
3197 5722 3395 5788 Perpe-

1818 5789 1890 5842 tui
1941 5790 2175 5861 episcopi
2233 5790 2583 5856 Tttronensis,
2637 5807 2807 5861 caque
2834 5794 2899 5847 ad
2929 5794 3119 5848 Carum
3175 5794 3391 5848 fluvium

1814 5861 1970 5930 vulgo
2001 5862 2047 5914 lc
2075 5860 2206 5915 ωιτη·
2232 5864 2400 5930 posita
2432 5862 2712 5917 indicatur.
