4194 6604
761 487 862 540 579
1514 479 1828 537 VENANIII
1875 479 2030 534 IION.
2075 479 2277 535 CLEM.
2327 476 2728 534 FOiiTUNATl
2771 477 3053 534 OPEliUil
3101 475 3274 533 PARS
3322 475 3385 532 ll.
3951 477 4040 533 580

760 605 836 658 rei
864 601 1086 654 arduum
1133 599 1330 655 habere
1386 600 1629 652 videatur
1687 599 1920 658 mittunt,
1953 611 2004 650 tn
2054 601 2151 650 hac
2196 610 2349 650 mens
2380 599 2424 654 Α
2463 593 2744 646 Ιίιιιιιῑηρηι
2775 592 2948 648 reddit
2979 591 3316 647 flammarum
3373 592 3705 648 examinatio
3759 593 4032 662 pretiosos,

761 691 1119 762 trepidatione
1149 691 1397 759 respirat,
1429 689 1568 758 quod
1591 704 1804 755 semper
1831 686 2007 749 opifex
2038 702 2192 741 suum
2247 685 2348 738 uti-

761 789 994 839 nistrum
1024 782 1205 837 divina
1259 781 1612 835 instructinne
1667 779 1940 842 informet,
1973 788 2026 833 et
2082 777 2350 831 inchoanti

761 879 973 933 initium
1014 885 1068 930 et
1128 876 1323 943 ingenii
1376 874 1757 944 perfectionem
1805 871 2194 926 accommodet.
2245 869 2354 923 llac

765 984 896 1038 ergo
919 966 1351 1021 consideratione
1379 966 1654 1020 audaciam
1685 963 1864 1018 nimia:
1905 963 2222 1018 temeritatis
2266 977 2353 1015 as-

764 1077 987 1117 sumens
1019 1103 1032 1123 ,
1093 1077 1213 1128 qua:
1275 1062 1432 1126 longo
1483 1069 1726 1128 tempore
1774 1062 1985 1113 fuerant
2035 1059 2350 1112 obumbrata

768 1153 1006 1214 silentio,
1032 1151 1198 1219 ipsius
1220 1151 1510 1205 divinitatis
1542 1151 1738 1204 auxilio
1769 1151 1998 1218 incoepta
2029 1159 2154 1204 sunt
2203 1165 2352 1204 rese-

771 1245 962 1296 randa.
1019 1243 1175 1308 Quia,
1211 1252 1269 1295 ut
1321 1243 1480 1295 habet
1537 1242 1899 1295 testimonium
1949 1241 2212 1303 veritatis,
2239 1241 2354 1309 plus

763 1334 994 1399 ﬁdelium
1038 1344 1153 1387 sunt
1199 1335 1446 1386 relatione
1483 1343 1741 1400 comperta
1772 1348 1926 1401 quant
1971 1334 2247 1398 probentur
2286 1331 2356 1383 ad

762 1444 858 1480 nos
897 1427 1111 1479 lectione
1151 1427 1475 1478 transmissa.
1509 1425 1658 1479 L'nde
1685 1440 1789 1478 non
1820 1426 1936 1478 sine
1964 1423 2095 1477 certi
2125 1423 2355 1477 aestima-

764 1521 911 1574 tione
931 1519 1214 1588 conjicitur
1233 1519 1374 1586 quod
1395 1519 1600 1572 novitas
1630 1518 1804 1571 adhuc
1827 1517 2161 1571 credentium
2191 1532 2354 1586 popu-

767 1613 963 1674 lorum,
993 1612 1272 1680 gentilium
1305 1610 1618 1664 crudelitate
1656 1618 1681 1645 ι
1733 1611 2011 1670 contrista,
2055 1608 2357 1662 formidavit

763 1704 1179 1773 scribere,quod
1214 1714 1388 1755 tamen
1418 1703 1685 1768 gaudebat
1713 1700 1806 1753 Dei
1834 1701 2059 1754 famulos
2092 1703 2356 1753 met-uisse

764 1811 889 1850 cum
938 1798 1054 1849 sine
1111 1794 1272 1848 dubio
1324 1793 1629 1862 judiceutur
1681 1794 1901 1860 scripta,
1956 1807 2072 1860 quze
2123 1790 2355 1844 lidelimn

763 1901 946 1940 sermo
979 1896 1204 1941 testatur
1234 1886 1470 1952 impleta.
1505 1884 1839 1938 Credendum
1872 1883 2014 1937 enim
2044 1883 2112 1936 de
2140 1883 2224 1936 his
2253 1893 2353 1947 cst,

2460 685 2525 738 ad
2555 685 2892 753 suscipienda
2925 686 3172 740 mandata
3235 685 3444 739 Domini
3500 684 3730 741 idoneos
3788 688 4041 755 apostolo-

2456 793 2572 830 rum
2627 793 2748 832 csse
2798 777 3056 844 judicavit
3097 778 3310 831 electio.
3369 777 3578 844 Quibus
3633 786 3690 832 et
3745 777 4040 845 evangelica

2457 881 2717 938 prmcepta
2769 885 2983 938 semper
3011 872 3289 939 agentibus
3335 869 3598 925 servanda
3631 871 4039 932 committerent,

2453 963 2748 1030 electisque
2769 965 2894 1017 viris
2924 963 3016 1018 Dei
3039 964 3391 1032 dispositione
3418 963 3774 1032 providenter
3801 964 4040 1016 honorem

2453 1056 2807 1112 decreverunt
2833 1057 3193 1125 episcopalem
3225 1056 3537 1126 adjttngcre,
3563 1071 3672 1126 quo
3705 1057 3914 1110 facilius
3956 1071 4040 1109 eo-

2455 1165 2572 1205 rum
2600 1150 3071 1218 prredicationibus
3100 1152 3342 1217 acquisiti
3392 1153 3456 1206 ad
3506 1151 3868 1207 ministerium
3916 1154 4041 1206 sacri

2459 1243 2884 1311 proveherentur
2941 1244 3147 1297 altaris.
3205 1243 3279 1297 Ex
3312 1258 3419 1312 qua
3467 1242 3846 1297 confessormn
3906 1242 4044 1295 turba

2457 1346 2701 1388 sanctum
2731 1345 2788 1389 et
2818 1334 3104 1388 venerandi
3137 1335 3309 1389 meriti
3341 1332 3365 1370 ἀ
3393 1335 3745 1389 Saturninum
3786 1334 3914 1387 urbs
3952 1334 4045 1386 To-

2458 1428 2638 1482 losana
2666 1430 3029 1497 promeruisse
3051 1428 3244 1497 gaudet
3264 1428 3602 1496 episcOpum,
3622 1443 3783 1497 quetu
3809 1427 4046 1494 impietas

2457 1522 2754 1588 Spectantis
2794 1521 2972 1590 populi
3007 1521 3394 1591 posterioribus
3425 1521 3566 1576 tauri
3613 1520 3796 1575 multis
3833 1521 4048 1575 nexibus

2460 1613 2676 1682 ligatunt
2697 1613 2867 1676 dedit,
2891 1612 3139 1679 Capitolii
3166 1612 3420 1680 gradibus
3443 1612 3758 1666 iiiidendum
3781 1629 3794 1673 ;
3820 1614 3906 1665 ubi
3932 1627 4048 1666 sau-

2463 1707 2532 1758 Cli
2579 1705 2769 1771 capitis
2799 1706 2969 1759 soluta
2997 1719 3276 1774 compage,
3301 1705 3586 1760 cerebrum
3621 1704 3920 1774 frequentis
3951 1707 4046 1758 illi-

2460 1798 2626 1850 sionis
2658 1795 2913 1864 dispersit
2944 1796 3159 1864 injuria,
3184 1796 3276 1852 sed
3309 1796 3400 1850 tali
3433 1796 3702 1852 descensu
3754 1797 3820 1850 ad
3870 1797 4046 1850 Domi-

2461 1903 2584 1940 num
2613 1902 2894 1942 assecutus
2923 1899 3003 1941 est
3041 1902 3353 1942 ascensum.
3381 1887 3529 1943 Felix
3565 1891 3647 1942 vir
3691 1890 3824 1942 tanti
3857 1889 4049 1949 meriti,

763 1991 839 2043 et,
872 1981 1110 2034 abstersa
1147 1978 1174 2016 δ
1213 1977 1500 2031 dubietatis
1544 1977 1722 2042 justae,
1759 1974 1884 2027 totis
1936 1975 2140 2027 viribus
2183 1974 2352 2027 conti-
2394 1961 2434 2019 Β
2459 1987 2728 2046 tantzeque
2757 1989 2814 2032 et
2857 1993 3099 2044 personae
3129 1987 3185 2033 et
3208 1979 3444 2046 virtutis,
3475 1979 3561 2034 cui
3612 1993 3930 2034 concessum
3976 1991 4053 2034 est

765 2071 1140 2135 tendum,eos
1177 2071 1265 2137 qui
1309 2083 1402 2138 per
1443 2067 1838 2120 confessionem
1892 2065 2098 2119 Domini
2146 2079 2208 2118 ac
2259 2065 2350 2120 Dei

765 2165 931 2217 nostri
952 2163 1097 2232 digni
1127 2163 1340 2216 fueruttt
1359 2161 1540 2214 subire
1563 2160 1896 2230 martyrium,
1913 2159 2072 2212 etiam
2095 2159 2352 2225 ampliora

764 2256 996 2309 tolerare
1021 2257 1255 2309 voluisse
1284 2269 1444 2321 quam
1474 2255 1687 2308 videtur
1726 2251 2141 2306 succedentibus
2185 2252 2356 2304 aetati-

769 2350 868 2400 bus
901 2347 1091 2401 relatio
1120 2361 1214 2414 per
1241 2347 1466 2413 p0pulos
1496 2343 1810 2397 transmissa
1845 2343 2106 2397 recolere.
2139 2339 2192 2394 Id
2225 2355 2354 2410 ergo

763 2439 1078 2506 supplicatio
1109 2437 1407 2490 communis
1429 2437 1687 2499 obtineat,
1709 2445 1767 2488 ut
1797 2436 2005 2488 veniam
2052 2447 2352 2500 consequao

767 2539 853 2583 tur
883 2529 1148 2592 devotus,
1178 2530 1224 2582 si
1279 2529 1346 2582 de
1395 2527 1684 2581 virtutibus
1732 2526 2077 2594 praetermisit
2118 2525 2352 2594 ignarus.

765 2619 897 2672 Nam
933 2619 1032 2672 etsi
1070 2617 1246 2672 omnia
1280 2633 1384 2671 non
1417 2628 1438 2654 ε
1474 2632 1596 2672 esse
1640 2618 1920 2670 solvuntur
1965 2617 2188 2671 credere
2238 2616 2356 2670 uni-

769 2712 994 2765 versitas
1021 2721 1296 2766 mereatur
1319 2721 1376 2764 ut
1405 2711 1496 2765 Dei
1527 2711 1756 2764 famulus
1783 2711 1944 2765 etiam
1983 2708 2188 2778 majora
2235 2723 2359 2765 sen-

767 2802 862 2856 tiat
890 2816 1046 2870 quam
1070 2818 1250 2856 sermo
1281 2801 1546 2869 passionis
1585 2802 1864 2869 expiauet.
1920 2800 2162 2866 Qualiter
2212 2799 2354 2854 enim

767 2895 1025 2948 cultorem
1057 2893 1269 2946 Domini
1297 2894 1444 2946 locus
1477 2893 1562 2946 illc
1587 2893 1828 2960 gaudens
1865 2900 1918 2946 et
1961 2892 2079 2961 ejus
2124 2891 2359 2960 patroci-

769 2988 915 3038 nium
974 2985 1170 3038 habere
1225 2985 1558 3053 promeruit,
1603 2985 1818 3053 quando
1861 2984 2086 3037 aliorum
2141 2993 2358 3038 sancto-

766 3092 884 3130 rum
933 3077 1204 3129 inventum
1260 3074 1336 3128 illi
1387 3074 1762 3143 agnoveritnus
1809 3073 1976 3128 fuisse
1998 3076 2354 3140 consortium,

766 3169 846 3221 sic
905 3169 1140 3221 fidelium
1214 3167 1474 3221 relatione
1535 3167 1764 3221 dicimus
1830 3167 2068 3236 ipsorum
2130 3166 2359 3236 juvami-

769 3274 836 3312 ne
867 3270 1182 3329 martyrum,
1213 3267 1470 3328 quatttum
1500 3258 1567 3312 de
1598 3273 1656 3314 se
1685 3260 1823 3312 scire
1848 3257 2109 3323 tribuunt,
2133 3258 2361 3326 explice-

769 3366 908 3404 ιιηιδ.

843 3443 899 3495 2.
946 3443 1109 3514 Igitur
1135 3454 1255 3512 post
1287 3443 1493 3498 Domini
1526 3442 1692 3498 nostri
1719 3443 1844 3498 Jcsu
1874 3442 2075 3497 Christi
2122 3443 2360 3498 salutife-

773 3551 888 3589 ram
921 3537 1248 3602 passionem,
1281 3547 1398 3604 post
1451 3535 1864 3590 resurrectionis
1906 3535 2078 3587 unica:
2124 3533 2361 3602 singula-

769 3629 952 3696 risque
976 3629 1314 3698 mysterium,
1341 3637 1456 3696 post
1487 3628 1858 3681 ascensionem
1887 3625 2027 3694 ejus,
2057 3640 2158 3694 qua
2189 3624 2364 3679 mani-

773 3719 991 3772 festavit
1021 3719 1328 3772 hominibus
1351 3733 1618 3785 nunquam
1647 3731 1704 3770 se
1740 3715 1972 3770 defuisse
2015 3729 2122 3784 quo
2175 3717 2356 3784 rediit,

779 3808 1142 3876 apostolorum
1171 3809 1478 3875 praedicatio
1509 3809 1774 3860 universis
1803 3807 2050 3876 gentibus
2078 3805 2351 3874 profutura

767 3902 1046 3955 successit.
1074 3901 1170 3965 Qui
1195 3917 1314 3954 cum
1339 3901 1619 3954 imminere
1643 3914 1771 3953 suas
1821 3906 2106 3951 cernerent
2151 3899 2354 3966 passio-

771 4004 887 4055 nes,
914 3991 1057 4056 quod
1093 3991 1317 4044 Domino
1367 4003 1551 4043 nostro
1596 3990 1721 4043 Jesu
1773 3991 1989 4042 Christo
2035 3987 2352 4047 didicerant,

771 4082 958 4146 repleti
1013 4081 1242 4148 Spiritus
1297 4081 1465 4134 sancti
1521 4082 1711 4150 gratia,
1742 4081 2076 4143 docuerunt;
2110 4081 2245 4133 adeo
2274 4091 2351 4143 ttt,

771 4173 874 4225 fide
902 4182 1199 4233 crescente,
1233 4187 1336 4225 non
1365 4175 1517 4238 pauci
1549 4183 1885 4226 mererentur
1925 4174 2037 4227 fieri
2083 4175 2354 4226 confesso-

770 4277 880 4327 res,
905 4279 1012 4330 quo
1039 4264 1197 4316 modo
1221 4264 1456 4318 Ecclesia
1480 4264 1738 4318 catholica
1769 4269 1968 4332 gaudet
1995 4268 2354 4334 promeruisse

772 4363 1058 4424 martyres.
1089 4355 1194 4408 llos
1219 4370 1369 4424 ergo,
1399 4370 1625 4423 quorum
1651 4358 1900 4410 virtutem
1953 4369 2352 4424 persecutortnn

773 4460 878 4500 non
910 4446 1186 4515 praevaluit
1209 4462 1466 4515 superare
1492 4449 1790 4513 conflictus,
1817 4465 1951 4520 quos
1981 4449 2047 4504 ad
2071 4451 2184 4504 auri
2213 4451 2354 4503 simi-

850 4589 874 4615 ³
915 4578 1131 4640 Forsan,
1167 4582 1481 4634 contristam.

851 4649 876 4686 δ
915 4649 1136 4703 FOrsau.
1167 4656 1286 4702 add.
1311 4655 1548 4718 caligine.

851 4729 873 4756 ε
914 4721 1084 4772 Locus
1109 4732 1409 4787 Corruptus.

847 4788 870 4824 (³
914 4790 1054 4852 Lege
1084 4807 1296 4843 carmen
1334 4794 1385 4844 lt
1418 4794 1503 4844 lih.
1539 4809 1571 4846 tt
1603 4795 1704 4860 ()p.
1756 4795 2032 4848 Fortunali
2064 4797 2128 4847 de
2160 4795 2356 4848 Damno

780 4855 1083 4935 §aturnirt‘o,
1113 4873 1165 4914 et
1207 4873 1356 4914 notas
1401 4878 1534 4930 quas
1578 4855 1749 4918 eidem
1801 4865 2140 4918 attexniutus.
2195 4867 2354 4935 Greg.

775 4931 978 4984 'l‘uron.
1026 4931 1095 4984 ita
1141 4945 1397 4985 memorat
1439 4936 1473 4985 Ι.
1521 4950 1559 4994 t,
1609 4953 1662 4988 n.
1711 4935 1818 4993 9.1%,
1851 4940 2024 4988 socios
2058 4937 2273 4996 laboris,
2306 4931 2359 4989 et

776 5002 1094 5076 epist-ngratis
1119 5005 1375 5076 muneris,
1401 5018 1535 5070 quos
1563 5015 1778 5057 sanctus
1809 5006 2088 5076 Dionysius
2133 5007 2182 5059 itt
2229 5008 2356 5061 Cal-

779 5071 1078 5144 liis_ltabuit
1111 5089 1191 5144 :_t
1233 5073 1293 5125 lii
1332 5089 1465 5144 ergo
1489 5076 1634 5127 missi
1665 5084 1790 5128 sunt
1821 5078 1835 5138 (
1859 5077 1922 5128 ad
1946 5071 2356 5144 'pra‘dicandutn

778 5141 829 5192 itt
858 5140 1092 5208 Galliis),
1121 5140 1409 5195 Turonicis
1434 5143 1721 5198 Gratianus
1749 5140 2050 5211 cpiscopus,
2085 5150 2359 5201 Arelaten-

789 5213 1288 5286 sihus_'_frophimus
1311 5215 1614 5286 episcopus,
1645 5216 1904 5268 Narbona:
1937 5217 2132 5269 Paulus
2159 5222 2359 5286 episco-

780 5295 904 5360 pus,
938 5281 1146 5360 Tolosae
1175 5283 1489 5360 Saturninus
1516 5286 2131 5360 epistEOpus,rParisiacis
2161 5281 2362 5360 Diony-

778 5351 888 5403 sius
913 5422 920 5424 _
942 5351 1245 5424 episcopus,
1296 5356 1548 5407 Arvernus
1577 5356 1911 5410 Stremonius
1941 5357 2245 5424 episcopus,
2273 5351 2361 5414 Ee-

786 5422 1064 5475 tnovictnis
1105 5423 1359 5494 Martialis
1386 5435 1466 5476 est
1497 5426 1792 5478 destinatus
1815 5422 2117 5494 episcdpus.
2158 5448 2176 5480 ι
2206 5473 2216 5483 .

852 5502 874 5527 ⁶
919 5493 1064 5545 Alias
1095 5509 1107 5544 :
1143 5493 1264 5558 Qui,
1286 5497 1515 5548 tradente
1534 5497 1677 5548 beato
1701 5493 1956 5551 Clemente
1981 5497 2119 5552 Petri
2144 5501 2358 5568 apostoli

777 5578 1084 5617 δικαίωνε.

854 5629 872 5668 ί
907 5633 1047 5687 Sane
1069 5634 1259 5687 mirum
1283 5635 1446 5688 videri
1469 5637 1744 5701 potesthic
1772 5639 1959 5693 referri
1981 5640 2200 5692 missum
2238 5655 2360 5693 san-

782 5711 927 5777 ctum
962 5705 1267 5777 Dionysium
1301 5706 1586 5777 inGailias
1605 5723 1727 5762 cum
1746 5711 1909 5762 sociis
1923 5711 1986 5762 ad
2015 5711 2357 5777 Evangelium

781 5773 979 5850 tlltriSti
1014 5773 1483 5850 disSentiua-ndum
1513 5793 1541 5829 a
1585 5781 1956 5850 successoribus
1986 5773 2354 5850 apostolorum,

784 5852 855 5921 et,
887 5853 943 5921 ut
969 5844 1242 5921 legebatur
1263 5846 1414 5921 alias,
1439 5849 1642 5921 ab__,tpso
1673 5849 1970 5914 Clemente,
1997 5844 2357 5917 apostolorum

785 5913 1062 5993 discipulo,
1085 5928 1205 5993 cum
1233 5925 1285 5968 et
1315 5916 1471 5993 Creg.
1502 5913 1649 5993 Tutu,
1683 5929 1737 5971 et
1777 5922 1914 5993 Acta,
1941 5913 2161 5993 sincera
2189 5925 2358 5976 sancti

787 5985 1075 6048 Saturnini,
1109 5987 1341 6054 episcopi
1363 5985 1649 6056 Tolosatis,
1678 6005 1794 6059 qua:
1834 5991 2002 6046 edidit
2034 5993 2100 6047 cl.
2136 5991 2359 6049 liuinart

2389 4701 2436 4758 D

2461 2069 2688 2138 primum
2743 2085 2864 2125 €358
2920 2071 3218 2136 doctorem,
3249 2079 3369 2140 post
3420 2081 3737 2142 martyrem,
3765 2074 3858 2139 qui
3915 2071 4050 2140 quod

2457 2161 2639 2215 docuit
2678 2161 2857 2215 verbis
2887 2161 3228 2216 evidentibus
3270 2161 3512 2230 implevit
3555 2161 3840 2229 exemplis.
3885 2161 4053 2216 Simili

2458 2252 2618 2306 etiam
2650 2254 2820 2319 gratia
2855 2251 3200 2306 beatissimus
3226 2252 3422 2306 Paulus
3450 2253 3677 2307 antistes
3718 2263 3884 2321 atque
3920 2269 4057 2306 con-

2461 2344 2632 2398 fessor
2662 2343 3066 2399 Narbonensem
3111 2345 3441 2412 provinciam
3496 2344 3721 2398 salutari
3775 2345 4057 2412 acquisivit

2458 2436 2688 2502 eloquio.
2750 2438 2918 2502 Quem
2991 2439 3062 2489 ita
3116 2437 3267 2490 labor
3319 2437 3634 2492 domeSIica:
3693 2436 4056 2492 tribulationis

2459 2524 2792 2590 exercuit,ut
2816 2539 3002 2579 verum
3032 2525 3239 2579 Domini
3261 2540 3382 2582 esse
3413 2526 3669 2580 famulum
3700 2530 4052 2596 approbares.

2458 2614 2564 2668 Sed
2587 2614 2784 2682 gratias
2809 2614 2925 2677 tibi,
2953 2616 3196 2683 Domine,
3218 2615 3344 2672 Jesu
3374 2616 3719 2686 Cbriste,qui
3753 2619 4056 2673 infestantis

2461 2704 2661 2760 inimici
2701 2704 2804 2760 tela
2836 2707 3204 2774 probationem
3236 2707 3472 2763 fidelium
3515 2718 3732 2764 tuorum
3767 2711 4058 2779 permisisti

2459 2810 2599 2860 esse,
2627 2811 2732 2851 non
2754 2797 2997 2865 vulnera,
3027 2809 3082 2853 et
3111 2801 3273 2854 talem
3299 2801 3382 2853 his
3417 2809 3641 2868 praestas
3672 2815 3772 2870 pro
3808 2804 4058 2857 mercede

2462 2883 2737 2950 laborent,
2767 2894 2824 2940 ut
2873 2887 3076 2940 ttullum
3131 2896 3343 2941 tuorum
3389 2887 3560 2944 fuisse
3609 2890 3846 2958 gaudeat
3893 2892 4060 2946 hostis

2462 2973 2754 3031 imbellem.
2808 2977 2943 3032 Dum
2997 2993 3127 3047 ergo
3181 2980 3246 3033 ad
3299 2981 3590 3048 peculiaria
3645 2984 3858 3050 patroni
3912 2997 4059 3054 gesta

2461 3070 2700 3138 suscepti
2729 3069 2894 3126 officii
2923 3071 3106 3126 tendat
3130 3073 3471 3142 obsequium,
3506 3089 3614 3128 non
3660 3090 3729 3128 ex
3771 3090 3900 3130 asse
3944 3092 4062 3145 qua:

2461 3160 2530 3215 de
2549 3161 2716 3216 Servo
2744 3161 2838 3216 Dei
2865 3175 2991 3217 sunt
3020 3175 3294 3232 comperta
3319 3169 3716 3233 prosequimur,
3750 3169 3848 3221 sed
3876 3169 4064 3222 imme-

2464 3265 2646 3304 mores
2672 3251 2754 3304 sui
2786 3265 2892 3305 non
2918 3251 3086 3307 fuisse
3109 3253 3341 3308 sufficiat
3367 3271 3380 3306 :
3405 3254 3460 3308 in
3487 3255 3682 3309 talibus
3711 3258 3860 3310 cnim
3890 3263 4063 3312 causis

2389 3325 2438 3390 C
2469 3339 2637 3408 magis
2656 3342 2908 3396 convenit
2953 3341 3141 3397 ﬁdeles
3179 3342 3401 3400 credere
3445 3359 3605 3414 quam
3653 3348 3829 3416 possit
3875 3350 4064 3403 relatio

2466 3431 2696 3487 humana
2720 3443 3047 3490 monstrare.

2534 3509 2590 3580 '5.
2615 3525 2841 3582 Sanctus
2864 3527 3024 3596 igitur
3036 3527 3382 3598 Dionysius,°
3407 3530 3520 3600 qui,
3539 3539 3602 3585 ut
3621 3529 3826 3595 ferunt,
3847 3548 3875 3585 a
3899 3531 3918 3569 ί
3947 3547 4064 3588 suc-

2462 3619 2768 3671 cessoribus
2797 3621 3163 3687 apostolorum
3194 3620 3340 3675 verbi
3371 3621 3539 3676 divini
3569 3625 3784 3678 semina
3810 3627 4062 3694 gentibus

2461 3710 2727 3779 eroganda
2748 3721 3084 3779 susceperat,
3107 3726 3214 3780 quo
3237 3714 3470 3781 amplius
3496 3715 3820 3782 gentilitatis
3854 3716 4064 3772 fervere

2459 3802 2709 3871 cognovit
2736 3818 3002 3868 errorem,
3035 3804 3162 3857 illuc
3193 3805 3492 3874 intrepidus
3512 3816 3567 3860 et
3597 3807 3782 3862 calore
3815 3809 3942 3863 fidei
3988 3811 4064 3862 iu-

2460 3893 2761 3949 llammatus
2776 3896 3282 3964 accessit,Parisios,
3298 3898 3526 3954 Domino
3540 3901 3794 3964 ducente,
3817 3906 4065 3967 pervenit

2459 3999 2564 4039 non
2591 3987 2792 4040 veritus
2816 3987 3103 4042 incredula:
3123 3990 3298 4058 gentis
3320 4001 3582 4059 expetere
3614 3992 3914 4058 feritatem,
3939 3998 4060 4064 quia

2459 4078 2706 4132 virtutem
2725 4092 2873 4132 suam
2888 4082 3277 4148 prateritarum
3293 4097 3572 4151 poenarum
3589 4086 3900 4141 recordatio
3916 4089 4065 4142 robo-

2461 4169 2626 4230 rabat,
2644 4170 2798 4236 etqui
2817 4180 3086 4225 meruerat
3101 4186 3219 4226 esse
3230 4174 3530 4240 confessor,
3550 4190 3656 4230 non
3676 4188 3970 4234 cunctatus
3986 4189 4064 4233 est

2456 4262 2763 4316 auctoribus
2798 4262 3005 4331 populis
3025 4265 3282 4319 accedere
3309 4265 3652 4334 praedicator.
3677 4267 3833 4324 Tunc
3867 4286 4070 4335 memo,

2458 4365 2570 4407 rata
2583 4354 2766 4410 civitas
2786 4365 2842 4410 et
2865 4369 2966 4410 con
2976 4367 3134 4411 ventu
3151 4355 3539 4414 Germanorum
3565 4370 3621 4416 et
3643 4362 3937 4420 nobilitate
3957 4369 4069 4434 pol-

2459 4444 2620 4514 lebat,
2653 4446 2796 4516 quod
2824 4457 2970 4502 esset
2995 4447 3225 4503 salubris
3246 4463 3392 4519 aere,
3423 4447 3664 4520 jucunda
3698 4453 3961 4521 ﬂumine,
3995 4454 4071 4510 fc-

2459 4583 2604 4638 intcr
2634 4583 2766 4655 Acta
2795 4583 3010 4655 sincera
3035 4593 3353 4654 martyrum,
3387 4598 3506 4655 pag.
3541 4584 3645 4642 109
3678 4586 3827 4640 Edit.
3860 4587 4064 4643 Veron.

2461 4668 2548 4706 an.
2605 4654 2766 4726 17:51,
2796 4654 3154 4726 nonnisi‘sub
3200 4656 3361 4726 Decio
3404 4654 3472 4710 et
3508 4655 3676 4712 Grato
3722 4661 4073 4726 consulibus,

2463 4737 2605 4797 anno
2631 4723 2990 4797 scilicet250,
3015 4723 3365 4797 Saturninum
3391 4726 3701 4781 Tolosatem
3735 4723 4073 4797 episcOpum

2462 4793 2769 4867 institutum,
2789 4795 2952 4849 fuisse
2974 4794 3248 4867 referant:
3288 4805 3450 4865 atque
3478 4797 3615 4867 adeo
3662 4807 3720 4852 et
3773 4793 4077 4867 Dioni-sius

2463 4865 2530 4934 (si
2571 4866 2731 4919 modo
2763 4866 2806 4919 is
2835 4879 2936 4918 una
2960 4879 3080 4919 cum
3108 4863 3399 4920 Saturnino
3450 4867 3502 4921 in
3554 4866 3753 4923 Gallias
3803 4863 3986 4936 venit,
4019 4884 4078 4926 ut

2463 4937 2667 5002 putavit
2693 4936 3006 5005 Gregorius)
3035 4950 3140 4989 non
3173 4937 3356 4992 multis
3381 4945 3506 4992 ante
3547 4939 3706 4993 annis
3755 4940 3971 4995 missus
4022 4946 4077 4997 in

2460 5006 2661 5080 Callias
2686 5004 2867 5061 fuerit.
2898 5006 3156 5080 Quocirca
3183 5006 3633 5080 illud_dicendum
3657 5018 3744 5064 est
3771 5028 3786 5063 ι
3814 5025 3950 5066 eum
3980 5016 4076 5080 qui

2462 5074 2575 5155 hac
2601 5081 2731 5130 Acta
2764 5078 3137 5155 conscripsit,
3183 5078 3497 5155 popularem
3538 5079 3860 5155 opinionem
3909 5074 4078 5155 sequi

2463 5148 2638 5213 ponus
2692 5147 2948 5211 voluisse,
2975 5161 3096 5216 qum
3145 5147 3591 5204 tunc'ferebatur
3629 5150 3682 5204 in
3743 5151 3970 5212 Galliis.
4002 5147 4079 5209 'id

2459 5217 2600 5285 quod
2652 5216 2888 5271 indicant
2915 5231 3129 5286 quoque
3158 5220 3273 5272 hac
3299 5218 3419 5287 ejus
3446 5219 3648 5274 verba:
3681 5225 3770 5286 qui
3803 5233 3863 5278 ut
3895 5227 4080 5288 [erunt

2461 5304 2506 5365 a_
2516 5289 2891 5365 successoribus
2917 5289 3286 5365 apostolorum,
3307 5298 3425 5365 etc,
3450 5290 3541 5365 cui
3554 5290 3813 5365 _opinioni
3838 5295 4082 5365 ofﬁcere

2461 5357 2682 5426 aliquid,
2708 5359 2844 5434 forte
2866 5357 3154 5434 verebatur
3199 5359 3254 5415 in
3290 5357 3440 5417 Actis
3493 5357 4080 5434 illiiconcinnandij,

2461 5443 2581 5496 qua:
2611 5430 2787 5482 media
2818 5429 2870 5482 in
2903 5427 3076 5496 plebe,
3112 5431 3226 5485 sive
3271 5441 3541 5486 conventu
3595 5432 3855 5490 Ecclesiae
3911 5427 4083 5491 erant

2459 5499 2745 5574 quotannis
2766 5499 3061 5574 recitanda.
3097 5500 3268 5556 Simili
3316 5516 3384 5556 ex
3419 5501 3671 5571 opinione
3709 5504 3764 5558 in
3825 5506 4080 5574 Diplom.

2461 5568 2780 5624 Theoderici
2809 5569 3070 5640 Calettsis,
3102 5579 3160 5625 ut
3188 5586 3346 5640 supra
3374 5568 3679 5640 retulimus,
3708 5568 3911 5631 beatus
3945 5580 4082 5633 Dio-

2462 5640 2644 5708 nysius
2667 5654 2789 5694 cum
2828 5639 2988 5696 sociis
3008 5657 3037 5695 a
3062 5643 3219 5697 beato
3240 5639 3520 5699 Clemente
3542 5639 3739 5698 missus
3767 5647 3820 5700 in
3856 5650 4080 5702 Gallias

2463 5711 2681 5764 venisse
2703 5711 2922 5766 dicitur.
2956 5712 3016 5766 Hi
3045 5713 3250 5768 scilicet
3276 5714 3658 5769 existimarunt
3703 5715 3852 5772 hunc
3896 5719 4080 5773 fuisse

2461 5779 2774 5858 Dionysium
2804 5780 3201 5858 greopagitam,
3228 5786 3295 5839 de
3313 5786 3496 5858 quoin
3543 5787 3833 5858 Actisgap.
3852 5831 3868 5853 ,
3898 5804 4076 5858 quam

2460 5853 2770 5928 opinionem
2799 5852 2994 5928 deinde
3022 5856 3214 5928 secuti
3239 5852 3372 5928 sunt
3415 5857 3656 5928 Simeon,
3682 5852 3961 5928 Met‘aphr.
4023 5873 4080 5914 et

2463 5921 2744 5998 l_l_ilduinu“s
2789 5923 2995 5998 abbas,
3051 5937 3105 5982 ut
3165 5923 3349 5983 videre
3392 5936 3474 5984 cst
3520 5927 3662 5998 apud
3710 5921 3944 5986 Suriutrt
4008 5934 4076 5986 ad

2460 5994 2599 6050 diem
2633 5995 2666 6050 9
2693 5992 2959 6052 Octobris.
