4194 6544
164 401 255 456 881
620 446 624 451 .
863 404 1101 461 PASSIO
1139 405 1239 460 SS.
1283 404 1403 458 Mil.
1451 400 1727 460 DlONYSl

1838 402 2087 464 lUSTlCI
2126 409 2214 466 ΕΤ
2256 411 2701 471 Ε-ιευτιιεῐιη.

3330 427 3439 483 589

160 516 734 584 cuudaterrls,viuetis
754 518 1043 585 uberrima,
1066 518 1415 574 etarboribus
1436 531 1742 583 nemorosa,
1775 518 1824 574 A
1856 535 2016 574 unum
2050 533 2101 577 et
2135 539 2316 578 verum
2350 525 2401 579 in
2422 525 2680 581 'l‘i'initate
2703 527 2865 583 Deum
2898 531 3439 601 couﬁtentur,etter-

162 618 185 647 ι
213 610 570 680 constipulata
604 610 834 681 populis,
861 611 1056 667 referta
1084 610 1442 677 commerciis,
1473 614 1752 679 ipsumque

161 702 343 759 insula:
371 705 552 773 potius
576 720 733 773 quam
759 704 906 759 urbis
956 705 1207 773 spatium,
1254 704 1395 771 quod
1438 702 1749 756 habitationi

158 794 476 849 circumfusa
517 796 755 850 tlumiuis
816 796 957 849 unda
1014 798 1334 863 prmstabat,
1383 781 1749 850 crescentibus

156 886 570 941 consistentium
602 887 855 952 catervis,
881 890 1207 943 reddebatur
1235 892 1523 959 exiguum,
1563 897 1617 943 et
1659 888 1750 957 ju-

156 978 449 1033 cunditatis
475 980 854 1034 sollicitatione
884 981 936 1034 in
967 997 1128 1034 unum
1173 982 1322 1049 plebs
1351 991 1469 1035 acta
1513 982 1746 1035 commi-

156 1082 335 1134 grans,
364 1082 499 1134 pene
531 1069 860 1121 territorium
883 1082 1039 1121 suum
1068 1070 1202 1123 intra
1228 1085 1500 1123 murorum
1526 1071 1746 1123 cooclu—

156 1158 357 1211 sionem
389 1166 752 1213 contraxerat.
784 1158 933 1213 Hunc
963 1175 1093 1230 ergo
1150 1159 1324 1213 locum
1377 1160 1469 1214 Dei
1520 1161 1746 1215 famulus

154 1251 331 1319 exegit
356 1252 737 1320 expetendum.
771 1252 851 1305 Ad
879 1268 1034 1321 quem
1081 1268 1201 1307 cum
1246 1253 1472 1321 primum
1503 1253 1607 1307 ﬁde
1654 1268 1743 1307 ar-

154 1353 323 1397 matus
339 1354 393 1397 et
407 1348 706 1398 constantia
719 1344 1074 1399 confessionis
1088 1347 1404 1401 accessisset
1423 1343 1737 1413 intrepidus,

153 1431 178 1470 ⁵
214 1435 524 1502 ecclesiam,
549 1435 652 1492 illis
697 1451 816 1506 qua:
857 1436 1084 1492 necdum
1119 1438 1171 1492 in
1215 1439 1347 1492 locis
1372 1446 1517 1503 erat,
1547 1448 1618 1500 et,
1649 1453 1741 1507 po-

152 1525 286 1592 pulis
339 1527 449 1582 illis
496 1542 686 1581 novam
735 1532 1058 1595 construxit,
1100 1544 1164 1584 ac
1208 1529 1438 1585 ofﬁciale
1465 1530 1739 1585 servitium

150 1617 466 1672 clericorum
510 1634 576 1673 ex
609 1635 756 1675 more
780 1623 1079 1687 constituit,
1108 1623 1461 1691 probatasqne
1488 1637 1742 1691 personas

154 1710 357 1767 honore
387 1714 570 1767 saeculi
602 1714 803 1769 ordinis
825 1715 1107 1784 amplians.
1138 1714 1355 1770 Cinctus
1382 1731 1510 1785 ergo
1542 1715 1663 1779 ﬁde,
1690 1723 1744 1769 et

142 1801 249 1871 jam
284 1805 687 1860 constructione
708 1805 941 1861 basilicae
972 1807 1272 1873 roboratus,
1300 1807 1469 1861 Deum
1491 1806 1738 1875 gentibus

148 1910 247 1947 non
284 1896 563 1950 desinebat
593 1895 884 1962 insinuare,
917 1913 1075 1967 quem
1106 1908 1347 1961 noverat,
1372 1899 1594 1967 ejusque
1620 1914 1735 1952 om-
1769 1881 1816 1942 Β

148 1984 306 2037 nibus
329 1993 383 2038 et
406 1983 664 2053 judicium
694 1996 747 2041 et
775 1987 1199 2042 misericordiam
1226 1999 1578 2056 anteponens,
1605 2003 1737 2055 pau-

151 2081 293 2133 latim
325 2080 572 2134 sociabat
602 2079 713 2135 Deo
734 2097 892 2150 quem
915 2082 1130 2135 diabolo
1154 2081 1522 2140 subtrahebat.
1538 2081 1739 2135 Tantas

146 2173 304 2225 etiam
340 2188 436 2237 per
464 2174 612 2226 illum
662 2172 919 2226 Dominus
968 2172 1286 2241 dignabatur
1331 2187 1583 2227 exercere
1627 2172 1739 2225 vir-

148 2274 306 2325 tntes,
335 2273 395 2316 ut
426 2264 708 2317 rebellium
739 2264 897 2318 corda
926 2265 1207 2333 gentilium
1241 2279 1346 2317 non
1374 2264 1547 2316 minus
1581 2264 1741 2316 mira-

144 2356 275 2408 culis
306 2369 467 2421 quam
495 2355 969 2422 praedicationibus
985 2355 1275 2417 obtineret,
1308 2356 1548 2421 miroque
1580 2353 1739 2407 modo

148 2448 337 2501 inermi
368 2448 484 2499 viro
514 2461 621 2500 non
650 2448 864 2500 valebat
891 2449 1045 2515 plebs
1094 2455 1297 2500 armata
1342 2445 1613 2510 resistere,
1645 2444 1738 2498 sed

145 2538 415 2591 subtlebat
442 2551 502 2590 se
527 2536 599 2589 illi
632 2537 917 2591 certamini
947 2536 1251 2591 Germaniae
1280 2536 1657 2598 cervicositas,
1686 2542 1740 2587 et

142 2631 326 2698 jugum
360 2628 561 2684 Christi
589 2642 752 2682 suave
792 2630 990 2697 imponi
1043 2628 1167 2690 sibi,
1198 2636 1315 2680 acta
1361 2624 1539 2680 cordis
1586 2640 1737 2679 com-

143 2720 469 2787 punctioue,
496 2718 771 2787 poscebat.
804 2719 885 2772 Ab
916 2719 1046 2787 ipsis
1075 2732 1286 2787 quoque
1320 2715 1738 2770 destruebantur

140 2813 307 2878 ldola,
342 2826 572 2880 quorum
621 2818 832 2879 sumptu
886 2811 1112 2875 fuerant,
1143 2819 1198 2863 et
1238 2808 1415 2862 studio
1462 2807 1733 2871 fabricata,

144 2915 194 2957 et
226 2906 454 2959 invento
484 2904 677 2957 salutis
703 2913 881 2973 portu,
918 2904 1182 2957 idolorum
1214 2902 1516 2972 gaudebant
1562 2902 1736 2969 perire

141 2997 444 3066 naufragia.
472 2994 707 3065 Lugebat
735 2996 907 3061 portio
957 2995 1093 3047 victa
1142 2992 1360 3055 diaboli,
1394 3007 1513 3045 cum
1566 2991 1632 3046 de
1674 3006 1735 3045 ea

140 3089 330 3141 victrix
367 3087 621 3140 Ecclesia:
649 3084 787 3155 legio
819 3084 1197 3153 triumphabat.
1222 3084 1372 3138 Tunc
1402 3084 1568 3137 hostis
1596 3084 1736 3137 anti-

136 3192 272 3244 quus
298 3176 492 3232 videns
520 3175 625 3229 sibi
658 3176 834 3244 perire
864 3176 1003 3244 quod
1040 3173 1266 3228 Domino
1295 3174 1571 3228 constabat
1598 3174 1733 3228 assi-

136 3270 236 3323 dua
264 3270 587 3339 populorum
605 3270 957 3323 conversione
990 3268 1267 3335 proﬁcere,
1302 3277 1469 3321 totam
1519 3268 1729 3323 artiﬁcii

134 3366 215 3419 sui
251 3366 561 3420 machinam
617 3363 685 3417 ad
727 3362 1141 3431 impugnandum
1187 3377 1307 3430 quae
1356 3361 1564 3415 fuerant
1608 3376 1736 3416 con-

133 3466 339 3511 structa
395 3455 703 3517 convertit,
742 3463 796 3509 et
840 3467 951 3507 sum
1005 3453 1170 3521 partis
1216 3462 1481 3515 auctores,
1512 3452 1731 3506 deorum

131 3564 356 3603 suorum
389 3548 582 3601 ﬁentes
608 3545 850 3608 exitium,
874 3545 938 3598 ad
971 3546 1294 3613 impietatem
1327 3546 1520 3598 subita:
1550 3559 1733 3612 persc-

131 3642 364 3693 cutionis
413 3639 665 3702 armavit,
700 3647 757 3691 ut
783 3651 877 3692 eos
905 3638 1000 3707 qui
1025 3653 1189 3690 unum
1218 3646 1272 3691 et
1328 3653 1513 3691 verum
1564 3638 1733 3693 Deum

128 3732 418 3785 colemlum
446 3730 868 3795 insinuaverant,
884 3738 940 3783 et
963 3728 1280 3795 timendum,
1306 3731 1533 3795 perdere
1556 3731 1735 3786 diver-

134 3822 295 3877 sitate
319 3823 575 3889 supplicii
606 3829 957 3886 maturarent,
992 3837 1058 3876 ne
1099 3836 1382 3890 superesse
1423 3834 1603 3891 posset
1645 3825 1734 3893 qui

132 3918 339 3970 valeret
371 3915 662 3983 acquirere
689 3914 828 3981 quod
880 3912 1107 3982 peribat.
1163 3913 1558 3969 Persecutionis
1606 3929 1735 3985 ergo

130 4009 400 4074 publicata
454 4006 748 4070 sententia,
782 4005 1063 4073 impiorum
1110 4007 1348 4074 gaudens
1398 4008 1555 4061 turba
1608 4022 1733 4074 pro-

128 4099 396 4165 greditur,
429 4106 485 4150 et
514 4104 703 4150 contra
751 4095 1080 4150 dominicum
1131 4099 1382 4164 populum
1437 4108 1729 4165 pugnatura

130 4192 442 4257 conspirat,
476 4204 580 4241 non
611 4188 841 4241 cunctati
872 4195 1126 4256 appetere
1154 4188 1351 4256 gladio,
1381 4202 1516 4255 quos
1546 4190 1730 4243 Domi-

127 4296 225 4334 nus
253 4296 387 4334 suos
416 4287 812 4334 monstraverat
841 4294 962 4334 esse
1013 4281 1320 4348 signandos.
1374 4280 1557 4348 Itaque
1607 4297 1727 4335 cum

130 4373 340 4425 occidui
372 4371 537 4424 Urbis
570 4378 775 4438 partem
802 4383 898 4437 pro
928 4369 1351 4423 Christianorum
1385 4370 1729 4438 inquisitione

126 4471 538 4529 percurrerent,
572 4472 814 4515 sanctum
846 4461 1153 4529 Dionysium
1184 4471 1367 4515 contra
1419 4462 1724 4516 incredulos

1853 625 1976 664 rore
2003 612 2263 679 subjecto,
2283 615 2571 684 multisque
2595 616 2776 672 afllicti
2810 620 3021 689 injuriis
3053 630 3107 676 et
3128 627 3429 694 suppliciis,

1856 703 2165 756 verberibus
2197 709 2471 773 macerati,
2503 708 2839 762 Christianos
2868 728 2927 766 se
2970 728 3098 769 esse
3152 724 3436 787 testantur,

1853 794 2076 862 visoque
2105 796 2450 863 percutientis
2478 799 2606 863 ictu,
2638 799 2847 854 Domini
2892 818 2953 857 ac
3004 805 3099 859 lli-i
3156 810 3323 862 nostri
3378 824 3439 864 se

1850 882 2078 940 famulos
2111 903 2299 956 magna
2328 890 2684 946 coiifessionis
2707 908 2835 948 voce
2858 900 3221 962 pronuntiant.
3256 902 3309 956 In
3336 903 3438 959 hac

1808 993 1976 1046 _ergo
2007 978 2128 1033 ﬁdei
2188 982 2483 1036 constantia
2534 987 2902 1052 persistentes,
2938 991 3221 1046 redilentes
3280 1005 3436 1050 terrae

1851 1086 2096 1139 corpora,
2136 1076 2319 1129 beatas
2346 1078 2483 1130 cmlo
2532 1079 2738 1135 animas
2784 1082 3096 1147 intulerunt,
3124 1088 3319 1155 talique
3367 1090 3435 1143 ad

1850 1163 2133 1218 Dominum
2164 1178 2477 1222 meruerunt
2500 1172 2831 1236 professione
2858 1175 3105 1245 migrare,
3140 1188 3219 1246 ut,
3250 1195 3435 1248 ampu-

1850 1258 1973 1310 tatis
2030 1258 2344 1326 capitibus,
2405 1262 2579 1316 adliuc
2636 1274 2908 1329 putaretur
2954 1268 3128 1336 lingua
3180 1272 3434 1336 palpitans

1849 1345 2132 1401 Dominum
2192 1353 2459 1406 conﬁteri.
2522 1354 2683 1409 Beata
2744 1360 2962 1412 nimium
3020 1372 3075 1415 et
3126 1361 3234 1415 Deo
3286 1377 3430 1431 grata

1848 1443 2103 1505 societas,
2138 1443 2276 1496 inter
2303 1461 2434 1512 quos
2466 1462 2563 1501 nec
2618 1449 2820 1517 primus
2879 1454 3013 1506 alter
3070 1458 3240 1523 potuit
3291 1471 3411 1512 esse

1848 1547 1946 1588 nec
1995 1536 2337 1601 tertius,sed
2393 1538 2707 1596 Trinitatem
2756 1545 3075 1601 conﬁtentes
3124 1562 3437 1605 meruerUat

1851 1626 2215 1681 venerabilem
2249 1629 2424 1683 locum
2450 1631 2592 1686 trino
2614 1633 2873 1689 decorare
2902 1640 3173 1706 martyrio.
3203 1642 3436 1697 Metuen-

1850 1726 1929 1770 tes
1959 1717 2119 1786 igitur
2147 1735 2489 1787 pereussores
2524 1740 2596 1800 .ne
2626 1729 2870 1781 conversi
2903 1731 3081 1798 p0puli
3128 1732 3433 1789 ﬁdelissima

1848 1807 2174 1876 probataque
2194 1811 2406 1866 dev0tio
2428 1825 2735 1869 sanctorum
2758 1833 2982 1888 corpora
3017 1824 3287 1888 profutura
3322 1828 3426 1881 sibi

1845 1908 1901 1954 et
1925 1900 2179 1969 reliquias
2205 1904 2269 1956 ad
2320 1909 2670 1973 patrocinium
2719 1911 3072 1979 tumnlarent,
3106 1918 3427 1984 elegerunt.

1848 1994 2001 2048 tetris
2038 1995 2298 2063 Sequana:
2361 1997 2743 2070 profundisque
2796 2006 3094 2073 gurgitibus
3139 2022 3430 2080 martyrum

1846 2097 2067 2150 corpora
2100 2085 2371 2151 perdenda
2399 2091 2758 2155 committere,
2790 2109 2908 2161 quae
2937 2096 3181 2165 imposita
3207 2103 3430 2156 navibus

1845 2172 1910 2225 ad
1966 2176 2246 2240 prtcvisum
2297 2176 2553 2244 jubentur
2616 2184 2884 2249 gurgitem
2956 2187 3231 2243 destinari.
3284 2192 3433 2247 Tunc

1848 2273 1868 2300 ε
1912 2271 2153 2317 matrona
2185 2269 2448 2334 quaedam,
2486 2268 2609 2323 licet
2636 2286 2961 2340 paganorum
2985 2277 3253 2346 implicata
3288 2293 3433 2336 tene-

1844 2363 1990 2408 retur
2039 2371 2272 2421 errore,
2325 2363 2733 2416 conversionem
2789 2375 2964 2421 tamen
3022 2384 3081 2423 se
3129 2371 3436 2429 desiderato

1843 2454 2025 2499 mente
2068 2449 2421 2515 monstrabat,
2454 2460 2510 2505 et
2555 2467 2716 2519 opera
2765 2454 2944 2511 facere
2983 2459 3157 2528 aliqua
3194 2464 3433 2533 cogitans

1845 2534 2072 2589 Domino
2102 2540 2387 2605 placitura,
2425 2556 2516 2594 usa
2542 2542 2836 2599 subtilitate
2876 2550 3117 2613 consilii,
3157 2553 3221 2604 ad
3251 2557 3433 2608 convi-

1842 2627 1983 2681 vium
2015 2630 2197 2684 venire
2228 2632 2458 2697 postulat
2480 2647 2845 2703 percussores,
2876 2648 2929 2693 et
2954 2639 3080 2693 dum
3110 2644 3188 2696 eis
3221 2646 3429 2712 copiam

1841 2728 2035 2787 optatae
2062 2720 2404 2777 humanitatis
2429 2725 2690 2790 extendit,
2720 2742 2750 2780 a
2780 2730 3039 2783 memoria
3083 2747 3268 2788 eorum
3311 2753 3431 2806 qua:

1841 2823 2194 2881 susceperant
2215 2814 2420 2883 agenda
2448 2816 2796 2883 discussit,ac
2819 2819 3064 2876 ﬁdelibus
3084 2827 3197 2880 suis
3220 2842 3430 2883 secreta

1842 2904 2180 2960 ordinatione
2202 2908 2487 2962 committit
2516 2917 2573 2963 ut
2614 2911 2887 2967 subtracta
2933 2914 3074 2970 furto
3117 2931 3427 2975 sanctorum

1841 3010 2065 3063 corpora
2096 2997 2326 3066 diligens
2358 2999 2659 3056 elaboraret
2683 3005 2961 3060 occultare
2980 3010 3233 3075 provisio.
3269 3009 3295 3047 ά
3326 3011 3426 3078 Qui

1839 3100 1965 3139 vero
1994 3124 2010 3149 ,
2061 3089 2399 3144 ordinatione
2446 3103 2757 3160 comperta,
2807 3094 3119 3151 festinanter
3163 3101 3303 3167 quod
3350 3103 3429 3157 eis

1840 3186 2167 3246 praeceptum
2197 3179 2372 3236 fuerat
2393 3194 2785 3253 exsequuntur,
2822 3186 3131 3258 furtumque
3159 3191 3428 3248 laudabile

1840 3267 1892 3323 in
1924 3282 2079 3325 sexto
2104 3273 2172 3327 ab
2203 3274 2333 3328 urbe
2361 3284 2658 3330 memorato
2684 3277 2876 3345 lapide,
2913 3280 2962 3333 id
2993 3291 3093 3346 est,
3125 3284 3175 3335 in
3201 3294 3426 3349 aratam,

1839 3376 1997 3430 quam
2056 3364 2351 3419 seminibus
2401 3380 2858 3436 praeparaverant,
2895 3380 3113 3439 terrain,
3165 3373 3427 3430 industria

1840 3451 2086 3506 tollentes
2115 3453 2471 3509 abscondunt.
2520 3454 2680 3510 Facta
2720 3456 2995 3525 deinceps,
3027 3470 3083 3514 ut
3112 3466 3276 3517 moris
3308 3474 3425 3531 est,

1837 3544 2077 3606 satione;
2108 3560 2207 3599 nec
2252 3561 2407 3599 suum
2456 3562 2607 3615 seges
2654 3551 2862 3617 negavit
2904 3553 3216 3620 obsequium
3244 3598 3256 3621 ,
3303 3571 3424 3623 quo

1839 3635 1928 3689 tali
1961 3634 2241 3689 fecundata
2269 3638 2613 3705 pinguedine,
2644 3638 2721 3691 sic
2752 3640 2800 3691 iu
2834 3654 2893 3693 ea
2920 3639 3236 3695 beneficium
3269 3644 3425 3699 uber-

1839 3736 1922 3780 tas
1947 3727 2158 3789 effudit,
2196 3737 2256 3780 ut
2280 3729 2666 3797 centuplicatos
2692 3730 2892 3784 fruetus
2917 3742 2969 3785 et
2991 3734 3162 3787 cultor
3185 3737 3425 3803 acquire-

1837 3830 1941 3884 ret,
1969 3829 2024 3875 et
2068 3822 2234 3888 patria
2266 3823 2492 3876 salutem
2547 3838 2866 3877 mereretur.
2921 3826 3252 3883 Pubescente
3298 3846 3424 3885 vero

1835 3924 2014 3981 segete
2038 3915 2126 3969 diu
2163 3915 2316 3968 latuit
2344 3916 2484 3983 quod
2516 3925 2632 3971 erat
2677 3916 2999 3972 Parisiorqu
3046 3924 3254 3989 populis
3303 3939 3426 3992 pro-

1834 4002 2093 4059 futurum.
2142 4006 2423 4060 Antedicta
2452 4016 2627 4060 tamen
2662 4009 3068 4065 materfamilias
3105 4012 3291 4068 horum
3320 4014 3423 4067 iiii-

1836 4110 2044 4147 memnr
2065 4104 2418 4159 secretorum,
2452 4111 2571 4148 cum
2605 4098 2830 4164 primum
2864 4101 3251 4165 persecutionis
3278 4103 3424 4157 fnror

1838 4184 2114 4250 lepuisset,
2148 4184 2283 4237 vidit
2316 4187 2366 4237 in
2418 4187 2619 4237 somnis
2669 4187 2875 4239 fervere
2931 4190 3125 4253 locum,
3157 4201 3422 4247 tantorum

1833 4288 1955 4328 ossa
1981 4283 2305 4337 servantem,
2331 4284 2384 4328 ct
2405 4290 2507 4343 qua
2531 4286 2764 4341 oportuit
2801 4278 3159 4333 sollicitudine
3194 4284 3421 4349 requisi-

1832 4367 1925 4430 vit,
1951 4381 2108 4434 atque
2134 4367 2409 4419 inventum
2434 4352 2719 4421 eminentis
2744 4368 2997 4424 MauSuIei
3020 4377 3421 4429 construCIinne

1827 4459 2076 4525 signavit.
2114 4456 2208 4511 Ubi
2243 4460 2581 4525 postmodum
2611 4459 2897 4515 Christiani
2933 4464 3209 4518 basilicam
3259 4482 3417 4535 supra

124 4557 477 4611 dimictintem
518 4553 735 4608 Parisiis
767 4562 1341 4623 repererunt,cumque
1363 4569 1427 4609 eo
1450 4555 1719 4609 Rusticum
1749 4574 1804 4636 υ
1829 4559 2125 4618 martyrum
2156 4563 2381 4617 corpora
2427 4564 2618 4617 magno
2666 4562 2878 4620 sumptu
2930 4555 3180 4623 Cttllthlle
3221 4557 3419 4610 eximio

128 4649 516 4718 presbyterum
533 4655 588 4699 et
614 4642 981 4699 Eleutherium
1011 4645 1444 4699 archidiaconum
1470 4661 1722 4713 persecu-

127 4740 284 4793 tionis
308 4742 466 4793 furor
490 4737 713 4791 invenit.
736 4734 800 4790 Hi
819 4738 954 4791 beati
972 4737 1068 4789 viri
1087 4751 1115 4789 a
1139 4738 1305 4790 sancti
1330 4736 1567 4807 Dionysii
1586 4755 1725 4793 nun-

123 4845 279 4899 quam
308 4828 691 4883 sustinuerunt
715 4841 743 4879 a
783 4828 937 4881 besse
974 4828 1275 4895 praesentia,
1315 4842 1448 4895 quos
1474 4829 1523 4879 in
1558 4843 1721 4881 unum

124 4922 483 4992 interrogatio
534 4919 892 4989 persecutoris
941 4919 1161 4985 invenit,
1186 4918 1280 4972 sed
1327 4918 1563 4987 reperire
1616 4934 1721 4973 non

125 5014 314 5083 potuit,
336 5028 505 5083 quem
525 5026 555 5063 a
570 5011 826 5064 societate
844 5010 1083 5080 martyrii
1102 5018 1392 5079 separaret.
1412 5009 1722 5079 Interrogati

191 5159 216 5186 ι
259 5148 520 5203 Valesius
551 5154 606 5200 et
630 5145 720 5199 alii
752 5145 933 5213 legunt
962 5162 973 5197 :
1018 5142 1315 5213 Constipata
1344 5144 1569 5212 pepulit.
1616 5143 1719 5198 Le—

124 5220 257 5291 gesis
289 5236 415 5286 quae
442 5219 503 5291 _iii
534 5220 843 5291 praenota‘tis
875 5216 1225 5291 indicavimus
1252 5217 1319 5269 de
1343 5218 1443 5267 boc
1471 5215 1608 5291 loco.

191 5288 215 5327 δ
258 5284 407 5343 Idem
440 5286 690 5340 Valesius
717 5287 973 5339 adversus
1016 5284 1308 5338 Lauuoiutn
1356 5285 1590 5338 ostendit
1627 5284 1719 5339 de-

123 5362 298 5415 cuisse
332 5372 389 5414 ut
426 5358 717 5425 Dionysius
748 5356 1044 5421 basilicam,
1070 5357 1181 5409 sive
1210 5354 1462 5421 templum
1502 5354 1716 5409 Parisiis

123 5431 373 5484 continuo
402 5430 695 5492 excitaret,
730 5427 780 5479 in
809 5442 913 5493 (ιυο
938 5441 1024 5480 res
1072 5440 1221 5478 Sacra
1270 5428 1457 5484 fieret.
1486 5436 1535 5479 et
1590 5427 1715 5480 illttd

122 5503 445 5555 clericorum
482 5512 734 5559 numero,
767 5498 900 5561 sive,
928 5506 983 5550 tit
1018 5497 1102 5549 hic
1130 5496 1345 5555 dicitur,
1380 5496 1583 5563 ofﬁciali
1611 5514 1716 5549 aer—

124 5573 239 5626 vitio
270 5574 597 5633 instrueret,
628 5582 726 5621 nec
751 5567 801 5621 id
850 5583 946 5635 pro
993 5566 1127 5619 falso
1171 5574 1227 5620 et
1272 5566 1626 5631 iuverisimili,
1662 5579 1717 5621 ut

124 5644 553 5703 vultl.aunoius,
585 5653 706 5693 esse
741 5637 1069 5692 habendum.
1117 5637 1171 5690 In
1204 5636 1318 5690 Vita
1371 5651 1491 5703 qua:
1544 5648 1717 5691 exstat

123 5715 256 5779 apud
287 5713 539 5771 Surium,
568 5710 635 5763 ad
662 5709 803 5763 diem
830 5707 863 5761 9
905 5708 1171 5779 Octobris,
1197 5716 1417 5779 auctore
1463 5709 1715 5779 Simeone

122 5777 481 5855 ll‘etapbraste
513 5789 763 5855 narratur
787 5778 927 5849 quod
976 5793 1095 5855 cum
1149 5777 1430 5855 Dionysius
1474 5778 1716 5855 _l’arisios

122 5848 301 5911 nrbein
348 5852 675 5924 reperisset,
704 5848 922 5908 uberem
948 5850 1165 5920 quidem
1216 5862 1279 5903 ac
1326 5848 1709 5907 feracissimam

1828 4648 2284 4703 construxerunt,
2347 4638 2521 4709 ibique
2587 4641 2825 4704 quOtidie
2875 4655 3133 4709 operante
3194 4645 3418 4700 Domino

1829 4742 2012 4785 nostro
2058 4731 2188 4786 Jesu
2235 4730 2471 4796 Christo,
2507 4733 2690 4785 merita
2747 4749 2931 4786 eorum
2986 4735 3239 4789 virtutum
3294 4752 3417 4803 pro-

1831 4823 2025 4876 bantur
2048 4834 2349 4877 m0ttstrare
2378 4824 2694 4890 frequentia,
2724 4836 2773 4877 et
2820 4828 3176 4889 experiuntur
3221 4830 3414 4884 inliruii

1828 4924 2086 4983 quantum
2120 4914 2215 4970 Dei
2239 4916 2465 4969 famulos
2488 4917 2773 4969 conveniat
2802 4915 3076 4981 honorari,
3107 4920 3193 4971 ubi
3228 4921 3415 4987 recipit

1826 5007 2037 5062 ctecitas
2062 5008 2257 5074 visum,
2284 5007 2529 5062 debilitas
2550 5022 2813 5075 gressum,
2832 5018 2885 5061 et
2911 5011 3181 5065 obstricta:
3203 5012 3410 5065 aurium

1824 5138 1961 5203 solo,
2018 5137 2131 5191 sive
2176 5150 2325 5205 agro,
2359 5145 2413 5187 at
2457 5134 2650 5187 civium
2708 5136 2923 5202 perﬁdia
2976 5145 3029 5187 et
3080 5135 3411 5189 immanitate

1825 5210 2144 5272 deformem,
2177 5208 2357 5259 obibat
2386 5217 2726 5271 perscrutans
2757 5208 2799 5257 si
2832 5221 2987 5273 quem
3025 5209 3192 5257 IOCIllll
3225 5214 3409 5271 aptum

1823 5280 2083 5343 reperiret
2107 5276 2171 5347 ad
2203 5278 2466 5345 quietem;
2514 5290 2816 5347 quemcqu
2866 5276 3170 5336 invenisset,
3200 5290 3290 5341 pr:
3337 5276 3411 5325 ri-

1824 5351 1961 5401 ribua
2004 5349 2173 5400 statim
2214 5348 2454 5411 templum
2507 5346 2751 5398 habuit...
2794 5349 2975 5397 excitat
3026 5350 3327 5407 oratorium,
3362 5355 3407 5394 et

1825 5418 2084 5490 templum,
2116 5420 2251 5483 quod
2279 5419 2428 5488 plane
2452 5428 2556 5490 erat
2577 5421 2715 5468 salus
2742 5418 3053 5490 animarum,
3084 5428 3219 5490 etc.‘

1901 5483 1932 5529 ε’
1966 5491 2091 5542 11ωο
2141 5483 2441 5542 matronas
2474 5489 2729 5539 binwone
2787 5488 3144 5551 Mi-tnplnaste
3195 5483 3404 5536 Catulla

1823 5562 2149 5623 nominatur,
2180 5575 2298 5627 qua:
2341 5559 2589 5611 lictorum
2638 5558 2987 5619 iracundiam,
3037 5571 3098 5607 cx
3148 5572 3213 5604 en
3264 5554 3403 5622 quod

1821 5636 1983 5688 saectt
2008 5630 2243 5701 Dionysii
2268 5641 2319 5685 et
2344 5629 2612 5701 sociorum
2641 5643 2864 5701 corpora
2888 5628 3144 5701 subducta
3174 5627 3400 5691 fuerant,

1822 5715 2022 5766 natam,
2053 5697 2277 5771 pecunia
2303 5700 2519 5757 sedasse
2549 5700 2686 5769 apud
2711 5700 2957 5753 eumdem
2992 5697 3199 5751 dieitur.

1892 5774 1917 5814 ἀ
1950 5773 2176 5839 Forsan,
2208 5774 2277 5825 In".
