4194 6580
170 418 269 477 585

1066 411 1429 472 EXPOSITIO
1470 410 1649 469 FIDEI
1691 408 2099 468 CATIIOLICA'Z
2137 407 2559 469 FORTUNA'I'I.

3353 413 3462 473 586

227 531 296 583 At
319 536 558 584 auctores
580 526 723 584 Hist.
752 525 880 582 Litt.
907 523 1101 582 Franc.
1133 527 1431 595 in/ic'iantur
1458 525 1810 597 illantexpos.
1840 525 2002 579 nostri
2026 522 2307 579 Fortunati
2334 529 2498 594 fetum
2524 541 2664 591 esse;
2694 540 2913 597 quorum
2934 530 3195 584 sententiae
3219 537 3273 583 ut
3296 545 3463 584 meam

167 600 465 672 adjungam,
497 603 622 670 facit
647 601 810 671 stylus
840 599 1056 672 nitidior
1086 608 1132 672 et
1160 594 1350 672 cultior
1378 599 1466 665 qui
1507 599 1559 649 in
1594 594 1688 672 illa
1717 598 1938 663 exposit.
1981 606 2194 672 apparet
2233 613 2405 672 quam_
2429 599 2523 672 qui
2550 598 2657 665 fere
2686 594 2795 652 erat
2833 601 3110 668 familiaris
3141 599 3457 657 Fortunato.

166 667 237 725 oe
269 667 518 741 sgmboto
544 667 713 726 autem
739 670 871 724 nihil
900 670 1066 724 dicere
1098 670 1257 734 lubet,
1288 670 1351 723 de
1388 676 1599 743 quo_t_ot
1629 667 1863 733 feruntur
1892 667 2355 743 eruditissimorum
2386 670 2649 743 hominum
2678 667 2956 743 sententiae,
3002 689 3128 743 quas
3152 674 3219 725 ad
3249 688 3463 727 examen

165 738 398 814 revocare
430 746 643 815 hujusce
680 745 780 797 loci
817 752 977 816 atque
1000 743 1180 816 aperis
1207 757 1309 795 non
1341 749 1447 804 est;
1494 741 1574 793 hic
1609 749 2039 816 tanienutroque,
2071 748 2115 791 et
2156 738 2457 816 Symbolum
2484 740 2647 816 uulgo
2680 738 3117 815 Athanasianum,
3151 754 3200 800 et
3222 747 3334 816 ejus
3374 759 3466 799 e1;-

167 808 574 883 posi'tioneui,'ut
603 816 738 869 edita
764 831 796 868 α
822 808 893 868 τις
924 808 1216 868 Μαίηιονὲο
1246 824 1385 876 sunt,
1416 827 1480 865 ea:
1509 812 1821 882 perantiquis
1853 808 2017 865 Codd.
2051 810 2328 879 exscripta,
2357 808 2679 882 subjicirnus.

172 979 3453 1010 Ἢ

902 1104 1453 1188 EXEMPLAR
1510 1105 2208 1195 ATHANASIANI
2270 1111 2749 1194 SYMBOLI.

233 1348 288 1402 i.
331 1345 649 1415 Quicunque
679 1344 789 1397 vult
828 1356 948 1399 esse
988 1343 1187 1411 salvus,
1232 1350 1360 1400 ante
1399 1344 1578 1399 omnia
1624 1357 1757 1413 epos
1787 1346 1841 1406 Α
1867 1351 1994 1400 totae
2026 1353 2134 1399 tres
2166 1356 2408 1413 personae
2432 1351 2719 1401 comternae
2742 1342 2846 1401 sibi
2869 1354 3013 1414 sunt,
3047 1357 3102 1404 et
3130 1353 3468 1423 coaequales;

166 1448 246 1494 est
282 1446 342 1491 ut
389 1446 569 1491 teneat
607 1435 925 1490 catholicnm
968 1435 1130 1489 ﬁdem
1164 1452 1176 1487 :
1208 1450 1366 1505 quam
1401 1435 1502 1491 nisi
1530 1436 1649 1505 quis
1680 1436 1764 1489 in-

167 1541 371 1601 tegram
422 1530 840 1597 inviolatamque
885 1527 1204 1593 servaverit,
1252 1526 1455 1595 absque
1502 1526 1667 1581 dubio
1714 1528 1767 1581 in

165 1638 431 1680 aeternum
476 1622 691 1693 peribit.
728 1619 887 1675 Fides
920 1630 1100 1676 autem
1143 1620 1401 1675 catholica
1432 1620 1546 1675 hac
1573 1629 1678 1685 est,
1709 1628 1768 1675 ut

166 1732 331 1771 unum
376 1717 543 1771 Deum
588 1715 641 1769 in
683 1713 962 1777 Trinitate,
1010 1722 1063 1768 et
1105 1711 1421 1767 Trinitatem
1470 1714 1519 1765 in
1563 1712 1768 1767 unitate

164 1826 510 1877 veneremur,
572 1823 745 1879 neque
796 1806 1190 1863 confundentes
1246 1820 1533 1876 personas,
1594 1820 1768 1874 neque

164 1909 522 1964 substantiam
564 1914 896 1974 separantes.
944 1904 1059 1957 Alia
1103 1911 1186 1957 est
1215 1901 1356 1957 enim
1404 1914 1629 1971 persona
1672 1901 1767 1953 Pu-

164 2004 299 2069 tris,
334 2002 439 2055 alia
468 2014 696 2070 persona
731 1997 880 2060 Filii,
912 1995 1016 2050 alia
1048 2010 1277 2064 persona
1306 1994 1537 2062 Spiritus
1566 1994 1765 2062 sancti,

165 2104 193 2133 ι
225 2110 335 2149 una
383 2102 466 2148 est
511 2090 785 2158 divinitas,
832 2087 1053 2158 aequalis
1102 2087 1301 2156 gloria,
1350 2098 1612 2142 coaeterna
1658 2100 1770 2139 ma-

158 2185 358 2255 jestas.
406 2182 589 2249 Qualis
639 2181 816 2245 Pater,
865 2179 986 2231 talis
1034 2177 1221 2243 Filius,
1279 2178 1395 2233 talis
1444 2186 1498 2232 et
1541 2177 1769 2245 Spiritus

163 2288 413 2330 sanctus.
445 2274 719 2328 lncreatus
751 2271 928 2335 Pater,
965 2270 1233 2325 increatus
1274 2268 1459 2334 Filius,
1503 2269 1769 2323 increatus

165 2369 411 2438 Spiritus
436 2375 675 2422 sanctus.
708 2364 1011 2419 Immensus
1042 2362 1221 2430 Pater,
1257 2362 1551 2417 immensus
1584 2360 1769 2428 Filius,

162 2464 468 2517 immensus
499 2458 730 2527 Spiritus
768 2464 1007 2511 sanctus.
1040 2455 1296 2511 JEternus
1328 2454 1505 2520 Pater,
1536 2466 1769 2509 aaternus

160 2554 360 2620 Filius,
393 2561 626 2608 aeternus
655 2550 889 2620 Spiritus
918 2557 1158 2604 sanctus.
1204 2548 1271 2602 Et
1314 2556 1491 2602 tamen
1526 2562 1630 2601 non
1664 2557 1771 2601 tres

159 2647 383 2713 aeterni,
416 2646 511 2701 sed
558 2660 695 2700 unus
734 2652 990 2698 aeternus.
1028 2642 1178 2697 Sicut
1220 2656 1324 2695 non
1369 2650 1478 2694 tres
1525 2640 1767 2704 increati,

1870 1438 1941 1494 ita
1977 1447 2032 1492 ut
2059 1452 2154 1507 per
2182 1438 2393 1503 omnia,
2424 1439 2561 1493 sicut
2582 1438 2694 1509 jam
2723 1441 3086 1510 supradictum
3119 1455 3230 1513 est,
3266 1458 3320 1503 et
3347 1450 3468 1504 Tri-

1869 1531 2009 1585 nitas
2038 1532 2089 1585 in
2121 1532 2345 1597 unitate,
2376 1540 2432 1585 et
2461 1532 2637 1587 unitas
2666 1532 2719 1587 in
2747 1532 3013 1593 Trinitate
3040 1541 3342 1596 veneranda
3375 1544 3469 1597 sit.

1871 1622 1972 1688 Qui
2004 1623 2119 1678 vult
2157 1637 2286 1693 ergo
2329 1624 2509 1679 salvus
2538 1638 2681 1691 esse,
2723 1624 2795 1681 ita
2841 1626 2910 1682 de
2940 1626 3203 1688 Trinitate
3247 1634 3472 1693 sentiat.

1870 1717 1972 1773 Sed
2014 1717 2379 1772 necessarium
2410 1727 2491 1772 est
2520 1718 2589 1771 ad
2618 1728 2878 1774 teternam
2906 1720 3165 1788 salutem,
3201 1734 3256 1778 ut
3297 1724 3475 1781 lucar-

1872 1811 2139 1865 nationem
2171 1824 2384 1881 quoque
2418 1809 2631 1866 Domini
2661 1812 2833 1867 nostri
2858 1811 2987 1867 Jesu
3011 1814 3209 1870 Christi
3236 1816 3471 1875 ﬁdeliter

1870 1905 2069 1959 credat.
2105 1903 2201 1958 Est
2220 1917 2350 1974 ergo
2372 1904 2504 1958 fides
2529 1912 2697 1968 recta,
2727 1912 2789 1958 ut
2813 1904 3098 1961 credamus
3129 1918 3182 1961 et
3213 1912 3473 1965 conﬁtea-

1870 2014 2009 2065 mur,
2050 1998 2191 2067 quod
2231 1996 2490 2052 Dominus
2527 2005 2711 2053 noster
2758 1997 2915 2054 Jesus
2955 1998 3202 2055 Christus
3250 2002 3343 2058 Dei
3387 2004 3475 2058 Fi-

1872 2090 1993 2155 lius,
2022 2099 2076 2144 et
2106 2090 2247 2145 Deus
2278 2089 2500 2160 pariter,
2533 2098 2587 2145 et
2618 2090 2779 2146 homo
2810 2100 2913 2147 est.
2947 2090 3091 2147 Deus
3123 2103 3207 2147 est
3237 2110 3303 2149 ex
3347 2097 3468 2152 sub-

1879 2187 2073 2239 stantia
2105 2187 2278 2241 Patris
2307 2198 2430 2242 ante
2458 2188 2650 2243 szecula
2683 2188 2902 2259 genitus
2924 2227 2937 2250 ,
2972 2199 3026 2241 et
3074 2190 3235 2241 homo
3281 2198 3365 2241 est
3402 2202 3471 2243 ett

1876 2276 2171 2331 subStantia
2203 2277 2389 2332 matris
2428 2277 2481 2331 in
2525 2280 2722 2333 saeculo
2766 2286 2941 2331 natus.
2989 2276 3263 2331 Perfectus
3297 2276 3475 2345 Deus,

1876 2370 2144 2437 perlectus
2163 2369 2325 2425 homo
2346 2385 2412 2426 ex
2439 2370 2620 2425 anima
2644 2369 2952 2425 rationabili
2977 2381 3024 2424 et
3054 2368 3285 2423 humana
3310 2384 3477 2426 carne

1871 2459 2203 2526 subsistens;
2236 2461 2456 2531 aequalis
2503 2461 2645 2517 Patri
2673 2462 2962 2517 secundum
2995 2460 3351 2527 divinitatem,
3377 2462 3479 2516 mi-

1870 2568 1971 2607 nor
2009 2552 2167 2606 Patre
2207 2553 2504 2607 secundum
2537 2554 2951 2611 humanitatem.
2997 2552 3097 2621 Qui
3151 2553 3277 2607 licet
3330 2554 3475 2609 Deus

1870 2645 1956 2709 sit,
1987 2656 2040 2699 et
2064 2646 2247 2710 homo,
2270 2661 2377 2701 non
2400 2647 2505 2700 duo
2559 2656 2770 2714 tamen,
2803 2647 2897 2702 sed
2928 2663 3068 2703 unus
3095 2654 3178 2702 est
3208 2647 3473 2700 Christus.

162 2758 267 2798 nec
312 2752 426 2796 tres
466 2737 746 2806 immensi,
780 2738 874 2794 sed
916 2751 1052 2792 unus
1096 2737 1391 2791 immensus
1422 2743 1477 2790 et
1519 2749 1654 2788 unus
1692 2734 1772 2787 in-
1802 2712 1850 2773 Β
1875 2736 2019 2791 Unus
2047 2746 2224 2792 autem
2250 2754 2358 2792 non
2381 2738 2735 2794 conversione
2764 2739 3057 2794 divinitatis
3083 2739 3136 2793 in
3166 2753 3354 2805 carne,
3378 2738 3477 2792 sed

158 2844 410 2891 creatus.
445 2833 704 2890 Similiter
733 2833 1074 2901 omnipotens
1106 2831 1283 2898 Pater,
1314 2829 1653 2899 omnipotens
1685 2828 1772 2882 Fi-

173 2928 305 2991 lius,
340 2924 691 2993 omnipotens
715 2923 944 2993 Spiritus
969 2929 1216 2981 sanctus;
1247 2930 1301 2977 et
1324 2924 1440 2975 'non
1466 2930 1575 2975 tres
1600 2921 1772 2974 omni—

158 3029 443 3088 potentes,
471 3019 565 3072 sed
598 3034 736 3073 unus
762 3019 1125 3086 omnipotens.
1157 3017 1229 3071 lla
1258 3017 1396 3071 Deus
1426 3015 1603 3083 Pater,
1636 3016 1772 3069 Deus

159 3110 361 3175 Filius,
393 3109 538 3165 Deus
563 3110 800 3176 Spiritus
830 3119 1081 3174 sanctus;
1109 3118 1163 3163 et
1195 3119 1371 3162 tamen
1404 3122 1507 3161 non
1542 3115 1648 3160 tres
1676 3103 1770 3171 dii,

155 3207 261 3259 sed
308 3220 449 3258 unus
482 3203 642 3259 Deus.
688 3203 760 3257 Ita
800 3203 1055 3258 Dominus
1087 3201 1264 3265 Pater,
1298 3199 1553 3254 Dominus
1582 3197 1766 3265 Filius,

159 3299 437 3354 Dominus
461 3298 692 3369 Spiritus
717 3305 957 3362 sanctus,
989 3305 1042 3351 et
1069 3303 1249 3349 tamen
1276 3307 1380 3346 non
1408 3302 1515 3347 tres
1538 3289 1769 3355 Domini,

154 3398 259 3450 sed
289 3408 434 3449 unus
458 3392 738 3447 Dominus.
771 3391 901 3457 Quia
928 3390 1070 3443 sicut
1092 3386 1400 3455 singillatim
1426 3398 1769 3449 unamquam-

152 3502 273 3557 que
306 3500 595 3555 personam
641 3494 695 3540 et
728 3484 896 3539 Deum
929 3492 983 3537 et
1024 3481 1306 3535 Dominum
1338 3477 1580 3533 conﬁteri
1622 3477 1773 3532 Chri-

152 3582 345 3635 stiana
378 3578 607 3633 veritate
632 3576 1030 3647 compellimur,
1065 3576 1135 3629 ita
1164 3584 1274 3629 tres
1298 3572 1452 3641 deos,
1482 3580 1574 3626 aut
1602 3571 1774 3626 domi-

151 3686 264 3726 nos
314 3670 500 3725 dicere
538 3668 801 3724 catholica
841 3668 1103 3738 religione
1144 3666 1510 3736 prohibemus.
1557 3664 1716 3718 Pater
1742 3679 1773 3719 a

147 3762 319 3817 nullo
365 3770 448 3816 est
480 3760 671 3826 factus,
716 3774 815 3815 nec
852 3771 1098 3824 creatus,
1138 3772 1236 3812 nec
1277 3757 1509 3827 genitus.
1552 3755 1718 3811 Filius
1743 3772 1775 3811 a

149 3856 332 3912 Patre
366 3854 484 3909 solo
512 3862 627 3917 est,
661 3868 768 3907 non
798 3850 995 3919 factus,
1028 3864 1129 3907 nec
1155 3860 1388 3917 creatus,
1419 3850 1517 3905 sed
1543 3848 1771 3919 genitus.

144 3946 408 4016 Spiritus
454 3954 673 3999 sanctus
733 3959 762 3996 a
811 3943 968 3999 Patre
1012 3950 1069 3999 et
1117 3941 1258 3997 Filio
1297 3956 1401 3997 non
1441 3940 1632 4007 fuClus,
1677 3957 1776 3998 nec

144 4050 409 4105 creatus,
452 4054 554 4093 nec
598 4037 832 4108 genitus,
867 4039 960 4093 sed
993 4035 1314 4108 procedens,
1360 4035 1501 4092 Patri
1544 4045 1599 4092 et
1640 4036 1774 4091 Filio

143 4143 483 4189 coaeternus
528 4138 634 4186 est.
685 4129 833 4186 Unus
876 4144 1006 4200 ergo
1048 4130 1226 4195 Pater,
1271 4142 1375 4183 non
1424 4139 1532 4183 tres
1564 4127 1771 4193 Patres,

140 4240 307 4280 unus
355 4223 551 4291 Filius,
585 4237 691 4277 non
736 4230 848 4278 tres
890 4221 1036 4288 Filii,
1074 4235 1211 4277 unus
1253 4219 1486 4291 Spiritus
1531 4230 1770 4285 sanctus,

143 4332 270 4373 non
324 4328 440 4372 tres
482 4314 720 4384 Spiritus
759 4313 955 4369 sancti.
1000 4312 1069 4368 Et
1112 4314 1163 4367 in
1213 4312 1315 4366 hac
1344 4311 1605 4367 Trinitate
1646 4312 1776 4366 nihil

144 4408 345 4479 prius,
398 4414 495 4461 aut
540 4406 830 4476 posterius,
874 4404 1007 4460 nihil
1056 4404 1249 4475 majus,
1299 4411 1391 4457 aut
1440 4404 1637 4469 minus,
1681 4404 1775 4459 sed

1869 2830 2239 2899 assumptione
2272 2831 2616 2886 humanitatis
2648 2832 2701 2885 in
2728 2831 2859 2887 Deo.
2905 2831 3053 2887 Unus
3095 2830 3314 2883 omnino
3367 2844 3476 2883 non

1866 2920 2179 2977 confusione
2196 2922 2527 2990 subStantite,
2548 2924 2643 2979 sed
2677 2926 2881 2979 unitate
2904 2936 3169 2993 personat.
3186 2921 3318 2975 Nam
3334 2922 3477 2975 sicut

1866 3013 2040 3067 anima
2064 3015 2395 3070 rationabilis
2428 3026 2481 3071 et
2510 3031 2637 3072 caro
2662 3033 2798 3073 unus
2828 3028 2910 3072 est
2942 3016 3124 3080 homo,
3152 3017 3221 3068 ita
3251 3014 3393 3069 Deus
3420 3021 3479 3068 et

1868 3104 2029 3160 homo
2052 3122 2190 3161 unus
2212 3118 2294 3163 est
2316 3108 2579 3164 Christus.
2605 3111 2706 3177 Qui
2736 3124 2923 3179 passus
2952 3119 3036 3166 est
3059 3124 3155 3177 pro
3178 3107 3351 3162 salute
3375 3122 3475 3162 no-

1867 3202 2294 3268 SIra,descendit
2319 3203 2381 3257 ad
2409 3206 2630 3271 inferos,
2655 3206 2892 3262 surrexit
2912 3220 2939 3259 a
2966 3202 3214 3267 mortuis,
3232 3200 3478 3258 ascendit

1875 3295 1942 3349 ad
1963 3293 2152 3360 coclos,
2174 3294 2315 3349 sedit
2339 3293 2403 3347 ad
2428 3293 2713 3349 dexteram
2736 3294 2931 3360 Patris,
2953 3294 3077 3349 inde
3095 3306 3353 3350 venturus
3389 3297 3479 3365 ju~

1875 3386 2053 3441 dicare
2089 3386 2237 3439 vivos
2268 3400 2330 3440 ae
2370 3395 2633 3441 mortuos.
2669 3385 2748 3440 Ad
2779 3386 2934 3456 cujus
2965 3386 3251 3441 adventum
3283 3403 3479 3443 omnes

1876 3480 2121 3537 homines
2158 3479 2418 3535 reddituri
2463 3490 2589 3536 sunt
2626 3480 2695 3535 de
2730 3478 2885 3535 factis
2918 3482 3149 3550 pr0priis
3190 3483 3481 3547 rationem,

1872 3582 1929 3627 et
1967 3577 2054 3642 qui
2098 3572 2236 3627 bona
2278 3572 2505 3643 egerint,
2551 3573 2701 3627 ibunt
2745 3572 2796 3627 in
2842 3574 3005 3627 vitam
3056 3585 3343 3641 mternam;
3391 3578 3482 3643 qui

1877 3666 2039 3729 mala,
2072 3666 2123 3719 in
2168 3665 2344 3735 ignem
2387 3675 2674 3720 aeternum.
2719 3666 2845 3721 Haec
2888 3676 2971 3721 est
3018 3665 3152 3722 ﬁdes
3194 3668 3485 3735 catholica,

1876 3773 2038 3827 quam
2070 3758 2173 3814 nisi
2205 3760 2573 3829 unusquisque
2602 3758 2837 3815 lideliter
2867 3759 3198 3830 ﬁrmiterque
3224 3762 3486 3818 credide-

1878 3851 1970 3917 rit,
2002 3849 2180 3905 salvus
2210 3864 2330 3904 esse
2360 3864 2467 3904 non
2500 3852 2719 3919 poterit.

1949 3940 2003 3996 2.
2035 3940 2092 3995 In
2125 3943 2314 3998 eadem
2358 3943 2643 4012 scripturae
2673 3943 2813 3998 linea
2841 3942 2958 3999 htec
3002 3953 3298 4014 sequuntur
3330 3964 3341 3999 :
3370 3944 3478 4000 La-

1881 4044 1987 4100 στα,
2022 4042 2204 4103 mater,
2235 4051 2370 4101 eum,
2413 4036 2500 4105 qui
2545 4036 2661 4106 fecit
2691 4044 2759 4103 te,
2799 4037 2921 4107 quia
2950 4038 3104 4091 talem
3149 4038 3266 4107 fecit
3308 4048 3375 4106 te,
3426 4048 3487 4093 ut

1881 4128 1989 4195 ipse
2037 4128 2181 4197 ﬁeret
2220 4132 2273 4182 in
2312 4137 2381 4182 te.
2412 4127 2573 4183 Laeta
2601 4145 2740 4197 eum,
2774 4132 2864 4199 qui
2894 4131 3125 4201 fructum
3151 4131 3485 4201 fecunditatis

1885 4221 1974 4275 tibi
2002 4222 2141 4277 dedit
2169 4231 2463 4293 conceptus,
2496 4232 2542 4279 et
2574 4224 2730 4279 decus
2770 4224 3083 4294 virginitatis
3123 4240 3229 4279 non
3272 4224 3485 4279 abstulit

1885 4322 2059 4367 natus.

224 4531 255 4557 ⁸·
306 4518 539 4577 Additur
568 4519 674 4574 alia
704 4533 863 4574 manu
890 4534 906 4575 :
939 4516 1047 4573 Sed
1076 4514 1271 4581 Patris,
1305 4524 1347 4569 et
1376 4511 1541 4583 Filii,
1572 4521 1617 4567 et
1654 4512 1885 4583 Spiritus
1914 4510 2097 4565 sancti.

151 4667 3474 4711 MM

660 4802 1266 4888 “EXPOSITIO
1324 4799 1603 4881 FIDEI
1660 4797 2269 4879 CATHOLICIE
2348 4795 2980 4875 FORTUNATI.

222 5084 555 5155 Quicunque
574 5079 684 5135 vult
707 5092 817 5135 esse
857 5077 1062 5143 salvus,
1094 5083 1213 5131 ante
1248 5074 1422 5130 omnia
1467 5091 1595 5145 opus
1622 5070 1697 5130 est
1723 5086 1780 5131 ut
1808 5084 1861 5145 ι)
1884 5076 2029 5131 enim
2064 5074 2335 5130 neminem
2364 5070 2431 5127 ad
2464 5086 2648 5128 veram
2700 5072 2985 5143 pervenire
3029 5086 3189 5143 posse
3240 5074 3478 5133 beatitu-

134 5190 340 5241 teneat
373 5178 687 5233 catholicam
724 5174 897 5244 ﬁdem,
931 5188 1086 5242 quam
1130 5172 1227 5226 nisi
1267 5171 1481 5239 quisque
1524 5172 1778 5241 integram

130 5277 581 5342 inviolatamque
630 5268 942 5336 seruaverit,
996 5267 1186 5336 absque
1229 5265 1383 5319 dubio
1429 5265 1483 5318 in
1528 5274 1773 5320 wternum

133 5366 375 5442 peribit.
430 5362 613 5418 Primo
661 5375 792 5430 ergo
840 5358 1079 5415 omnium
1133 5356 1267 5411 ﬁdes
1314 5355 1617 5411 necessaria
1669 5368 1770 5421 est,

132 5463 299 5516 sicut
361 5453 659 5524 apostolica
693 5451 856 5508 docet
902 5450 1217 5518 auctoritas,
1250 5448 1434 5504 dicens
1464 5467 1475 5502 :
1506 5447 1631 5505 Sine
1671 5449 1775 5517 ﬁde

129 5545 496 5623 impossibile
550 5554 623 5600 est
672 5545 873 5614 placere
920 5541 1031 5597 Deo
1062 5540 1254 5613 (Hebr.
1306 5556 1383 5608 xt,
1426 5538 1508 5611 6).
1556 5538 1776 5595 Constat

219 5723 251 5751 ι
286 5710 453 5767 lianc
483 5706 727 5763 eamdem
759 5704 882 5761 ﬁdei
921 5704 1310 5772 expositionem
1343 5700 1566 5770 reperiit
1596 5700 1775 5755 vircl.

128 5785 502 5844 Franciscus
535 5778 804 5833 Antonius
847 5776 1110 5831 Zacharia
1144 5776 1194 5829 in
1240 5773 1443 5829 Codice
1489 5773 1776 5826 cltarluceo

126 5854 359 5917 seculi
398 5866 511 5918 xtv,
544 5849 858 5914 Florentiae,
894 5850 987 5903 sed
1022 5846 1220 5902 nullius
1250 5858 1507 5918 expresso
1540 5844 1777 5918 auctoris

128 5914 420 5994 Domine,
446 5914 506 5979 ut
525 5921 643 5992 ipse
662 5919 831 5976 refert
852 5920 907 5975 in
933 5918 1072 5974 libro
1100 5918 1189 5988 qui
1234 5915 1544 5973 inscribitur
1569 5914 1775 5971 Excur-

506 6016 783 6077 Ρλτιιοι.
831 6009 1225 6076 LXXXVIII

1886 5168 2099 5231 dinem,
2132 5167 2231 5222 nisi
2263 5167 2372 5221 Deo
2416 5166 2647 5235 placeat,
2681 5174 2735 5221 et
2784 5166 2894 5222 Deo
2940 5168 3214 5224 neminem
3261 5170 3480 5240 placere

1886 5275 2068 5330 posse,
2114 5258 2214 5314 nisi
2248 5272 2342 5327 per
2371 5256 2553 5312 ﬁdem.
2584 5255 2749 5312 Fides
2800 5272 3033 5328 namque
3083 5269 3166 5313 est
3214 5259 3478 5318 b0tiorum

1884 5351 2123 5407 omnium
2149 5349 2575 5415 lundamentum,
2604 5349 2736 5405 ﬁdes
2763 5350 3008 5405 humana:
3029 5351 3220 5407 salutis
3243 5354 3477 5412 initium.

1882 5446 2008 5502 Sine
2041 5448 2140 5501 hac
2184 5460 2345 5501 nemo
2390 5444 2457 5500 ad
2508 5445 2734 5500 ﬁliorum
2777 5442 2873 5499 Dei
2921 5452 3098 5514 potest
3146 5447 3479 5503 consortium

1881 5539 2183 5613 pervenire,
2216 5539 2342 5609 quia
2384 5538 2503 5597 sine
2532 5538 2649 5608 ipsa
2699 5552 2800 5593 nec
2849 5538 2903 5592 in
2951 5536 3055 5594 hoc
3100 5540 3300 5597 saeculo
3332 5542 3480 5612 quiso

1880 5720 1967 5759 sus
1997 5702 2278 5757 litterarius
2309 5716 2398 5768 per
2430 5700 2663 5766 Italiam,
2707 5714 2830 5769 pag.
2881 5696 3008 5765 507,
3058 5697 3146 5753 ubi
3179 5699 3356 5754 varias
3403 5698 3479 5753 le-

1882 5779 2086 5902 ctiloties
2114 5774 2412 5843 adnotavit,
2447 5787 2582 5844 quas
2622 5786 2721 5828 nos
2748 5783 2961 5842 quoque
3001 5771 3116 5826 suis
3146 5769 3282 5828 locis
3331 5771 3476 5827 indi-

1883 5862 1943 5904 ca
1970 5862 2146 5902 timus.

2960 6000 3034 6063 10
