4194 6564
761 421 863 479 587

1465 406 1784 465 VENANTII
1823 403 1980 461 HON.
2020 397 2222 457 CLEM.
2267 390 2660 452 FORTUNATI
2697 387 2982 446 OPERUM
3021 387 3199 446 PARS
3240 388 3304 444 ll.

3915 388 4018 444 588

772 546 932 602 quam
986 523 1378 598 justilicationis
1432 521 1777 589 Consequitur
1822 517 2067 587 gratiam,
2126 526 2224 566 nec
2283 511 2334 563 in
2363 511 2470 569 Aa
2505 503 2650 556 nullo
2678 509 2914 556 creatus.
2946 497 3234 554 Immensus
3265 496 3444 564 Pater,
3487 497 3765 552 immensus
3815 495 4017 564 Filius,

764 625 944 679 luturo
973 622 1136 677 vitam
1165 615 1458 688 possidebit
1489 623 1764 668 aeternam.
1803 609 1868 664 Et
1895 609 1938 662 si
1969 607 2087 674 quis
2115 605 2198 658 bic
2232 620 2334 656 non

774 712 1129 768 ambulaverit
1171 725 1263 778 per
1295 708 1476 772 (idem,
1528 720 1632 760 non
1674 700 1944 771 perveniet
1989 699 2056 752 ad
2108 697 2337 764 speciem

768 806 977 861 beatam
1009 801 1223 856 Domini
1271 797 1436 852 nostri
1485 795 1612 850 Jesu
1655 793 1872 848 Christi.
1908 789 2173 844 Catholica
2218 785 2338 840 uni-

767 898 994 954 versalis
1020 895 1238 958 dicitur,
1273 893 1324 948 id
1354 899 1437 947 est
1467 900 1635 954 recta,
1667 903 1824 958 quam
1857 887 2103 940 universa
2151 884 2338 938 Eccle-

767 991 847 1045 sia
877 997 1064 1044 tenere
1107 987 1286 1042 debet.
1336 982 1572 1039 Ecclesia
1603 981 1799 1050 quippe
1830 975 2174 1047 congregatio
2203 972 2341 1027 dici-

767 1093 854 1138 tur
879 1080 1314 1141 cbristianorum,
1346 1078 1461 1131 sive
1497 1082 1794 1131 conventus
1842 1070 2182 1140 populorum.
2223 1068 2338 1121 Non

769 1175 915 1230 enim
965 1174 1102 1229 sicut
1141 1169 1508 1228 conventicula
1558 1168 1927 1223 haereticorum
1978 1165 2031 1218 in
2080 1161 2341 1230 aliquibus

770 1266 1050 1336 regionum
1089 1264 1326 1334 partibus
1354 1270 1674 1324 cuarctatur,
1702 1259 1796 1314 sed
1843 1273 1935 1326 per
1978 1265 2144 1310 touun
2178 1264 2346 1307 terra-

769 1376 889 1415 rum
940 1358 1127 1414 orbem
1176 1356 1392 1411 dilatata
1441 1352 1767 1410 diffunditur.
1805 1350 1871 1406 Ut
1901 1365 2055 1402 unum
2105 1347 2266 1400 Deum
2293 1345 2346 1397 in

773 1450 1047 1515 Trinitate,
1080 1458 1129 1504 et
1159 1449 1456 1504 Trinitatem
1498 1447 1552 1499 in
1579 1446 1775 1499 unitate
1802 1455 2112 1503 veneremur,
2143 1447 2197 1493 et
2227 1451 2343 1491 cre-

771 1545 980 1609 damus,
1003 1551 1058 1598 et
1076 1542 1332 1607 colamus,
1354 1549 1408 1610 et
1430 1538 1778 1594 conﬁteamur
1799 1533 2112 1588 Trinitatem
2146 1531 2196 1583 in
2230 1543 2345 1597 per-

773 1636 949 1702 sonis,
977 1637 1238 1690 unitatem
1272 1633 1323 1686 in
1376 1622 1695 1685 substantia.
1739 1626 1886 1681 Hanc
1931 1637 2142 1693 quoque
2171 1619 2351 1674 Trini-

775 1735 940 1782 tatem
971 1738 1338 1794 personarum,
1373 1730 1531 1792 atque
1567 1720 1823 1775 unitatem
1855 1725 2054 1770 natura:
2094 1717 2350 1783 propheta

785 1817 951 1872 lsaias
979 1815 1268 1872 revelatam
1297 1813 1396 1868 sibi
1445 1827 1550 1868 non
1581 1811 1758 1876 tacuit,
1789 1823 1910 1864 cum
1941 1822 2002 1863 se
2030 1807 2159 1861 dicit
2203 1819 2348 1860 scra-

2437 595 2709 648 immensus
2739 602 2785 646 et
2824 593 3047 661 Spiritus
3088 600 3317 645 sanctus.
3365 589 3478 644 Non
3511 598 3595 645 est
3643 589 4023 645 mensurabilis

2441 685 2492 739 in
2524 701 2616 738 sua
2646 693 2861 750 natura,
2887 683 3008 754 quia
3040 683 3264 738 illocalis
3289 691 3392 748 est,
3421 695 3474 738 et
3497 682 4021 750 incircumscriptus,

2442 779 2636 848 ubique
2657 787 2817 841 totus,
2852 779 3048 847 ubique
3075 789 3337 846 prmsens,
3367 773 3567 842 ubique
3596 781 3812 841 patens.
3841 769 4026 825 ,λεια-

2443 889 2536 928 nus
2563 873 2740 936 Pater,
2763 882 2980 926 internus
3004 869 3192 933 Filius,
3216 877 3430 922 aeternus
3453 875 3501 920 et
3525 865 3754 936 Spiritus
3784 874 3991 918 sanctus
4006 876 4030 925 ;

2446 964 2496 1018 id
2529 973 2745 1018 estnon
2790 975 2898 1017 tres
2925 959 3134 1026 aeterni,
3167 959 3262 1012 sed
3292 958 3346 1011 in
3385 956 3556 1010 tribus
3593 955 3840 1026 personis
3887 968 4029 1006 unus

2447 1055 2590 1110 Deus
2619 1067 2874 1119 anernus,
2908 1051 2999 1119 qui
3029 1051 3146 1105 sine
3192 1047 3346 1103 initio
3372 1055 3426 1101 et
3472 1046 3589 1101 sine
3635 1045 3741 1098 line
3790 1051 4031 1096 teternus

2446 1153 2743 1215 permanet.
2796 1143 3045 1199 Similiter
3093 1141 3408 1209 omnipotens
3461 1137 3661 1202 Pater,
3706 1137 4031 1204 omnipotens

2448 1237 2642 1305 Filius,
2693 1239 3008 1308 omnipotens
3048 1243 3096 1288 et
3125 1233 3354 1304 Spiritus
3391 1239 3622 1285 sanctus.
3670 1227 4028 1294 Omnipotens

2446 1330 2662 1391 dicitur,
2695 1342 2761 1382 eo
2792 1325 2932 1395 quod
2985 1324 3164 1379 omnia
3197 1329 3394 1391 potest,
3438 1329 3496 1375 et
3535 1318 3774 1373 omnium
3822 1317 4034 1370 obtinet

2450 1427 2795 1490 potestatem.
2829 1417 2968 1484 Ergo
3021 1416 3065 1469 si
3112 1414 3289 1469 omnia
3339 1419 3536 1481 potest,
3583 1409 3709 1478 quid
3756 1416 3841 1461 est
3889 1405 4034 1474 quod

2452 1525 2558 1565 non
2590 1509 2802 1578 potest?
2833 1507 2945 1563 Hoc
2987 1522 3091 1560 non
3127 1513 3322 1575 potest,
3356 1503 3499 1573 quod
3537 1500 3892 1568 omnipotenti
3929 1513 4035 1550 nou

2453 1602 2708 1670 competit
2739 1614 2918 1669 posse.
2952 1597 3089 1652 Falli
3136 1612 3241 1651 non
3285 1604 3480 1664 potest,
3512 1593 3634 1663 quia
3678 1599 3897 1646 sanctus
3924 1599 4039 1651 est;

2454 1695 2588 1750 mori
2620 1709 2722 1748 non
2757 1701 2950 1761 potest,
2979 1693 3098 1759 quia
3126 1688 3442 1744 immortalis
3471 1687 3580 1739 vita
3609 1697 3723 1748 est;
3760 1685 3898 1736 liuiri
3933 1697 4043 1735 non

2457 1795 2651 1856 potest,
2684 1784 2803 1854 quia
2835 1783 3070 1836 inlinitus
3096 1790 3150 1836 et
3181 1780 3432 1849 perennis
3455 1786 3556 1832 est.
3587 1777 3658 1830 Ita
3689 1773 3831 1828 Deus
3859 1773 4042 1836 Pater,

777 1909 927 1978 pbim
957 1907 1151 1961 vidisse
1177 1905 1455 1960 clamantia
1491 1921 1504 1958 :
1537 1903 1779 1969 Sanctus,
1813 1900 2062 1965 Sanctus,
2101 1898 2344 1964 Sanctus,
2377 1917 2382 1924 ι

2475 1877 2593 1931 Deus
2625 1875 2812 1942 Filius,
2844 1873 2980 1928 Deus
3010 1883 3056 1927 et
3080 1873 3300 1940 Spiritus
3317 1880 3542 1924 sanctus.
3573 1878 3597 1907 θ
3636 1867 3914 1934 Proprium
3951 1879 4049 1916 uo—

2702 1976 2709 1978 _
2767 1965 2803 1978 ιι
2846 1976 2853 1978 .
2895 1967 2907 1978 ι
3004 1962 3040 1978 n
3083 1973 3092 1978 .
3242 1971 3277 1978 ,.
3340 1959 3608 1978 ___-_--_!,-,,.
3671 1971 3863 1978 --.ηιμ
3928 1953 4048 1978 Π.Ιζζ

787 1999 1034 2052 Dominus
1061 1996 1200 2052 Deus
1231 1997 1455 2052 Sabaoth
1501 1996 1650 2067 (lsai.
1681 2009 1748 2057 rt,
1781 1992 1860 2062 5).
1910 1991 2006 2047 Ubi
2055 2003 2272 2060 prorsus
2303 1989 2354 2040 in

778 2105 850 2146 eo
890 2089 1028 2159 quod
1059 2088 1250 2143 dicitur
1291 2088 1447 2143 tertio
1479 2085 1722 2148 Sanctus,
1773 2098 2116 2154 personarum
2150 2081 2357 2134 trinita-

783 2197 911 2247 tem,
945 2184 994 2236 in
1026 2193 1090 2236 eo
1123 2197 1250 2236 vero
1279 2181 1416 2248 quod
1463 2180 1629 2235 semel
1669 2179 1895 2233 dicimus
1937 2177 2186 2231 Dominus
2221 2175 2358 2228 Deus

785 2275 1039 2340 Sabaoth,
1075 2273 1266 2328 divinas
1297 2283 1499 2327 natura:
1529 2273 1902 2341 cognoscimus
1942 2271 2220 2324 unitatem.
2259 2267 2358 2322 Ne-

788 2379 895 2436 que
935 2364 1321 2419 confundentes
1363 2378 1642 2432 personas,
1673 2372 1731 2417 ut
1775 2362 2040 2418 Sabeiiius
2070 2368 2234 2427 errat,
2267 2359 2358 2428 qui

793 2459 969 2526 ipsum
1000 2457 1131 2512 dicit
1161 2473 1278 2511 esse
1307 2456 1518 2511 Patrem
1552 2458 1603 2512 in
1633 2471 1882 2526 persona,
1907 2470 2063 2526 quem
2095 2464 2149 2510 et
2169 2454 2358 2508 Filium

789 2550 992 2618 ipsum,
1023 2557 1076 2603 et
1099 2549 1356 2617 Spiritum
1386 2557 1658 2616 sanctum;
1691 2563 1794 2604 non
1823 2563 1952 2618 ergo
1977 2546 2363 2602 confundentes

797 2656 1074 2709 personas,
1107 2643 1228 2712 quia
1262 2654 1368 2697 tres
1397 2657 1640 2712 persona:
1668 2643 1888 2698 omnino
1917 2650 2060 2698 sunt.
2101 2642 2195 2696 Est
2223 2640 2362 2695 enim

792 2735 1039 2803 gignens,
1072 2735 1281 2804 genitus
1324 2741 1378 2788 et
1421 2733 1737 2803 procedens.
1781 2733 2014 2803 Gignens
2060 2741 2144 2788 est
2186 2731 2364 2798 Patcr,

797 2826 890 2895 qui
923 2828 1104 2896 genuit
1138 2827 1365 2892 Filium;
1398 2826 1569 2881 Filius
1598 2835 1680 2882 est
1713 2825 1945 2894 genitus,
1982 2839 2140 2896 quem
2183 2823 2368 2892 genuit

798 2917 990 2983 Pater;
1021 2919 1247 2988 Spiritus
1288 2927 1503 2974 sanctus
1533 2927 1616 2974 est
1651 2919 1967 2987 procedens,
2001 2916 2124 2987 quia
2153 2931 2181 2970 a
2214 2915 2370 2969 Patre

799 3028 855 3074 et
885 3017 1024 3072 Filio
1050 3016 1305 3085 procedit.
1339 3015 1495 3070 Pater
1523 3022 1578 3069 et
1604 3014 1772 3069 Filius
1798 3010 2052 3068 coaeterni
2097 3011 2195 3066 sibi
2224 3016 2370 3073 sunt,

799 3120 858 3167 et
888 3109 1212 3179 coaequales,
1259 3115 1315 3162 et
1344 3115 1745 3176 cooperatores,
1777 3107 1915 3161 sicut
1957 3104 2212 3172 scriptum
2245 3110 2326 3156 cst
2356 3119 2367 3153 :

810 3203 973 3258 Verbo
1019 3201 1226 3256 Domini
1249 3201 1361 3254 cali
1394 3201 1585 3267 ﬁrmati
1622 3207 1759 3261 sunt,
1791 3198 1841 3252 id
1885 3205 1967 3253 est
2012 3211 2042 3252 a
2095 3195 2230 3250 Filio
2278 3192 2371 3248 Dei

796 3299 993 3362 creati;
1040 3298 1241 3368 Spiritu
1273 3301 1375 3352 oris
1422 3299 1532 3367 ejus
1582 3298 1746 3352 omnis
1792 3295 1950 3350 virtus
2002 3292 2374 3362 corum(Psal.

802 3409 968 3458 χχιιι,
1001 3392 1074 3462 6).
1104 3401 1127 3428 ι
1163 3392 1261 3447 Ubi
1303 3392 1401 3446 sub
1431 3391 1688 3460 singulari
1735 3404 1961 3444 numero
1990 3387 2220 3458 Spiritus
2265 3387 2380 3456 ejus

803 3487 1018 3552 dicitur,
1063 3485 1372 3541 Trinitatem
1417 3499 1764 3554 personarum
1794 3492 1978 3553 aperte
2027 3481 2379 3548 demonstrat,

803 3581 926 3649 quia
965 3588 1069 3633 tres
1113 3593 1275 3632 unum
1306 3586 1452 3646 sunt,
1495 3585 1550 3632 et
1579 3591 1742 3632 unum
1777 3584 1903 3629 tres.
1932 3571 2115 3642 Neque
2141 3571 2382 3626 substan-

805 3672 931 3726 tiam
977 3680 1288 3740 separantes,
1323 3678 1380 3723 ut
1430 3668 1583 3724 Arius
1624 3668 1811 3738 garrit,
1847 3664 1871 3703 δ
1901 3667 2024 3736 quia
2057 3673 2167 3720 tres
2199 3677 2382 3732 perso-

807 3777 904 3817 nas
931 3776 1050 3817 esse
1079 3761 1228 3826 dicit,
1261 3761 1305 3815 si
1356 3770 1409 3815 et
1443 3770 1550 3816 tres
1593 3758 1919 3814 substantias
1947 3771 2067 3813 esse
2106 3755 2384 3813 mentitur.

809 3853 1004 3907 Filium
1045 3852 1174 3906 dicit
1219 3850 1480 3906 minorem
1528 3865 1684 3920 quam
1737 3849 1973 3913 Patrem,
2003 3857 2058 3902 et
2086 3857 2386 3902 creaturam

811 3959 966 4007 esse;
995 3942 1252 4012 Spiritum
1285 3952 1529 3997 sanctum
1579 3941 1754 3996 adhuc
1803 3940 2066 3994 minorem
2109 3952 2267 4008 quam
2296 3935 2388 3991 Fi-

813 4039 967 4101 liuin,
1019 4045 1075 4091 et
1105 4036 1276 4090 Patris
1311 4044 1365 4091 et
1421 4035 1543 4090 Filii
1574 4051 1694 4090 eum
1726 4033 2216 4089 administratorem
2270 4042 2391 4084 esse

814 4133 1027 4190 asserit.
1056 4133 1171 4188 Non
1197 4148 1325 4202 ergo
1355 4133 1708 4188 substantiam
1737 4140 2072 4201 separantes,
2100 4127 2222 4197 quia
2266 4133 2392 4182 tota:

819 4238 929 4281 tres
1001 4241 1243 4296 persona:
1315 4227 1365 4279 iu
1421 4225 1719 4280 substantia
1772 4221 1989 4278 Deitatis
2037 4234 2198 4274 unum
2247 4228 2391 4275 sunt.

819 4321 936 4372 Alia
968 4329 1039 4374 est
1081 4322 1210 4372 enim
1259 4335 1474 4387 persona
1520 4316 1711 4380 Patris,
1759 4317 1878 4384 quia
1928 4315 2083 4368 Pater
2128 4312 2394 4383 ingenitus

821 4425 932 4478 est,
959 4430 1024 4469 eo
1069 4414 1208 4482 quod
1237 4429 1264 4467 a
1297 4415 1444 4467 nullo
1484 4426 1558 4468 εει
1594 4414 1832 4481 genitus;
1867 4411 1968 4464 alia
1999 4424 2215 4478 persona
2244 4403 2392 4471 Filii,

821 4507 944 4574 quia
988 4507 1151 4561 Filius
1181 4524 1209 4560 a
1242 4506 1394 4560 l’atre
1443 4507 1559 4559 solo
1604 4515 1681 4559 cst
1727 4503 1971 4575 genitus;
2021 4503 2124 4556 alia
2173 4501 2397 4569 Spiritus

820 4597 1003 4659 sancti,
1052 4598 1172 4663 quia
1205 4612 1233 4648 a
1267 4597 1416 4649 Patre
1447 4606 1496 4649 et
1529 4596 1663 4650 Filio
1695 4594 1986 4662 procedens
2017 4603 2130 4656 est;
2169 4591 2256 4644 sed
2287 4589 2390 4642 Pa-
2419 4589 2469 4649 D

825 4689 934 4753 tris,
969 4697 1014 4740 ct
1041 4687 1181 4751 Filii,
1213 4699 1256 4740 rt
1287 4688 1510 4755 Spiritus
1539 4687 1698 4740 sancti
1723 4702 1822 4738 una
1856 4696 1926 4738 est
1954 4683 2216 4749 divinitas,
2239 4682 2287 4736 id
2320 4690 2400 4736 est

826 4777 1016 4838 tlcitas,
1049 4779 1257 4846 quulis
1305 4778 1488 4848 gloria,
1537 4777 1583 4830 id
1615 4784 1696 4830 est
1718 4775 1955 4839 claritas,
2002 4784 2251 4827 coazterna
2293 4788 2400 4824 ma-

825 4872 998 4940 justus.
1036 4869 1279 4935 Maiestas
1329 4869 1493 4937 gloria
1540 4877 1641 4935 est,
1695 4867 1930 4933 claritas,
1985 4866 2099 4920 sive
2144 4874 2398 4932 potestas.

833 4963 1013 5024 Qualis
1048 4960 1218 5025 Pater,
1251 4961 1367 5013 talis
1416 4959 1607 5027 Filius,
1661 4958 1776 5012 talis
1821 4967 1866 5012 et
1915 4957 2143 5024 Spiritus
2173 4965 2403 5020 sanctus,

833 5055 882 5104 ill
931 5063 1008 5106 est
1045 5055 1094 5105 in
1130 5054 1353 5116 Deitate,
1385 5063 1439 5106 ct
1468 5053 1874 5121 omnipotentia.
1907 5050 2176 5104 Increalus
2225 5049 2404 5112 Pater,

833 5145 1090 5199 increatus
1125 5143 1315 5208 Filius,
1359 5146 1614 5200 increatus
1641 5153 1689 5200 et
1720 5143 1948 5211 Spiritus
1977 5150 2203 5205 sanctus,
2236 5141 2286 5194 id
2329 5149 2409 5194 cst

908 5271 931 5298 ⁸
967 5263 1023 5315 In
1049 5261 1243 5315 (lodice
1273 5277 1429 5328 supra
1461 5261 1627 5314 relato
1656 5260 1731 5314 sic.
1765 5259 1958 5327 legitur
1990 5276 2002 5310 :
2039 5255 2133 5308 Ubi
2156 5253 2410 5328 singulari

837 5350 1047 5386 munero
1080 5332 1300 5400 Spiritus
1320 5325 1428 5401 ejus
1451 5332 1658 5395 dicitur,
1694 5325 1935 5382 unitatem
1965 5327 2263 5380 substantim
2298 5325 2413 5377 Dei-

838 5409 956 5456 tatis
1007 5404 1243 5467 ostendit,
1289 5405 1372 5456 ubi
1415 5404 1506 5456 sub
1547 5401 1738 5470 plurali
1786 5414 2010 5462 numero,
2045 5412 2198 5450 OMNIS
2229 5409 2414 5448 vmrus

845 5491 1013 5534 unum
1068 5475 1291 5539 dicitur,
1354 5469 1656 5526 Trinitatem
1708 5486 2042 5540 personarum
2095 5479 2265 5538 aperte
2322 5469 2414 5519 de-

839 5558 1103 5602 monstrat.

916 5617 940 5655 ι)
976 5620 1126 5679 Ibitis
1161 5627 1212 5669 ut
1239 5627 1404 5669 tres...
1431 5616 1501 5668 sic
1524 5630 1570 5670 et
1595 5625 1692 5668 tres
1714 5612 2084 5685 [iursainsicut
2108 5619 2151 5661 ct
2176 5605 2322 5685 tres].

922 5702 941 5725 ο
980 5689 1114 5742 Deus
1142 5699 1209 5741 est
1252 5695 1570 5754 potestatem,
1625 5679 1732 5737 noti
1777 5684 2132 5751 proprietatmt
2176 5679 2421 5754 [l._pote-

847 5763 1012 5888 altatis,
1058 5776 1160 5811 non
1186 5750 1554 5827 proprietatis],
1603 5750 1871 5826 preprium
1906 5768 2095 5807 nomen
2136 5763 2212 5804 est
2251 5750 2421 5803 Patris

894 5845 1026 5886 aler.

875 5835 1026 5886 ‘aler.

925 5899 950 5940 ἀ
979 5902 1134 5968 lbid.,
1165 5900 1334 5954 omnia
1373 5901 1682 5966 dominatur,
1713 5907 1758 5952 et
1805 5895 2027 5951 omnium
2066 5902 2136 5947 est
2175 5891 2424 5946 Dominus

2462 1984 2582 2022 men
2635 1976 2716 2022 est
2767 1965 2940 2020 Patris
2993 1962 3172 2027 Pater,
3229 1971 3282 2014 et
3340 1959 3614 2029 proprium
3671 1971 3865 2009 nomen
3926 1953 4049 2007 Filii

2465 2061 2652 2123 Filius,
2681 2068 2736 2114 et
2765 2058 3037 2128 proprium
3071 2070 3265 2110 nomen
3296 2062 3378 2108 est
3404 2051 3634 2120 Spiritus
3665 2049 3837 2104 sancti
3872 2047 4051 2113 Spiri-

2462 2164 2542 2207 tus
2576 2162 2802 2206 sanctus.
2835 2151 2910 2204 Ita
2942 2149 3191 2202 Dominus
3219 2146 3394 2208 Pater,
3426 2143 3678 2198 Dominus
3709 2139 3903 2203 Filius,
3941 2139 4052 2190 Do-

2462 2246 2632 2297 minus
2667 2242 2892 2313 Spiritus
2935 2249 3160 2293 sanctus.
3203 2236 3456 2292 Dominus
3498 2233 3721 2296 dicitur,
3763 2227 4052 2299 eoquod‘1

2463 2337 2767 2391 dominetur
2786 2343 3046 2388 creatura:
3063 2340 3293 2395 cunctas,
3329 2327 3419 2383 vel
3442 2326 3583 2395 quod
3601 2333 3843 2379 creatura
3862 2326 4050 2376 omnis

2465 2427 2758 2483 dominatui
2797 2426 2913 2494 ejus
2956 2423 3242 2480 deserviat.
3277 2421 3413 2484 Quia
3459 2419 3589 2473 sicut
3639 2417 3971 2486 singillatim,
4005 2413 4054 2466 id

2464 2530 2550 2578 est.
2589 2523 2727 2577 sicut
2751 2519 3004 2574 distincte
3051 2527 3462 2584 unamquamque
3491 2525 3760 2580 personant
3809 2507 3978 2560 Deum
4011 2513 4056 2556 et

2469 2617 2743 2670 Dominum
2790 2609 3019 2678 conﬁteri
3064 2605 3362 2662 Christiana
3414 2603 3623 2656 veritate
3668 2601 4056 2668 compellimur.

2467 2713 2600 2778 Quia
2631 2711 2675 2764 si
2705 2721 2791 2762 me
2834 2702 3247 2773 interrogaveris
3277 2699 3407 2770 quid
3470 2708 3552 2752 est
3594 2694 3784 2750 Pater?
3815 2708 3918 2762 ego
3967 2708 4058 2745 re-

2468 2803 2746 2874 spondebo
2772 2818 2784 2854 :
2814 2801 2958 2854 Deus
2987 2807 3044 2854 et
3073 2797 3352 2851 Dominus.
3399 2791 3654 2846 Similiter
3677 2789 3722 2843 si
3766 2803 3853 2841 me
3885 2787 4060 2840 inter-

2469 2893 2744 2964 rogaveris
2771 2890 2895 2960 quid
2941 2898 3023 2944 est
3069 2886 3271 2941 Filius?
3300 2899 3399 2953 ego
3437 2882 3612 2937 dicam
3643 2898 3655 2932 ε
3687 2879 3825 2932 Deus
3854 2887 3912 2931 et
3945 2877 4054 2929 Do—

2469 2989 2678 3049 minus;
2708 2985 2832 3038 etsi
2861 2981 3007 3035 dicas
3033 2997 3049 3034 :
3072 2977 3211 3044 Quid
3243 2985 3334 3032 est
3377 2974 3610 3043 Spiritus
3654 2968 3910 3026 sanctus?
3945 2968 4061 3036 Ege

2472 3079 2683 3134 dicam:
2713 3075 2852 3129 Deus
2875 3083 2930 3128 et
2959 3073 3235 3126 Dominus.
3266 3068 3329 3122 Et
3371 3068 3424 3120 in
3468 3065 3550 3119 liis
3595 3064 3759 3118 tribus
3803 3061 4062 3131 personis

2479 3187 2584 3228 non
2611 3179 2718 3224 tres
2747 3168 2900 3232 deos,
2929 3179 3029 3220 nec
3056 3174 3169 3220 tres
3203 3161 3472 3222 dominos,
3518 3158 3612 3213 sed
3645 3159 3696 3211 in
3743 3155 3830 3210 bis
3860 3155 4063 3217 tribus,

2481 3266 2620 3322 sicut
2645 3263 2755 3334 jam
2801 3274 2962 3329 supra
3001 3257 3200 3312 dictqu
3231 3264 3334 3320 est,
3363 3268 3529 3309 unum
3574 3251 3738 3304 Deum
3788 3255 3844 3302 et
3894 3261 4065 3300 unum

2482 3359 2761 3415 Dominum
2784 3353 3062 3409 confiteor.
3089 3348 3234 3404 Unus
3260 3364 3379 3419 ergo
3407 3344 3582 3409 Pater,
3607 3359 3706 3396 non
3730 3350 3830 3394 tres
3852 3337 4063 3402 Patres,

2482 3449 2534 3504 id
2565 3457 2648 3504 est
2677 3446 2800 3516 quis
2830 3444 2986 3498 Pater
3028 3453 3241 3509 semper
3273 3439 3451 3500 Pater,
3507 3450 3606 3490 nec
3635 3429 3928 3501 aliquando
3978 3429 4070 3483 Fi-

2483 3542 2604 3598 lius.
2641 3538 2784 3593 Unus
2813 3534 2860 3587 Ε
2864 3536 3003 3599 ilius,
3034 3549 3136 3586 non
3165 3543 3264 3584 tres
3311 3528 3458 3594 Filii,
3494 3528 3545 3581 id
3589 3536 3672 3581 est
3718 3525 3843 3594 quia
3894 3523 4069 3578 Filius

2483 3647 2695 3703 semper
2720 3629 2905 3693 Filius,
2933 3641 3032 3682 nec
3078 3623 3364 3692 aliquando
3407 3622 3602 3685 Pater;
3639 3618 3785 3674 Unas
3831 3617 4069 3687 Spiritus

2484 3736 2710 3786 sanctus,
2741 3736 2842 3775 non
2867 3729 2968 3774 tres
3004 3717 3231 3787 Spiritus
3258 3715 3443 3777 uncti,
3470 3713 3520 3767 id
3551 3723 3633 3768 est
3661 3712 3787 3780 quia
3830 3710 4068 3778 Spiritus

2491 3826 2711 3874 sanctus
2737 3827 2952 3882 semper
2975 3817 3059 3866 est
3087 3808 3320 3876 Spiritus
3363 3812 3602 3870 sanctus,
3638 3817 3738 3858 nec
3775 3801 4072 3870 aliquando

2491 3911 2687 3973 Filius,
2721 3912 2814 3960 aut
2841 3903 3018 3959 Pater.
3066 3900 3190 3955 Haec
3229 3907 3312 3954 est
3349 3896 3647 3968 proprietas
3692 3907 4072 3962 personarum.

2492 4006 2560 4060 Et
2603 4004 2658 4058 ist
2686 4004 2783 4056 hac
2817 3999 3069 4054 Trinitale
3109 3996 3242 4051 nihil
3283 3995 3446 4064 prius,
3494 3999 3583 4047 aut
3629 3991 3902 4060 posterius.
3940 3992 4074 4058 Quia

2488 4095 2628 4153 sicut
2666 4104 2933 4160 nunquam
2966 4089 3134 4143 Filius
3160 4087 3280 4141 sine
3312 4084 3490 4151 Patre,
3523 4084 3606 4138 sic
3650 4096 3928 4152 nunquam
3977 4081 4074 4135 luit

2493 4189 2653 4244 Pater
2677 4185 2794 4240 sine
2816 4183 2976 4248 Filio,
3003 4181 3084 4236 sic
3127 4189 3184 4235 et
3207 4192 3477 4248 nunquam
3504 4175 3610 4230 fuit
3639 4173 3802 4230 Pater
3825 4183 3882 4234 et
3909 4174 4078 4232 Filius

2493 4285 2611 4339 sine
2640 4282 2844 4353 Spiritu
2872 4287 3084 4336 sancto.
3111 4277 3390 4332 Comterna
3432 4287 3562 4344 ergo
3587 4270 3849 4340 Trinitas,
3894 4281 3954 4326 et
4002 4271 4081 4324 in.

2496 4375 2810 4443 separabiiis
2839 4372 3014 4427 unitas
3065 4371 3184 4424 sine
3240 4367 3414 4433 initio,
3455 4376 3513 4421 et
3565 4365 3686 4419 sine
3740 4365 3872 4418 line.
3927 4362 4082 4416 Nihil

2498 4468 2690 4537 majus,
2725 4474 2815 4518 aut
2856 4463 3050 4517 minus.
3099 4460 3482 4530 Equalitatem
3527 4470 3883 4526 personarum
3931 4455 4080 4519 dicit,

2498 4560 2620 4627 quia
2649 4557 2877 4610 'I'rinilas
2915 4554 3135 4624 aequalis
3165 4562 3269 4618 est,
3315 4561 3371 4607 et
3413 4566 3516 4604 una
3567 4549 3760 4613 deitas,
3811 4548 4079 4616 Apostulo

2499 4654 2746 4716 docente,
2780 4660 2834 4704 et
2872 4649 3085 4703 dicente
3111 4665 3123 4699 ε
3155 4644 3258 4700 Per
3285 4661 3344 4700 ea
3372 4660 3485 4713 qua:
3512 4645 3650 4714 {acta
3678 4650 3798 4695 sunt
3825 4643 4085 4694 intellecta

2499 4746 2904 4816 conspiciuntur,
2935 4751 2988 4796 et
3028 4755 3122 4810 per
3151 4747 3458 4795 creaturam
3493 4735 3720 4792 Creator
3767 4735 4084 4803 intelligitur

2504 4834 2797 4890 secundum
2828 4832 2924 4885 has
2950 4828 3403 4898 comparationes,
3437 4835 3491 4881 et
3528 4825 3661 4880 alias
3691 4839 3855 4892 quam
3885 4824 4084 4892 plures.

2505 4928 2620 4990 Sol,
2654 4926 2851 4980 candor
2875 4931 2931 4977 et
2965 4922 3134 4987 calor,
3182 4931 3236 4974 et
3283 4919 3385 4973 tria
3429 4926 3555 4972 sunt
3591 4917 3876 4980 vocabula,
3911 4925 3967 4969 et
3990 4914 4087 4968 tria

2507 5036 2688 5074 unum.
2718 5016 2870 5084 Quod
2901 5014 3101 5080 caedit,
3135 5012 3238 5066 hoc
3283 5011 3449 5077 calet,
3502 5017 3557 5063 et
3599 5007 3744 5076 quod
3793 5006 3960 5070 calet,
3989 5004 4088 5058 hoc

2507 5111 2687 5165 candit
2714 5117 2738 5146 ο
2772 5125 2784 5160 :
2814 5107 2913 5161 tria
2952 5106 3068 5160 hac
3098 5101 3353 5159 vocabula
3396 5114 3486 5156 res
3515 5112 3622 5153 una
3665 5111 3792 5152 esse
3823 5097 4093 5166 dignosci-

2512 5250 2814 5302 dominator.

2591 5329 2614 5356 ο
2646 5313 2904 5382 Exempla
2931 5325 3052 5381 qua
3092 5311 3194 5382 hoc
3233 5307 3359 5382 ioco_
3379 5305 3700 5382 abauctore
3724 5301 4092 5382 expositionis

2516 5371 2677 5448 istius
2712 5371 3053 5453 proferuntur
3074 5380 3143 5436 ad
3171 5375 3558 5453 ostendendam
3584 5382 3656 5453 ‘et
3705 5371 4084 5450 declarandam

2519 5444 2676 5516 trium
2707 5444 3006 5512 divinarum
3035 5464 3401 5522 personarum
3419 5447 3473 5501 in
3500 5444 3687 5500 eadem
3731 5453 3949 5522 natura,
3984 5444 4096 5494 sive

2520 5513 2758 5593 essentia,
2791 5513 3076 5589 unitatem,
3105 5520 3347 5591 quamvis
3389 5517 3444 5571 in
3487 5531 3546 5593 re
3577 5525 3682 5593 tam
3729 5513 3949 5593 dispare
3998 5527 4095 5564 non

2521 5584 2664 5656 muni
2708 5584 2773 5655 cit
2824 5607 2973 5666 parte
3017 5584 3290 5666 proposito
3320 5587 3613 5666 exemplari
3655 5584 4003 5666 conveniant,
4036 5600 4096 5636 eo

2525 5655 2700 5728 tamen
2728 5655 2995 5736 spectant,
3018 5655 3080 5720 ut
3117 5655 3447 5736 'signit'tcetur
3468 5655 3614 5736 Quod
3642 5655 4095 5736 quemadmodum

2527 5725 2867 5799 iur—restri'bus
2897 5748 2953 5793 et
2981 5725 3252 5791 inanimis
3309 5735 3364 5786 in
3407 5725 3592 5793 rebus,
3643 5725 3742 5779 etsi
3775 5734 3968 5778 natura
4001 5727 4098 5799 sint

2529 5797 2708 5879 unum,
2742 5824 2798 5867 ut
2826 5811 3038 5864 diverse
3063 5818 3240 5862 tamen
3266 5805 3337 5879 ad
3367 5818 3426 5879 se
3465 5799 3796 5879 referuntur,
3844 5805 3898 5849 et
3928 5797 4100 5879 varios

2529 5868 2752 5958 gignunt
2780 5881 3025 5950 cll‘ectus,
3078 5878 3306 5934 diversis
3355 5873 3756 5941 distinguuntur
3804 5868 4094 5932 vocabulis,
