4194 6592
194 435 280 496 589
1065 431 1424 491 EXPOSITIU
1463 428 1639 486 FIDEI
1680 419 2092 484 CATHOLICE
2134 422 2553 485 FORTUNATI.

3340 432 3452 492 890

191 562 282 608 tur.
309 548 383 605 Ita
409 549 585 618 Pater,
611 556 667 604 et
693 547 882 615 Filius,
910 557 965 604 et
986 548 1219 618 Spiritus
1244 560 1464 603 sanctus
1495 557 1605 602 tres
1632 560 1753 612 per—
1780 544 1830 602 Α
1864 546 2057 601 Habuit
2095 547 2299 617 quidem
2345 545 2572 598 animum
2595 582 2609 608 ,
2640 559 2755 613 quae
2793 543 3063 613 uiviﬁcavit
3104 563 3315 620 corpus,
3350 551 3451 605 sed

190 658 320 701 sonte
350 642 403 698 in
433 641 636 698 deitate
664 642 975 698 substantia).
1006 658 1168 696 unum
1211 649 1359 705 sunt,
1396 652 1448 695 et
1483 638 1757 693 individua

190 739 346 792 unitas
374 746 519 791 recte
549 735 806 791 creditur.
855 734 987 788 Item
1040 734 1106 788 de
1155 734 1386 789 terrenis
1420 749 1581 797 vena,
1616 732 1757 796 fons,

190 830 385 893 fluvius,
421 830 521 884 tria
547 836 673 883 sunt
699 827 975 892 vocabula,
1020 836 1075 882 et
1106 828 1205 882 tria
1236 842 1401 881 unum
1435 826 1488 879 in
1518 840 1613 879 sua
1666 839 1762 877 na-

188 934 311 976 tura.
351 922 425 976 Ita
455 922 616 976 trium
649 934 1000 990 personarum
1033 919 1222 981 Patris,
1263 927 1319 973 et
1362 918 1505 982 Filii,
1539 926 1594 971 et
1644 915 1761 983 Spi-

187 1017 305 1069 ritus
334 1015 528 1081 sancti,
572 1012 867 1068 substantia
904 1021 959 1067 et
985 1012 1158 1066 deitas
1189 1027 1352 1066 unum
1383 1017 1482 1066 est.
1519 1010 1611 1063 Est
1640 1025 1760 1077 ergo

184 1108 302 1175 ﬁdes
349 1116 487 1160 recta
534 1116 588 1160 ut
628 1107 893 1160 credamus
922 1115 969 1160 et
998 1105 1331 1175 conﬁteamur
1357 1105 1476 1175 quia
1511 1102 1760 1155 Dominus

183 1200 323 1256 testis
376 1198 629 1255 Christus.
686 1200 842 1256 Iesus
897 1199 1197 1265 Hebraice,
1260 1198 1447 1253 Latine
1514 1200 1760 1254 Salvator

181 1293 390 1362 dicitur,
419 1308 487 1348 eo
515 1293 656 1363 quod
688 1294 859 1349 salvat
888 1292 1139 1361 populum
1159 1298 1185 1328 ⁸
1211 1308 1224 1356 ;
1249 1289 1494 1346 Christus
1523 1306 1588 1346 eo
1616 1294 1757 1360 quod

183 1387 373 1455 Spiritu
405 1396 592 1443 saneto
615 1386 868 1441 divinitus
892 1386 961 1440 sit
990 1385 1277 1449 delibutus,
1306 1386 1447 1440 sicut
1467 1383 1492 1420 ι)
1518 1386 1567 1439 in
1597 1386 1763 1453 ipsius

180 1493 404 1548 persona
430 1478 593 1533 Isaias
613 1480 685 1532 ait
709 1495 721 1531 :
750 1478 983 1549 Spiritus
1010 1475 1226 1531 Dontini
1245 1494 1399 1545 super
1422 1493 1518 1543 me,
1548 1485 1760 1546 prapter

180 1575 308 1643 quod
330 1576 577 1627 unxitme
608 1571 761 1643 (Isai.
793 1588 903 1633 ut.
940 1571 1014 1643 l),
1046 1582 1182 1627 etc.°
1209 1572 1280 1625 Ita
1314 1580 1366 1626 et
1389 1570 1668 1624 Psalmista
1693 1570 1760 1624 de

178 1668 388 1723 Christo
424 1666 646 1721 Domino
672 1665 801 1720 dicit
831 1683 844 1719 :
887 1664 1042 1719 Unxit
1062 1674 1108 1718 te
1142 1663 1302 1727 Deus,
1334 1665 1469 1717 Deus
1499 1678 1618 1715 tuus
1648 1664 1757 1716 oleo

180 1762 363 1814 latitia
390 1775 497 1828 pra:
516 1760 830 1813 consortibus
853 1760 950 1811 tuis
974 1756 1145 1827 (Psal.
1174 1772 1316 1821 κων,
1340 1758 1416 1822 8).
1452 1754 1544 1809 Dei
1571 1755 1762 1821 Filius,

177 1854 315 1909 Deus
340 1856 563 1922 pariter,
600 1852 758 1906 homo
788 1859 891 1906 est.
929 1850 1093 1905 Filius
1126 1868 1151 1901 ει
1188 1850 1439 1903 felicitate
1482 1858 1759 1917 parentum

1863 659 1963 695 non
1991 643 2318 697 rationalem.
2354 640 2418 695 Et
2448 654 2478 694 e
2507 639 2779 694 contrario
2810 640 2913 695 iste
2957 640 3116 711 dicit,
3145 644 3235 712 qui
3264 644 3451 701 catho-

1864 734 1965 787 lice
2012 735 2173 787 sentit
2225 749 2239 786 :
2296 732 2377 785 Ex
2426 732 2600 784 animo
2650 732 2893 785 rationali
2935 742 2982 786 et
3036 733 3261 788 humana
3298 753 3452 792 carne

1862 828 2158 889 subsistens,
2214 826 2265 879 id
2323 833 2409 879 est
2461 825 2653 894 plenus
2709 823 2889 890 homo,
2936 834 3098 895 atque
3153 827 3447 897 perfectus,

1865 918 2106 987 /Equalis
2135 920 2280 973 Patri
2312 919 2588 974 secundum
2620 919 2959 985 divinitatem,
2991 923 3157 975 minor
3186 920 3346 979 Patre
3372 942 3452 979 se-

1863 1014 2085 1067 cundum
2112 1013 2501 1076 humanitatem,
2528 1011 2577 1064 id
2605 1022 2687 1066 est
2710 1012 3003 1066 secundum
3033 1011 3257 1068 formam
3280 1017 3446 1081 servi,

1863 1123 2021 1177 quam
2065 1122 2341 1161 assumere
2383 1106 2632 1176 dignatus
2674 1116 2775 1162 est.
2814 1107 2913 1173 Qui
2957 1107 3072 1162 licet
3124 1110 3258 1165 Deus
3292 1113 3360 1166 sit
3404 1122 3451 1166 et

1863 1201 2035 1265 homo,
2066 1217 2165 1253 non
2193 1201 2296 1253 duo
2320 1209 2510 1265 tamen,
2534 1200 2623 1253 sed
2652 1217 2781 1255 unus
2810 1212 2880 1256 est
2910 1202 3163 1259 Christus.
3199 1215 3224 1252 ε
3257 1203 3311 1259 Id
3342 1214 3449 1274 est,

1862 1293 1981 1346 dure
2008 1291 2323 1346 substantia:
2356 1293 2406 1345 in
2436 1289 2674 1357 Christo,
2706 1292 2885 1348 Deitas
2905 1304 2960 1349 et
2984 1297 3308 1359 humanitas,
3340 1312 3447 1352 non

1861 1388 1982 1442 duae
2012 1401 2275 1454 personae,
2304 1384 2398 1440 sed
2428 1400 2535 1439 una
2580 1394 2661 1439 cst
2693 1399 2941 1454 persona.
2974 1386 3119 1441 Unus
3154 1398 3322 1442 autent
3348 1405 3453 1443 non

1862 1481 2183 1534 conversione
2209 1479 2497 1532 Dit-initatis
2532 1480 2585 1531 in
2614 1494 2839 1545 carnem,
2870 1479 2957 1533 sed
2980 1481 3331 1549 assumptione
3352 1480 3453 1533 Itu-

1863 1574 2120 1628 ntanitotis
2159 1574 2211 1627 in
2256 1572 2441 1625 Deum.
2492 1571 2544 1625 Id
2576 1581 2658 1625 est
2687 1587 2793 1625 non
2836 1574 2976 1641 quod
3016 1572 3296 1640 Divinitas,
3331 1590 3451 1643 qua:

1864 1666 2322 1722 incommutabilis
2349 1674 2448 1727 est,
2481 1665 2548 1718 sit
2574 1678 2835 1719 conversa
2861 1666 2912 1719 itt
2936 1680 3176 1730 carnem,
3206 1667 3297 1720 sed
3330 1667 3452 1721 ideo

1864 1776 2033 1822 unus,
2060 1775 2125 1815 eo
2175 1761 2314 1828 quod
2348 1760 2732 1813 humanitatem
2783 1760 3091 1827 assumpsit,
3126 1760 3289 1829 coepit
3332 1776 3454 1818 esse

1866 1854 2007 1923 quod
2042 1869 2145 1908 non
2176 1864 2313 1917 erat,
2344 1862 2399 1907 et
2429 1868 2531 1906 non
2565 1853 2741 1907 amisit
2768 1853 2912 1922 quod
2955 1863 3070 1907 erat
3100 1872 3110 1906 :
3144 1855 3307 1923 etrapit
3333 1870 3454 1911 esse

173 1946 400 2003 dicitur;
455 1945 614 1999 homo
662 1945 730 1999 ab
779 1943 941 1997 humo
982 1943 1207 2004 dicitur,
1259 1943 1310 1995 id
1357 1950 1437 1996 est
1486 1941 1552 1995 de
1597 1941 1759 1994 humo
1794 1912 1843 1975 Β
1871 1948 2061 2008 homo,
2098 1945 2238 2010 quod
2272 1957 2426 1999 antea
2473 1960 2577 1999 non
2618 1957 2765 2011 erat;
2801 1962 2904 2000 non
2948 1948 3126 2001 amisit
3171 1947 3448 2013 deitatem,

175 2047 331 2093 teme
366 2037 539 2091 factus
570 2045 671 2091 est.
701 2037 840 2089 Deus
870 2051 932 2090 ex
966 2034 1257 2089 substantia
1293 2035 1463 2088 Patris
1494 2046 1617 2087 ante
1654 2048 1759 2087 sa:-

170 2132 285 2185 cula
317 2130 532 2198 genitus
556 2170 569 2190 ,
599 2129 650 2182 id
687 2138 766 2182 est
792 2126 932 2182 Deus
962 2127 1027 2181 de
1070 2128 1199 2191 Deo,
1233 2127 1410 2181 lumen
1442 2126 1508 2181 de
1538 2127 1757 2188 lumine,

167 2222 429 2291 splendor
455 2221 524 2276 de
550 2219 857 2289 splendore,
890 2220 1041 2273 fortis
1074 2219 1138 2273 de
1171 2219 1292 2272 furti
1319 2260 1331 2277 .
1366 2217 1531 2271 virtus
1564 2217 1630 2271 de
1657 2218 1762 2270 vir-

168 2324 303 2382 tute,
368 2316 477 2368 vita
509 2314 574 2368 de
605 2314 734 2379 vita,
765 2314 1039 2368 aeternitas
1062 2312 1129 2366 de
1159 2312 1480 2366 aaternitate.
1513 2309 1614 2363 Per
1654 2326 1763 2363 om-

162 2408 273 2475 nia,
310 2407 364 2462 id
398 2416 506 2471 est,
537 2407 677 2476 quod
712 2407 870 2461 Pater
904 2408 954 2460 in
988 2406 1182 2460 divina
1216 2406 1533 2470 substantia,
1562 2407 1658 2457 hoc
1681 2414 1763 2459 est

161 2510 214 2557 et
243 2500 443 2555 Filius.
477 2500 616 2555 Deus
652 2501 792 2555 enim
826 2499 984 2555 Pater
1019 2499 1185 2553 Deum
1219 2498 1410 2552 Filium
1454 2498 1630 2565 genuit
1657 2511 1760 2549 non

158 2594 467 2659 voluntate,
501 2609 675 2663 neque
702 2593 726 2629 ἀ
758 2592 1103 2659 necessitate,
1133 2591 1228 2647 sed
1251 2600 1458 2644 natura.
1486 2589 1591 2643 Nec
1614 2606 1759 2657 qua:-

162 2699 319 2745 ratur
349 2686 628 2757 quomodo
671 2685 855 2756 genuit
900 2684 1127 2751 Filium,
1158 2684 1297 2753 quod
1330 2694 1385 2738 et
1438 2683 1609 2750 angeli
1665 2698 1761 2735 ue—

154 2784 366 2849 sciunt,
402 2794 459 2838 et
493 2782 765 2853 prophetis
791 2790 875 2838 est
916 2783 1266 2851 incognitum.
1300 2780 1453 2836 Unde
1482 2789 1534 2834 et
1594 2779 1759 2833 isdem

155 2877 400 2931 eximius
435 2878 695 2945 prepheta
721 2876 881 2931 Isaias
905 2876 1035 2930 dicit
1064 2894 1077 2930 :
1106 2874 1496 2930 Generationem
1518 2875 1629 2941 eius
1650 2874 1762 2939 quis

150 2970 428 3024 enarrabit
460 2966 616 3040 (lsai.
648 2985 738 3024 LIII
761 3009 777 3036 ,
810 2969 923 3040 8)?
946 2969 1023 3024 Ac
1053 2969 1095 3023 si
1137 2968 1363 3023 dixisset
1396 2986 1406 3020 :
1436 2968 1758 3035 Angelorum

151 3062 377 3129 nullus,
443 3059 825 3130 prophetarum
886 3075 1064 3114 nemo.
1124 3058 1231 3115 Nec
1286 3058 1656 3114 inenarrabilis
1710 3068 1764 3113 et

147 3152 566 3209 inaestimabilis
605 3152 744 3207 Deus
774 3167 803 3206 a
829 3153 1056 3208 servulis
1096 3153 1207 3207 suis
1246 3152 1616 3206 discutiendus
1655 3160 1758 3216 est,

1862 2042 1983 2111 quia
2018 2040 2044 2076 ιι
2074 2040 2525 2095 incommutabilis
2573 2041 2623 2093 in
2666 2051 2925 2095 aeternum
2961 2052 3255 2109 permanet.
3305 2041 3453 2097 Unus

1864 2135 2071 2187 omnino
2126 2151 2226 2187 non
2270 2135 2567 2200 confusione
2609 2134 2926 2198 substantite,
2975 2134 3066 2187 sed
3111 2135 3307 2187 unitate
3338 2150 3453 2203 per-

1864 2243 2024 2283 sonat.
2066 2225 2117 2278 Id
2153 2238 2234 2279 est
2272 2224 2526 2279 divinitas
2568 2223 3019 2277 incommutabilis
3051 2239 3170 2277 cunt
3215 2223 3451 2291 homine,

1863 2335 2021 2387 quem
2074 2334 2349 2372 assumere
2392 2317 2607 2386 dignata
2658 2324 2759 2381 est,
2814 2318 2953 2370 sicut
3005 2321 3262 2386 Scriptum
3310 2326 3393 2371 est
3437 2334 3451 2371 :

1872 2413 2095 2467 Verbum
2124 2423 2264 2465 luunt
2287 2456 2301 2477 ,
2338 2412 2573 2475 Domine,
2610 2412 2659 2464 in
2692 2420 2935 2463 (sternunt
2970 2421 3262 2478 permanet,
3292 2413 3339 2465 id
3372 2420 3453 2465 est

1864 2505 2114 2558 divinitas
2139 2520 2259 2558 eunt
2287 2503 2637 2568 humanitate,
2664 2511 2722 2555 ut
2753 2502 3008 2566 diximus,
3039 2502 3174 2556 duas
3198 2504 3450 2557 substan-

1869 2598 1989 2661 tias,
2026 2612 2182 2651 unam
2217 2611 2499 2657 personam
2538 2609 2659 2649 esse
2695 2593 2746 2647 in
2775 2592 3011 2658 Christo,
3058 2605 3116 2648 ut
3153 2596 3290 2649 sicut
3331 2606 3453 2649 ante

1866 2694 2286 2746 assumitiouem
2314 2693 2492 2745 carnis
2528 2702 2729 2746 interna
2780 2691 2876 2744 fuit
2918 2691 3174 2755 Trinitas,
3227 2694 3294 2747 ita
3334 2701 3456 2758 post

1867 2788 2283 2855 assumptionetn
2321 2784 2334 2821 ί
2368 2785 2613 2839 humanae
2645 2796 2844 2838 natura;
2874 2801 2995 2839 vera
3030 2792 3248 2839 maneat
3278 2785 3449 2839 'i‘riui-

1867 2889 1969 2943 tas,
2004 2893 2070 2933 ne
2096 2886 2310 2946 propter
2330 2878 2747 2945 assutnptiouent
2778 2880 3023 2930 humana:
3047 2879 3223 2930 carnis
3246 2878 3457 2931 dicatur

1862 2987 1984 3028 esse
2015 2972 2369 3041 quateruitas,
2410 2972 2550 3039 quod
2592 2971 2727 3023 absit
2753 2986 2780 3022 a
2827 2970 3063 3024 fidelium
3096 2970 3348 3024 cordibus
3374 2974 3454 3027 vel

1866 3067 2111 3122 sensibus
2137 3066 2239 3119 dici
2268 3074 2359 3117 aut
2383 3064 2623 3132 cogitari,
2650 3063 2874 3126 cumita,
2895 3072 2947 3114 ut
2975 3079 3128 3132 supra
3145 3064 3333 3115 dictum
3356 3074 3450 3126 est,

1864 3169 1913 3212 et
1945 3160 2114 3211 unitas
2137 3156 2446 3217 intrinitate,
2471 3165 2514 3205 et
2531 3155 2734 3207 trinitas
2762 3154 2814 3205 in
2838 3156 3029 3205 unitate
3056 3155 3344 3207 veneranda
3364 3156 3452 3210 sit.

147 3248 245 3300 sed
300 3245 546 3300 ﬁdeliter
593 3244 933 3314 credendus,
981 3254 1035 3299 et
1079 3244 1279 3313 pariter
1321 3243 1645 3312 diligendUS.
1698 3245 1761 3297 Et
1790 3278 1841 3342 ϐ
1872 3250 2008 3305 Nunt
2032 3251 2157 3302 sicut
2180 3250 2350 3301 aninta
2378 3248 2665 3313 rationalis,
2698 3256 2742 3298 et
2766 3262 2884 3299 CtITO
2908 3263 3037 3299 unus
3082 3258 3156 3300 est
3182 3250 3352 3308 homo,
3381 3248 3456 3300 ita

146 3338 310 3391 homo
340 3354 415 3392 ea:
446 3336 732 3392 substantia
760 3337 936 3391 matris
965 3337 1020 3389 in
1050 3336 1242 3390 circulo
1266 3345 1432 3388 natus.
1468 3336 1561 3390 Dei
1595 3335 1760 3390 Filius

146 3430 407 3486 Verbum
440 3446 571 3485 caro
597 3429 814 3496 factum,
846 3438 902 3485 et
926 3444 1028 3483 non
1050 3429 1197 3497 quod
1217 3428 1478 3482 Divinitas
1502 3438 1762 3482 IIIlIiaSSL'l

140 3522 458 3590 deitatem,
485 3521 578 3578 sed
602 3522 897 3591 assumpsit
920 3520 1326 3575 immanitatem.
1360 3519 1471 3574 Iloc
1500 3530 1601 3582 est,
1622 3518 1762 3574 Ver-

138 3615 276 3670 bum
312 3629 461 3670 caro
489 3614 684 3670 factum
713 3622 826 3681 est,
858 3628 922 3668 ex
970 3621 1123 3666 utero
1152 3609 1386 3679 Virginis
1427 3626 1604 3665 veram
1658 3612 1761 3665 hu-

135 3721 375 3763 manam
409 3720 639 3763 carnem
684 3705 864 3760 traxit.
893 3704 963 3760 Et
1004 3704 1072 3757 de
1115 3713 1273 3758 utero
1316 3702 1559 3772 virginali
1606 3719 1764 3758 verus

138 3798 344 3865 homo,
400 3800 549 3855 sicut
590 3808 645 3853 et
686 3813 845 3854 verus
891 3796 1053 3861 Deus,
1104 3796 1161 3851 in
1209 3798 1407 3851 saeculo
1452 3805 1609 3852 natus
1656 3808 1761 3863 est,

1868 3342 2008 3398 Deus
2030 3352 2071 3396 et
2096 3343 2390 3394 homounns
2415 3350 2482 3391 est
2506 3337 2761 3393 Christus.
2784 3337 2891 3391 Etsi
2914 3337 3002 3390 Dei
3027 3337 3189 3391 Filius
3212 3347 3450 3391 nostram

1865 3437 2059 3491 luteam
2088 3448 2141 3486 et
2166 3432 2444 3485 mortalem
2486 3445 2697 3483 carnem
2733 3432 2745 3478 l
2786 3439 2980 3481 nostrte
3022 3428 3342 3483 conditionis
3368 3444 3456 3483 as-

1861 3525 2173 3593 sutnpserit,
2199 3522 2291 3575 sed
2317 3531 2491 3574 tamen
2523 3534 2583 3574 se
2607 3519 2910 3573 nullatenus
2942 3518 3269 3586 inquinavit,
3304 3518 3327 3557 κ
3363 3530 3456 3573 aut

1865 3630 2107 3675 naturam
2137 3615 2361 3668 Deitatis
2394 3613 2641 3677 mutavit,
2677 3611 2797 3680 quia
2813 3610 2857 3665 si
2882 3611 2960 3664 sol
2989 3621 3079 3665 aut
3103 3612 3235 3678 ignis
3254 3610 3453 3681 aliquid

1865 3711 2197 3767 immundum
2231 3707 2481 3774 tetigerit,
2516 3705 2653 3771 quod
2684 3706 2850 3775 tangit
2884 3701 3133 3774 purgat,l
3167 3714 3220 3758 et
3250 3719 3309 3758 se
3340 3704 3457 3757 nul-

1867 3805 2073 3858 latenus
2095 3800 2427 3869 coinquinat,
2444 3799 2513 3853 ita
2536 3797 2715 3850 Deitas
2735 3797 2995 3850 sarcinam
3014 3812 3172 3865 quam
3190 3811 3255 3851 ex
3274 3807 3456 3850 noSIra

1868 3893 2197 3949 humanitate
2221 3889 2538 3959 assumpsit,
2567 3903 2899 3957 nequaquam
2945 3886 3324 3956 roinquinavit,
3359 3890 3453 3945 sed

1869 3997 2070 4043 nostra:
2100 3995 2305 4039 natura:
2342 3999 2561 4037 carnem
2587 4023 2600 4046 ,
2630 3996 2788 4049 quant
2818 3982 3109 4050 assumpsit
3131 4022 3144 4045 ,
3174 3985 3459 4051 purgavit,

1870 4088 1920 4133 et
1960 4095 1988 4131 a
2031 4078 2250 4131 maculis
2294 4085 2345 4128 et
2385 4072 2631 4128 sordibus
2675 4080 3038 4140 peccatorum,
3089 4086 3153 4125 ac
3202 4072 3456 4130 vitiorum

1869 4169 2125 4236 expiavit,
2180 4167 2319 4219 sicut
2365 4166 2525 4218 Isaias
2568 4164 2639 4217 ait
2674 4180 2685 4214 :
2721 4159 2840 4232 Ipse
2882 4161 3205 4230 inﬁrmitates
3252 4172 3455 4223 nostras

1869 4268 2081 4333 accepit,
2108 4270 2151 4315 et
2180 4260 2538 4330 aegrotationes
2565 4257 2778 4327 portavit
2808 4254 2961 4328 (Isui.
2997 4271 3110 4322 Lttt,
3144 4258 3220 4329 4).
3252 4255 3331 4317 Ad
3358 4258 3461 4314 hoc

1872 4355 2160 4411 secundant
2211 4351 2590 4406 humanitatem
2646 4360 2803 4404 natus
2853 4360 2968 4416 est,
3017 4361 3073 4403 ut
3118 4349 3457 4407 inﬁrmitates

136 3893 296 3947 salva
365 3889 704 3962 virginitatis
749 3890 939 3960 gratia,
975 3897 1001 3927 ο
1031 3889 1150 3958 quia
1205 3899 1375 3942 mater
1421 3887 1638 3957 genuit,
1713 3898 1768 3944 et

131 3986 298 4056 virgo
325 3984 550 4042 mansit
569 3993 694 4037 ante
724 3991 953 4052 partum,
978 3990 1032 4036 et
1061 3989 1181 4051 post
1209 3992 1439 4050 partum.
1468 3981 1522 4033 In
1545 3981 1763 4047 saeculo,

132 4077 189 4132 id
233 4087 329 4133 est
382 4077 443 4132 in
496 4076 603 4131 isto
632 4084 785 4131 sexto
815 4073 1101 4137 milliaria,
1134 4073 1187 4126 iit
1229 4087 1333 4141 quo
1362 4088 1502 4125 nunc
1545 4088 1763 4137 sumus;

135 4166 158 4207 ί
193 4170 421 4225 δαίουιι
461 4168 611 4223 enim
654 4164 1095 4239 generationibus
1119 4173 1396 4229 constant,
1431 4177 1482 4219 et
1514 4165 1638 4221 inde
1668 4184 1769 4220 sm-

128 4266 301 4333 cula,
343 4263 513 4333 quod
561 4271 888 4333 sequantur;
937 4261 1257 4317 abeuntibus
1306 4262 1447 4316 enim
1500 4262 1617 4315 aliis
1666 4262 1766 4317 alia

126 4360 494 4414 succedunt.
546 4354 818 4426 Perfectus
862 4353 1025 4422 Deus,
1078 4357 1328 4423 perfectus
1374 4355 1545 4422 homo,
1593 4356 1643 4410 id
1685 4366 1771 4411 est

126 4467 307 4508 verus
340 4451 548 4515 Deus,
580 4458 636 4505 et
665 4464 823 4504 verus
854 4449 1013 4503 homo
1057 4463 1121 4502 ex
1169 4448 1345 4501 anima
1389 4448 1669 4513 rationali,
1715 4459 1767 4503 et
1873 4458 2082 4503 nostras
2140 4445 2428 4514 acciperet,
2487 4452 2541 4498 et
2594 4442 2974 4512 aegrotationes
3028 4454 3288 4513 portaret,
3348 4460 3455 4500 non

129 4562 272 4612 non,
332 4554 403 4599 ut
442 4541 782 4612 Apollinaris
829 4540 1116 4596 hatreticus
1156 4539 1291 4595 dixit
1322 4539 1569 4607 primum,
1619 4540 1767 4609 quasi
1876 4542 2012 4610 quod
2050 4540 2161 4607 ipse
2195 4536 2554 4599 infirmitates,
2585 4534 2669 4590 vel
2701 4534 3079 4603 aegrotationes
3110 4536 3163 4589 in
3204 4550 3264 4591 se
3294 4536 3461 4591 habe-

126 4638 326 4696 Deitas
356 4653 472 4707 pro
500 4637 677 4690 anima
700 4635 887 4691 fuisset
914 4635 967 4689 in
991 4649 1154 4690 carne
1174 4634 1407 4698 Christi;
1440 4643 1622 4703 postea
1648 4650 1765 4687 cum
1796 4652 1848 4711 D
1877 4644 1977 4701 ret,
2008 4636 2127 4702 quia
2151 4634 2295 4688 salus
2328 4630 2509 4685 mundi
2539 4638 2645 4695 est,
2669 4629 2767 4683 sed
2798 4636 2855 4683 ut
2875 4644 2967 4684 oss
2989 4644 3018 4683 a
3039 4630 3196 4685 nobis
3221 4630 3463 4700 tolleret,

126 4748 231 4801 per
249 4729 656 4799 evangelicatn
679 4727 1055 4782 auctoritatem
1075 4725 1260 4781 luisset
1290 4724 1585 4789 convictus,
1613 4726 1762 4780 dixit:
1876 4731 2002 4783 dum
2046 4743 2155 4782 suae
2181 4740 2347 4782 sacrae
2398 4722 2723 4794 passionis'II
2750 4724 2977 4792 gratiam
3020 4733 3073 4777 et
3123 4734 3464 4779 sacramenta

1868 4862 2059 4929 Filius,
2086 4873 2130 4917 et
2152 4863 2260 4929 ipse
2292 4859 2518 4931 Virginis
2544 4860 2706 4929 ﬁlius,
2735 4861 2857 4928 quia
2886 4860 3011 4912 dum
3040 4858 3210 4912 Deitas
3239 4859 3291 4911 in
3322 4868 3467 4914 utero

1875 4935 2102 5005 Virginis
2126 4934 2492 4985 humanitatem
2518 4933 2831 5005 assumpsit;
2859 4940 2906 4983 et
2935 4946 3052 5005 cum
3079 4945 3137 4982 ea
3161 4943 3469 5005 perportam

1877 5001 2124 5073 Virginis,
2168 5006 2419 5073 integram
2460 5011 2507 5057 et
2536 5003 2752 5056 illa’sam
2772 5043 2787 5068 ,
2817 5001 3070 5073 nascendo
3110 5002 3357 5073 mundum
3385 5003 3472 5057 in-

1869 5068 2070 5148 gressus
2096 5068 2167 5131 est
2203 5068 2425 5145 Virginis
2457 5074 2597 5143 ﬁlius
2618 5114 2633 5141 ,
2662 5082 2711 5128 et
2737 5072 3000 5127 hominum
3030 5071 3090 5143 μ.
3121 5070 3296 5144 homo]
3318 5089 3469 5141 quem

1872 5151 2171 5202 assumpsit.

1954 5167 2194 5273 ξ”ἶξῗᾶίὲ
2230 5218 2379 5271 [dent
2412 5214 2510 5268 Dei
2535 5213 2728 5279 Filius,
2763 5218 2897 5269 sicut
2937 5226 3097 5281 supra
3132 5212 3381 5281 diximus,
3414 5225 3470 5269 ut

1954 5231 1977 5266 8
2022 5231 2154 5273 Ibid.
2184 5236 2194 5269 :
2230 5231 2379 5271 laetu
2412 5231 2510 5268 uet
2535 5231 2728 5279 riuus,
2763 5231 2897 5269 sicut
2937 5231 2994 5269 su
3040 5231 3097 5275 ra
3132 5231 3381 5281 atxtmus,
3414 5231 3470 5269 ut

1882 5292 2043 5344 deitas
2073 5299 2117 5344 et
2153 5289 2445 5341 humanitas
2484 5287 2537 5339 in
2567 5284 2793 5354 Christo,
2844 5285 2941 5341 Dei
2985 5231 3162 5340 βαίνει
3202 5286 3394 5356 pariter
3423 5298 3473 5342 et

1887 5362 2113 5431 Virginis
2137 5360 2266 5426 ﬁlio.

1955 5424 2177 5499 [Ibid.,
2210 5428 2579 5495 immutabilis;
2606 5428 2736 5485 item
2766 5424 3048 5500 deinceps.

1959 5505 1973 5543 ί
2021 5504 2178 5569 Ibid.,
2204 5504 2373 5555 carnis
2401 5502 2662 5554 humanm.

1957 5577 1969 5627 i
2015 5574 2168 5641 Ibid.,
2206 5585 2388 5627 nostra:
2415 5572 2780 5643 redemptionis
2805 5572 3145 5628 conditionem
3171 5574 3469 5644 assumpsit.

1954 5647 1978 5685 ¹ί
2021 5647 2180 5711 Ibid.,
2211 5660 2371 5711 neque
2402 5654 2640 5697 naturam
2672 5644 2901 5698 deitatis.

1954 5719 1971 5756 ι
2014 5717 2176 5786 Ibid.,
2208 5726 2255 5770 et
2285 5732 2337 5768 se
2360 5716 2651 5769 nullatenus
2678 5731 2738 5769 eo
2760 5715 3076 5785 coinquinat.

1944 5800 1984 5827 ἰ
2018 5784 2188 5857 Ibid.,
2214 5788 2403 5859 gratia,
2432 5802 2493 5841 ac
2529 5784 3247 5859 sacramento,chirographo
3295 5786 3476 5843 attenta

1870 5873 1957 5936 pto
1968 5903 1986 5931 ,
2015 5869 2121 5917 etc.

124 4874 201 4927 ita
237 4871 298 4925 in
331 4864 745 4931 augustissima
778 4863 972 4918 Triade
1018 4862 1153 4917 nihil
1205 4860 1425 4925 impedit
1478 4862 1763 4929 quominus

125 4954 245 4996 tres
277 4953 589 5010 personae,
622 4952 739 5010 qua:
780 4944 967 5010 natura
1001 4949 1158 5010 unum
1202 4942 1345 5010 sunt,
1370 4940 1435 5010 _ut
1483 4931 1545 4984 ad
1592 4948 1649 4985 se
1681 4950 1765 5010 re:

122 5003 433 5073 feruntur,
471 5003 653 5061 sicuti
687 5006 1010 5069 nominibus,
1055 5005 1125 5059 ita
1156 5018 1213 5057 re
1257 5004 1674 5071 distinguantur,
1714 5003 1767 5057 id

123 5084 297 5157 quod,
321 5079 611 5157 superius
636 5087 823 5131 auctor
843 5075 1113 5157 disertius
1132 5075 1405 5129 indicavit.

202 5167 229 5194 ⁸
281 5156 344 5208 In
375 5146 595 5207 codice
620 5163 779 5216 supra
806 5148 971 5202 citato
996 5146 1206 5200 additur
1235 5162 1406 5199 suum.

198 5227 230 5268 δ
280 5224 473 5289 Ibid.,
514 5221 574 5274 in
600 5220 757 5290 ipsius
787 5218 975 5272 Christi
1007 5234 1240 5289 persona.

202 5313 226 5339 ε
279 5296 468 5358 Ibid.,
498 5294 583 5346 ita
612 5289 837 5358 psalmus
866 5291 944 5343 de.

197 5372 226 5410 ἀ
276 5373 521 5426 Auctor
562 5362 724 5428 hujus
752 5361 1101 5430 expositionis
1136 5368 1318 5425 apette
1352 5360 1437 5415 hic
1478 5366 1769 5420 necessita-

123 5460 239 5503 tem
274 5440 472 5498 sumit
521 5448 623 5502 pro
648 5434 947 5507 cautione,
970 5434 1214 5487 indicans
1246 5432 1409 5486 Deum
1448 5434 1656 5490 Patrem
1679 5453 1771 5507 ge-

123 5529 345 5573 nerare
412 5508 663 5571 Filium,
716 5504 809 5559 sed
869 5505 1172 5569 voluntate;
1224 5507 1491 5572 quamvis,
1543 5518 1597 5560 ut
1649 5504 1769 5563 ninx

120 5587 350 5651 subdit,
392 5583 650 5651 generet
676 5575 1062 5651 illutnunatura,
1094 5586 1253 5643 atque
1278 5576 1408 5629 adeo
1445 5582 1766 5651 necessario.

203 5672 228 5698 θ
279 5647 346 5713 lti
382 5647 612 5709 Cadicc
641 5648 732 5721 cit.
771 5663 783 5698 :
812 5647 943 5711 Quia
968 5658 1149 5710 mater,
1177 5662 1292 5715 qua:
1329 5649 1523 5721 genuit,
1547 5661 1592 5702 et
1628 5651 1769 5721 υξνσθ

119 5743 249 5792 ante
277 5732 639 5801 partumaet
661 5719 802 5801 uirgo
828 5728 937 5787 post
958 5728 1159 5801 partum
1187 5719 1480 5801 permansit.

206 5804 227 5843 t
277 5788 495 5856 'Deest
572 5788 701 5844 ibid.
778 5790 980 5858 integra
1055 5790 1167 5845 haec
1234 5790 1533 5857 periodus:
1579 5794 1769 5845 sazcula

116 5881 291 5937 enim,
346 5880 507 5929 etc.,
541 5875 717 5937 usque
746 5862 810 5913 ad
842 5862 1113 5937 succedunt
1135 5862 1428 5937 esclusive.
1460 5862 1625 5916 Porro
1654 5864 1768 5937 haec

120 5931 232 6010 alia
267 5931 525 6003 additur
558 5951 572 5987 :
610 5931 748 5987 Deus
770 5940 818 5987 et
855 5934 1006 5988 homo
1045 5932 1292 5989 Christus.
1332 5931 1468 5988 Deus
1513 5950 1644 5989 unus
1674 5935 1768 5988 Dei
