4194 6604
827 429 925 488 591
1763 426 2081 484 VENANTII
2123 425 2281 483 HON.
2320 424 2531 482 CLEM.
2574 425 2858 482 OPERUM
2902 426 3078 482 PARS
3118 426 3182 484 li.
4003 425 4093 482 592

823 539 1186 612 chirographo
1214 538 1463 607 adempto
1489 538 1910 608 redemptionem
1954 542 2150 608 pariter
2175 555 2237 595 ac
2264 540 2407 594 salu-
2432 540 2487 598 Δ
2514 540 2736 593 mortuis
2775 540 3092 594 resurrexit.
3127 539 3190 592 Et
3219 539 3381 593 multa
3405 554 3623 609 corpora
3651 548 3955 596 sanctorum
3984 543 4090 594 dor-

827 645 938 693 tem
978 636 1277 689 animarum
1322 634 1475 688 nobis
1501 634 1845 687 condonaret.
1877 633 1977 699 Qui
2007 650 2186 703 passus
2213 645 2285 688 est
2315 651 2409 703 pro

821 732 991 785 salute
1028 738 1225 793 nostra,
1252 729 1301 781 id
1333 736 1415 781 est
1458 728 1751 783 secundum
1787 727 1839 781 id
1883 728 2023 797 quod
2066 728 2169 796 pati
2212 730 2404 798 potuit,

821 822 966 892 quod
989 832 1077 878 est
1104 820 1397 877 secundum
1436 830 1677 875 naturam
1711 822 2031 886 humanam;
2062 836 2186 875 nam
2215 836 2408 875 secun-

821 916 949 970 dum
973 913 1311 968 divinitatem
1346 912 1442 968 Dei
1471 911 1638 967 Filius
1671 912 2020 981 impassibilis
2047 922 2149 966 est.
2188 912 2406 967 Descen-

820 1008 899 1060 dit
926 1015 953 1043 ι
982 1009 1051 1059 ad
1082 1006 1294 1075 inferos,
1328 1015 1387 1059 ut
1419 1004 1805 1074 protoplastum
1846 1005 2040 1071 Adam,
2080 1014 2135 1059 et
2180 1004 2407 1073 patriar-

817 1099 971 1164 chas,
997 1108 1051 1153 et
1073 1098 1388 1167 prophetas,
1414 1105 1469 1152 et
1492 1111 1682 1151 omnes
1701 1095 1900 1167 justos,
1926 1098 2013 1165 qui
2040 1112 2137 1164 pro
2160 1097 2402 1168 originali

816 1202 1043 1264 peccato
1072 1194 1267 1248 ibidem
1295 1192 1693 1257 detinebantur,
1720 1192 1989 1257 liberaret,
2018 1200 2074 1244 et
2101 1190 2167 1245 de
2189 1191 2404 1245 vinculo

816 1285 987 1353 ipsius
1037 1286 1236 1354 percati
1285 1285 1555 1338 absolutos
1600 1286 1667 1339 de
1717 1285 1903 1338 eadem
1952 1285 2298 1353 captivitate,
2351 1294 2405 1338 et

814 1377 1067 1433 infernali
1098 1377 1240 1440 loco,
1265 1392 1363 1431 suo
1389 1378 1650 1447 sanguine
1678 1378 1982 1445 redemptos
2012 1377 2079 1429 ad
2116 1392 2401 1444 supernam

814 1469 1067 1539 patriam,
1087 1481 1138 1523 et
1168 1471 1233 1523 ad
1265 1479 1537 1537 perpetuae
1560 1470 1682 1522 vita:
1710 1469 1903 1537 gaudia
1936 1477 2236 1523 revocaret.
2260 1468 2285 1505 h
2310 1468 2407 1523 lte-

812 1563 943 1631 liqui
989 1577 1141 1623 vero,
1172 1563 1260 1630 qui
1310 1577 1469 1630 supra
1518 1562 1763 1642 originali
1814 1571 2036 1631 peccato
2086 1563 2401 1630 principalia

815 1659 1041 1714 crimina
1073 1660 1478 1722 commiserunt,
1508 1669 1567 1712 ut
1607 1658 1805 1712 asserit
1853 1658 2153 1726 Scriptura,
2181 1658 2232 1711 in
2279 1672 2402 1725 pm-

814 1754 925 1809 nali
955 1761 1155 1807 tartaro
1198 1759 1596 1815 remanserunt,
1631 1752 1773 1804 sicut
1822 1751 1876 1804 in
1924 1764 2154 1819 persona
2202 1749 2399 1804 Christi

813 1852 1013 1906 dictum
1056 1857 1141 1904 est
1188 1862 1282 1917 per
1333 1847 1687 1916 prophetam:
1723 1844 1830 1898 Ero
1878 1859 2013 1897 mors
2040 1853 2157 1910 tua,
2192 1860 2222 1897 o
2264 1859 2398 1896 mors

2511 636 2776 687 mientium
2803 651 2917 687 cuni
2946 650 3005 687 eo
3031 644 3382 701 surrexerunt,
3411 638 3549 691 sicut
3576 636 3891 707 evangelica
3917 646 4089 691 aucto-

2514 728 2643 781 ritas
2690 727 2818 781 dicit
2863 726 3078 799 (Matth.
3108 744 3279 793 xxvn,
3308 728 3445 799 52);
3475 730 3569 784 sed
3620 730 3758 799 ipse,
3800 730 3892 799 qui
3944 739 4089 798 caput

2511 829 2629 886 est,
2678 820 2861 888 prius;
2912 821 3105 875 deinde
3159 822 3248 891 qui
3300 822 3541 876 membra
3602 831 3764 886 sunt,
3815 821 4085 876 continuo.

2509 912 2705 968 Postea
2731 914 2961 967 ascendit
2988 916 3054 967 ad
3082 916 3256 981 caelos,
3280 915 3421 969 sicut
3447 914 3732 969 Psalmista
3754 916 3831 969 ait
3857 932 3872 967 :
3904 915 4090 968 Ascen-

2512 1006 2638 1062 dens
2682 1009 2736 1062 in
2784 1010 2945 1062 altum
3009 1009 3259 1077 captivam
3319 1008 3465 1061 duxit
3521 1008 3869 1075 captivitatem
3923 1006 4087 1076 (Eph.

2510 1118 2585 1167 tv,
2616 1101 2727 1171 l8),
2760 1099 2813 1153 id
2861 1108 2943 1153 est
2986 1099 3271 1152 humanam
3315 1107 3589 1162 naturam,
3634 1114 3756 1167 qua:
3805 1098 3957 1167 prius
4004 1102 4090 1151 sub

2508 1204 2730 1267 peccato
2777 1194 3079 1249 venundata
3127 1193 3257 1259 fuit,
3307 1202 3362 1247 et
3402 1192 3643 1263 captiva,
3676 1202 3698 1229 ο
3747 1192 4091 1259 eamdemque

2508 1290 2864 1354 redemptam,
2905 1285 3169 1354 captivam
3221 1285 3379 1339 duxit
3428 1287 3480 1339 in
3532 1286 3806 1339 coaleStem
3866 1284 4092 1337 altitudi-

2509 1398 2665 1447 nem,
2700 1391 2752 1435 et
2794 1382 2858 1433 ad
2908 1379 3149 1434 cmlestis
3178 1381 3364 1447 patrita
3414 1392 3637 1446 regnum
3668 1377 4086 1444 sempiternum,

2507 1474 2597 1527 ubi
2627 1482 2783 1525 antea
2815 1485 2919 1525 non
2948 1472 3139 1533 fuerat,
3165 1478 3219 1523 et
3246 1468 3530 1522 collocavit
3560 1468 3613 1521 in
3643 1467 3871 1537 gloriam
3900 1469 4091 1533 sempi-

2508 1578 2736 1623 ternam.
2766 1566 2922 1621 Sedet
2948 1566 3016 1618 ad
3049 1569 3313 1618 dexteram
3353 1562 3551 1627 Patris,
3580 1563 3632 1617 id
3661 1572 3745 1617 est
3771 1563 4087 1631 prosperita-

2508 1671 2613 1716 tem
2648 1673 2944 1730 paternam,
2976 1668 3029 1712 et
3058 1658 3109 1712 in
3134 1672 3199 1711 eo
3230 1656 3453 1721 honore,
3484 1654 3625 1724 quod
3656 1653 3799 1708 Deus
3823 1666 3925 1708 εει.
3955 1652 4083 1705 Inzle

2505 1765 2746 1809 venturus
2768 1764 2840 1807 est
2860 1754 3099 1821 judicare
3122 1754 3277 1815 uiuos,
3306 1760 3353 1804 et
3382 1760 3628 1803 mortuos.
3661 1749 3819 1803 Vivos
3848 1749 3983 1804 dicit
4009 1764 4089 1805 eos

2506 1860 2640 1915 quos
2664 1854 2788 1899 tunc
2804 1846 3065 1898 adventus
3093 1842 3399 1897 Dominicus
3424 1843 3724 1909 incorpore
3748 1842 3996 1897 viventes
4022 1842 4091 1895 in-

815 1941 972 2012 (Osee
995 1957 1113 2005 xm,
1142 1939 1255 2009 M),
1283 1940 1332 1993 id
1382 1948 1483 2003 est,
1519 1946 1693 1991 morte
1739 1951 1833 1990 sua
1875 1933 2131 1991 Christus
2182 1935 2399 1988 humani
2432 1917 2481 1976 Β
2509 1940 2736 2003 venerit,
2756 1948 2809 1991 et
2833 1947 3073 1992 mortuos
3098 1938 3205 2004 jam
3228 1946 3385 1991 antea
3407 1936 3667 2005 sepultos.
3693 1938 3760 1992 Et
3782 1938 3943 1991 aliter
3965 1939 4087 1991 dicit

810 2036 1025 2106 generis
1064 2032 1334 2088 inimicam
1369 2041 1596 2085 mortem
1644 2030 1931 2097 interfecit,
1960 2038 2013 2081 et
2040 2029 2201 2080 vitam
2234 2028 2398 2081 dedit.

812 2126 920 2182 Ero
942 2142 1140 2199 morsus
1168 2134 1307 2191 tuus,
1338 2125 1556 2192 inferne.
1584 2121 1797 2175 Partem
1821 2120 2109 2175 momordit
2135 2120 2398 2174 infernum

810 2235 910 2290 pro
942 2228 1090 2288 parte
1121 2232 1310 2271 eorum
1355 2230 1491 2285 quos
1521 2214 1792 2279 liberavit,
1825 2223 2031 2282 partem
2060 2212 2270 2281 reliquit
2305 2226 2401 2280 pro

805 2322 963 2381 parte
1012 2326 1200 2366 eorum
1253 2314 1341 2377 qui
1390 2323 1490 2377 pro
1540 2307 1925 2377 principalibus
1977 2305 2288 2360 criminibus
2347 2308 2396 2359 in

806 2402 1091 2457 tormentis
1122 2409 1517 2455 remanserunt.
1549 2400 1787 2453 Surrexit
1825 2414 1855 2449 a
1885 2398 2100 2451 mortuis
2144 2400 2395 2467 primoge-

805 2497 943 2553 nitus
964 2504 1283 2549 mortuorum
1306 2493 1487 2558 (Apoc.
1514 2506 1553 2556 ι,
1580 2492 1659 2559 5).
1678 2490 1743 2545 Ει
1763 2490 1888 2544 alibi
1915 2488 2205 2557 Apostolus
2226 2489 2355 2541 dicit
2381 2505 2392 2540 :

806 2587 835 2642 1
844 2603 932 2655 pse
958 2585 1322 2657 primogenitus
1343 2598 1406 2637 ea:
1432 2584 1609 2636 multis
1641 2583 1903 2646 fratribus,
1931 2583 1980 2636 id
2009 2592 2111 2645 est,
2144 2581 2343 2650 primus
2365 2594 2395 2633 a

880 2728 904 2755 ιι
938 2719 1096 2784 Ibid.,
1120 2720 1188 2771 ad
1210 2720 1431 2790 inferna.

876 2791 904 2829 ι’
938 2791 1093 2855 Ibid.,
1122 2789 1326 2860 reliqui,
1351 2790 1439 2859 qui
1468 2804 1625 2857 supra
1655 2789 1907 2859 originale
1932 2796 2212 2857 peccatum.

2508 2032 2658 2085 vivos
2685 2030 2881 2100 justus,
2907 2040 2961 2083 et
2991 2039 3232 2083 mortuos
3256 2038 3586 2098 peccatores.
3617 2029 3696 2082 Ad
3717 2031 3869 2099 cujus
3900 2033 4087 2081 adven-

2506 2132 2613 2175 tum
2654 2139 2824 2176 omnes
2854 2124 3081 2176 homines
3109 2137 3375 2191 resurgere
3416 2119 3603 2175 habent
3642 2137 3759 2173 cum
3790 2119 4090 2190 corporibus

2505 2218 2632 2281 suis,
2668 2226 2716 2270 et
2759 2215 3012 2269 reddituri
3044 2224 3161 2267 sunt
3203 2216 3266 2267 de
3296 2217 3443 2283 [actis
3484 2213 3709 2283 propriis
3744 2213 4020 2275 rationem,
4045 2222 4087 2263 et

2503 2308 2591 2378 qui
2640 2307 2773 2360 bona
2818 2316 3024 2376 egerunt
3065 2306 3208 2358 ibunt
3238 2306 3291 2357 in
3336 2306 3491 2357 vitam
3529 2313 3807 2365 cateruam,-
3848 2303 3939 2370 qui
3982 2317 4089 2354 vero

2502 2400 2661 2464 mala,
2707 2400 2759 2452 in
2808 2399 2977 2468 ignem
3016 2410 3284 2451 (sternam.
3331 2394 3459 2448 Ha'c
3499 2406 3572 2447 est
3611 2392 3771 2447 Fides
3807 2392 4087 2457 catholica,

2500 2508 2657 2561 quam
2686 2492 2785 2545 nisi
2820 2493 3031 2560 quisque
3061 2489 3279 2557 ﬁdeliter
3304 2486 3617 2556 ﬁrntiterque
3645 2486 3949 2551 crediderit,
3985 2485 4088 2540 sal-

2500 2599 2591 2637 vus
2619 2600 2729 2638 esse
2754 2598 2857 2636 non
2884 2584 3095 2652 poterit.

2577 2733 2599 2761 ο
2630 2720 2788 2788 Ibid.,
2818 2735 2972 2789 eoque
2999 2719 3283 2789 redempta.

817 2895 4077 2933 ww

1938 2998 2956 3115 APPENDIX.

1417 3304 2053 3415 VENANTII
2134 3301 2895 3413 FORTUNATI
2969 3298 3482 3407 VERSUS

1652 3512 2088 3591 PIUEVIIS
2148 3507 2778 3588 EDITORIBUS
2834 3504 3231 3583 IGNOTI.

1537 3729 1580 3803 Ι

1040 3854 1065 3883 ³
1099 3863 1182 3905 ΔΙ)
1228 3859 1667 3905 DADBGUNDIM
1712 3858 1793 3901 ΕΤ
1835 3856 2162 3902 ΔΒΠΕΤΕΜ.

801 4026 1063 4084 Dulcibus
1095 4026 1344 4096 alloquiis
1372 4041 1495 4097 quae
1523 4026 1699 4081 fabula
1731 4025 1903 4082 fertur
1931 4025 1983 4081 in
2007 4024 2035 4064 δ
2072 4024 2291 4079 aurem!

950 4119 1008 4174 Si
1043 4118 1174 4173 mibi
1206 4118 1319 4188 jam
1349 4118 1589 4188 placidas
1614 4132 1800 4174 mensa
1830 4118 2061 4187 benigna
2090 4126 2259 4184 tenet,

806 4211 1047 4268 Placitos
1070 4212 1303 4274 animos,
1338 4210 1521 4265 tabula
1550 4210 1830 4279 redeunte,
1859 4219 2064 4275 notate,

951 4302 1150 4359 Prodat
1172 4312 1233 4357 ut
1258 4302 1508 4358 affectum
1538 4302 1715 4359 littera
1746 4304 1889 4373 picta
1918 4319 2099 4358 manu.

807 4394 992 4450 Dulcis
1018 4409 1204 4451 amore
1233 4396 1324 4463 pio
1352 4394 1558 4464 pariter
1586 4403 1865 4464 materque
1892 4410 2154 4465 sororque

951 4485 1155 4541 Gaudia
1185 4486 1380 4541 festivo
1410 4486 1789 4542 concelebrate
1819 4501 1978 4543 sono.

878 4636 968 4691 Sic
1000 4651 1094 4690 vos
1122 4633 1338 4691 Caesarii
1361 4636 1577 4692 monitis
1607 4637 1784 4692 honor
1806 4648 1827 4676 ο
1861 4644 2019 4692 ornet
2048 4636 2099 4689 in
2128 4635 2280 4699 orbe,

952 4733 1127 4797 Atque
1150 4728 1172 4764 ά
1202 4729 1390 4785 ambas
1423 4744 1552 4785 caro
1579 4744 1701 4785 cum
1731 4739 1883 4799 patre
1912 4730 2158 4785 Christus
2184 4735 2349 4791 amet,

816 4819 907 4875 Sic
936 4820 1023 4874 hic
1051 4819 1282 4875 Cassaria
1312 4829 1367 4875 et
1394 4821 1650 4890 prmcelsa
1680 4820 1911 4876 Caesarie
1942 4830 2144 4889 surgat,

952 4911 1018 4966 Ut
1042 4926 1140 4982 per
1162 4928 1260 4967 vos
1287 4912 1495 4981 priscus
1524 4913 1612 4967 hic
1637 4922 1915 4981 reparetur
1946 4913 2141 4967 honor.

802 5003 987 5059 Gratia
1016 5004 1094 5059 sic
1117 5013 1140 5040 °
1172 5004 1292 5057 talis
1324 5005 1513 5067 niteat,
1546 5019 1649 5073 qua
1680 5014 1889 5059 crescat
1924 5006 1973 5058 in
2007 5020 2123 5059 aevo

949 5095 1051 5147 Per
1079 5108 1175 5147 vos
1208 5092 1436 5147 Pictavis
1466 5093 1779 5148 Arelatense
1808 5096 1992 5149 decus.

802 5184 892 5238 Sic
926 5184 1010 5251 pie
1040 5184 1243 5238 caelesti
1275 5199 1579 5239 mereamur
1607 5186 1786 5240 vivere
1812 5186 1950 5255 regi,

949 5273 1015 5329 Et
1044 5290 1161 5329 mea
1193 5276 1468 5330 vobiscum
1497 5277 1735 5330 membra
1768 5279 2013 5346 sepulcra
2050 5285 2263 5345 tegunt.

802 5368 861 5421 Si
893 5368 1036 5439 quod
1069 5369 1121 5422 in
1154 5370 1358 5423 oiTcnso
1389 5370 1651 5424 retinetur
1678 5380 1897 5439 pectore
1924 5386 2183 5436 murmur,

948 5460 1005 5513 In
1038 5462 1153 5514 vice
1180 5462 1414 5515 laxatum
1445 5462 1515 5514 sit
1542 5463 1773 5527 veniale,
1804 5477 2022 5530 precor.

805 5549 1001 5608 Pacem
1032 5552 1273 5607 Christus
1300 5568 1502 5616 amans,
1535 5554 1667 5606 mira
1691 5554 1970 5608 dulcedine
2000 5554 2188 5623 plenus

948 5642 1173 5697 Pectora
1206 5654 1380 5698 vestra
1410 5659 1579 5710 sacer,
1612 5659 1670 5699 se
1696 5645 1989 5712 mediante,
2022 5645 2168 5714 liget.

2415 5155 2468 5214 D

2423 3716 2479 3776 D
2512 3711 2771 3767 Obtineat
2806 3707 3010 3777 pariter
3036 3702 3343 3761 veneranda
3371 3701 3580 3759 casaria
3606 3718 3846 3771 mecum,

2642 3800 2773 3869 Quae
2797 3798 2960 3855 simul
2988 3796 3243 3868 amplexu
3265 3811 3363 3852 vos
3388 3796 3543 3866 cupit
3567 3810 3691 3852 esse
3717 3797 3832 3866 pio.

3258 3942 3336 3957 -

2501 4038 2675 4106 Quam
2708 4036 2856 4108 prius
2881 4034 3168 4092 inscribam
3196 4032 3357 4088 lixam
3383 4032 3587 4104 pietate
3616 4040 3931 4103 parentem,

2639 4129 2759 4196 Quo
2786 4129 3015 4197 gemina:
3042 4134 3244 4183 matres
3269 4132 3450 4180 exstat
3474 4132 3531 4179 et
3556 4139 3727 4179 una...
3756 4122 3775 4161 τ

2497 4220 2651 4277 lianc
2680 4220 2946 4291 prmponit
2971 4218 3171 4285 honor,
3195 4231 3315 4286 quae
3334 4215 3519 4284 junior
3545 4222 3724 4270 exstat
3752 4214 3807 4269 in
3839 4216 4030 4283 annis,

2638 4313 2731 4366 llis
2758 4321 2889 4365 mtas
2914 4309 3130 4380 gravior
3152 4308 3275 4377 jure
3297 4306 3468 4362 senile
3496 4304 3645 4360 favit.

2494 4402 2601 4459 Sed
2628 4401 2758 4455 mibi
2788 4401 2947 4455 dulce
2977 4400 3147 4454 tribus
3167 4398 3373 4468 pariter
3398 4396 3655 4451 mandare
3680 4396 3951 4466 salutem,

2636 4497 2732 4551 Est
2762 4496 3017 4567 quoniam
3048 4495 3198 4550 vobis
3226 4508 3384 4549 carus
3411 4502 3468 4547 et
3496 4508 3633 4546 unus
3660 4506 3839 4547 amor.

2493 4586 2645 4641 Felix
2667 4602 2788 4655 qua:
2819 4588 3016 4640 retinet
3046 4586 3251 4654 pariter
3279 4585 3379 4639 tria
3409 4584 3611 4639 lumina
3640 4598 3854 4651 mensa,

2636 4679 2703 4732 Et
2730 4678 2989 4733 Paschale
3017 4679 3219 4732 bonum
3251 4676 3612 4745 multiplicare
3642 4675 3795 4740 facit,

2494 4772 2754 4844 Angelico
2778 4779 2921 4825 cmtu
2945 4770 3025 4824 sic
3049 4769 3405 4839 participante
3434 4766 3698 4832 fruantur,

2636 4874 2660 4911 κ
2683 4862 2895 4919 Delicia:
2920 4861 3074 4918 vobis
3101 4862 3154 4917 in
3180 4861 3403 4929 regione
3430 4860 3545 4915 Dei.

2492 5078 2662 5133 Nocte
2686 5075 2961 5132 salutifera
2990 5083 3249 5130 maneant
3275 5084 3557 5144 materque
3584 5089 3894 5145 sororque;

2636 5170 2746 5223 Hoc
2772 5169 2882 5222 nati
2914 5176 2968 5221 ct
2988 5165 3017 5205 δ
3048 5167 3229 5223 fratris
3260 5183 3515 5238 prospera
3546 5177 3673 5223 vota
3700 5170 3925 5227 ferant!

2491 5262 2777 5331 Angelicos
2800 5268 2994 5328 cretus,
3026 5261 3324 5330 prmrotdia
3351 5270 3554 5327 vestra,
3585 5264 3794 5334 revisit,

2633 5350 2698 5405 Et
2722 5353 2927 5420 relegat
2954 5352 3186 5421 alloquia
3217 5362 3449 5423 pectoris
3479 5369 3605 5409 cara
3634 5365 3647 5390 ι
3686 5361 3793 5409 sui.

2492 5444 2758 5513 Tempora
2786 5443 2959 5498 noctis
2984 5452 3150 5513 agunt
3174 5454 3232 5498 ut
3260 5445 3364 5499 hac
3387 5445 3653 5501 brevitate
3682 5446 3959 5518 salutem,

2630 5542 2738 5597 Sex
2765 5541 2926 5597 modo
2952 5542 3226 5597 versiculis
3254 5540 3339 5594 vel
3362 5539 3470 5595 duo
3493 5537 3650 5606 ferte,
3681 5554 3922 5609 precor.

944 5758 1004 5812 Ili
1032 5774 1238 5819 versus,
1270 5760 1355 5827 qui
1389 5759 1577 5813 desunt
1608 5762 1656 5813 in
1703 5760 1950 5814 omnibus
2000 5760 2208 5828 praeviis
2238 5758 2585 5825 editionibus,
2618 5759 2803 5829 paucis
2834 5758 3029 5813 abhinc
3056 5760 3210 5813 annis
3242 5758 3293 5811 in
3338 5759 3790 5829 Sangermauensi
3831 5779 3988 5821 mss.
4016 5766 4105 5823 Bi-

810 5829 1088 5884 hli0thecm
1122 5833 1295 5897 llcgia'
1327 5832 1521 5897 reperti
1550 5840 1671 5885 sunt
1695 5848 1719 5883 a
1757 5831 1818 5885 D.
1849 5831 2107 5895 Guerard,
2141 5842 2193 5887 et
2224 5834 2289 5885 ab
2331 5833 2421 5885 illo
2473 5832 2699 5898 primum
2733 5833 2783 5884 in
2810 5829 3129 5884 Notitiarum
3149 5830 3215 5882 de
3245 5834 3604 5899 manusmptis
3632 5841 3777 5885 torno
3812 5834 3921 5891 xu
3948 5840 4107 5895 eam,

810 5899 835 5937 λ’
872 5902 992 5963 Ms.,
1016 5917 1120 5953 ore.
1227 5912 1247 5938 ο
1282 5902 1401 5963 Ms.,
1426 5912 1590 5957 umet.
1701 5901 1725 5939 ά
1756 5903 1875 5968 Ms.,
1900 5904 2080 5958 anbas.

814 5972 1017 6037 fratres.
1098 5970 1116 6010 ι
1162 5972 1279 6037 Ms.,
1324 5989 1436 6028 sua.

2195 5913 2218 5941 υ
2246 5904 2367 5969 Ms.,
2398 5905 2542 5960 tales.

2643 5902 2663 5941 τ
2692 5902 3063 5959 Verisimiliter
3086 5917 3254 5957 soror.
3349 5909 3374 5948 ε
3404 5904 3531 5969 Ms.,
3556 5902 3776 5959 Dilicite.
3874 5908 3906 5945 ιι
3982 5912 4102 5970 ιε..
