4194 6540
198 428 292 483 ὕυὸ
1525 423 1796 481 VERSUS
1835 424 1854 480 l

1835 422 2106 480 lNEDl'Ii.
3353 407 3457 467 594

197 544 446 610 Quamvis
475 542 622 613 quod
660 557 915 613 cuperem
940 553 965 581 ι
1012 543 1176 613 fugiat
1206 560 1316 609 me,
1350 558 1573 613 vespere
1603 541 1771 609 facto,
1803 546 1851 605 Α
1879 538 2226 595 Protraheret
2255 542 2413 608 vites,
2445 546 2500 595 et
2528 540 2739 595 sarcula
2766 539 2955 609 figeret
2989 538 3198 603 hortis;

334 632 411 688 Te
430 634 560 688 mihi
590 649 697 688 non
730 642 897 688 totam
928 650 1035 688 nox
1066 635 1185 689 tulit
1215 636 1319 692 ista
1352 644 1551 688 tamen.
2026 630 2318 700 Plantaret,
2353 632 2558 687 coleret
2584 631 2741 687 dulce
2769 632 2999 688 libenter
3030 632 3169 686 olus.

196 725 305 783 Etsi
337 742 443 783 non
471 727 663 791 oculis,
696 728 877 782 animo
902 738 1195 784 cernuntur
1224 737 1503 792 amantes;
1889 722 2155 792 Splendor
2177 733 2294 777 erat
2326 734 2500 779 tecum
2528 738 2646 779 mea
2671 724 2911 779 membra
2937 723 3151 779 tradere
3175 729 3199 757 ο
3218 720 3461 790 coquinae

333 817 465 872 Nam
488 834 597 887 quo
626 818 797 875 forma
818 819 841 856 δ
869 821 1076 888 nequit,
1102 830 1255 875 mens
1281 819 1354 874 ibi
1385 828 1572 873 nostra
1602 816 1722 872 fuit.
2021 812 2093 868 Et
2120 815 2270 883 nigra
2300 816 2368 870 de
2398 830 2531 883 puro
2559 829 2686 869 vasa
2712 814 2891 868 lavare
2921 815 3057 869 lacu.

196 908 362 976 Quam
388 911 477 965 ille
509 912 660 967 locus
684 912 825 981 pius,
856 913 987 982 quic
1013 928 1286 983 nunquam
1303 913 1571 982 abrumpit
1593 926 1779 967 aman-
1879 902 2017 960 Hinc
2051 906 2141 960 tibi
2173 921 2315 959 nunc
2344 904 2536 960 absens
2564 904 2800 959 Marcelli
2828 920 3053 958 munera
3088 905 3230 969 misi,

336 998 455 1066 Quo
477 1002 697 1070 capiunt
717 1002 887 1057 oculis
908 1018 1043 1071 quos
1059 1018 1153 1057 sua
1180 1011 1306 1058 vota
1331 1009 1539 1072 petunt,
1652 1002 1773 1073 ltes,
2027 995 2124 1051 Cui
2156 997 2302 1051 dedit
2329 996 2601 1051 excelsum
2632 997 2741 1050 vita
2772 996 2932 1051 beata
2968 994 3166 1063 locum,

197 1089 249 1145 In
278 1092 457 1147 medio
487 1095 664 1163 posito
699 1096 956 1151 bonitatis
982 1096 1221 1166 principe
1246 1097 1480 1161 Christo,
1879 1088 2012 1178 Ειβὶ
2041 1089 2410 1158 ἀίδοίριίοεδηι
2442 1089 2658 1157 indigno
2688 1088 2851 1142 verba
2882 1087 3079 1150 Γείδιιι»

331 1182 499 1252 Cujus
527 1200 711 1241 amore
741 1202 896 1242 sacro
927 1189 1091 1242 corda
1122 1188 1283 1257 ligata
1312 1188 1568 1242 maueutt
2024 1178 2407 1251 Complaceant
2439 1179 2616 1233 animo
2647 1179 2797 1248 signa
2826 1193 3058 1247 superna
3091 1184 3202 1232 tuo.

199 1270 291 1328 Hic
319 1288 538 1344 quoque
567 1278 659 1331 sed
692 1279 874 1347 plures
904 1282 1144 1335 carmina
1172 1280 1320 1350 jussa
1352 1296 1445 1351 per
1476 1294 1665 1345 annos,
1880 1274 1964 1329 Sis
1993 1274 2217 1344 longeva
2250 1274 2381 1327 mihi
2409 1290 2528 1328 cum
2562 1282 2685 1326 nata
2715 1280 2769 1327 et
2800 1287 2977 1326 messe
3004 1285 3276 1335 sororum,

342 1366 477 1421 llinc
506 1370 681 1437 rapias
712 1380 886 1425 tecum
918 1388 1024 1441 quo
1056 1373 1149 1427 tibi
1176 1373 1336 1440 digna
1381 1374 1589 1440 loquar.
2024 1367 2386 1437 Virgineoque
2418 1378 2441 1415 ι)
2460 1368 2626 1422 choro
2656 1372 2822 1419 restat
2851 1364 2990 1418 ovile
3022 1364 3147 1418 Dei!

194 1455 443 1514 Plaudite
471 1475 623 1526 voce,
652 1460 759 1516 Deo
789 1462 876 1531 pia
903 1462 1111 1517 reddite
1141 1474 1286 1530 vota,
1318 1480 1560 1531 sorores,
1878 1458 1935 1514 Si
1967 1467 2055 1513 tua
2090 1460 2248 1513 verba
2280 1460 2454 1522 dares,
2488 1467 2669 1512 essent
2699 1456 2816 1525 plus
2843 1456 3019 1510 dulcia
3048 1471 3211 1525 quam
3241 1456 3289 1511 si

338 1548 493 1615 Quod
516 1551 592 1605 sic
630 1551 905 1607 vobiscum
936 1554 1127 1620 gaudia
1157 1562 1302 1607 tanta
1329 1555 1534 1610 sedent.
2025 1549 2271 1606 Floribus
2300 1550 2485 1607 electis
2517 1550 2661 1605 nulla
2694 1548 2932 1605 dedisset
2959 1564 3111 1620 apes.

192 1638 272 1694 Me
300 1640 432 1695 foris
460 1643 699 1709 excluso,
736 1658 829 1697 vos
860 1644 1000 1697 hanc
1023 1645 1265 1699 retinetis
1294 1657 1538 1699 amantes
1566 1664 1575 1697 :
2633 1678 2700 1686 ——

334 1732 490 1798 Quod
519 1748 803 1789 commune
834 1735 1010 1804 placet
1039 1752 1147 1790 non
1179 1737 1335 1789 simul
1366 1752 1486 1791 esse
1509 1737 1653 1792 licet.
1948 1752 2153 1808 Λυκίης,
2179 1753 2428 1817 amicius,
2460 1765 2711 1807 curarum
2741 1750 2980 1820 pondere
3012 1766 3232 1818 ςυτνοιι,

192 1820 304 1877 llec
333 1824 561 1893 longeva
591 1825 682 1880 diu
713 1837 929 1882 maneat
958 1843 1054 1896 per
1079 1829 1283 1896 singula
1315 1829 1489 1892 nobis,

2027 1844 2259 1902 Pectore
2283 1846 2503 1901 confuso
2526 1860 2625 1899 nec
2654 1842 2814 1898 verba
2842 1842 2970 1897 dare
2992 1859 3152 1912 queo.

333 1916 553 1972 Floreat
580 1928 636 1973 et
665 1920 870 1975 cunctis
900 1920 1269 1990 participanda
1299 1922 1473 1977 bonis.
1804 1914 1852 1974 Β
1880 1935 1989 1991 Mur

1804 1914 1852 1974 Β
1880 1935 2150 1993 Murmure
2178 1938 2276 1991 sub
2304 1938 2466 1991 dubio
2495 1936 2723 2000 laceror,
2753 1949 2928 2003 neque
2957 1935 3192 1989 carmina
3222 1935 3364 2000 laxo,

940 2044 1015 2055 ⁸-
2020 2026 2215 2082 Nescio
2246 2038 2397 2083 certo
2425 2026 2589 2095 loqui,
2620 2035 2801 2081 mente
2829 2036 3054 2081 vacante
3082 2027 3239 2080 mihi.

192 2102 217 2142 δ
243 2104 431 2161 Cuncti
466 2107 625 2164 hodie
656 2108 843 2164 festiva
868 2110 1052 2165 colunt
1078 2129 1090 2165 :
1134 2126 1234 2180 ego
1265 2114 1412 2167 solus
1444 2114 1497 2167 in
1527 2113 1658 2169 orbe
1881 2120 2028 2175 Heu!
2066 2121 2272 2176 tristem
2302 2120 2345 2173 si
2375 2130 2501 2173 vota
2535 2120 2699 2173 velint
2729 2120 2915 2174 audire
2946 2122 3226 2186 fatentem,

333 2198 542 2253 Absens
572 2200 736 2253 natali
763 2215 1068 2269 conqueror
1090 2218 1208 2258 esse
1239 2219 1377 2258 meo.

2030 2212 2116 2266 ille
2146 2213 2323 2267 subito
2357 2212 2559 2266 ferrent
2587 2213 2768 2266 nubila
2800 2212 2959 2266 missa
2993 2214 3083 2266 tibi
3110 2217 3121 2266 Ξ

199 2295 221 2322 "
242 2287 344 2354 Ουί
375 2289 420 2342 εί
446 2288 587 2344 forte
617 2289 787 2343 lalells
816 2290 916 2343 alia
951 2292 1167 2359 Γθὸίοηθ
1198 2292 1439 2354 ίύίδδειηι
1879 2304 2131 2361 Dedalico
2164 2306 2313 2375 lapsu
2342 2307 2386 2359 si
2419 2307 2609 2374 pinnas
2642 2320 2855 2359 sumere
2884 2322 3123 2371 nossem,

334 2380 416 2433 Αιι
448 2396 541 2434 V05
570 2379 588 2419 ί
622 2381 915 2437 debueram
943 2384 1185 2437 οοιιοίιυε
1216 2384 1292 2438 ire
1325 2384 1529 2451 ιιιδείεἳ
2027 2398 2108 2451 Ad
2140 2414 2236 2452 vos
2266 2400 2581 2467 quantotius
2606 2398 2715 2464 jam
2748 2397 3043 2451 revolasset
3070 2414 3277 2454 amans.

191 2473 343 2531 Nunc
377 2475 466 2528 alii
499 2474 589 2527 libi
617 2476 765 2537 dam,
792 2489 893 2542 €80
924 2492 1145 2530 munera
1179 2476 1323 2530 "Ulla
1356 2477 1528 2531 SOI'OI'i
1878 2488 2039 2542 Novit
2068 2490 2209 2543 enim
2246 2490 2519 2551 Dominus,
2552 2490 2642 2557 qui
2672 2490 2831 2543 corda
2867 2489 3083 2543 latentia
3115 2493 3310 2559 pulsat,

330 2564 427 2619 Vel
459 2564 586 2618 dare
612 2565 698 2631 qui
732 2568 880 2634 potui
912 2567 1125 2635 pomula
1156 2578 1178 2613 ες
1210 2583 1359 2622 more
1383 2569 1510 2634 joci.

2020 2584 2147 2646 Quae
2180 2597 2316 2645 mea,
2350 2582 2441 2633 sed
2476 2581 2658 2645 tacite,
2690 2582 2893 2634 viscera
2922 2598 3048 2635 cura
3080 2582 3279 2638 domet.

184 2654 287 2710 Sed
321 2656 568 2725 quamvis
598 2655 793 2710 absens
824 2658 1022 2725 specie,
1051 2674 1168 2711 sum
1202 2668 1422 2726 pet-tore
1453 2675 1713 2729 przeseus,

1880 2671 2046 2727 Reddi
2087 2692 2127 2736 ι,
2161 2688 2282 2726 cum
2316 2688 2545 2740 nequeo,
2580 2684 2605 2721 ιι
2630 2673 2859 2727 dominae
2889 2676 3151 2742 promissa
3182 2678 3451 2749 benigna:;

331 2748 400 2801 Et
427 2761 559 2815 rogo
585 2762 691 2815 que
716 2749 833 2802 tnisi
866 2748 1005 2801 dona
1038 2749 1265 2803 libenter
1296 2751 1457 2805 habe.

2024 2764 2133 2817 Nec
2168 2773 2343 2816 tamen
2376 2764 2461 2816 hic
2491 2763 2701 2832 culpam
2732 2766 2888 2819 crede
2919 2766 3081 2821 fuisse
3112 2784 3310 2836 meam,

183 2836 271 2891 Sic
302 2838 447 2893 Deus
476 2840 818 2908 omnipotens
845 2850 1031 2909 parcat
1058 2842 1216 2894 matri
1247 2853 1410 2912 atque
1438 2846 1626 2907 sorori,
1874 2854 2111 2919 Excusa,
2145 2857 2187 2908 5i
2222 2854 2360 2909 forte
2387 2866 2562 2924 potes,
2592 2871 2687 2925 per
2714 2858 2887 2913 sidera
2920 2868 3105 2925 testor,

329 2928 447 2995 Que
481 2946 589 2984 non
618 2942 843 2997 egerunt
877 2947 963 2986 me
990 2935 1225 2987 retinere
1257 2935 1377 2988 sibi.
1950 2949 1985 3003 Μ

1950 2949 2035 3005 Me
2064 2965 2242 3019 neque
2270 2952 2409 3006 velle
2441 2968 2621 3007 moras
2653 2956 2838 3008 matris
2868 2955 2919 3008 in
2951 2973 3081 3011 aure
3113 2957 3274 3020 feres.

188 3018 309 3075 “33¢
344 3022 430 3089 Dia
463 3021 597 3076 res“!
629 3022 718 3075 diu
750 3024 945 3077 ιηυίίοε
973 3022 1021 3091 ¹¹ν
1045 3028 1187 3081 senis
1214 3028 1345 3095 ipsa.
1374 3043 1468 3096 PC?
1497 3043 1698 3094 ³η¹ιυδν
1877 3040 2009 3098 Oret
2039 3060 2133 3111 pro
2154 3018 2395 3102 famulo;
2429 3047 2585 3100 citius
2617 3062 2862 3103 remeare
2891 3052 3117 3118 parabo,

326 3112 477 3167 Lteta
504 3122 695 3179 matre,
728 3114 883 3169 simul
911 3132 999 3171 me
1028 3132 1243 3186 quoque
1272 3118 1286 3154 ί
1326 3120 1515 3186 fratre,
1548 3120 1699 3175 colas
2020 3144 2091 3198 Ει
2121 3155 2241 3194 cum
2270 3150 2582 3210 ρηρεεηιοτ,
2618 3144 2842 3198 verbera
2873 3112 3008 3202 ,oce
3036 3112 3238 3205 dovmel.

180 3300 270 3358 Sic
294 3304 307 3353 i
328 3342 343 3368 ,
370 3303 629 3358 hesterna
659 3304 773 3360 dies
803 3313 944 3361 totas
974 3306 1102 3361 mihi
1133 3309 1412 3363 transtulit
1439 3309 1621 3374 horas,
1802 3282 1836 3339 ί

332 3394 403 3450 Ut
434 3398 622 3454 matris
647 3414 835 3454 vocem
866 3416 973 3455 non
1005 3404 1263 3458 meruisse
1289 3420 1502 3473 querar.

1833 3282 1847 3301 ,
2642 3282 2713 3291 .-

1464 3324 1621 3458 :‘oms’
1802 3282 1847 3340 L
1878 3349 2222 3419 Supplicibus
2254 3352 2393 3407 votis
2421 3352 2619 3407 referat
2651 3357 2901 3411 mandata
2933 3360 3120 3417 salutis

1490 3445 1502 3457 ⁶
2029 3442 2279 3473 llnh.llnno
2309 3459 2368 3473 nn
2400 3445 2628 3473 Διηηξηῐ.
2662 3449 2849 3473 ..κλιντημ
2888 3454 3041 3473 -ι.ε,,-
3106 3454 3117 3473 ι

2029 3442 2282 3497 Matribus
2307 3459 2370 3499 ac
2398 3445 2630 3499 dominis
2662 3449 2853 3516 pagina
2888 3454 3047 3505 missa
3106 3454 3366 3524 loquens;

182 3490 426 3557 Qualiter
452 3507 623 3560 agnus
650 3510 835 3550 amans
860 3498 1146 3565 genetricis
1176 3498 1241 3552 ab
1266 3500 1429 3553 ubere
1462 3500 1661 3567 pulsus,

328 3583 522 3615 Τ-ζριςρ
562 3596 611 3615 Δ.
641 3587 881 3615 ιιι-ληρζη
913 3590 1098 3615 ηηυζ..-
1133 3601 1266 3615 -_.....
1297 3592 1431 3615 ...ηερ
1458 3609 1469 3615 -

2029 3490 2281 3497 _____.-___
2308 3490 2370 3499 η
2402 3490 2630 3499 cvm...”
2663 3490 2853 3516 μευ...
3106 3490 3330 3524 mque",
3352 3502 3366 3523 ,

1880 3534 2122 3599 Dumque
2149 3544 2361 3589 recusat
2392 3536 2491 3590 iter
2524 3549 2763 3593 nostrqu
2799 3543 2890 3595 tibi
2924 3545 3149 3602 reddere
3176 3548 3377 3615 vultus,

328 3583 524 3639 Tristis
560 3596 615 3640 et
641 3587 885 3643 herbosis
912 3590 1102 3643 anxius
1130 3601 1272 3644 errat
1296 3592 1477 3667 agris;

2024 3627 2289 3682 Alfectum
2323 3630 2498 3683 saltim
2530 3632 2838 3687 sollicitudo
2864 3638 3076 3701 probet.

177 3673 331 3731 Nunc
366 3675 504 3745 fugit
527 3677 595 3732 ad
623 3694 843 3749 campos
869 3679 1065 3735 feriens
1094 3681 1361 3737 balatibus
1391 3699 1569 3747 auras,

603 3718 843 3789 __‘"":r"°
869 3718 1065 3789 :“M”
1094 3718 1367 3789 "“f"“"“°_
1391 3718 1569 3789 "‘“‘_‘°’
1876 3718 1995 3775 Non
2028 3736 2209 3775 sumus
2240 3724 2512 3789 absentes,
2548 3725 2591 3779 si
2625 3742 2723 3780 nos
2751 3730 2926 3783 oratio
2955 3730 3125 3787 dulcis

354 3772 364 3793 Ἰ
603 3774 613 3785 _
1152 3778 1162 3787 .
1324 3794 1329 3803 ἰ
2040 3772 2043 3773 ν
2174 3772 2204 3775 ν-
2244 3772 2512 3789 ηψπ--.
2548 3772 2591 3779 --
2625 3772 2722 3780 --η
2754 3772 2924 3783 ν.-..υ
2956 3772 3125 3787 “me...

322 3772 479 3885 Em)“:
761 3778 1093 3885 ξδξηξίξνᾲηεξο
1108 3792 1237 3885 Ῠδέξέέ
1264 3786 1436 3885 ηιξίξίῖ
1460 3778 1692 3845 placem
2022 3808 2324 3868 Praesentes
2353 3828 2567 3885 semper
2593 3817 2771 3873 cordis
2801 3834 2985 3875 amore
3017 3832 3184 3879 tenet.

178 3862 268 3920 Sic
288 3879 380 3920 me
408 3866 476 3919 de
503 3867 695 3921 vestris
725 3868 1000 3922 absentem
1034 3883 1261 3938 suggero
1296 3868 1467 3922 verbis
1498 3886 1511 3932 ;

324 3958 430 4012 Vix
462 3966 613 4014 tenet
644 3959 850 4015 incluso
881 3977 1025 4016 nunc
1054 3961 1247 4015 domus
1279 3976 1381 4015 una
1413 3962 1557 4017 loco.

180 4044 204 4086 ιι
228 4047 342 4104 Sed
377 4047 521 4103 refer
549 4050 672 4105 hinc
701 4052 865 4118 gratis
893 4051 1111 4121 placida:
1132 4067 1443 4122 certeque...

326 4138 487 4202 Quod
516 4154 605 4192 me
632 4140 903 4193 consolvit
928 4140 995 4194 de
1021 4142 1233 4208 pietatis
1262 4158 1385 4210 ope.

174 4225 256 4284 Tu
276 4230 487 4285 retines
516 4230 771 4297 medium,
804 4231 1037 4285 medium
1066 4246 1152 4286 me
1182 4232 1421 4301 possidet
1448 4233 1568 4301 illa;

324 4321 463 4377 Cum
491 4321 732 4391 glmiuas
759 4322 939 4385 video,
976 4333 1100 4378 tunc
1123 4337 1223 4393 ego
1251 4333 1396 4380 totus
1418 4340 1566 4395 agor.

175 4409 318 4468 Num
351 4413 471 4476 tibi,
506 4428 629 4468 cara
659 4430 872 4483 precor,
905 4414 1189 4480 Martinus,
1217 4414 1450 4474 Hilarius
1478 4418 1716 4488 adstent,

317 4503 389 4559 Et
416 4513 471 4562 te
500 4505 582 4561 vel
605 4514 762 4561 natos
789 4521 914 4576 spes
944 4517 1087 4576 tegat
1111 4522 1214 4563 una
1248 4507 1406 4562 Deus.

935 4613 1009 4621 ..-
2638 4612 2709 4620 —

1876 4010 2034 4067 Matri
2063 4022 2220 4067 natus
2247 4028 2367 4083 ego,
2399 4014 2567 4072 frater
2596 4018 2755 4074 simul
2786 4022 2899 4090 ipse
2928 4028 3124 4093 sorori,

2023 4103 2249 4159 Pectore
2277 4105 2473 4161 devoto
2504 4112 2727 4177 parvula
2758 4113 2896 4168 dona
2926 4114 3064 4173 fero.

1877 4191 2089 4248 Tertius
2119 4195 2300 4251 unitus
2330 4197 2428 4250 tria
2462 4214 2683 4254 munera
2718 4212 2871 4271 porta
2904 4204 3117 4263 duabus
3149 4229 3159 4262 :

2019 4286 2149 4341 Tam
2180 4288 2362 4345 dulces
2393 4292 2601 4347 animas
2630 4293 2803 4349 dulcia
2837 4313 2996 4365 poma
3026 4302 3239 4359 decent.

1876 4375 1985 4433 Sed
2015 4377 2141 4433 date
2168 4394 2311 4433 nunc
2345 4380 2555 4435 veniam
2588 4384 2717 4437 mihi
2748 4386 2893 4453 quod
2922 4390 3044 4445 timo
3077 4393 3169 4447 tali
3197 4394 3459 4466 habetur,

2020 4468 2240 4525 Munera
2270 4486 2389 4541 qua:
2420 4482 2601 4543 portet
2628 4476 2816 4532 charta
2847 4480 3081 4537 canister
3109 4484 3230 4540 erit.

180 4672 196 4714 ι
223 4675 279 4731 Si
308 4692 529 4746 nequeo
560 4694 814 4748 praesens,
847 4695 1040 4736 apsens
1074 4682 1167 4735 tibi
1196 4683 1348 4738 solvo
1379 4692 1667 4748 trinutum,
1801 4661 1848 4719 θ
1878 4680 2157 4750 Pergimus
2187 4681 2417 4737 inclusas
2448 4698 2477 4737 a
2508 4686 2717 4756 gurgite
2751 4704 2975 4746 eernere
3006 4702 3197 4757 terras.

319 4769 391 4823 Ut
422 4770 617 4837 probet
643 4770 918 4835 affectum,
953 4784 1125 4828 mater
1153 4784 1333 4828 amata
1366 4791 1562 4831 meum.
2018 4772 2132 4838 Qua
2165 4788 2331 4842 Vagus
2360 4774 2605 4832 Oceanus
2636 4779 2846 4848 fertque
2878 4782 3151 4853 refertque
3178 4787 3323 4844 vices

173 4856 228 4910 Si
251 4874 360 4913 non
384 4874 562 4913 essem
608 4870 646 4897 ιη
673 4864 868 4916 absens
889 4864 1117 4918 facerem
1146 4866 1509 4935 quodcunque
1527 4868 1764 4937 juberis:
1872 4863 2146 4918 ﬂuetibus
2173 4864 2399 4919 assiduis
2432 4881 2552 4921 cum
2577 4870 2749 4936 surgit
2777 4872 2843 4925 ad
2872 4875 3070 4929 aethera
3099 4888 3314 4947 pontus,

314 4950 605 5022 Obsequiis
635 4956 814 5023 parvis
842 4957 980 5011 forte
1010 4958 1245 5026 placeret
1275 4960 1451 5027 iners;
2014 4954 2128 5010 Huc
2155 4956 2366 5011 feritate
2392 4973 2487 5012 sua
2512 4960 2726 5016 mobilis
2758 4962 2899 5016 unda
2931 4966 3111 5021 la'rat.

172 5038 407 5097 Pectore
440 5042 636 5097 devoto
659 5044 754 5099 sed
781 5047 979 5101 rustica
1006 5047 1184 5116 lingua
1208 5050 1448 5104 dedisset
1870 5046 2047 5102 Littus
2072 5064 2237 5103 arena
2263 5065 2417 5105 suum
2448 5051 2662 5121 refugit,
2698 5070 2839 5111 nunc
2867 5061 3087 5130 suscipit
3111 5072 3246 5119 testu
3272 5082 3287 5129 ;

309 5133 560 5189 Pastoris
589 5136 801 5191 calamo
832 5138 1019 5194 matris
1046 5139 1099 5191 in
1125 5154 1254 5195 aure
1283 5156 1476 5195 sonum
2018 5140 2169 5195 Nunc
2198 5156 2346 5197 mare
2375 5142 2500 5196 dum
2534 5153 2728 5213 turget,
2761 5150 3016 5219 naufraga
3046 5164 3189 5210 terra
3219 5157 3386 5224 latet;

164 5220 412 5293 Imperiis
445 5223 709 5279 famulans
742 5234 767 5261 ιι
793 5234 1021 5281 tererem
1064 5243 1183 5281 mea
1222 5231 1463 5285 membra
1521 5231 1762 5298 diurnis;
1873 5230 1989 5296 Quo
2020 5231 2221 5298 gelidas
2248 5246 2307 5286 se
2337 5247 2456 5287 esse
2492 5244 2509 5270 τ
2535 5249 2747 5291 ren.....
2782 5238 2933 5295 dicus
2960 5254 3191 5313 occupat
3221 5220 3400 5303 ardor.

308 5314 596 5369 Servirent
625 5314 859 5371 dominas
887 5316 1099 5373 subdita
1129 5319 1267 5373 colla
1296 5336 1427 5375 suze.
2016 5320 2191 5388 Atque
2218 5323 2337 5376 loco
2361 5321 2464 5377 huc
2493 5338 2595 5377 una
2624 5334 2751 5379 sunt
2781 5328 2877 5381 tria
2910 5329 3049 5384 dona
3082 5333 3205 5400 Dei,

166 5406 319 5463 Nulla
349 5415 675 5463 recusarent
706 5409 873 5478 digiti,
907 5419 1180 5481 puteoque
1203 5412 1472 5482 profundo
1873 5410 2125 5477 Quamvis
2152 5412 2220 5466 sit
2244 5412 2462 5476 sterilis,
2492 5414 2696 5469 fructus
2726 5416 2827 5471 fert
2855 5419 2943 5472 illa
2974 5420 3184 5489 beatos,

308 5499 448 5567 Quae
475 5515 665 5557 manus
691 5500 794 5557 hoc
814 5502 1032 5573 scripsit
1055 5512 1306 5575 prompta
1336 5506 1541 5561 levaret
1571 5521 1757 5575 aquas.
2012 5502 2147 5557 Dum
2177 5502 2314 5559 coelo
2342 5502 2533 5575 dignos
2562 5507 2738 5576 pascit
2765 5523 2929 5565 arena
2959 5511 3126 5570 viros.

239 5667 265 5695 ⁸
288 5658 419 5725 Με..
457 5660 633 5741 fugiet.
712 5658 737 5695 ι’
930 5663 1159 5741 n_e_quid._
1206 5677 1243 5741 με,
1272 5664 1364 5717 Ms.
1400 5666 1646 5741 nunquid.
1724 5662 1751 5702 ἀ
1784 5664 1988 5741 Recens
2009 5665 2181 5741 editor
2195 5677 2439 5741 annotat
2460 5668 2524 5722 ad
2546 5670 2746 5741 calcent
2780 5676 2981 5741 paginae
3008 5688 3200 5733 cuncta
3220 5695 3244 5736 :
3269 5686 3450 5739 nescio

167 5744 352 5815 quare.
467 5739 490 5766 °
522 5734 660 5785 Sane
702 5734 808 5815 quin.
872 5733 910 5812 ,ί
943 5734 1078 5815 ΙΨ.)
1126 5735 1407 5815 dubiarum.
1514 5746 1536 5777 κ
1586 5735 1708 5815 Ms.,
1739 5753 1880 5815 mora
1918 5738 2038 5805 joti.
2140 5735 2164 5772 ιι
2192 5736 2276 5789 Sic
2312 5739 2371 5815 _in
2396 5738 2541 5815 Ms.__
2575 5740 2590 5776 ί
2626 5741 2749 5815 his...
2780 5733 2959 5812 Triller.
3045 5752 3059 5798 l
3102 5733 3449 5813 usuum;

169 5806 194 5885 ξ
226 5801 324 5855 llic
354 5816 543 5885 versus
572 5815 755 5885 posset
784 5804 884 5873 legi
910 5821 925 5859 :
957 5805 1062 5885 Sed
1090 5810 1258 5871 refero
1288 5805 1405 5858 hinc
1434 5807 1873 5885 grates_placid¢e
1896 5801 2129 5875 c'arwque
2150 5809 2343 5885 sorori.
2448 5807 2461 5846 ι
2498 5811 2619 5876 Ms...
2648 5801 2933 5885 Sin'e'qme.
3025 5827 3063 5855 πι
3097 5801 3447 5879 iii'iisWéFI

169 5874 290 6000 l'iuén
330 5873 512 5999 absitis
556 5876 814 5931 eraditur.
940 5885 967 5913 υ
995 5876 1121 5942 Ms.,
1164 5886 1415 5932 terrerent.
1533 5889 1555 5913 υ
1590 5873 1723 5949 Illi,
1770 5880 1974 5935 cocintz.
2048 5873 2055 5875 ’
2091 5890 2117 5928 P
2147 5880 2271 5946 51s.,
2322 5886 2487 5936 thoro.
2602 5873 2892 5945 ἀνι-ξενίας
2930 5873 3149 5960 editor
3185 5873 3439 5953 Domine.

266 5957 312 5998 tc
343 5960 403 5999 tu
484 5960 532 6000 s.

171 5951 193 5981 ν
224 5951 312 6000 Sic
343 5951 403 5999 in
432 5951 532 6001 Ms.
