4194 6568
199 442 288 499 597
1443 436 1953 497 SCINTILLARUM
1990 440 2214 498 LIBER.

3349 441 3454 499 598

196 557 285 615 crit
319 555 451 612 dans
479 554 617 612 celle
648 555 720 610 du
748 554 1139 619 Mont-Cassin,
1172 568 1238 609 en
1288 568 1319 607 a
1352 553 1448 608 fait
1484 555 1758 624 imprimer
1784 560 1835 617 Α
1862 555 2071 609 Anvers
2097 555 2229 610 cher
2252 553 2480 611 Stelsius
2501 570 2568 611 en
2592 556 2753 621 1550,
2779 556 2968 613 l‘autre
2994 566 3022 612 a
3043 556 3239 613 Venise
3267 556 3297 612 s
3320 558 3458 612 l‘en-

198 651 241 705 la
271 649 482 719 prél‘ace
533 648 667 703 dans
699 647 1032 717 l‘appendice
1061 647 1130 701 du
1164 644 1364 701 second
1397 654 1541 701 tome
1584 647 1653 701 de
1681 662 1767 702 ses

196 742 435 797 Annales.
467 739 511 795 ll
538 740 744 795 semble
795 754 1066 809 supposer
1117 752 1224 807 quc
1271 738 1543 806 l'ouvrage
1574 739 1656 791 n'a
1682 740 1768 807 ja-

195 835 313 889 mais
341 834 430 891 été
457 834 560 890 mis
599 849 727 890 sous
747 834 797 888 la
828 848 1011 903 presse
1035 834 1135 903 (a).
1167 831 1482 902 Cependant
1508 831 1765 887 Possevin

1866 644 2053 713 seigne
2081 646 2146 700 de
2176 644 2537 716 l‘Espérance,
2569 648 2926 715 c‘est-a-dire,
2952 650 3085 705 chez
3114 648 3451 705 Barthélemi

1865 736 1931 791 de
1968 735 2221 803 Albertis,
2255 753 2320 792 en
2365 736 2523 804 1552,
2552 747 2608 794 et
2636 740 2684 793 la
2729 740 3009 797 troisiéme
3039 740 3069 794 ὸ
3108 737 3352 808 Cologne
3380 752 3450 793 en

1866 826 2025 884 1554.
2058 828 2098 883 ll
2126 827 2238 885 lant
2265 845 2371 901 que
2398 846 2491 887 ces
2519 831 2751 889 editions
2774 834 2953 890 soient
2978 846 3162 899 raros;
3190 845 3285 890 car
3304 846 3449 888 nous

192 940 249 978 cn
298 938 524 993 marque
561 925 694 979 trois
739 923 971 980 editions
1017 922 1356 979 dill'érentes:
1392 922 1537 978 l‘une
1577 920 1706 978 laite
1732 921 1763 976 a
1861 936 1936 978 ne
1964 915 2042 979 les
2064 929 2322 981 trouvons
2348 925 2502 996 point
2522 924 2763 982 ailleurs.

255 1035 328 1104 (a)
362 1034 514 1093 Pass.
546 1036 711 1107 App.,
734 1044 776 1091 t.
805 1033 849 1103 Ι,
884 1051 939 1106 p.
970 1033 1097 1101 587,
1130 1032 1256 1089 680.

195 1147 3456 1179 W

974 1223 1211 1301 ALIA
1271 1222 1709 1301 NOTITIA
1774 1224 1885 1302 IN
1950 1227 2655 1307 DEFENSOREM.

1355 1403 1572 1469 (Fabric.
1596 1405 1728 1457 Bibl.
1752 1366 1882 1459 uit-sd.
1913 1415 1963 1461 et
1986 1410 2070 1459 inf.
2097 1410 2299 1472 astatis.)

252 1586 529 1657 Defensor,
561 1581 940 1655 grammaticus
968 1589 1023 1637 et
1059 1581 1355 1637 monachus
1388 1581 1762 1651 Locociagen-

184 1682 251 1736 sis
284 1680 426 1750 apud
472 1679 756 1743 Pictones,
797 1684 987 1732 auctor
1035 1674 1313 1741 Scintillae,
1360 1675 1473 1729 sive
1516 1675 1761 1730 locorum

184 1774 543 1829 communium
575 1780 628 1826 et
656 1771 1051 1825 sententiarum
1084 1770 1180 1839 (a)
1215 1784 1310 1838 per
1340 1769 1518 1838 capita
1547 1767 1615 1821 80
1646 1768 1761 1822 col-

184 1868 439 1922 leCIarum
480 1880 546 1919 ex
592 1877 745 1917 sacra
801 1862 1081 1930 Scriptura
1131 1872 1185 1915 ct
1227 1860 1425 1914 sanctis
1468 1859 1716 1913 Patribus
1745 1898 1761 1924 ,

184 1957 494 2019 Ambrosio,
526 1954 842 2017 Anastasio,
879 1953 1204 2021 Augustino,
1235 1951 1464 2015 Basilio,
1492 1951 1758 2015 Cinsario,

180 2048 469 2104 Clementis
500 2045 682 2111 libris,
715 2044 1107 2099 Collationibus
1147 2043 1428 2109 Cassiani,
1464 2042 1756 2112 Cypriano,

179 2140 466 2210 Ephrmm,
521 2138 655 2193 Isaia
686 2179 700 2204 ,
743 2135 1007 2201 Eusebio,
1060 2136 1356 2202 Gregorio,
1410 2133 1758 2204 Hieronymo,

180 2231 378 2284 llilario
399 2272 412 2295 ,
444 2229 651 2284 Isidoro
675 2270 690 2296 ,
728 2226 965 2298 Joseplio
987 2268 1001 2292 ,
1032 2228 1259 2293 Origene
1284 2236 1337 2279 et
1364 2225 1494 2278 Vitis
1519 2224 1760 2278 Patrum.

177 2324 325 2380 llunc
359 2325 554 2378 librum
582 2338 647 2377 ex
692 2321 1021 2377 bibliotheca
1068 2319 1262 2373 Montis
1302 2318 1479 2372 Casini
1524 2318 1764 2386 descrip-

174 2420 305 2473 sisse
335 2433 397 2473 se
426 2418 592 2471 rel'ert
629 2414 865 2469 Joannes
892 2413 1264 2474 Mabillonius,
1314 2424 1435 2480 pag.
1478 2410 1576 2463 l‘25
1600 2410 1764 2463 Musei

176 2508 365 2569 ltalici,
393 2507 481 2561 ubi
507 2516 747 2561 veterem
774 2514 1051 2560 auctorem
1080 2502 1336 2572 appellat,
1361 2511 1418 2555 ut
1442 2502 1531 2569 qui
1561 2502 1763 2554 nullum

172 2614 201 2654 e
234 2598 486 2653 Patribus
514 2598 718 2653 Isidoro
763 2598 1120 2666 posteriorem
1152 2595 1389 2649 adducit.
1428 2593 1626 2647 l’rt'elcr
1654 2610 1765 2647 rem

172 2700 352 2744 tamen
389 2690 576 2744 habuit
606 2705 703 2759 pro
732 2689 971 2752 inedilo;
1002 2697 1084 2743 est
1115 2688 1242 2740 milii
1273 2686 1414 2740 enim
1449 2687 1499 2739 in
1525 2688 1767 2739 manibus

174 2784 340 2838 editio
381 2782 720 2838 Coloniensis
757 2798 845 2835 an.
896 2780 1067 2845 1556,
1116 2780 1285 2833 forma
1323 2780 1529 2832 minore
1571 2794 1767 2832 excusa

168 2874 310 2942 apud
370 2874 589 2929 Petrum
641 2874 822 2928 llorst.
872 2872 1336 2941 Antwerpiensem
1384 2883 1595 2937 quoque
1642 2866 1768 2919 anui

170 2964 307 3018 1550
340 2980 372 3018 a
402 2964 663 3030 Gesnero,
696 2974 751 3017 et
778 2963 1039 3018 Venetam
1071 2961 1210 3016 153:7.
1240 2977 1267 3013 a
1298 2960 1528 3015 Sinilero
1560 2974 1767 3012 memo-

168 3059 272 3110 rari
297 3058 545 3120 memini,
578 3072 646 3109 ne
667 3056 840 3110 dicam
872 3056 939 3109 de
971 3056 1059 3109 illa
1089 3069 1206 3123 qum
1236 3069 1298 3107 ex
1331 3055 1569 3107 ltomana
1599 3054 1770 3104 Antu-

168 3149 240 3202 nii
284 3149 573 3217 Gangutite
619 3145 785 3201 Siculi
819 3146 1059 3200 editione
1084 3187 1096 3207 ,
1124 3145 1281 3199 Rom.
1312 3144 1447 3197 1560
1479 3143 1648 3208 inut“,
1672 3145 1769 3198 sub

166 3238 327 3294 Beda:
362 3240 582 3295 nomine
611 3247 790 3294 exstat
818 3247 950 3292 tom.
988 3236 1073 3290 Vll
1105 3237 1222 3306 ejus
1250 3236 1517 3307 Operuni,
1548 3238 1613 3290 de
1643 3251 1769 3304 qua,

164 3334 305 3388 sicut
338 3334 411 3388 de
434 3332 911 3405 Anglo-Saxonica
941 3331 1083 3387 illius
1099 3332 1366 3395 versione,
1394 3346 1553 3399 supra
1577 3338 1707 3384 tom.
1733 3330 1768 3392 Ι,

164 3441 287 3493 ιινίς.
326 3424 455 3478 191.
489 3427 553 3479 Al
588 3425 729 3479 enim
777 3438 973 3479 nomen
1025 3423 1359 3492 De,"ensoris,
1409 3432 1463 3475 et
1492 3423 1772 3476 nutritoris

163 3519 245 3570 sui
300 3517 489 3571 L'rsini
530 3526 719 3571 auctor
758 3515 959 3569 diserte
1000 3515 1267 3583 expressit
1322 3517 1372 3567 in
1417 3514 1769 3583 prtel'atione,

165 3626 331 3676 quam
383 3611 649 3677 integram
674 3608 759 3661 hic
803 3608 820 3678 (
851 3616 935 3661 est
965 3607 1108 3661 enim
1139 3607 1316 3661 brevis
1350 3606 1365 3675 )
1399 3607 1533 3659 infra
1566 3606 1717 3675 posui
1754 3624 1766 3659 :

164 3703 377 3767 Lector,
429 3703 661 3773 quisquis
708 3718 781 3764 es,
825 3700 1053 3755 libellum
1083 3700 1215 3751 hunc
1265 3701 1455 3771 legens,
1501 3702 1680 3770 ﬂagito
1724 3710 1772 3754 te

237 3837 316 3903 (a)
365 3835 470 3889 Alii
500 3835 689 3887 Alraro
717 3831 1053 3888 Cordubensi
1086 3833 1352 3886 Scintillas
1388 3832 1650 3903 tribuunt,
1676 3833 1767 3886 alii

160 3901 410 3959 Caeniio
460 3907 721 3973 episcopo
752 3943 767 3967 ,
812 3912 870 3967 ut
906 3904 1086 3973 codex
1140 3905 1478 3957 bibliothece
1524 3901 1764 3973 Paulina:

164 3977 471 4046 Lipsiensis
500 3972 560 4028 in
591 3972 853 4040 catalogo
870 3972 998 4046 Mss.
1030 3972 1355 4046 Felleriano,
1391 3988 1511 4042 pag.
1540 3974 1662 4026 122.
1688 3972 1765 4027 De

161 4045 372 4101 Grzecis
409 4046 603 4101 similis
632 4046 845 4114 generis
886 4045 1297 4099 collectionibus
1325 4046 1527 4099 dictum
1564 4046 1697 4097 libro
1734 4060 1762 4095 ι-

1868 1586 2110 1655 scriptor,
2148 1596 2201 1640 ut
2229 1586 2409 1641 libenti
2438 1587 2579 1659 legas
2606 1589 2780 1643 animo
2807 1597 2856 1643 et
2881 1589 3132 1660 melli/luo
3163 1600 3309 1662 grate
3342 1607 3459 1644 sus-

1868 1677 2027 1745 cipias
2059 1678 2232 1731 verba.
2279 1678 2530 1733 Voluntas
2568 1681 2703 1736 bona
2744 1690 2793 1735 et
2828 1680 2997 1748 labor,
3032 1682 3161 1735 nihil
3192 1682 3337 1736 aliud
3364 1683 3463 1753 fuit

1868 1782 2060 1819 mecum
2084 1806 2099 1829 ,
2131 1769 2229 1821 nisi
2260 1768 2322 1821 de
2352 1768 2562 1824 Domini
2592 1780 2643 1825 et
2670 1780 2967 1827 sanctorum
2997 1773 3149 1826 dictis
3170 1814 3186 1840 ,
3225 1789 3253 1826 e
3281 1772 3463 1843 quibus

1867 1872 2108 1932 excerpta
2138 1872 2215 1917 est
2243 1866 2350 1919 Iuec
2373 1865 2679 1923 Somnus.
2702 1867 2816 1923 Nec
2836 1886 2949 1923 mea
2975 1870 3152 1924 existit
3176 1870 3461 1937 industria,

1867 1952 1955 2005 sed
1986 1951 2082 2005 Ιὶεὶ
2107 1958 2270 2007 totum
2298 1965 2374 2009 est
2402 1959 2591 2027 gratia,
2616 1959 2812 2030 meique
2840 1960 3109 2013 nutritoris
3137 1958 3315 2013 Ursini
3337 1960 3464 2013 doc-

1870 2043 2020 2095 trina:
2058 2042 2408 2115 obtemperare
2429 2050 2631 2116 volens,
2665 2050 2881 2122 paginas
2913 2068 3139 2123 quasque
3177 2060 3456 2118 scrutans,

1867 2136 2171 2189 sententiam
2218 2141 2478 2208 reperiens
2525 2144 2842 2213 fulgentem,
2904 2160 2992 2197 seu
3037 2145 3295 2197 inuentam
3343 2144 3462 2215 quis

1867 2231 2209 2298 margaritam
2256 2243 2344 2284 aut
2384 2251 2658 2303 gemmam,
2707 2237 2778 2289 ita
2819 2237 2998 2289 aridus
3039 2238 3243 2308 collegi.
3293 2235 3464 2290 Gutta

1867 2320 2295 2389 quemadmodum
2322 2326 2549 2379 collecta:
2577 2327 2752 2380 multa:
2794 2329 2987 2397 fontem
3015 2328 3255 2397 eﬂiciunt,
3290 2329 3463 2382 diver-

1870 2430 2040 2465 sorum
2072 2415 2143 2466 sic
2172 2416 2485 2470 voluminum
2516 2436 2838 2489 congregans
2871 2422 3187 2489 testimonia,
3219 2422 3313 2476 hoc
3339 2440 3465 2477 con-

1869 2504 1988 2556 (lere
2017 2507 2224 2559 tentari.
2270 2506 2420 2560 Velut
2458 2508 2519 2561 de
2547 2511 2664 2579 igne
2694 2512 2947 2577 prodeunt
2970 2529 3007 2564 si
3028 2513 3211 2566 intillce
3231 2554 3246 2580 ,
3278 2514 3350 2566 ita
3384 2516 3465 2567 hic

1872 2597 2083 2648 minuta:
2124 2599 2394 2650 sententiw
2434 2599 2766 2671 pluribusque
2804 2601 2948 2655 libris
2978 2604 3185 2670 scripta:
3224 2616 3467 2657 vocentur

1871 2687 2051 2743 SCINTI
2092 2707 2155 2744 LA
2189 2692 2625 2747 Scarrrunsnuu.
2662 2693 2828 2757 Quam
2854 2697 2936 2764 qui
2969 2696 3132 2765 legere
3159 2699 3285 2758 vult,
3318 2698 3465 2750 labo—

1871 2797 1978 2833 rem
2008 2783 2103 2835 sibi
2130 2792 2184 2833 ut
2213 2793 2458 2850 amputet,
2495 2800 2586 2835 nec
2615 2800 2721 2851 pra:
2750 2786 2949 2839 cwteris
2980 2788 3202 2854 pag'nas
3228 2788 3467 2840 iterando

1873 2872 2146 2933 lassescat,
2184 2871 2261 2922 hic
2294 2870 2442 2923 habet
2472 2887 2536 2924 ea:
2564 2871 2795 2941 pluribus
2833 2883 3090 2942 carptum.
3128 2872 3214 2927 Ne
3250 2876 3305 2927 id
3338 2892 3465 2945 opus

1872 2976 2067 3028 quoque
2090 2970 2357 3029 putaretur
2377 2964 2726 3031 apocrgphum
2745 3002 2759 3028 ,
2788 2967 3061 3036 unicuique
3083 2969 3355 3021 sententia:
3376 2986 3467 3038 per

1874 3054 2106 3120 singulas
2134 3054 2457 3115 capitulatim
2500 3058 2714 3110 virtutes
2752 3075 2898 3111 suum
2946 3061 3131 3129 scripsi
3170 3072 3465 3127 auctorem,

1876 3160 2061 3197 nomen
2090 3145 2364 3199 ‘ascribens
2412 3162 2579 3200 meum
2628 3149 2765 3216 quod
2806 3160 2883 3203 est
2925 3150 3232 3220 Dan-moon,
3270 3169 3372 3207 non
3404 3155 3469 3207 ob

1879 3237 2099 3307 gloriam
2122 3253 2339 3297 vanam.
2377 3239 2467 3293 sed
2493 3248 2546 3293 ut
2577 3242 2861 3312 quicunque
2890 3242 3102 3313 legerit,
3147 3244 3247 3297 mei
3274 3261 3471 3299 memo-

1878 3329 2012 3380 riam
2055 3328 2261 3381 habeat.
2309 3331 2479 3400 Caput
2517 3331 2661 3399 quod
2694 3332 2746 3385 in
2776 3332 2936 3387 editis
2976 3332 3339 3401 desideratur,
3375 3336 3471 3389 tri-

1876 3420 2137 3487 gesimum
2157 3421 2401 3488 quintum
2427 3423 2491 3476 de
2514 3422 2848 3489 Doctoribus,
2872 3423 3111 3494 vulgavit
3136 3426 3193 3478 Β.
3219 3424 3473 3481 Nicolaus

1877 3512 2248 3580 Staphorstius
2280 3522 2465 3568 uoster
2514 3523 2660 3570 tonio
2693 3515 2757 3569 Ill
2807 3516 3055 3572 Historia:
3096 3517 3471 3574 ecclesiastica:

1879 3600 2319 3671 llamburgensis,
2352 3617 2474 3673 pag.
2522 3603 2793 3671 359-361,
2832 3620 2900 3661 ex
2930 3607 3119 3662 codice
3149 3607 3247 3663 Ms.
3274 3604 3471 3664 biblio-

1878 3695 2047 3749 thecm
2075 3695 2258 3762 templi
2283 3692 2427 3749 Petri
2452 3703 2506 3751 et
2529 3695 2682 3751 Pauli
2707 3697 3144 3766 llamburgensis.

1877 3827 2222 3900 Bibliotheca!
2252 3825 2473 3900 Grzecre,
2502 3843 2619 3900 cap.
2654 3828 2741 3883 50.
2768 3826 3471 3900 LatineﬁpostDefensorem

1875 3901 1977 3952 alia
2003 3899 2144 3952 circa
2167 3913 2364 3951 annum
2390 3898 2530 3953 1516
2551 3898 2851 3971 composita
2879 3915 2909 3954 a
2934 3899 3133 3954 Thoma
3152 3900 3469 3970 Hibernico,

1875 3971 1941 4024 de
1968 3985 2077 4040 quo
2108 3971 2243 4023 intra
2274 3986 2371 4024 suo
2401 3972 2543 4026 loco.

192 4154 3470 4191 Μ

1258 4250 2391 4366 υΕιἚιιῐεοιιιε

1425 4439 1916 4493 LUCOCIAGENSIS
1954 4435 2239 4493 MONACHI

1014 4568 2591 4702 SCINTILLARUM

1668 4784 1999 4861 LIBER.

751 4994 775 5021 ι
809 4982 1189 5040 PROLOGUS.

227 5085 465 5145 Lector,
497 5078 740 5150 quisquis
768 5093 846 5142 es,
896 5078 1134 5131 libellum
1168 5076 1350 5141 legens
1376 5076 1543 5139 hunc,
1576 5074 1763 5139 ﬂagito

153 5186 203 5229 te
237 5176 510 5241 scriptor,
550 5172 696 5239 legas
722 5170 928 5234 animo,
958 5177 1010 5223 et
1041 5168 1291 5222 mellillua
1320 5178 1470 5236 grate
1501 5168 1765 5237 suscipias

151 5269 345 5319 verba.
378 5262 657 5317 Voluntas
684 5262 824 5314 bona
842 5270 897 5315 et
915 5260 1099 5315 labor:
1126 5260 1265 5313 aliud
1291 5261 1421 5315 nihil
1441 5260 1539 5314 fuit
1562 5274 1762 5315 meum.

157 5361 232 5416 De
271 5356 502 5413 Domini
536 5366 590 5408 et
618 5364 928 5409 sanctorum
974 5369 1195 5408 suorum
1226 5353 1383 5407 dictis
1406 5363 1489 5408 est
1514 5365 1769 5423 excerpta

150 5450 456 5512 Scintilla;
492 5460 593 5500 nec
624 5460 744 5498 mea
775 5445 985 5499 exstitit
1014 5444 1299 5507 industria,
1330 5445 1422 5499 sed
1463 5444 1553 5497 Dei
1599 5454 1769 5499 totum

150 5544 333 5613 gratia
357 5540 591 5605 meique
623 5536 903 5592 nutritoris
924 5535 1103 5591 Ursini
1128 5536 1255 5590 illud
1278 5538 1508 5606 operari.
1535 5536 1771 5593 .lussioni

151 5645 207 5689 et
254 5632 545 5689 docti-inte
592 5629 968 5699 obtemperare
1015 5628 1223 5693 volens,
1268 5630 1489 5699 paginas
1532 5644 1772 5698 quasque

226 5780 247 5804 ιι
301 5768 444 5823 llaec
480 5763 663 5825 lectio,
695 5761 976 5827 desumpta
1009 5777 1072 5816 ex
1105 5760 1301 5814 Mabill.
1336 5770 1467 5814 tum.
1502 5762 1537 5813 ll
1574 5763 1768 5817 Annal.

150 5840 365 5896 Bened.
406 5855 465 5905 p.
502 5834 629 5894 704.
662 5834 793 5887 satis
820 5831 999 5888 differt
1041 5834 1121 5905 ab
1152 5832 1240 5885 illa
1272 5848 1446 5905 quam
1480 5848 1640 5901 supra
1675 5835 1769 5885 da-

150 5929 274 5966 mus
303 5930 372 5965 ex
408 5903 665 5963 Fabricio
694 5923 705 5956 :
738 5915 1019 5972 utramque
1042 5904 1246 5957 habens
1272 5903 1458 5965 let-lor,
1489 5914 1771 5971 utramque

150 5984 427 6050 dijudicet
466 5980 603 6048 ipse.
639 5974 793 6047 Apud
823 5973 1165 6030 Mabillonum
1214 5974 1437 6043 prologo
1478 5978 1764 6042 prmposita

1802 4984 1857 5043 Ι)
1880 4987 2147 5044 scrutaris,
2179 4981 2505 5037 sententiam
2536 4982 2813 5051 reperiens
2841 4978 3157 5050 fulgentem,
3196 4982 3351 5039 sicuti
3392 4986 3475 5041 in-

1876 5084 2091 5130 ventam
2124 5076 2278 5145 quasi
2310 5076 2659 5142 margaritam
2704 5083 2797 5128 aut
2840 5089 3110 5143 gemmam
3140 5077 3322 5131 statim
3354 5078 3472 5132 avi-

1876 5170 1993 5221 dius
2041 5169 2252 5236 collegi.
2308 5166 2781 5233 Quemadmodum
2829 5174 2992 5233 guttae
3039 5168 3219 5222 multae
3261 5168 3470 5224 fontem

1876 5260 2143 5325 eﬂiciunt,
2186 5264 2263 5315 sic
2304 5260 2370 5314 de
2418 5259 2754 5314 diversorum
2810 5258 3173 5313 voluminibus
3228 5275 3461 5330 congre-

1876 5368 2006 5421 gans
2038 5353 2368 5416 testimonia,
2402 5352 2545 5405 hunc
2576 5351 2811 5405 libellum
2839 5350 3072 5406 condere
3106 5352 3330 5406 tentavi.
3357 5352 3468 5408 Ve-

1879 5444 1974 5497 luti
2019 5444 2087 5498 de
2134 5446 2256 5513 igne
2298 5443 2599 5513 procedunt
2638 5442 2908 5509 scintillae,
2943 5442 3013 5495 ita
3060 5442 3203 5497 hunc
3247 5443 3468 5499 minuta:

1881 5537 2165 5590 sententiw
2213 5536 2499 5606 pluresque
2529 5533 2649 5588 libri
2702 5534 3046 5588 inveniuntur
3075 5530 3363 5602 fulgentes,
3406 5536 3472 5589 ad

1883 5644 2113 5696 quarum
2156 5629 2295 5684 inter
2340 5631 2443 5683 boc
2484 5627 2836 5682 scintillarum
2883 5626 3155 5691 volumen,
3200 5624 3346 5695 quod
3376 5626 3471 5696 qui

1880 5775 2005 5821 sunt
2030 5767 2145 5821 haec
2176 5768 2337 5821 verba
2365 5784 2376 5819 :
2406 5765 2469 5820 In
2501 5765 2597 5820 Dei
2642 5765 3012 5833 omnipotentis
3055 5764 3261 5817 nomine
3290 5766 3473 5829 incipit

1881 5840 2006 5891 liber
2035 5836 2397 5891 Scintillarum
2427 5854 2514 5890 seu
2549 5837 2937 5890 Sententiarum
2967 5834 3338 5888 catholicorum
3366 5834 3472 5887 Pu-

1881 5920 2035 5975 trum,
2065 5910 2231 5964 editus
2256 5926 2286 5961 α
2315 5907 2595 5977 Defensore
2625 5908 2982 5978 grammatico.
