4194 6544
80 424 169 479 601

1345 408 1852 469 SClNTlLLAIlUM
1891 409 2119 467 ιωειι.

3255 405 3362 462 662

143 533 326 589 Virtus
373 541 506 600 ergo
528 539 674 586 verae
717 521 980 584 orationis
1025 529 1111 581 est
1155 521 1424 582 celsitudo
1476 523 1748 586 chari-A
1841 523 1974 591 Quia
2033 523 2165 578 nihil
2217 523 2441 594 prodest
2486 522 2630 594 quod
2693 522 2885 594 afﬁigis
2937 536 3136 593 corpus
3191 531 3363 591 tuum,

82 627 201 683 taﬁs

147 719 274 773 Lata
315 716 516 788 quippe
544 721 629 772 est
662 713 920 782 charitas,
969 727 1090 786 quae
1136 711 1482 770 inimicorum
1529 710 1666 767 dile-

80 814 252 866 ctione
282 811 511 881 capitur.

143 903 405 957 Fraterna
439 903 578 956 mala
605 900 845 958 charitas
872 898 1252 970 longanimiter
1282 905 1482 968 portat.

143 995 391 1050 Charitas
430 1004 611 1049 autem
639 1007 769 1048 vera
798 1000 904 1056 est,
958 1001 1016 1046 et
1063 991 1296 1044 amicum
1346 986 1568 1058 diligere
1615 985 1670 1040 in

79 1085 262 1150 Deum,
297 1095 354 1140 et
383 1086 657 1140 inimicum
684 1084 907 1155 diligere
936 1091 1163 1155 propter
1193 1082 1382 1137 Deum.

143 1178 395 1246 Quisquis
445 1178 770 1234 charitatem
825 1191 937 1232 non
983 1175 1169 1242 habet,
1251 1187 1416 1230 omne
1470 1172 1672 1228 bonum

79 1271 271 1326 amittit
300 1271 447 1343 quod
473 1272 657 1328 habet.

148 1365 324 1434 Vires,
347 1378 483 1436 quas
509 1363 780 1438 imperitia
832 1361 1086 1434 denegat,
1133 1359 1375 1418 charitas
1412 1358 1672 1414 submini-

77 1477 221 1522 strat.

147 1561 472 1627 Plerumque
537 1559 775 1615 charitas
831 1556 1152 1628 quibusdam
1223 1552 1671 1624 occupationibus

80 1651 387 1722 prmpedita,
419 1660 475 1705 et
502 1651 708 1720 integra
738 1647 931 1721 ﬂagrat
960 1650 1014 1705 in
1042 1648 1230 1717 corde,
1261 1657 1318 1704 et
1348 1656 1531 1704 tamen
1562 1663 1670 1703 non

82 1753 412 1799 monstratur
443 1745 496 1798 in
528 1760 712 1814 opere.

149 1837 282 1903 Quia
330 1837 414 1891 sol
446 1852 568 1892 cum
616 1838 758 1892 nube
793 1839 1013 1907 tegitur,
1043 1851 1151 1893 non
1181 1837 1392 1891 videtur
1429 1836 1482 1890 in
1507 1845 1671 1903 terra,

80 1936 130 1982 et
160 1937 339 1982 tamen
391 1927 544 1983 ardet
572 1930 628 1984 in
657 1929 796 1985 cmlo
822 1947 835 1984 :
861 1931 940 1985 sic
967 1944 1089 1985 esse
1117 1938 1376 1998 occupata
1437 1927 1673 1983 charitas

79 2019 232 2083 solet,
262 2028 320 2074 et
346 2019 490 2074 intus
521 2019 625 2073 vim
673 2021 756 2075 sui
807 2021 1020 2077 ardoris
1049 2020 1246 2086 exurit,
1275 2027 1331 2076 et
1357 2019 1490 2075 foris
1517 2017 1670 2074 llam-

80 2127 189 2166 mas
217 2111 303 2167 sui
333 2111 515 2181 operis
543 2127 652 2167 non
678 2113 934 2168 ostendit.

690 2242 1050 2283 UIERONYSIITS.

147 2316 440 2372 Terrarum
465 2317 757 2388 longitudo
788 2333 896 2374 non
927 2324 1506 2390 separatquoscunque
1526 2330 1678 2373 amor

77 2408 269 2479 jungit.

749 2519 1010 2562 ISIDORUS.

150 2619 412 2686 Quamvis
462 2618 706 2674 nonnulli
753 2617 858 2674 ﬁde
900 2626 1063 2687 atque
1086 2617 1343 2689 operibus
1373 2618 1573 2673 sanctis
1601 2617 1684 2672 vi-

80 2715 305 2767 deantur
334 2727 459 2768 esse
490 2711 801 2782 participes,
831 2719 1013 2766 tamen
1044 2710 1170 2782 quia
1197 2711 1474 2780 privantur
1500 2709 1681 2764 chari-

80 2816 183 2860 tate
209 2807 466 2860 fraternae
494 2803 825 2872 dilectionis,
871 2803 1082 2860 nullum
1123 2804 1326 2859 habent
1377 2803 1683 2858 incremen-

81 2907 187 2951 tum
220 2899 465 2953 virtutis.

142 2989 364 3044 Nuliuni
397 2989 677 3059 prmmium
709 2989 972 3044 charitate
997 2996 1274 3058 pensatur.

144 3084 396 3137 Charitas
441 3083 584 3138 enim
629 3083 885 3138 virtutum
939 3081 1180 3138 omnium
1225 3081 1434 3138 obtinet
1479 3080 1682 3152 princi-

79 3189 280 3252 patum.

137 3273 396 3330 Tenenda
448 3290 570 3329 cum
612 3274 811 3330 sanctis
838 3273 966 3328 viris
1019 3271 1199 3327 unitas
1247 3270 1527 3327 charitatis
1577 3288 1588 3322 :
1629 3277 1683 3325 et
1711 3266 1760 3332 C

79 3377 278 3437 quanto
307 3384 371 3423 se
405 3367 776 3438 unusquisque
824 3365 1096 3423 subtrahit
1127 3363 1349 3433 mundo,
1396 3371 1548 3418 tanto
1589 3377 1683 3419 ne-

80 3477 230 3516 cesse
264 3471 350 3516 est
384 3470 445 3514 ut
475 3476 535 3515 se
564 3458 795 3515 associet
822 3458 1090 3513 bonorum
1122 3455 1420 3511 consortio.

147 3553 403 3608 Charitas
434 3551 488 3605 in
519 3551 808 3606 dilectione
837 3549 932 3604 Dei
964 3557 1017 3602 et
1041 3548 1274 3617 proximi
1303 3555 1536 3602 constat.

149 3647 347 3700 Servat
371 3653 554 3698 autem
580 3645 713 3698 inse
742 3642 1088 3697 dilectionem
1113 3639 1231 3706 Dei,
1254 3639 1398 3710 quia
1421 3640 1688 3697 charitate

80 3757 182 3796 non
212 3739 478 3795 dividitur
505 3736 764 3807 proximi.

147 3832 247 3898 Qui
271 3847 302 3885 a
335 3831 580 3885 fraterna
606 3829 870 3884 societate
897 3829 1218 3895 secernitur,
1267 3843 1300 3884 a
1342 3827 1536 3883 divina:
1561 3827 1688 3882 chao

89 3923 258 3978 ritatis
283 3921 712 3992 participatione
740 3921 1000 3990 privatur.

153 4019 191 4066 Λ
223 4028 401 4082 regno
427 4021 610 4068 autem
653 4010 749 4066 Dei
787 4026 847 4066 se
897 4018 1151 4082 separant
1182 4010 1276 4080 qui
1308 4011 1631 4082 semetipsos
1658 4024 1688 4064 a

86 4107 350 4162 charitate
373 4107 700 4161 dissociant.

157 4195 406 4252 Perfecta
437 4197 676 4252 charitas
702 4205 785 4252 est
813 4197 1030 4252 dilectio
1059 4197 1154 4252 Dei
1185 4207 1238 4254 et
1268 4196 1518 4267 proximi.

153 4286 342 4345 Omnis
370 4288 520 4343 enim
545 4289 761 4345 bonitas
785 4303 854 4344 ex
882 4288 1144 4345 charitate
1164 4297 1218 4344 et
1237 4288 1543 4344 humilitate
1566 4302 1693 4359 pro-

90 4380 250 4436 cedit.

741 4488 1053 4530 CIPRIARUS.

158 4568 196 4621 Α
221 4567 583 4623 dissensionis
613 4567 756 4622 malo
784 4569 1064 4624 continere
1089 4581 1242 4622 suam
1273 4566 1510 4637 linguam
1531 4568 1692 4623 debet

92 4664 178 4728 qui
207 4661 361 4716 novit
390 4667 454 4716 et
482 4659 654 4728 diligit
684 4660 951 4716 vinculum
977 4660 1276 4717 charitatis.

768 4787 1024 4834 BASILIUS.

163 4865 262 4932 Qui
307 4866 587 4921 charitate
641 4865 829 4936 plenus
858 4874 961 4934 est,
993 4865 1286 4935 tranquillo
1316 4880 1496 4923 animo
1526 4875 1582 4923 et
1609 4883 1692 4924 se-

102 4960 382 5013 renissima
412 4959 565 5013 vultu
597 4958 858 5028 procedit.

168 5052 256 5108 V'ir
278 5063 471 5108 autem
501 5052 626 5107 odio
650 5052 840 5122 plenus
868 5053 1110 5108 ambulat
1133 5052 1443 5109 iracundus.

761 5181 1047 5222 εεεΑιιιυε.

173 5261 366 5315 Veram
418 5268 606 5314 autem
659 5259 979 5316 charitatem
1030 5267 1086 5313 et
1111 5274 1292 5314 veram
1335 5259 1696 5316 obedientiam

111 5355 418 5414 retinentes,
453 5352 588 5406 nihil
617 5351 685 5406 de
714 5352 913 5408 nostris
939 5351 1145 5408 meritis
1172 5366 1578 5422 praesumamus,
1605 5352 1700 5409 sed

107 5450 167 5502 de
199 5450 288 5504 Dei
324 5451 532 5504 virtute
562 5447 920 5501 conﬁdamus.

175 5541 320 5597 Talia
349 5543 504 5598 enim
543 5549 668 5596 sunt
696 5541 816 5596 sine
841 5541 1107 5596 charitate
1131 5539 1360 5611 jejunia,
1392 5541 1564 5610 qualis
1587 5541 1702 5597 sine

111 5636 224 5690 cleo
256 5639 483 5691 lucerna
497 5675 510 5688 .

179 5732 315 5786 Nihil
344 5732 512 5788 nobis
545 5730 766 5800 prodest
795 5731 937 5802 quod
966 5748 1067 5789 nos
1093 5733 1365 5788 continuis
1394 5733 1587 5802 vigiliis
1628 5734 1706 5788 la-

115 5821 435 5894 boribusque
460 5823 805 5894 conﬁcimus,
839 5825 886 5881 si
915 5825 1055 5881 intra
1094 5841 1194 5883 nos
1232 5827 1550 5883 charitatem
1602 5845 1706 5885 non

119 5912 393 5974 habemus.

1705 1897 1752 1957 Β

1767 617 1983 688 quando
2013 617 2144 671 nihil
2173 615 2386 688 proﬁcit
2414 616 2466 671 in
2493 616 2657 672 corde
2681 625 2794 673 tuo.

1837 710 1896 766 Si
1946 710 2184 766 charitas
2213 727 2340 765 vera
2381 721 2438 767 et
2479 711 2754 766 humilitas
2806 727 2916 766 non
2965 709 3258 777 adfuerint,
3301 713 3368 766 de

1770 803 1889 859 solo
1929 803 2116 860 habitu
2145 802 2418 874 religionis
2459 818 2789 876 praesumere
2833 813 2890 860 et
2934 803 3210 860 conlidere
3260 819 3368 858 non

1773 896 2054 954 debemus.

2444 1007 2697 1048 EPHREI.

1843 1083 2088 1143 Charitas
2117 1083 2370 1141 columna
2397 1092 2454 1142 et
2502 1085 2901 1142 ﬁrmamentum
2928 1081 2986 1139 in
3015 1080 3194 1138 anima
3242 1097 3367 1135 san-

1772 1183 1861 1233 cta
1887 1185 1988 1232 est.

2407 1267 2637 1324 CAPUT
2676 1267 2740 1322 ll.

2368 1362 2451 1418 De
2488 1363 2764 1432 patientia.

2437 1471 2711 1510 οιιιιιετυε.

1845 1551 1996 1608 Beati
2057 1550 2299 1621 paciﬁci,
2373 1548 2630 1619 quoniam
2696 1545 2790 1602 ﬁlii
2862 1545 2960 1602 Dei
3029 1545 3372 1601 vocabuntur

1775 1644 1988 1717 (Manli.
2020 1647 2097 1717 v).

1847 1741 1903 1792 ln
1949 1739 2208 1808 patientia
2265 1744 2444 1795 vestra
2492 1736 2835 1808 possidebitis
2887 1735 3099 1791 animas
3159 1743 3372 1790 vestras

1779 1833 1929 1906 (Luc.
1964 1833 2100 1904 xxi).

2467 1939 2689 1979 PETRUS.

1856 2017 1980 2072 llmc
2001 2024 2084 2072 est
2110 2016 2251 2072 enim
2280 2015 2473 2084 gratia,
2523 2016 2568 2070 si
2608 2021 2830 2084 pr0pter
2857 2011 3247 2070 conscientiam
3278 2009 3374 2064 Dei

1778 2107 2009 2166 sustinet
2037 2108 2156 2176 quis
2205 2107 2468 2172 tristitias,
2505 2106 2714 2176 patiens
2745 2105 2942 2174 injuste
2967 2102 3018 2176 (I
3047 2103 3188 2156 Peir.
3220 2103 3299 2172 ιι).

1851 2201 1980 2268 Qum
2026 2201 2169 2255 enim
2215 2202 2384 2268 gratia
2414 2209 2518 2266 est,
2559 2201 2603 2256 si
2657 2207 2945 2270 peccantes
2973 2206 3027 2254 et
3051 2197 3377 2268 colaphizati

1779 2295 2015 2352 suﬁertis
2047 2295 2236 2367 (lbid.)
2261 2294 2284 2348 ?

1853 2389 1959 2443 Sed
1990 2389 2036 2443 si
2075 2387 2497 2453 benefacientes,
2524 2389 2792 2458 patienter
2820 2386 3119 2453 sustinetis,
3151 2385 3268 2440 haec
3297 2392 3381 2441 est

1783 2481 1954 2550 gratia
1976 2480 2118 2551 apud
2143 2479 2314 2534 Deum
2344 2477 2558 2550 (Ibid.).

2471 2588 2692 2628 PAULUS.

1855 2664 2156 2721 Tril'ilatio
2201 2666 2517 2735 patientiam
2562 2673 2841 2736 operatur,
2893 2666 3156 2736 patientia
3201 2675 3381 2721 autem

1785 2761 2184 2834 probationem,
2215 2761 2464 2832 probatio
2487 2776 2621 2815 vero
2652 2776 2802 2830 spem
2829 2760 3006 2827 (Rom.
3043 2760 3118 2828 v).

1859 2856 1997 2924 Spes
2023 2863 2205 2909 autem
2237 2870 2344 2908 non
2377 2854 2658 2908 confundit
2688 2871 2700 2907 :
2733 2855 2856 2923 quia
2889 2855 3126 2908 charitas
3155 2853 3248 2908 Dei
3281 2852 3383 2907 dif-

1785 2948 1903 3004 fusa
1929 2956 2013 3003 est
2041 2948 2094 3002 in
2121 2946 2373 3003 cordibus
2417 2948 2617 3002 nostris
2667 2963 2763 3018 per
2808 2947 3067 3017 Spiritum
3111 2954 3383 3012 sanctum,

1787 3041 1882 3109 qui
1909 3039 2066 3094 datus
2093 3048 2176 3095 est
2207 3039 2363 3095 nobis
2387 3039 2600 3110 (Ibid.).

1859 3131 1919 3188 Si
1958 3132 2073 3188 tieri
2122 3142 2322 3203 potest,
2373 3133 2518 3202 quod
2566 3133 2616 3188 in
2650 3133 2801 3188 vobis
2843 3142 2946 3198 est,
2981 3148 3104 3188 cum
3135 3131 3384 3188 omnibus

1790 3225 2102 3280 hominibus
2126 3239 2315 3294 pacem
2349 3225 2609 3279 habentes
2641 3225 2819 3295 (Rom.
2847 3226 2964 3294 ιιι).

1862 3318 2127 3374 Patientia
2149 3319 2294 3374 enim
2317 3319 2468 3374 vobis
2494 3320 2820 3382 necessaria,
2848 3327 2905 3372 ut
2928 3316 3263 3372 voluntatem
3292 3315 3386 3371 Dei

1788 3413 2072 3477 facientes,
2104 3413 2394 3481 reportetis
2425 3413 2836 3481 promissionem
2870 3411 3059 3480 (Hebr.
3095 3414 3168 3480 χ).

1861 3502 2057 3561 Pacem
2093 3505 2382 3574 sequimini
2412 3521 2532 3560 cum
2559 3507 2808 3561 omnibus
2853 3515 2908 3561 et
2948 3505 3385 3570 sanctimoniam,

1790 3600 1910 3657 sine
1932 3614 2039 3670 qua
2068 3615 2232 3656 nemo
2253 3598 2457 3654 videbit
2487 3597 2655 3653 Deum
2689 3597 2880 3669 (thr.
2917 3600 3034 3667 xn).

2472 3709 2716 3748 JACOBUS.

1864 3784 2131 3841 Patientia
2157 3794 2338 3840 autem
2369 3801 2507 3856 opus
2557 3786 2854 3854 perfectum
2905 3785 3122 3852 habeat,
3165 3796 3223 3841 ut
3275 3787 3390 3845 sitis

1793 3877 2018 3948 perfecti
2047 3886 2103 3933 et
2129 3877 2342 3946 integri,
2378 3877 2430 3932 in
2461 3877 2609 3933 nullo
2639 3877 2954 3934 deﬁcientes
2980 3878 3185 3949 (Jacob.
3221 3882 3278 3950 ι).

1866 3967 2067 4024 Beatus
2098 3969 2178 4023 vir
2207 3968 2300 4038 qui
2328 3966 2518 4023 sullert
2547 3969 2902 4023 tentationem
2937 3987 2950 4022 :
2982 3971 3237 4038 quoniam
3269 3987 3394 4026 cum

1795 4061 2056 4132 probatus
2080 4059 2262 4126 fuerit,
2289 4060 2520 4131 accipiet
2549 4076 2808 4116 coronam
2833 4062 2972 4128 vitm,
3015 4077 3174 4134 quam
3207 4079 3394 4133 repro-

1799 4153 1944 4210 misit
1963 4152 2105 4209 Deus
2126 4152 2474 4221 diligentibus
2496 4167 2556 4208 se
2587 4151 2801 4224 (Ibid).

2459 4261 2721 4300 ελιοιιοκ.

1869 4340 1972 4408 Qui
2003 4339 2214 4412 patiens
2243 4347 2350 4408 est,
2383 4338 2550 4392 multa
2581 4338 2915 4406 gubernatur
2945 4338 3205 4408 sapientia
3235 4357 3249 4405 ;
3304 4341 3396 4410 qui

1797 4441 1980 4487 autem
2054 4431 2340 4501 impatiens
2417 4436 2536 4496 est,
2611 4429 2818 4484 exaltat
2891 4429 3172 4484 stultitiam
3241 4445 3394 4484 suam

1800 4524 1984 4597 (Prov.
2022 4523 2155 4592 xiv).

1723 4643 1779 4706 D
1873 4614 2062 4670 Melior
2107 4621 2191 4668 est
2237 4612 2447 4683 patiens
2486 4611 2602 4666 viro
2650 4609 2776 4664 forti
2809 4629 2820 4663 :
2855 4620 2909 4665 et
2956 4610 3045 4681 qui
3089 4610 3396 4666 dominatur

1804 4713 1986 4768 animo
2011 4726 2130 4776 suo,
2163 4716 2535 4778 expugnatore
2566 4707 2775 4761 urbium
2808 4707 2990 4777 (Prov.
3023 4708 3101 4776 x).

1873 4803 2126 4860 Doctrina
2156 4801 2255 4859 viri
2287 4815 2383 4870 per
2409 4799 2726 4870 patientiam
2771 4800 3013 4854 noscitur
3042 4797 3224 4868 (Prov.
3257 4801 3391 4868 xix).

1875 4896 2137 4951 Patientia
2181 4893 2413 4948 lenietur
2455 4893 2724 4963 princeps,
2769 4901 2823 4947 et
2847 4892 3026 4962 lingua
3051 4892 3227 4948 mollis
3257 4905 3393 4948 cono

1801 4991 1996 5059 fringct
2021 4987 2272 5042 duritiam
2297 4983 2484 5056 (Prov.
2516 4984 2664 5054 xxv).

1873 5081 2062 5138 Melior
2089 5088 2172 5136 est
2194 5079 2404 5150 patiens
2435 5085 2724 5147 arrogante
2749 5076 2916 5144 (Eccl.
2951 5076 3064 5146 vn).

2353 5206 2359 5210 ~
2423 5185 2766 5225 AUGUSTINUS.

1874 5267 1975 5336 Qui
2021 5281 2150 5336 ergo
2179 5264 2342 5320 fuerit
2367 5262 2660 5334 patientior
2699 5261 2766 5317 ad
2814 5261 3088 5333 injuriam,
3121 5265 3394 5333 potentior

1805 5365 2164 5421 c0nstituetur
2193 5363 2246 5416 in
2275 5375 2462 5430 regno.

1876 5456 2144 5519 Quantum
2169 5452 2377 5522 patiens
2397 5460 2480 5506 εει
2501 5450 2760 5507 Dominus
2786 5461 2971 5507 noster
2996 5452 3048 5507 in
3073 5453 3397 5508 sustinendis

1805 5550 2016 5606 delictis
2057 5547 2274 5610 nostris,
2317 5555 2523 5602 tantum
2553 5560 2775 5601 severus
2822 5546 2925 5602 erit
2965 5547 3019 5602 in
3049 5546 3398 5602 discutiendis

1809 5642 2016 5698 actibus
2048 5639 2266 5695 nostris.

2433 5746 2792 5787 HIERONYIUS.

1884 5830 1940 5887 Si
1973 5838 2152 5884 autem
2183 5827 2515 5884 credentium
2540 5843 2643 5896 pax
2674 5827 2917 5882 Christus
2947 5837 3050 5895 est,
3101 5829 3407 5899 quicunque

1814 5925 1930 5982 sine
1960 5938 2092 5994 pace
2124 5932 2228 5991 est,
2262 5930 2658 5992 consequenter
2681 5937 2780 5978 nec
2811 5920 3084 5979 Christum
3113 5923 3292 5979 habet.
