4194 6614
801 512 903 568 €05

1782 504 2205 563 DEFENSORIS
2243 503 2782 563 LOCOCIAGENSIS
2821 506 3123 565 MONACHI

3968 512 4060 570 σοι

871 625 1023 698 Apud
1050 622 1387 681 Christianos
1432 618 1574 676 enim
1606 632 1715 676 non
1746 617 1839 690 qui
1876 617 2101 689 patitur,
2146 616 2242 674 sed
2285 614 2378 686 qui
2405 616 2457 678 Α
2484 631 2596 672 ram
2626 617 2867 689 possidet
2893 626 3150 675 mentun.
3182 617 3255 677 At
3280 618 3492 678 invidus
3520 619 3576 676 in
3602 620 3963 678 tribulatione
3986 633 4061 680 est

800 717 926 775 iacit
948 715 1351 781 contumeliam,
1380 713 1545 769 miser
1569 719 1672 769 est.

870 812 1100 866 Gravius
1130 817 1213 865 est
1240 807 1506 863 sustinere
1551 818 1715 877 quem
1756 802 1917 870 nolis,
1965 816 2125 874 quam
2167 799 2377 856 deside-

800 917 923 959 rare
951 916 1112 972 quem
1141 899 1338 969 diligis.

872 992 1029 1048 Sicut
1053 990 1120 1046 ad
1143 989 1390 1061 proprias
1411 988 1634 1059 injurias
1660 995 1929 1058 patientes
1948 999 2069 1042 esse
2095 986 2374 1051 debemus,

800 1085 875 1139 ita
902 1086 948 1140 si
978 1085 1212 1153 aliquem
1256 1081 1546 1138 viderimus
1588 1094 1715 1151 erga
1758 1081 1927 1135 Deum
1973 1095 2069 1135 ore
2113 1080 2377 1149 sacrilego

799 1176 1286 1246 blasphemantem,
1312 1173 1388 1228 illi
1409 1180 1599 1228 tenere
1627 1187 1734 1227 non
1755 1170 2015 1225 debemus
2038 1168 2376 1240 patientiam,

798 1267 931 1336 quin
960 1267 1144 1338 potius
1192 1263 1455 1334 sacrilego
1492 1263 1780 1329 resistere,
1813 1268 1869 1319 et
1898 1277 1959 1317 os
2000 1259 2374 1331 blasphemuut

798 1359 1043 1415 veritatis
1072 1357 1425 1430 responsione
1452 1355 1733 1412 damnare.

1431 1464 1735 1505 AIBROSIUS.

872 1545 953 1601 Ad
983 1543 1169 1600 faciem
1196 1542 1462 1614 publicam
1490 1541 1800 1613 patientiam
1834 1540 2060 1610 lingunt,
2090 1547 2146 1595 et
2168 1540 2220 1594 in
2248 1537 2376 1593 ani-

800 1654 890 1695 mo
920 1636 1211 1693 iracundias
1240 1636 1385 1689 virus
1413 1632 1773 1703 abscondunt.

872 1729 953 1784 Ad
980 1727 1283 1784 nocendum
1313 1725 1509 1796 parati,
1540 1740 1662 1780 cum
1702 1724 1933 1780 nocendi
1964 1730 2179 1794 tempus
2216 1724 2377 1777 adve-

798 1824 959 1879 nerit.

871 1914 1065 1969 Tribus
1095 1913 1264 1969 modis
1290 1913 1457 1967 virtus
1485 1910 1758 1983 patientia:
1786 1911 2026 1966 exerceri
2049 1910 2209 1966 solet.

2480 723 2713 781 semper.

2552 801 2673 870 Fili,
2702 803 2748 859 si
2790 805 2944 877 cupis
2966 805 3285 875 patientiam
3311 805 3533 872 habere,
3584 820 3789 861 moneo
3824 805 4060 876 primum

2481 898 2713 967 teipsum
2738 907 2797 954 ut
2820 898 2888 955 ad
2910 898 3160 955 mandata
3190 900 3369 955 divina
3397 902 3604 956 excites
3627 907 3876 955 mentem
3900 910 4057 954 tuam.

2554 990 2632 1045 Ex
2675 991 2995 1047 abundantia
3044 991 3245 1048 laetitias
3288 991 3545 1063 paciﬁcus
3575 991 3745 1046 homo
3792 990 4063 1061 dignosci-

2479 1090 2588 1149 tur,
2622 1091 2677 1139 et
2706 1098 2772 1141 ex
2799 1085 2950 1140 vultu
2978 1082 3218 1141 marcido
3240 1090 3295 1139 et
3323 1083 3505 1145 furore
3533 1082 3699 1156 pleno
3728 1082 3949 1139 invidus
3975 1081 4062 1137 de-

2481 1183 2718 1231 monstra
2727 1184 2833 1231 tur.

2550 1266 2645 1322 Vir
2671 1265 2933 1338 benignus
2958 1266 3168 1324 etiamsi
3192 1266 3434 1339 patiatur
3458 1261 3739 1335 injuriam,
3766 1279 3873 1336 pro
3896 1264 4063 1320 nihilo

2478 1359 2643 1416 ducit.

2552 1451 2767 1521 Iniquus
2797 1458 2977 1507 autem
3003 1452 3167 1507 etiam
3209 1465 3439 1522 parvum
3487 1452 3718 1507 verbum
3764 1448 4001 1505 audiens
4034 1466 4063 1504 a

2479 1544 2752 1614 proximo,
2781 1543 3164 1600 contumeliam
3194 1544 3502 1599 arbitratur.

2551 1634 2652 1700 Qui
2681 1634 2822 1688 enim
2853 1635 3194 1705 amplectitur
3221 1649 3409 1705 pacem
3440 1635 3494 1690 in
3521 1635 3719 1691 mentis
3742 1649 3858 1689 sua:
3886 1632 4067 1703 hospi-

2480 1728 2579 1795 tio,
2608 1727 2940 1782 mansionem
2974 1737 3240 1799 pmparat
3261 1728 3513 1796 Christo;
3541 1730 3668 1798 quia
3690 1728 3943 1784 Christus
3967 1742 4065 1797 pax

2480 1828 2582 1885 est,
2617 1828 2669 1873 et
2699 1819 2750 1874 in
2781 1834 2913 1889 pace
2933 1822 3213 1876 consuevit
3242 1822 3603 1891 requiescere.

2552 1911 2608 1964 Si
2636 1910 2756 1980 quis
2792 1910 2887 1965 tibi
2928 1911 3168 1966 intulerit
3198 1913 3355 1978 mala,
3405 1928 3472 1969 ne
3499 1914 3785 1980 irascaris;
3818 1913 3917 1970 srd
3949 1912 4071 1968 dole

871 2006 1171 2075 Aliquando
1199 2006 1341 2059 enim
1383 2014 1508 2058 sunt
1534 2018 1653 2072 qua:
1695 2018 1724 2056 a
1758 2004 1887 2064 Deo,
1925 2002 2214 2072 aliquando
2256 2017 2374 2073 qua:
2408 1991 2454 2054 Β
2482 2004 2662 2075 potius
2688 2019 2788 2075 pro
2817 2018 2904 2069 eo,
2932 2004 3055 2074 quia
3085 2004 3224 2059 Deus
3256 2003 3331 2058 illi
3363 2006 3630 2060 irascitur.

799 2098 869 2153 ab
917 2098 1139 2166 antiquo
1185 2096 1511 2161 adversario,
1565 2094 1855 2165 aliquando
1897 2109 2016 2164 quc
2062 2111 2091 2147 a
2126 2095 2374 2163 proximo

800 2189 1154 2244 sustinemus.
1404 2218 1428 2243 η.

871 2280 913 2335 Α
942 2281 1188 2352 proximo
1217 2293 1447 2352 namque
1468 2286 1894 2350 persecutiones,
1940 2276 2134 2331 damna
2166 2286 2220 2332 et
2242 2292 2372 2332 con-

801 2375 1073 2432 tumelias.

872 2470 953 2524 Ab
977 2470 1196 2538 antiquo
1241 2466 1550 2522 adversario
1578 2472 1928 2528 tentamcnta,
1978 2478 2008 2517 a
2050 2463 2164 2519 Deo
2194 2471 2373 2518 autem

800 2558 1009 2628 ﬂagella
1040 2559 1353 2613 toleramus.

1431 2665 1737 2707 CRIGORIUS.

871 2746 952 2799 Ad
980 2747 1127 2816 pacis
1152 2746 1350 2800 donum
1380 2759 1719 2813 nequaquam
1764 2743 2045 2813 pervenire
2078 2752 2254 2814 potest
2283 2757 2375 2814 qut

802 2855 989 2910 pacem
1016 2836 1227 2894 Domini
1256 2836 1535 2892 discordiae
1565 2835 1746 2891 furore
1776 2835 1994 2904 rumpit.

870 2931 1133 2988 Patientia
1155 2946 1280 2985 vera
1304 2938 1386 2985 est
1416 2929 1592 2984 aliena
1623 2928 1762 2982 mala
1792 2927 2121 2983 unanimiter
2145 2926 2375 2997 perpeti,

799 3035 855 3083 et
883 3034 1072 3081 contra
1101 3039 1222 3079 eunt
1251 3022 1342 3093 qui
1372 3022 1514 3078 mala
1558 3022 1762 3093 irrogat
1811 3020 1956 3074 nullo
2000 3019 2188 3074 dolore
2226 3035 2374 3074 mor-

799 3116 936 3171 deti.

868 3209 998 3264 Sine
1026 3209 1170 3262 ferro
1200 3213 1467 3277 martyres
1490 3220 1609 3259 esse
1639 3218 1950 3274 possumus,
1984 3217 2032 3258 si
2062 3202 2374 3273 patientiam

799 3301 1040 3358 veritatis
1073 3302 1121 3355 in
1153 3301 1331 3354 animo
1357 3314 1653 3355 servamus.

870 3394 1042 3449 Tanto
1092 3408 1220 3461 ergo
1273 3392 1500 3464 quisque
1558 3392 1734 3445 minus
1783 3389 2086 3445 ostenditur
2138 3354 2451 3459 doctus,c

799 3497 1002 3559 quanto
1033 3488 1210 3542 minus
1239 3486 1578 3541 convincitur
1606 3485 1840 3554 patiens.

877 3581 1057 3649 Igitur,
1084 3597 1210 3635 cum
1253 3577 1507 3647 patientia
1539 3576 1881 3644 relinquitur,
1914 3574 2074 3629 etiarn
2114 3572 2255 3627 bona
2288 3588 2375 3628 re-

800 3676 940 3746 liqua
975 3691 1092 3744 quzc
1117 3676 1225 3744 jam
1257 3682 1403 3741 gesta
1432 3681 1577 3737 sunt,
1599 3672 1968 3727 destruunlur.

875 3768 1134 3822 Patientia
1165 3768 1307 3821 enim
1341 3781 1467 3820 vera
1496 3774 1578 3820 est
1608 3780 1725 3834 qua:
1753 3771 1807 3818 et
1838 3763 2010 3833 ipsum
2043 3772 2188 3816 amat
2217 3777 2377 3832 quem

800 3866 1002 3930 portat.

873 3951 989 4005 Non
1024 3950 1255 4005 tolerare
1284 3958 1338 4004 et
1365 3948 1562 4013 odisse,
1604 3962 1714 4002 non
1751 3955 1835 4001 est
1863 3946 2034 4001 virtus
2071 3954 2379 4001 mansuetuo

799 4044 958 4110 diuis,
991 4042 1085 4098 sed
1114 4041 1359 4096 velamen
1389 4041 1605 4095 furoris.

870 4134 1002 4190 Cum
1032 4134 1283 4187 resistere
1326 4146 1611 4203 possumus
1641 4131 1731 4184 irre
1762 4130 2191 4201 superbientium
2221 4168 2234 4193 ,
2276 4129 2376 4183 liu-

801 4225 1004 4281 militcr
1034 4224 1385 4278 declinemus.

873 4316 1172 4371 Gloriosius
1201 4324 1283 4368 est
1326 4314 1573 4380 injuriam
1606 4312 1833 4366 tacendo
1866 4311 2069 4379 fugere,
2101 4328 2259 4382 quam
2289 4328 2379 4366 su-

801 4421 997 4477 perare
1024 4406 1421 4474 respondendo.

873 4498 1149 4566 Supernus
1188 4495 1386 4549 arbiter
1434 4502 1637 4556 noster,
1670 4494 1769 4548 etsi
1817 4508 2027 4563 ponuns
2069 4493 2380 4549 considerat

804 4589 858 4644 in
886 4587 1258 4653 retributione,
1288 4594 1467 4640 tamen
1498 4586 1639 4639 vires
1670 4594 1859 4655 pensat
1889 4586 1940 4639 iu
1975 4586 2232 4655 pondere.

876 4679 1143 4745 Quantum
1176 4679 1295 4733 Lcta
1337 4693 1487 4731 mens
1525 4676 1684 4731 fuerit
1730 4693 1824 4747 per
1865 4693 2126 4744 amorem,
2168 4687 2379 4735 tantum

804 4768 908 4823 erit
943 4776 998 4822 et
1026 4768 1233 4836 patiens
1262 4783 1358 4837 per
1386 4768 1864 4836 longanimitatem.

877 4859 1105 4914 Tantum
1126 4861 1350 4931 quisque
1375 4868 1553 4930 portat
1575 4862 1899 4929 proximum,
1924 4871 2182 4931 quantum
2211 4873 2377 4919 amat:

805 4950 850 5005 si
881 4950 1023 5004 enim
1064 4965 1233 5016 amas,
1267 4958 1485 5020 portas;
1516 4950 1561 5005 si
1591 4951 1805 5005 desistis
1844 4966 2049 5015 amare,
2085 4953 2297 5008 desistis
2327 4964 2381 5009 et

809 5042 1063 5097 tolerare.
1867 5088 1871 5093 .

879 5135 1045 5200 Quem
1074 5133 1249 5187 minus
1281 5132 1568 5202 diligimus,
1602 5134 1778 5189 minus
1807 5133 1970 5188 etiam
2000 5135 2318 5191 toleramus.

1468 5236 1717 5278 lASlLlUS.

880 5310 1136 5365 i’acilicus
1162 5311 1324 5365 homo
1352 5311 1681 5365 consortium
1711 5312 2023 5380 angelorum
2049 5316 2376 5384 merebitur;

811 5401 1021 5456 invidus
1047 5408 1223 5456 autem
1255 5402 1522 5470 particeps
1550 5402 1935 5459 daemoniorum
1967 5405 2251 5461 efﬁcietur.

884 5493 981 5557 Qui
1013 5494 1276 5560 patienter
1306 5493 1391 5546 hic
1424 5492 1618 5549 tolerat
1648 5495 1806 5559 mala,
1834 5496 1886 5549 in
1933 5494 2111 5552 futuro
2156 5498 2380 5567 gloriam

815 5583 1127 5638 merebitur.

887 5675 994 5727 Pax
1021 5672 1164 5727 enim
1192 5669 1389 5741 eﬂugat
1418 5673 1733 5740 discordias,
1772 5676 1970 5732 invidia
2007 5685 2185 5733 autem
2218 5696 2382 5751 copu-

818 5763 893 5817 lat
922 5780 1033 5818 eas.

888 5860 1036 5914 SEcut
1067 5876 1168 5928 pax
1197 5866 1403 5913 secreta
1430 5860 1622 5914 mentis
1648 5859 1935 5926 illuminat,
1968 5861 2036 5915 ita
2066 5862 2259 5916 invidia
2291 5880 2384 5918 oc-

818 5949 960 6004 culta
989 5949 1161 6004 cordis
1202 5950 1440 6005 obcatcat
1471 5968 1481 6002 :
1516 5950 1675 6004 homo
1712 5960 1892 6005 autem
1931 5950 2193 6020 paciﬁcus
2230 5970 2386 6008 secu-

2406 4723 2460 4785 D

3142 2111 3396 2151 ISIDUBUS.

2551 2186 2665 2242 Non
2696 2197 2872 2243 autem
2906 2197 3083 2258 potest
3127 2202 3247 2243 esse
3290 2188 3344 2243 in
3391 2202 3524 2259 pace
3570 2190 3663 2259 qui
3712 2205 3754 2258 ες
3778 2205 3865 2244 em
3918 2205 4067 2244 suam

2480 2282 2633 2350 ponit
2656 2282 2709 2338 in
2741 2282 2980 2337 homine.

2548 2371 2649 2437 Qtti
2680 2374 2799 2426 vita:
2827 2371 3015 2427 futura:
3038 2358 3322 2441 diligenter
3344 2374 3617 2443 excogimt
3645 2377 3894 2444 praemia,
3929 2377 4068 2429 ma’a

2477 2466 2657 2520 omnia
2691 2467 2812 2522 vitae
2843 2467 3121 2537 praesentis
3152 2466 3525 2537 aequanimiter
3549 2476 3752 2536 portat.

2549 2558 2779 2614 Gravius
2845 2570 3127 2632 torquetur
3181 2563 3416 2632 impius,
3465 2561 3648 2614 mundi
3705 2562 4071 2631 excogitando

2477 2658 2758 2713 commoda
2794 2697 2810 2723 ,
2841 2673 3000 2728 quam
3027 2660 3204 2728 justus
3235 2658 3515 2714 tolerando
3545 2657 3793 2712 adversa.

2548 2750 2650 2815 Qui
2680 2749 2822 2803 enim
2866 2749 3006 2804 bona
3038 2748 3221 2804 mundi
3251 2748 3442 2819 diligit,
3473 2747 3603 2803 velit
3641 2748 3801 2811 nolit,
3850 2748 4064 2803 timoris

2479 2857 2652 2913 poenae
2681 2843 3003 2897 succumbit.

2554 2931 2829 2988 Patienter
2858 2934 2925 2988 ab
2953 2948 3062 2989 uno
3088 2934 3367 2990 ferendum
3393 2940 3498 3000 est,
3527 2933 3672 3003 quod
3703 2933 3894 2987 multis
3924 2936 4069 2988 acci-

2479 3024 2557 3078 dit
2585 3026 2884 3079 tolerabile.

2552 3116 2715 3173 Poeua
2745 3118 2904 3187 hujus
2950 3118 3131 3174 mundi
3160 3118 3339 3174 brevis
3382 3125 3466 3175 est
3498 3136 3511 3173 :
3544 3126 3601 3174 et
3641 3118 3736 3187 qui
3764 3117 3985 3189 afﬂigit,
4015 3126 4069 3174 et

2478 3209 2567 3277 qui
2597 3208 2868 3276 aﬁligitur,
2896 3209 3139 3264 mortalis
3169 3222 3270 3264 est.

2552 3297 2811 3353 Malorum
2843 3299 3166 3370 perversitas
3196 3313 3302 3354 non
3339 3306 3396 3354 te
3434 3299 3649 3365 occidit,
3685 3300 3782 3355 sed
3826 3300 4033 3355 erudit.

2556 3390 2763 3446 llabcto
2793 3391 3107 3460 patientiam
3136 3391 3189 3445 in
3216 3389 3455 3446 adversis
3488 3407 3502 3444 :
3535 3399 3590 3445 et
3616 3392 3925 3462 promptior
3951 3402 4071 3446 esto

2481 3483 2547 3538 ad
2577 3483 2935 3553 suscipienda,
2968 3498 3127 3553 quam
3154 3482 3220 3538 ad
3248 3482 3469 3539 ferenda
3497 3485 3744 3539 molesta.

2550 3576 2920 3631 Contumelias
2944 3577 3340 3631 detrahentium
3372 3577 3629 3647 patientia
3654 3586 3903 3645 superat.

2549 3668 2781 3737 Sagittas
2805 3668 3147 3722 contumelia:
3171 3668 3440 3737 patientia:
3469 3667 3688 3739 clypeus
3711 3666 3942 3737 frangit.

2551 3761 2750 3815 Contra
2781 3761 2972 3829 linguae
3000 3760 3254 3829 gladium,
3285 3762 3556 3831 patientia:
3583 3762 3760 3832 pnnhe
3786 3773 4031 3819 scutum.

2552 3852 2738 3920 Magna
2769 3860 2851 3906 est
2877 3853 3067 3918 virtus,
3098 3852 3139 3906 si
3172 3868 3277 3907 non
3310 3852 3471 3906 laedas
3497 3868 3525 3906 a
3555 3868 3662 3922 quo
3692 3854 3851 3909 ItCSllS
3876 3870 3965 3910 es.

2552 3941 2721 4010 Major
2748 3943 2940 4009 virtus,
2970 3943 3014 3997 si
3045 3943 3206 3997 etiam
3245 3944 3402 3998 laesus
3432 3945 3698 3998 remittas.

2553 4033 2781 4106 Maxima
2812 4043 2991 4089 autem
3039 4035 3207 4089 virtus
3244 4034 3448 4104 gloriae,
3475 4034 3543 4101 si,
3574 4034 3663 4090 cui
3693 4036 3926 4106 potuisti
3970 4054 4069 4093 no-

2483 4142 2631 4194 cere,
2663 4142 2875 4195 parcas.

3118 4231 3420 4272 CYPRIAKUS.

2556 4308 2816 4363 Paciﬁcas
2858 4308 2999 4362 enim
3050 4315 3106 4363 et
3149 4307 3449 4364 concordes
3483 4306 3622 4363 Deus
3651 4307 3706 4362 in
3754 4308 3928 4364 domo
3979 4328 4069 4369 sua

2482 4402 2724 4457 habitare
2751 4403 3026 4471 praecepit.

2556 4491 2621 4547 Ut
2647 4494 2736 4563 qui
2769 4493 2861 4547 lilii
2889 4493 2981 4549 Dei
3011 4508 3131 4549 esse
3160 4492 3444 4563 capimus,
3476 4492 3529 4547 in
3560 4490 3654 4547 Dei
3683 4507 3823 4562 pace
3844 4510 4069 4550 manea-

2484 4601 2642 4639 mus:
2676 4595 2731 4640 et
2769 4587 2963 4656 quibus
2992 4586 3213 4655 spiritus
3262 4600 3399 4640 unus
3428 4592 3530 4649 est,
3570 4600 3709 4639 unus
3749 4586 3823 4639 sit
3854 4588 4072 4643 animus

2487 4688 2543 4734 ει
2569 4694 2778 4734 sensus.

2559 4770 2889 4827 Sacriﬁcium
2935 4770 3047 4827 Deo
3079 4768 3253 4840 majus
3296 4778 3379 4825 est
3425 4784 3529 4840 pax
3558 4783 3684 4823 vera
3727 4776 3785 4822 et
3826 4770 4070 4825 fraterna

2488 4863 2795 4920 concordia.

2559 4954 2659 5021 Qui
2691 4968 2876 5023 pacem
2922 4952 3119 5007 Christi
3156 4960 3213 5007 et
3239 4950 3585 5009 concordiam
3618 4950 3841 5021 rumpit,
3878 4952 4075 5008 adver-

2486 5065 2577 5103 sus
2607 5046 2874 5101 Christum
2915 5045 3060 5108 facit,
3090 5045 3181 5113 qui
3224 5044 3359 5098 dixit
3386 5060 3399 5096 :
3433 5041 3627 5098 Pacem
3656 5057 3835 5096 meam
3861 5043 3940 5098 do
3981 5062 4077 5097 vo-

2487 5140 2587 5205 bis,
2621 5154 2806 5207 pacem
2837 5152 3012 5192 meam
3043 5138 3291 5203 relinquo
3329 5133 3505 5190 vobis.

2561 5230 2751 5282 l’acem
2783 5228 2978 5296 quippe
3008 5240 3248 5294 quaerere
3276 5224 3436 5279 debet
3471 5222 3612 5278 ﬁlius
3641 5224 3814 5292 pacis.

2557 5319 2740 5387 Neque
2771 5318 2910 5370 enim
2940 5322 3119 5386 potest
3145 5315 3267 5385 quis
3295 5312 3543 5382 accipere
3572 5312 3826 5367 dolorum
3857 5321 3919 5367 et
3958 5331 4067 5383 pas.

2488 5410 2699 5463 sionum
2730 5423 3009 5472 coronam,
3044 5406 3143 5461 nisi
3177 5404 3511 5475 prtecesserit
3541 5405 3592 5458 in
3623 5402 3814 5458 dolore
3849 5415 3911 5459 et
3957 5423 4070 5475 pas-

2487 5501 2640 5555 sione
2669 5500 2950 5569 patientia.

2561 5591 2744 5658 Neque
2789 5590 2932 5643 enim
2975 5596 3154 5658 potest
3200 5587 3468 5642 veraciter
3513 5588 3648 5642 bona
3675 5587 3933 5643 docendo
3974 5590 4071 5643 im-

2487 5682 2746 5752 pendere,
2783 5683 2825 5735 si
2856 5681 3083 5735 vivendo
3114 5681 3282 5734 nescit
3310 5678 3684 5747 aequanimiter
3711 5678 3891 5733 aliena
3936 5683 4073 5738 male

2488 5775 2740 5828 tolerare.

2557 5864 2807 5935 Quisquis
2855 5864 2990 5920 lenis
3029 5872 3085 5920 et
3130 5863 3274 5918 mitis
3322 5869 3435 5928 est,
3487 5862 3580 5918 Dei
3628 5860 3796 5932 patris
3826 5860 4069 5919 imitatot

2484 5970 2587 6015 est.
