4194 6546
170 402 262 459 605
1371 408 1886 468 SCIN'HLLARUII
1926 410 2155 467 Lmen.

699 538 768 577 EX
803 538 941 578 ητις
981 538 1216 578 ιδλτιιυιι.

233 611 444 671 Patiens
472 613 639 672 homo
676 614 882 672 rivulus
906 615 1025 672 fons
1061 628 1164 684 est,
1203 618 1453 676 omnibus
1480 619 1751 676 exhibens

168 706 535 764 delectabilem
565 716 779 780 potum.

813 818 1091 862 JOSEPBUS.

236 899 320 953 \lir
348 898 493 954 enim
525 898 738 969 patiens
769 908 853 954 est
896 901 987 969 qui
1027 900 1313 973 praesentia
1345 915 1453 956 nou
1488 902 1669 969 timet,
1699 909 1753 958 ct

166 991 334 1047 futura
367 991 594 1062 c0gitat,
625 998 680 1045 et
706 991 879 1048 nescit
906 993 1179 1063 trepidare
1208 994 1297 1049 ubi
1328 1006 1411 1049 est
1434 994 1619 1050 timor.

775 1102 1007 1159 CAPUT
1046 1104 1132 1161 Ill.

527 1194 606 1251 De
635 1196 908 1254 dilectione
933 1197 1027 1253 Dei
1056 1210 1105 1253 et
1133 1202 1383 1271 proximi.

816 1305 1091 1347 CHRISTUS.

230 1380 325 1450 Qui
351 1380 529 1453 diligit
556 1396 665 1450 me,
710 1383 1025 1439 mandatum
1071 1399 1247 1440 meum
1296 1385 1537 1442 servabit
1565 1386 1747 1457 (Joan.

167 1475 292 1545 xlv).

231 1569 284 1625 Si
314 1570 539 1640 diligitis
565 1584 674 1637 me,
708 1569 964 1625 mandata
991 1586 1110 1625 mea
1142 1580 1357 1627 servate
1381 1571 1593 1642 (Ibid.).

230 1665 283 1719 Si
316 1665 629 1720 manserilis
660 1664 713 1718 in
748 1678 857 1729 me,
887 1672 943 1718 et
988 1664 1150 1719 verba
1182 1679 1303 1720 mea
1335 1665 1389 1718 in
1418 1666 1573 1719 vobis
1602 1680 1756 1719 man-

168 1759 327 1813 seriut
355 1776 367 1811 :
400 1757 766 1827 quodcunque
797 1758 1099 1826 volueritis,
1134 1759 1351 1827 petetis,
1383 1766 1439 1812 et
1470 1756 1561 1813 fiet
1603 1758 1756 1813 vobis

166 1850 335 1917 (1mm.
375 1849 485 1920 xv).

3341 424 3447 481 606

1773 530 1832 589 Α
1928 526 2098 597 Dilige
2125 529 2455 599 proximum,
2489 540 2546 589 et
2566 533 2899 608 conjungere
2926 534 3030 593 fide
3060 551 3182 593 cum
3212 539 3302 597 illo
3328 540 3453 615 (Ec-

1857 622 1980 677 cies.
2015 624 2204 694 xxvn).

1929 713 2080 770 Sicut
2108 717 2199 787 qui
2230 716 2451 775 dimittit
2480 736 2635 779 avem
2664 723 2733 779 de
2774 739 2937 781 manu
2972 744 3089 788 sua.
3122 728 3200 787 sic
3222 729 3317 802 qui
3351 730 3450 788 de-

1858 808 2118 877 reliquisti
2149 812 2456 881 proximum
2476 824 2624 871 tuum
2657 817 2871 892 (Ibid).

1931 900 2081 957 Oculi
2115 903 2326 960 Domini
2359 906 2413 961 in
2443 908 2729 980 diligentes
2758 928 2818 969 se
2848 912 3076 987 (Eccles.
3110 920 3313 987 xxxtv).

2486 1021 2811 1066 AUGUSTINUS
2828 1051 2840 1063 .

1935 1088 2055 1143 Vita
2097 1101 2280 1148 nostra
2330 1095 2552 1152 dilectio
2582 1107 2666 1155 est
2698 1117 2712 1154 :
2746 1101 2791 1156 si
2843 1103 2949 1160 vita
3002 1115 3186 1162 nostra
3236 1107 3455 1170 dilectio

1861 1177 1965 1247 est,
1993 1198 2140 1239 mors
2167 1186 2353 1242 odium
2386 1199 2488 1245 est.

1934 1275 2214 1333 ltomincm
2242 1282 2386 1336 enim
2416 1285 2590 1342 vincis
2611 1287 2847 1347 humana
2870 1290 3146 1361 felicitate,
3175 1298 3450 1357 diabolum

1860 1365 2031 1424 vincis
2062 1368 2263 1427 inimici
2292 1372 2606 1434 dilectione.

1936 1460 2250 1517 Enutriatur
2291 1464 2344 1520 in
2390 1474 2442 1522 te
2487 1468 2727 1537 dilectio.
2756 1488 2874 1544 quae
2928 1479 3043 1535 sola
3090 1481 3238 1538 ducit
3280 1484 3345 1539 ad
3376 1486 3454 1541 vi-

1864 1560 1995 1607 tam.

1932 1647 2050 1703 Non
2082 1658 2261 1706 autem
2295 1655 2548 1718 carnalis.
2592 1659 2687 1715 sed
2726 1661 3022 1729 Spiritualis
3054 1667 3196 1724 inter
3224 1686 3322 1727 vos
3352 1672 3449 1729 de-

1861 1736 1953 1793 bet
1982 1755 2100 1794 esse
2129 1742 2368 1802 dilectio.

1934 1830 2074 1885 Nihil
2106 1835 2395 1903 pretiosius
2429 1837 2539 1893 Deo
2570 1841 2770 1898 virtute
2800 1844 3130 1904 dilectionis.

230 1943 283 1995 In
313 1946 418 1996 huc
449 1948 784 2010 cognoscent
813 1956 1004 1997 omnes
1032 1945 1155 2013 quia
1187 1946 1290 1999 mei
1321 1945 1567 2014 (“sciqu
1599 1946 1751 2013 esus,
1786 1900 1838 1966 Β
1934 1924 2072 1978 Nihil
2105 1926 2517 1987 desiderabilius
2546 1944 2631 1988 est
2657 1935 2877 1993 diabolo
2921 1943 3284 1999 cxstinctione
3314 1947 3456 2002 cha-

162 2038 204 2093 si
232 2037 574 2091 dilectionem
605 2034 907 2091 habueritis
953 2036 1257 2092 adinvicem
1292 2038 1473 2108 (Joan.
1510 2042 1646 2107 xm).

234 2128 285 2180 In
321 2126 680 2180 fraternitatis
711 2141 898 2181 amore
930 2127 1184 2197 simplici,
1217 2144 1283 2184 ex
1310 2131 1475 2185 corde
1520 2132 1753 2185 invicem

162 2220 358 2288 diligite
387 2219 651 2273 attentius
678 2219 725 2289 (Ι
766 2218 911 2273 Petr.
952 2221 1014 2290 I).

840 2329 1061 2369 PAULUS.

230 2406 456 2463 Dilectio
484 2407 719 2477 proximi
750 2408 950 2462 malum
977 2426 1084 2463 non
1114 2417 1371 2479 operatur
1400 2408 1580 2478 (fiam.
1615 2410 1714 2480 ιιι).

232 2502 514 2557 l’leuitudo
546 2517 677 2570 ergo
708 2502 839 2571 legis
871 2511 953 2557 est
981 2503 1201 2558 dilectio
1226 2502 1418 2575 (lbid.)

233 2596 521 2650 Ambulate
567 2596 620 2649 in
666 2594 980 2663 dilectione,
1012 2597 1152 2651 sicut
1193 2605 1248 2652 et
1280 2596 1529 2652 Christus
1567 2598 1756 2652 dilexit

162 2704 275 2753 nos,
309 2698 363 2742 ct
394 2688 615 2741 tradidit
640 2688 993 2756 semetipsum
1026 2705 1123 2758 pro
1155 2689 1309 2744 nobis
1336 2690 1669 2745 oblationem
1700 2698 1755 2744 et

159 2781 386 2835 bestiam
426 2782 561 2845 Deo,
594 2779 647 2834 in
672 2780 900 2836 odorem
930 2782 1214 2838 suavitatis
1244 2782 1462 2854 (Ephes.
1499 2788 1577 2845 ν).

231 2873 589 2941 Diligentihus
632 2871 802 2925 Deum
851 2873 1031 2927 omnia
1062 2883 1429 2944 c0operantur
1457 2878 1507 2928 iu
1549 2875 1748 2928 bonum

159 2964 334 3036 (llam.
375 2968 514 3035 vm).

226 3056 382 3122 Quod
416 3056 607 3111 oculus
638 3071 745 3110 nan
768 3054 920 3122 vidit,
950 3071 1052 3111 nec
1080 3058 1226 3114 auris
1248 3059 1475 3124 audivit,
1503 3067 1557 3113 et
1583 3059 1633 3112 in
1659 3073 1753 3112 cor

160 3153 397 3209 hominis
430 3168 535 3207 nou
582 3154 968 3221 ascenderunt,
999 3168 1119 3223 qua:
1146 3154 1469 3223 praeparavit
1501 3153 1642 3210 Deus
1689 3154 1753 3209 iis

156 3250 241 3318 qui
273 3249 507 3320 diligunt
532 3247 680 3301 illum
710 3248 760 3318 (I
796 3248 913 3302 (ζον.
947 3247 1031 3316 ιι).

827 3358 1078 3398 JOANNES.

226 3436 326 3502 Qui
381 3435 561 3504 diligit
607 3435 827 3490 fratrem
895 3452 1076 3499 suum,
1128 3435 1180 3489 in
1231 3434 1432 3489 lumine
1462 3444 1667 3500 manet,
1701 3444 1754 3490 et

156 3529 476 3585 scandalum
504 3530 557 3583 in
590 3544 655 3584 eo
685 3544 793 3583 non
820 3536 901 3583 est
933 3528 987 3599 (ι
1015 3527 1178 3586 Joan.
1207 3538 1281 3582 u‘.

223 3619 322 3686 Qui
354 3631 541 3674 autent
573 3620 686 3674 odit
716 3619 939 3675 fratrem
966 3637 1145 3683 suum,
1180 3621 1231 3675 in
1266 3621 1506 3675 tenebris
1536 3630 1618 3675 est
1653 3640 1663 3675 :
1698 3629 1755 3675 et

158 3712 207 3766 in
239 3711 482 3766 tenebris
515 3711 775 3774 ambulat,
810 3720 864 3767 et
893 3712 1063 3767 nescit
1087 3727 1195 3781 quo
1224 3721 1311 3766 eat
1340 3731 1351 3764 :
1385 3713 1640 3783 quoniam
1676 3724 1754 3769 te-

158 3805 337 3859 uebra:
363 3807 785 3860 obcmcaverun.
808 3803 995 3858 oculos
1022 3803 1139 3873 ejus
1172 3803 1383 3875 (Ibid).

228 3898 336 3953 Nos
365 3913 500 3968 ergo
532 3896 817 3965 diligamus
840 3896 1031 3963 Deum,
1054 3898 1310 3966 quoniam
1337 3899 1479 3953 Deus
1506 3900 1652 3969 prior
1674 3899 1755 3952 di-

160 3984 288 4039 lexit
313 3999 413 4039 nos
439 3982 492 4053 (I
524 3980 683 4036 Joan.
719 3982 813 4053 tv).

226 4077 281 4131 Si
310 4077 436 4147 quis
480 4075 684 4130 dixerit
721 4075 977 4145 quoniam
1024 4077 1192 4148 diligo
1222 4080 1412 4145 Deum,
1446 4088 1501 4135 et
1534 4080 1752 4136 fratrem

156 4185 306 4227 suum
336 4170 541 4234 oderit,
573 4169 807 4225 mendax
833 4180 916 4226 est
942 4170 1158 4242 (Ibid.).

227 4262 342 4318 Hoc
392 4261 711 4318 mandatum
760 4264 1025 4319 habemus
1072 4281 1099 4318 a
1144 4266 1293 4332 Deo,
1345 4274 1402 4319 ut
1450 4283 1540 4337 qur
1585 4267 1756 4336 diligit

160 4356 349 4427 Deum,
380 4356 576 4426 diligat
600 4367 654 4411 et
680 4355 899 4412 fratrem
927 4373 1083 4413 suum
1111 4357 1325 4430 (ΗΜΛ).

227 4449 328 4517 Qui
376 4460 565 4504 autem
610 4464 716 4504 non
757 4448 932 4517 diligit
962 4451 1181 4506 fratrem
1212 4466 1365 4505 suum
1395 4466 1556 4520 quem
1586 4451 1751 4514 videt,

158 4542 319 4599 Deum
379 4558 547 4616 quem
595 4558 705 4599 non
756 4543 922 4609 videt,
981 4543 1257 4611 quomodo
1303 4553 1484 4614 potest
1531 4543 1754 4613 diligere

158 4635 342 4708 (lbid.)
366 4637 391 4691 ι

759 4721 911 4762 18808
947 4722 1154 4763 SIRACI.

224 4801 379 4859 Omni
416 4810 668 4872 tempore
712 4801 887 4871 diligit
926 4802 1018 4873 qui
1047 4802 1257 4858 amicus
1289 4810 1391 4869 est,
1422 4808 1479 4858 et
1506 4799 1672 4858 frater
1699 4802 1754 4858 in

160 4900 423 4968 angustiis
455 4897 851 4968 comprobatur
877 4895 1060 4969 (Prov.
1098 4901 1253 4967 xm).

224 4993 322 5059 Qui
349 4991 536 5060 diligit
565 4988 758 5057 Deum,
791 4990 1043 5045 exorabit
1072 5004 1171 5059 pro
1202 4989 1467 5059 peccatis,
1497 4999 1554 5045 et
1580 4990 1755 5046 conti-

156 5085 301 5138 nebit
329 5099 391 5139 se
419 5082 496 5138 ab
528 5081 655 5149 illis,
703 5088 760 5136 et
803 5080 859 5136 in
904 5081 1151 5137 oratione
1198 5080 1406 5136 dierum
1438 5080 1755 5136 exaudietur

157 5172 381 5235 (Eccles.
415 5171 524 5243 tn).

226 5263 397 5331 Dilige
434 5276 563 5318 eum
595 5261 691 5332 qui
718 5260 845 5315 fecit
872 5269 946 5328 te,
982 5269 1036 5315 et
1065 5261 1344 5319 ministros
1372 5264 1487 5332 ejus
1518 5280 1624 5319 non
1653 5263 1751 5321 dc-

158 5356 429 5427 rclinquas
461 5354 697 5426 (Beata.
726 5359 848 5423 vlt).

224 5447 394 5516 Dilige
420 5447 621 5506 Deum.
653 5454 709 5501 et
735 5445 926 5501 invoca
959 5459 1081 5500 eum
1109 5445 1163 5500 in
1192 5444 1368 5502 salute
1399 5457 1484 5500 tua
1516 5446 1745 5519 (Eccles.

161 5551 289 5601 xuii.

225 5628 396 5685 Omne
436 5627 641 5684 animal
671 5626 845 5697 diligit
872 5627 1049 5683 simile
1079 5627 1204 5697 sibi,
1232 5628 1310 5684 sic
1338 5637 1396 5685 et
1439 5629 1617 5686 omnis
1656 5630 1754 5685 ho-

162 5736 243 5775 mo
272 5723 586 5791 proximum
620 5718 723 5775 sibi
753 5718 967 5789 (lbid.).

227 5814 412 5872 Omnis
442 5831 574 5872 caro
604 5814 673 5869 ad
703 5815 935 5871 similem
977 5816 1081 5871 sibi
1124 5816 1505 5890 conjungetur,
1539 5829 1594 5876 et
1636 5836 1751 5877 om-

164 5908 240 5965 nis
268 5910 434 5966 hoino
465 5908 626 5966 simili
652 5907 735 5965 sui
758 5909 1052 5967 sociabitur
1075 5908 1284 5983 (Ibid.).

1860 2018 2056 2071 ritatis.

2477 2133 2834 2175 HIERONHIUS.

1933 2204 2164 2260 Sanctus
2191 2222 2344 2262 amor
2381 2208 2774 2279 impatientiam
2809 2232 2913 2269 nou
2950 2218 3130 2283 habet,
3164 2220 3329 2278 falsus
3358 2240 3449 2279 ru-

1859 2313 1980 2352 mor
2008 2299 2115 2352 cito
2140 2301 2484 2369 Opprimitnr.

1933 2386 2158 2445 Omnem
2182 2392 2457 2446 hominem
2492 2393 2710 2448 fratrem
2746 2403 2894 2451 tuum
2934 2397 3114 2466 judica
3145 2418 3302 2459 esse:
3335 2422 3451 2462 me-

1859 2492 2044 2539 mento
2077 2486 2222 2554 quod
2251 2503 2388 2542 unus
2418 2489 2613 2544 artifex
2662 2492 2906 2548 condidit
2933 2510 3051 2550 nos.

1928 2577 2095 2630 Antor
2125 2579 2366 2634 ordinem
2396 2583 2587 2636 nescit.

1929 2663 2161 2721 Fac‘lius
2192 2670 2334 2723 enim
2381 2672 2705 2742 negligentia
2738 2676 3014 2733 emendari
3055 2688 3254 2750 potest,
3290 2697 3451 2753 quam

1858 2770 2011 2812 amor
2043 2763 2210 2814 nasci.

2499 2873 2808 2914 Λιιιιιιοδιυε.

1932 2946 2215 3004 Proximos
2251 2958 2429 3005 autem
2464 2962 2680 3009 nostros
2712 2964 2839 3012 tunc
2860 2955 3131 3026 diligimus
3158 2960 3298 3017 sicut
3327 2979 3452 3036 nos,

1858 3039 1900 3092 si
1935 3057 2039 3093 non
2086 3052 2307 3111 propter
2339 3054 2559 3114 accepta
2602 3046 2863 3104 beneficia
2908 3052 2992 3106 vel
3018 3051 3324 3123 impetrata,
3356 3056 3453 3112 sed

1860 3142 2081 3201 propter
2112 3135 2215 3189 hoc
2249 3138 2644 3205 tantummodo,
2683 3140 2810 3211 quia
2853 3153 2977 3199 sunt
3014 3153 3223 3201 natura:
3253 3156 3453 3205 nostra;

1862 3224 2171 3293 participes.

1780 3275 1831 3343 ϐ
1935 3315 2179 3384 Acquirit
2213 3316 2400 3383 filium,
2431 3322 2520 3391 qui
2550 3322 2772 3379 fratrem
2806 3327 3037 3397 acquirit
3064 3344 3270 3388 amore.

2495 3430 2809 3474 CREGOBIUS.

1932 3500 2184 3559 Probatio
2213 3520 2342 3573 ergo
2372 3505 2699 3573 dilectionis,
2729 3511 2997 3568 exhibitio
3028 3524 3111 3570 est
3140 3519 3341 3587 operis.

1929 3595 2030 3661 Qui
2061 3596 2231 3664 illiligit
2263 3598 2451 3663 Deum,
2484 3609 2538 3655 et
2566 3603 2682 3670 ejus
2714 3605 2965 3660 mandata
3002 3610 3264 3675 custodit,
3300 3613 3350 3668 in
3382 3614 3448 3669 il-

1858 3687 1959 3741 lius
1987 3706 2082 3743 cor
2106 3690 2362 3746 Dominus
2390 3696 2557 3759 venit,
2584 3704 2639 3750 ct
2669 3698 3007 3753 mansionem
3038 3701 3184 3757 facit.

1932 3782 2115 3851 Neque
2164 3785 2305 3837 enim
2360 3797 2541 3853 posset
2582 3790 2870 3857 quisquam
2919 3791 3144 3863 diligere
3188 3796 3378 3865 Deum,
3405 3799 3451 3855 si

1858 3889 1981 3928 eum
2011 3890 2170 3943 quem
2205 3877 2401 3945 diligit,
2435 3894 2537 3931 non
2570 3880 2813 3935 haberet.

1928 3966 1984 4020 In
2017 3968 2244 4037 proximi
2294 3969 2436 4022 enim
2487 3970 2778 4027 dilectione
2817 3972 3169 4043 dignoscitur,
3219 3979 3453 4048 qualiter

1858 4059 2127 4126 perveniri
2155 4059 2350 4113 debeat
2379 4059 2444 4113 ad
2477 4062 2718 4116 amo'rcm
2752 4063 2867 4119 Dei.

1933 4150 1968 4203 li
2020 4151 2273 4205 nimirum
2323 4162 2378 4207 et
2419 4154 2724 4221 proximum
2762 4155 3009 4226 diligunt,
3043 4167 3099 4214 et
3147 4168 3327 4217 tamen
3362 4163 3450 4219 illa

1860 4244 2108 4297 suhlimia
2160 4244 2467 4299 dilectionis
2511 4248 2727 4315 praemia
2778 4264 2885 4303 non
2928 4262 3309 4319 assequuntur,
3358 4256 3451 4323 qui

1859 4350 2099 4389 amorem
2144 4351 2300 4390 suum
2337 4351 2447 4392 non
2475 4338 2850 4408 spiritualiter,
2884 4341 2979 4397 sed
3020 4346 3314 4401 carnaliter
3347 4348 3447 4403 im-

1860 4428 2116 4498 pendunL

1932 4520 2085 4576 Sicut
2115 4533 2294 4577 autem
2327 4523 2464 4592 ignis
2500 4527 2702 4582 amoris
2729 4536 2968 4584 mentem
2999 4531 3176 4601 erigit,
3212 4534 3282 4588 ita
3316 4535 3453 4605 ignis

1776 4645 1832 4706 Β
1860 4614 2076 4668 malitia:
2107 4623 2342 4671 mentem
2375 4617 2619 4672 involvit.

1932 4708 2176 4763 Amando
2220 4710 2363 4764 enim
2401 4709 2592 4775 Deum,
2628 4721 2814 4768 nostra
2853 4718 2911 4769 in
2959 4715 3114 4771 nobis
3145 4718 3283 4773 mala
3327 4735 3451 4790 per-

1857 4802 2148 4870 sequimur.

1932 4892 2213 4962 Diligendo
2241 4894 2384 4948 enim
2416 4894 2748 4965 proximum,
2777 4895 2830 4952 in
2875 4912 2986 4969 quo
3013 4901 3274 4969 prodesse
3319 4919 3447 4973 pos-

1857 4999 2064 5051 sumus,
2094 4987 2431 5042 festinamus.

1926 5076 2081 5132 Sicut
2118 5095 2263 5133 mors
2294 5096 2492 5149 corpus
2541 5080 2822 5146 interimit,
2872 5082 2950 5137 sic
2992 5098 3232 5139 amorem
3266 5102 3446 5142 rrrum

1856 5172 2217 5238 corporalium
2245 5181 2465 5227 αξιοι-[ιω
2498 5174 2621 5227 vita:
2651 5174 2891 5229 charitas
2913 5176 3135 5231 occidit.

1929 5262 2017 5317 Vis
2046 5265 2247 5319 amoris
2286 5265 2389 5320 hoc
2415 5279 2577 5332 agere
2607 5264 2749 5320 solet
2788 5264 2842 5319 in
2874 5266 3059 5322 animo
3092 5278 3150 5321 ut
3182 5286 3299 5336 qlu-
3333 5271 3449 5340 ipse

1854 5372 2070 5427 semper
2097 5358 2301 5425 cogitat
2324 5357 2528 5411 nullum
2555 5358 2719 5411 alium
2751 5356 2940 5413 credat
2970 5359 3237 5427 ignorare.

1929 5452 2125 5506 Sancta
2157 5451 2299 5505 enim
2333 5448 2603 5505 desideria
2634 5464 2701 5505 ex
2731 5448 3025 5504 dilectione
3074 5463 3367 5519 crescunt;
3400 5457 3446 5510 si

1859 5554 2034 5600 autem
2066 5544 2327 5599 dilatione
2352 5544 2627 5608 deficiunt,
2662 5542 2930 5600 desideria
2963 5561 3068 5599 non
3101 5556 3243 5601 sunt.

1928 5636 2195 5708 Quidquid
2224 5637 2551 5707 praecipitur,
2585 5636 2639 5690 in
2666 5635 2935 5691 charitate
2960 5636 3076 5691 sola
3112 5648 3392 5708 pensatur.

1928 5730 2034 5785 Nec
2067 5730 2210 5785 Deus
2237 5744 2366 5785 vere
2403 5730 2519 5784 sine
2547 5728 2816 5799 proximo,
2865 5742 2967 5783 nec
3010 5731 3289 5799 proximus
3320 5749 3447 5790 vere

1856 5821 2096 5889 diligitur
2126 5822 2244 5875 sine
2280 5822 2408 5875 Dec.

1928 5914 1982 5969 Si
2014 5914 2132 5983 quis
2162 5921 2344 5971 autem
2391 5912 2691 5981 quemlibet
2719 5924 2891 5986 amat,
2920 5924 2977 5974 et
3007 5926 3233 5989 propter
3274 5918 3446 5976 Deum
