4194 6608
155 459 241 517 609

795 586 1073 630 ORIGBNES.

212 663 261 718 Si
293 662 509 719 humilis
539 669 595 720 et
615 663 827 734 quietus
854 681 962 720 non
993 663 1184 734 fueris,
1215 680 1328 722 non
1353 674 1511 738 potes
1535 669 1739 725 habere

153 776 194 811 tn
226 766 273 812 te
301 757 532 826 gratiam
560 757 794 828 Spiritus
821 759 1014 814 sancti.

772 863 1122 905 AUGUSTINUS.

213 946 346 999 Deus
374 942 594 999 humilis
620 941 795 999 factus
823 952 937 1008 est,
976 945 1262 1000 erubescat
1294 943 1457 1000 homo
1493 944 1612 1002 fieri
1641 959 1737 1002 su-

141 1038 350 1110 pet-bus.

212 1133 437 1198 Semper
457 1129 786 1186 conscientia
818 1130 958 1185 servi
991 1130 1080 1186 Dei
1109 1130 1326 1187 humilis
1352 1146 1473 1188 esse
1501 1131 1662 1186 debet
1685 1138 1741 1186 et

149 1225 304 1280 tristis
335 1241 349 1278 :
382 1225 592 1282 scilicet
613 1235 673 1282 ut
701 1241 800 1296 per
824 1227 1183 1284 humilitatem
1217 1243 1323 1283 non
1355 1227 1654 1297 superbiat,
1686 1233 1743 1280 et

145 1336 235 1388 per
280 1320 470 1375 utilem
528 1334 814 1376 maerorem
865 1336 960 1377 cor
1007 1320 1074 1375 ad
1131 1321 1408 1378 lasciviam
1467 1335 1572 1375 non
1633 1319 1742 1374 dis-

146 1410 331 1464 solvat.

209 1501 301 1556 llla
344 1517 580 1573 namque
609 1501 841 1557 attendit
889 1503 1101 1557 laudem
1146 1503 1277 1568 Dei,
1331 1510 1387 1556 et
1437 1502 1599 1556 verba
1632 1503 1743 1555 oris

145 1591 254 1660 ejus
307 1594 462 1662 cujus
489 1593 760 1651 cervicem
791 1594 1014 1651 inclinat
1040 1594 1337 1658 humilitas,
1371 1601 1427 1649 et
1451 1609 1558 1649 non
1586 1593 1744 1662 erigit

142 1686 414 1756 superbia.

761 1793 1120 1835 IIERONYIUS.

210 1866 290 1922 Ad
319 1874 689 1925 summttatem
708 1868 967 1925 virtutum
998 1885 1108 1925 non
1158 1868 1423 1941 potentia,
1447 1868 1542 1926 sed
1564 1867 1745 1924 humi-

140 1961 290 2019 litate
319 1962 556 2018 venitur.

784 2068 1097 2111 CRBGORIUS.

208 2145 318 2201 Cor
348 2145 550 2216 quippe
578 2145 825 2211 carnale,
871 2146 999 2200 dum
1045 2145 1204 2216 hujus
1244 2146 1367 2202 vita:
1396 2146 1589 2218 quaerit
1630 2144 1742 2213 glo-

135 2236 294 2300 riam,
340 2236 699 2290 humilitatem
729 2235 952 2305 respuit.

204 2331 497 2387 Humilitas
524 2340 783 2401 quantum
817 2333 1107 2390 inclinatur
1126 2333 1194 2390 ad
1221 2334 1349 2400 ima,
1385 2342 1591 2390 tantum
1617 2349 1746 2405 pro-

131 2422 245 2479 licit
275 2424 332 2479 in
363 2423 601 2480 excelsa.

205 2515 445 2570 Tantum
474 2518 619 2571 enim
649 2531 871 2574 necesse
896 2527 980 2574 est
1002 2527 1057 2572 ut
1087 2534 1146 2575 se
1171 2523 1540 2590 unusquisque
1569 2523 1620 2575 in
1645 2522 1743 2578 huc

129 2605 371 2661 militate
399 2605 689 2677 deprimat,
717 2619 998 2677 quantum,
1022 2610 1066 2665 si
1093 2611 1163 2666 sit
1188 2612 1414 2676 electus,
1442 2613 1666 2681 ignorat.

202 2698 473 2764 Quamvis
513 2699 656 2755 bona
705 2716 800 2755 sua
834 2703 1204 2773 unusquisque
1246 2703 1300 2758 in
1348 2705 1593 2772 proximo
1645 2719 1744 2759 suo

125 2791 496 2862 percipiendo
524 2792 796 2861 ostendat,
827 2801 977 2850 recta
1017 2809 1123 2850 non
1155 2805 1335 2864 erunt,
1367 2796 1410 2851 si
1442 2796 1744 2851 humilitate

123 2883 434 2939 caruerint.

191 2976 302 3045 Qui
337 2979 488 3035 enim
519 2979 736 3036 humilis
767 2980 948 3048 fuerit,
977 2981 1303 3037 exaltabitur
1333 2983 1386 3036 in
1417 2982 1606 3049 gloria.

193 3070 404 3141 Magna
428 3071 602 3129 virtus
631 3073 914 3130 humilittm
943 3083 1026 3129 est
1056 3093 1067 3128 :
1102 3075 1191 3144 qui
1225 3091 1291 3129 ex
1323 3075 1593 3130 desiderio
1626 3075 1742 3130 loca

119 3167 319 3223 ultima
346 3175 602 3224 tenentes
629 3169 697 3240 (si
720 3185 816 3242 per
836 3170 1194 3224 humilitatem
1221 3170 1272 3223 in
1296 3169 1460 3224 altum
1489 3186 1592 3223 non
1617 3170 1744 3224 sub-

115 3255 339 3327 levant)
376 3257 617 3315 ctelestis
641 3259 792 3328 regni
817 3275 1110 3331 purpuram
1138 3260 1189 3314 in
1219 3269 1400 3315 mente
1429 3269 1667 3315 servant.

195 3350 298 3406 Via
333 3350 561 3406 Domini
591 3349 658 3406 ad
688 3367 784 3408 cor
809 3351 1077 3421 dirigitur,
1123 3367 1248 3408 cum
1287 3353 1533 3408 veritatis
1562 3368 1741 3409 sermo

113 3440 422 3497 humiliter
446 3443 686 3499 auditur.

186 3532 251 3587 ln
285 3536 516 3589 cunctis
555 3548 616 3590 se
643 3532 890 3605 despicit,
921 3534 1016 3606 qui
1044 3534 1098 3588 in
1134 3534 1247 3590 suis
1276 3535 1450 3591 oculis
1490 3551 1609 3592 esse
1639 3535 1744 3591 hu-

111 3625 312 3680 milem
345 3625 662 3695 profitetur.

187 3715 484 3784 Quarlibet
513 3715 711 3781 adsint,
759 3716 906 3773 nulla
935 3730 1101 3788 opera
1130 3723 1257 3772 sunt
1303 3716 1408 3773 nisi
1445 3717 1747 3775 humilitate

109 3809 490 3865 condiantur.

187 3902 388 3959 Tanto
423 3916 556 3973 ergo
583 3917 702 3960 esse
730 3902 893 3959 debet
941 3903 1195 3960 humilior
1235 3904 1466 3975 quisque
1513 3920 1582 3962 ex
1628 3922 1749 3962 mu-

107 4017 272 4068 nere,
309 4007 536 4071 quanto
566 4015 626 4056 se
650 4000 1028 4071 obligatiorem
1058 4014 1178 4056 esse
1217 4000 1483 4069 conspicit
1522 4001 1575 4056 in
1619 4001 1748 4057 red-

105 4091 296 4148 denda
328 4092 579 4148 ratione.

182 4186 338 4241 Eam
367 4185 606 4256 quippe,
636 4199 800 4257 quam
832 4199 941 4242 non
985 4185 1194 4242 invenit
1229 4185 1506 4254 humilem,
1547 4186 1750 4242 veritas

101 4279 248 4351 fugit
280 4288 566 4336 mentem.

179 4375 306 4430 Illic
341 4389 458 4430 eos
493 4389 525 4429 a
568 4381 716 4430 sorte
743 4371 1024 4429 humilium
1051 4372 1218 4444 judex
1265 4383 1502 4446 separat,
1551 4374 1641 4444 qui
1693 4389 1752 4431 se

99 4469 193 4525 hic
223 4471 282 4524 in
315 4467 610 4536 superbia:
637 4467 892 4522 cornibus
923 4466 1185 4523 exaltant.

181 4563 464 4616 llumiles
501 4559 704 4614 donum
734 4559 1039 4630 accipiunt,
1070 4574 1179 4629 quo
1207 4575 1236 4613 a
1263 4574 1323 4616 se
1370 4560 1531 4615 corda
1559 4573 1751 4629 super-

98 4654 393 4711 hientium
438 4651 734 4722 repellunt.

830 4759 1084 4800 BASILIUS.

174 4838 448 4895 Humilis
480 4837 609 4892 licet
628 4837 814 4892 habitu
840 4837 1133 4894 vilissimus
1159 4836 1250 4903 sit,
1280 4836 1550 4907 gloriosus
1575 4845 1754 4892 tamen

96 4940 186 4988 est
221 4931 574 4987 virtutibus.

172 5025 505 5098 Superbus
553 5029 732 5079 autem
779 5023 880 5078 etsi
923 5021 1158 5080 decorus
1209 5023 1459 5080 videatur
1511 5030 1753 5094 aspectu,

96 5130 296 5176 tamen
333 5117 626 5190 operibus
653 5116 774 5171 vilis
795 5125 894 5172 est.

833 5224 1089 5265 ISIDOBUS.

327 5317 502 5359 enim
533 5299 656 5355 sine
680 5299 988 5357 humilitate
1009 5310 1300 5372 congregat
1326 5302 1572 5373 virtutes,
1601 5304 1753 5376 quasi

96 5401 414 5455 inventum
447 5393 736 5464 pulverem
768 5402 969 5463 portat.

171 5490 498 5560 Cogitatio
544 5486 726 5541 cordis
770 5489 937 5543 nostri
982 5495 1134 5545 tanto
1172 5490 1316 5562 apud
1366 5492 1530 5548 Deum
1565 5496 1615 5550 in
1648 5494 1756 5549 imo

94 5595 208 5646 est,
255 5591 504 5653 quanto
539 5577 607 5631 ab
639 5579 946 5634 hominibus
975 5580 1028 5634 in
1059 5582 1188 5638 alto.

174 5677 245 5732 Et
279 5671 600 5730 humilitas
626 5670 805 5726 cordis
848 5673 1016 5727 nostri
1067 5681 1275 5730 tantum
1322 5677 1460 5746 apud
1507 5675 1671 5733 Deum
1703 5678 1756 5732 in

96 5773 218 5830 alto
251 5780 370 5838 est,
411 5775 696 5838 quantum
721 5765 1027 5820 hominibus
1055 5767 1106 5820 in
1139 5769 1265 5823 imo.

173 5867 450 5925 Humilia
488 5859 655 5914 valde
683 5859 928 5927 Spiritum
960 5870 1131 5928 tuum,
1160 5861 1410 5932 quoniam
1441 5865 1549 5919 vita
1581 5862 1758 5919 carnis

98 5962 294 6035 impia
324 5955 492 6030 ignis
525 5958 583 6007 et
606 5947 804 6006 vermis
832 5957 934 6006 est.

1399 457 1910 520 SCINTILLARUM
1951 458 2180 518 LIBER.

1910 574 2038 630 Sine
2069 571 2372 628 humilitate
2398 578 2453 627 et
2479 570 2761 638 charitate,
2791 572 2966 631 virtus
2989 575 3240 646 quaelibet
3268 577 3321 634 in
3349 579 3436 636 vi-

3329 468 3434 527 illo

1843 666 1973 723 tium
2001 665 2366 736 deputabitur.

1912 757 2133 813 Summa
2163 759 2411 814 monachi
2433 759 2606 813 virtus
2634 766 2719 815 est
2744 759 3038 818 humilitas.

1910 849 2188 906 Summum
2211 849 2329 920 ejus
2352 851 2562 918 vitium,
2593 854 2863 923 superbia.

1911 941 2042 1000 Esto
2064 945 2114 997 in
2137 943 2438 1000 humilitate
2467 945 2741 1014 fundatus,
2783 954 2902 1002 esto
2935 946 3175 1003 omnium
3205 949 3440 1003 novissi.

1841 1053 1960 1091 mus
1989 1045 2044 1091 et
2073 1037 2313 1092 ultimus.
2716 1105 2722 1108 _

1913 1129 2143 1184 Humilia
2175 1138 2227 1185 te
2258 1137 2317 1184 ut
2346 1129 2621 1197 exalteris,
2651 1130 2928 1188 minimum
2959 1141 3013 1188 te
3041 1131 3128 1189 fac
3165 1135 3441 1197 omnibus,

1840 1223 1972 1278 nulli
2000 1232 2052 1278 te
2075 1238 2373 1294 praeponas,
2409 1225 2615 1279 nullum
2647 1234 2699 1280 te
2728 1228 3104 1297 superbiorem
3126 1238 3368 1300 reputes.

1915 1314 2145 1370 Estima
2173 1331 2361 1370 omnes
2381 1317 2689 1386 superiores
2717 1333 2835 1373 esse
2867 1327 2938 1373 te.

1915 1408 2170 1474 Quamvis
2217 1423 2460 1462 summus
2509 1423 2632 1462 cum
2681 1409 2793 1475 sis,
2846 1408 3206 1464 humilitatem
3261 1419 3385 1464 tene
3431 1425 3444 1462 :

1843 1503 1968 1573 quia
1991 1503 2034 1556 si
2061 1501 2420 1556 humilitatem
2452 1501 2708 1568 tenueris,
2734 1501 3002 1571 gloriosus
3023 1503 3147 1556 eris.
3175 1503 3446 1568 Quantum

1845 1594 1987 1650 enim
2035 1594 2290 1650 humilior
2336 1592 2522 1663 fueris,
2573 1601 2782 1649 tantum
2831 1602 2885 1650 te
2929 1603 3189 1665 sequetur
3217 1594 3444 1652 altitudo

1844 1689 2046 1757 glorim.

1916 1778 2190 1834 Descende
2218 1787 2276 1834 ut
2312 1779 2591 1845 ascendas,
2646 1778 2930 1837 humiliare
2967 1786 3028 1835 ut
3068 1777 3341 1848 exalteris,
3376 1792 3448 1834 ne

1846 1869 2113 1925 exaltatus
2137 1870 2454 1926 humilieris.

1921 1960 2205 2016 llumilitas
2237 1961 2444 2032 lapsum
2473 1978 2577 2017 non
2604 1963 2770 2018 novit.

1924 2055 2202 2110 llumilitas
2227 2054 2436 2126 lapsum
2464 2072 2737 2126 nunquam
2764 2071 2920 2127 passa
2952 2067 3053 2114 est.

1920 2150 2019 2214 Qui
2048 2149 2191 2202 enim
2220 2148 2320 2202 sibi
2340 2149 2458 2203 vilis
2488 2158 2590 2211 est,
2623 2156 2748 2203 ante
2776 2147 2944 2202 Deum
2978 2163 3203 2218 magnus
3229 2156 3333 2204 est.

1920 2239 1988 2294 Et
2014 2241 2104 2308 qui
2127 2241 2223 2295 sibi
2248 2240 2516 2309 displicet,
2549 2240 2659 2295 Deo
2692 2241 2886 2311 placet.

1921 2335 2048 2389 Esto
2087 2335 2246 2403 igitur
2267 2349 2465 2404 parvus
2497 2335 2549 2389 in
2592 2335 2761 2390 oculis
2791 2335 2914 2399 tuis,
2950 2343 3008 2391 ut
3035 2335 3108 2390 sis
3137 2349 3361 2404 magnus
3394 2335 3448 2390 in

1848 2427 2017 2484 oculis
2048 2425 2280 2480 Domini.

1920 2518 2094 2573 Tanto
2150 2518 2293 2573 enim
2349 2519 2456 2576 eris
2512 2518 2802 2590 pretiosior
2827 2526 2953 2573 ante
2999 2518 3190 2582 Deum,
3243 2524 3448 2586 quanto

1846 2616 2012 2673 fueris
2036 2616 2343 2688 deSpectior
2369 2622 2497 2670 ante
2528 2613 2717 2670 oculos
2747 2622 2887 2669 tuos.

1920 2708 2084 2763 Pnr'a
2132 2725 2349 2780 quoque
2392 2723 2605 2778 semper
2652 2707 3038 2763 verecundiam
3077 2707 3130 2762 in
3168 2705 3339 2772 vultu,
3381 2705 3450 2760 de

1847 2799 2226 2855 recordatione
2247 2799 2449 2854 delicti.

1922 2891 2104 2947 Pulvis
2130 2907 2208 2958 es,
2241 2900 2296 2947 et
2323 2892 2374 2946 in
2406 2890 2628 2961 pulvere
2656 2890 2804 2947 sede.

1919 2989 2066 3044 Cinis
2097 3004 2175 3052 es,
2212 2995 2265 3042 et
2296 2988 2348 3041 in
2380 2988 2563 3043 cinere
2590 2987 2729 3042 vive.

1919 3081 1977 3137 In
1999 3097 2205 3136 summo
2238 3081 2466 3147 honore,
2497 3093 2704 3134 summa
2729 3076 2820 3131 tibi
2845 3077 2913 3130 sit
2933 3074 3228 3130 humilitas.

1921 3173 2039 3228 Non
2090 3183 2145 3228 te
2189 3172 2413 3228 extollat
2455 3173 2645 3227 honor.
2680 3170 2853 3224 Tanto
2904 3170 3112 3239 majore
3150 3165 3450 3221 humilitate

1851 3268 1956 3324 eris
1986 3267 2318 3339 perspicuus,
2352 3274 2556 3336 quanto
2583 3265 2792 3335 majore
2828 3263 3089 3333 dignitate
3116 3260 3286 3330 magis
3323 3273 3451 3330 pro-

1848 3362 2024 3417 batus.

2500 3445 2786 3486 CESARIUS.

1918 3527 2202 3598 Nunquam
2234 3526 2377 3584 enim
2418 3541 2545 3581 vera
2593 3523 2869 3578 humilitas
2899 3528 2954 3577 et
2974 3535 3098 3576 vera
3140 3517 3451 3575 ohedieutia

1848 3625 1965 3679 sine
1987 3621 2254 3676 charitate
2283 3626 2379 3674 aut
2406 3625 2584 3683 erunt,
2616 3625 2709 3671 aut
2736 3629 2855 3670 esse
2884 3620 3159 3684 poterunt.

1921 3711 2059 3778 Quia
2092 3711 2231 3766 sicut
2261 3709 2398 3778 ignis
2427 3707 2543 3762 sine
2571 3705 2754 3762 calore
2775 3704 2860 3759 vel
2887 3701 3176 3774 splendore
3207 3713 3313 3756 non
3343 3707 3448 3766 est,

1850 3801 1924 3857 ita
1947 3807 2004 3856 et
2024 3801 2260 3856 charitas
2287 3799 2403 3856 sine
2430 3797 2730 3853 humilitate
2759 3804 2814 3851 et
2840 3809 2970 3851 vera
2995 3792 3301 3850 obedientia
3329 3805 3450 3849 esse

1851 3910 1961 3952 non
1983 3901 2184 3964 potest.

2387 3999 2456 4038 EX
2674 3995 2846 4036 PATRU
2856 3995 2912 4035 .

1923 4077 2233 4148 Corporalis
2255 4076 2405 4131 labor
2432 4077 2541 4130 dux
2565 4083 2646 4129 est
2675 4073 3015 4128 humilitatis.

1923 4171 2110 4228 Omnis
2132 4173 2273 4227 enim
2301 4171 2454 4225 labor
2482 4168 2597 4224 sine
2627 4168 2931 4222 humilitate
2961 4164 3172 4219 vanitas
3201 4169 3303 4218 est.

1925 4265 2211 4320 Humilitas
2259 4277 2359 4318 nec
2403 4262 2517 4331 ipsa
2561 4261 2830 4321 irascitur,
2864 4273 2964 4313 nec
2992 4257 3111 4312 aliis
3138 4254 3298 4312 irasci
3325 4267 3449 4324 per-

1853 4358 2038 4414 mittit.

1929 4446 2212 4502 Humilitas
2253 4451 2355 4510 est,
2403 4443 2468 4506 si,
2502 4441 2718 4512 quando
2754 4438 3056 4509 peccaverit
3094 4438 3149 4492 in
3189 4442 3244 4493 te
3284 4435 3450 4490 frater

1854 4549 1999 4605 tuus,
2033 4547 2320 4607 antequam
2348 4536 2436 4590 ille
2460 4538 2736 4605 pmniteat,
2771 4531 3056 4586 indulseris
3089 4530 3158 4584 ei.

1929 4631 2080 4686 Sicut
2108 4629 2342 4683 Joannes
2367 4642 2668 4698 prmcurser
2698 4623 2796 4679 fuit
2827 4625 2952 4680 Jesu
2971 4661 2987 4690 ,
3016 4637 3203 4676 omnes
3233 4620 3453 4674 trahens

1858 4728 1927 4785 ad
1957 4743 2101 4793 eum,
2128 4728 2199 4782 ita
2223 4733 2279 4781 et
2309 4724 2578 4780 humilitas
2605 4734 2906 4791 przecursor
2929 4728 3012 4772 est
3041 4714 3340 4771 charitatis.

1929 4820 2029 4887 Qui
2055 4835 2161 4876 non
2195 4817 2359 4873 habet
2386 4814 2726 4878 charitatem,
2755 4811 2930 4882 perdit
2955 4811 3141 4864 vitam.

2491 4925 2714 4984 CAPUT
2755 4927 2819 4982 V.

2427 5019 2506 5073 De
2541 5018 2885 5085 indulgentia.

2512 5124 2784 5165 CHRISTUS.

1931 5207 1986 5263 Si
2015 5220 2142 5276 ergo
2166 5203 2328 5261 offers
2355 5217 2552 5258 munus
2592 5210 2740 5255 tuum
2771 5197 2836 5252 ad
2866 5197 3053 5262 altare,
3088 5205 3143 5252 et
3172 5195 3241 5254 ibi
3271 5208 3451 5251 recor-

1860 5303 2016 5356 datus
2045 5299 2207 5355 fueris
2236 5299 2359 5368 quia
2403 5298 2570 5353 frater
2597 5304 2718 5351 tuus
2746 5294 2911 5349 habet
2938 5291 3137 5360 aliquid
3167 5289 3454 5342 adversum

1861 5403 1935 5460 te,
1982 5393 2225 5461 relinque
2274 5391 2344 5444 ibi
2384 5404 2578 5444 munus
2618 5397 2766 5442 tuum
2811 5392 2937 5439 ante
2977 5382 3168 5447 altare,
3219 5389 3274 5433 et
3320 5377 3454 5431 vade

1861 5487 2027 5558 prius,
2073 5485 2427 5540 reconciliare
2472 5482 2622 5537 fratri
2665 5487 2782 5545 tuo,
2821 5485 2877 5534 et
2915 5485 3042 5530 tunc
3068 5472 3293 5528 veniens
3322 5471 3457 5525 oil'er

1862 5593 2058 5634 munus
2090 5587 2235 5631 tuum
2262 5574 2476 5646 (Matth.
2502 5574 2578 5644 v).

1932 5671 1986 5726 Si
2028 5672 2167 5727 enim
2196 5668 2508 5723 ditniseritis
2535 5664 2841 5721 hominibus
2874 5666 3095 5732 peccata
3125 5669 3335 5719 eorum,
3368 5653 3419 5706 di
3440 5684 3455 5692 -

1863 5766 2040 5820 mittet
2070 5763 2221 5817 vobis
2251 5769 2305 5815 et
2334 5757 2494 5814 Pater
2522 5766 2700 5813 vester
2731 5755 2969 5811 cmlestis
2998 5752 3194 5807 delicta
3225 5755 3402 5801 vestra
3439 5759 3454 5797 :

1864 5862 1906 5915 si
1934 5867 2111 5913 autem
2134 5873 2239 5911 non
2269 5854 2581 5910 dimiseritis
2607 5852 2935 5912 hominibus,
2966 5863 3063 5904 nec
3090 5844 3252 5899 Pater
3280 5849 3461 5896 vester

1866 5951 2093 6007 dimittet
2120 5949 2271 6006 vobis
2299 5955 2518 6019 peccata
2551 5953 2725 6001 vestra
2758 5941 2977 6015 (Matth.
3007 5939 3107 6012 vt).
