4194 6544
740 427 845 486 διι

1423 545 1644 588 ιδλυιυς.

809 636 945 689 Cum
984 629 1239 702 patientia
1277 634 1655 697 supportantes
1684 624 1929 691 invicem,
1970 630 2026 678 et
2057 622 2321 676 donantes

737 727 1157 792 vobismetipsis,
1187 722 1232 777 si
1252 720 1372 791 quis
1400 720 1655 775 adversus
1677 718 1908 788 aliquem
1939 717 2103 772 habet
2126 727 2323 782 quere-

1696 410 2118 472 DEFENSOBIS
2153 404 2688 487 LOCOGIAGENSIS
2727 403 3031 464 MONACIII

2347 526 2399 584 Α

3904 394 4011 452 612

3066 530 3369 574 υιριιιιιιυς.

2494 611 2743 681 Quisquis
2781 610 3038 683 enimilli
3081 609 3174 679 qui
3220 609 3273 662 in
3320 621 3443 663 eum
3492 603 3740 677 peccavit
3785 602 4014 658 dimittit

2424 702 2750 771 ignoscendo
2811 711 3092 772 peccatum
3118 740 3133 766 ,
3198 699 3315 754 sine
3378 696 3539 753 dubio
3602 695 4013 766 elecmoSynttm

737 817 864 871 lam.
896 791 1045 870 Sicut
1075 815 1214 869 Deus
1241 812 1460 867 donavit
1487 810 1654 876 vobis,
1687 811 1760 864 ita
1789 816 1846 863 et
1871 822 1967 863 vos
1995 806 2215 877 (Epltes.
2249 805 2322 871 tv)
2423 791 2576 850 fuit.

739 911 962 984 (Colon.
996 910 1097 973 ιιι).

1418 1009 1638 1049 ιιιτιιυε.

811 1094 929 1151 Νοιι
967 1092 1255 1150 reddentes
1290 1090 1487 1145 malum
1518 1105 1615 1160 pro
1641 1086 1802 1150 malo,
1851 1084 1935 1140 vel
1981 1084 2323 1139 ma'elictunt

741 1206 841 1263 pro
868 1189 1169 1253 maledicto,
1201 1186 1295 1241 sed
1326 1200 1357 1240 e
1385 1183 1659 1240 contrario
1696 1179 2078 1237 benedit-entes
2130 1197 2142 1231 :
2199 1178 2322 1248 quia

744 1285 798 1340 in
823 1285 926 1339 hoc
952 1281 1130 1337 vocali
1153 1281 1300 1344 estis,
1333 1287 1393 1333 ut
1420 1276 1792 1333 benedictione
1814 1272 2180 1329 bzereditatetu
2206 1287 2329 1341 pcso

744 1375 965 1432 sideatis
992 1374 1174 1448 (Prov.
1200 1389 1301 1439 xx;
1328 1371 1351 1425 Ι
1378 1371 1495 1425 Pet.
1521 1370 1628 1439 ιιι).

1437 1494 1695 1535 εΑιοιιοιι.

818 1575 894 1631 Ne
929 1574 1096 1641 dicas,
1129 1574 1367 1630 Reddam
1398 1571 1911 1641 malum._Exspecta
1941 1568 2242 1637 Dominum,
2276 1574 2331 1622 et

747 1665 991 1721 liberabit
1020 1674 1074 1721 te
1106 1664 1377 1735 (l’roverb.
1402 1680 1471 1719 xx
1499 1681 1513 1730 ;
1550 1663 1700 1718 Rom.
1737 1663 1854 1730 xu).

818 1759 1050 1814 Remitte
1095 1759 1339 1827 proximo
1381 1766 1473 1811 tun
1521 1756 1736 1810 nocenti
1778 1764 1849 1818 te,
1898 1762 1955 1810 et
1983 1761 2109 1809 tunc
2142 1755 2333 1825 depre-

748 1852 893 1907 cauti
920 1851 1014 1907 tibi
1037 1857 1255 1908 peccata
1278 1849 1556 1905 solventur
1585 1847 1775 1919 (Κιτιᾶ.
1812 1847 2021 1919 xxvnt).

1371 1976 1713 2015 AUGUSTINUS.

824 2054 1201 2123 Unusquisque
1232 2052 1393 2108 talem
1423 2052 1476 2106 in
1498 2050 1808 2119 lulgentiam
1850 2060 2169 2121 accepturus
2196 2058 2279 2106 est
2307 2066 2338 2105 a

751 2147 885 2216 Deo,
913 2146 1129 2217 qualem
1164 2155 1220 2202 et
1247 2147 1360 2216 ipse
1382 2143 1589 2200 dederit
1610 2145 1856 2214 proximo
1884 2160 2002 2199 suo.

1373 2273 1728 2312 IllERUNYMUS.

826 2348 1108 2418 Quomodo
1153 2348 1294 2404 Deus
1341 2348 1393 2402 in
1438 2347 1650 2402 Christo
1693 2346 1847 2401 nobis
1896 2354 2077 2401 nostra
2121 2353 2340 2415 peccata

754 2442 995 2510 donavit,
1026 2442 1103 2499 sic
1124 2441 1286 2498 etiam
1309 2456 1408 2496 nos
1429 2440 1492 2495 iis
1513 2439 1604 2510 qui
1635 2439 1688 2494 in
1713 2454 1812 2496 nos
1841 2447 2089 2509 peccant,
2116 2438 2343 2500 dimitta-

754 2548 896 2590 mus.

1397 2636 1709 2679 GREGORIUS.

830 2714 922 2769 Ille
946 2721 1093 2770 recte
1120 2713 1199 2768 sui
1227 2712 1409 2769 delicti
1432 2714 1642 2767 veniam
1669 2713 1923 2784 postulat,
1956 2711 2047 2783 qui
2075 2712 2180 2769 hoc
2200 2711 2345 2774 quod

758 2809 907 2881 prius
936 2808 987 2862 in
1020 2808 1134 2877 ipso
1165 2807 1510 2877 delinquitur,
1544 2806 1766 2863 relaxat.

835 2902 1172 2955 Dimittatnus
1199 2900 1340 2953 enim
1372 2900 1512 2969 quod
1554 2899 1779 2955 debetur
1806 2898 1991 2966 nobis,
2021 2898 2346 2955 ut~dimitta-

762 3000 852 3047 tur
880 2990 1023 3060 quod
1055 2988 1277 3044 debetur
1300 3005 1329 3043 a
1360 2991 1529 3043 nobis.

836 3084 984 3139 'l'unc
1030 3084 1255 3152 quisque
1303 3081 1447 3151 quod
1475 3090 1623 3137 recte
1659 3084 1812 3151 petit,
1854 3081 2193 3154 adipiscitur,
2225 3095 2347 3138 cum

766 3176 883 3247 ejus
909 3175 1117 3230 animus
1146 3175 1197 3229 in
1219 3174 1474 3245 petitione
1496 3189 1593 3229 nec
1622 3174 1819 3230 inimici
1845 3174 1970 3231 odio
1991 3175 2249 3230 fuscatur.

840 3270 1034 3326 Fundit
1070 3286 1131 3326 os
1161 3285 1257 3340 pro
1286 3268 1593 3324 adversario
1631 3284 1861 3339 precem,
1895 3268 1991 3327 sed
2020 3269 2223 3324 utinam
2252 3283 2349 3325 cor
2371 3248 2419 3312 ο

769 3371 951 3419 teneat
971 3376 1227 3417 antorem.

843 3457 975 3512 Cum
1006 3456 1274 3525 diligendo
1319 3455 1525 3511 lucrum
1572 3455 1639 3511 de
1685 3456 1914 3511 inimicis
1954 3454 2133 3513 facere
2167 3471 2355 3526 possu-

773 3564 915 3614 mus,
942 3548 1104 3603 etiam
1128 3545 1227 3617 ipsi
1253 3546 1409 3602 amici
1430 3555 1556 3602 sunt
1582 3547 1669 3617 qui
1702 3555 2114 3617 persequuntur.

844 3638 953 3693 Nec
974 3644 1125 3693 curat
1148 3637 1399 3707 antiquus
1421 3636 1590 3693 hostis
1618 3645 1676 3691 ut
1706 3645 1919 3693 terrena
1946 3637 2101 3694 tollat
2119 3652 2150 3692 a
2177 3637 2352 3703 nobis,

772 3730 868 3792 sed
895 3738 952 3787 ut
973 3729 1291 3786 cltaritatem
1322 3728 1376 3784 in
1406 3728 1559 3785 nobis
1581 3727 1758 3784 feriat.

1441 3855 1692 3896 ISIDORUS.

852 3933 968 3989 Non
997 3933 1136 3989 enim
1163 3939 1389 4002 possunt
1407 3942 1629 4003 peccata
1656 3932 1852 3988 dimitti
1878 3933 1928 3988 ei
1957 3931 2049 4003 qui
2074 3932 2124 3988 in
2151 3947 2210 3989 se
2237 3947 2361 4003 pec-

780 4026 924 4083 canti
953 4024 1128 4079 debita
1154 4039 1261 4079 non
1290 4023 1527 4080 dimittit.

852 4117 953 4184 Qui
979 4117 1196 4172 fratrem
1223 4130 1377 4170 suum
1408 4114 1608 4170 tardius
1632 4115 1732 4170 sibi
1759 4115 2031 4182 conciliat,
2070 4114 2238 4169 Deum
2262 4113 2365 4170 sibi

782 4210 989 4267 tardius
1015 4210 1209 4280 placat.

858 4302 1076 4357 Frustra
1105 4300 1245 4355 cnim
1272 4301 1566 4372 propitiare
1594 4300 1762 4357 Deum
1783 4303 1973 4371 quierit
2001 4304 2091 4371 qui
2117 4301 2223 4356 cito
2243 4300 2369 4370 pla-

784 4398 893 4454 cari
927 4398 1171 4467 proximo
1193 4396 1432 4465 negligit.

860 4490 1142 4558 Quomodo
1168 4491 1307 4545 Dens
1330 4491 1381 4544 in
1411 4489 1625 4545 Christo
1653 4490 1805 4546 nobis
1828 4496 2015 4546 nostra
2036 4497 2255 4560 peccata
2276 4488 2375 4545 do-

788 4583 953 4649 navit,
978 4582 1055 4637 sic
1086 4589 1141 4635 et
1164 4595 1263 4635 nos
1294 4580 1355 4635 iis
1383 4579 1471 4649 qui
1495 4580 1547 4633 in
1566 4594 1667 4635 nos
1695 4588 1920 4648 peccant
1942 4579 2293 4636 dimittamus.

859 4670 1244 4742 lgnoscendum
1269 4678 1351 4727 est
1376 4671 1586 4739 cuique,
1614 4672 1738 4725 dum
1758 4671 1966 4727 veniam
1990 4671 2241 4741 postulat.

1449 4776 1731 4817 C.€SARIUS.

862 4858 962 4924 Qui
983 4858 1124 4912 enim
1157 4857 1209 4911 in
1235 4870 1294 4910 se
1316 4853 1559 4924 peccnnti
1589 4854 1883 4907 clementer
1913 4853 2210 4916 indulserit,
2246 4853 2369 4908 nul-

794 4948 902 5003 lum
926 4947 1133 5018 peccati
1162 4944 1445 5013 vestigium
1477 4943 1530 4996 in
1553 4941 1692 4997 illius
1717 4944 1893 4997 anima
1920 4944 2236 4999 remanebit.

1372 5028 1375 5031 1
1416 5050 1749 5089 anasnsws.

870 5130 925 5185 Si
951 5117 1060 5184 non
1092 5125 1319 5182 dimittis
1363 5125 1612 5194 iniuriam
1641 5140 1757 5194 qua!
1803 5125 1895 5180 tibi
1941 5126 2077 5180 facta
2116 5134 2220 5187 est,
2269 5140 2375 5179 non

799 5223 1100 5276 orationem
1131 5235 1230 5290 pro
1255 5226 1310 5274 te
1336 5216 1500 5282 facis,
1540 5216 1633 5272 sed
1669 5214 2101 5273 maledictionem
2132 5232 2291 5287 super
2324 5224 2378 5270 te

802 5313 1025 5367 inducis.

877 5408 966 5461 Sic
993 5405 1134 5459 enim
1163 5403 1297 5460 dicis
1326 5421 1338 5458 :
1369 5402 1457 5459 Sic
1493 5404 1622 5458 mihi
1664 5404 1890 5471 dimitte,
1923 5403 2061 5459 sicut
2088 5413 2143 5460 et
2169 5419 2268 5474 ego
2299 5404 2379 5459 di-

805 5500 943 5552 tnisi.

1340 5608 1390 5647 IN
1426 5606 1853 5647 COLLATIONIIUS.

812 5744 817 5751 ,
882 5686 1109 5739 Tantum
1141 5684 1283 5739 enim
1313 5684 1599 5737 remittitur
1625 5683 1779 5736 nobis
1806 5690 2063 5752 quantum
2096 5697 2193 5735 nos
2220 5681 2380 5735 remi-

812 5780 1034 5833 serintus
1079 5779 1159 5835 eis
1205 5778 1297 5848 qui
1346 5776 1499 5832 nobis
1545 5791 1863 5837 ouacunuue
1914 5776 2241 5847 malignitate
2287 5794 2383 5833 no-

813 5879 1054 5924 cuct'nnt.

3036 917 3262 973 CAI'UT
3304 915 3384 973 Vl.

2955 1032 3032 1089 De
3076 1034 3483 1102 compunclionr.

3088 1184 3357 1224 CHRISTUS.

2498 1259 2689 1327 Amen,
2732 1272 2890 1316 amen
2917 1259 3041 1315 dico
3068 1260 3224 1315 vobis
3269 1278 3281 1311 :
3321 1259 3455 1323 Quia
3496 1254 3797 1327 plorabitis,
3837 1263 3893 1309 et
3918 1251 4018 1308 lle-

2428 1352 2552 1407 bitis
2596 1367 2713 1419 vos,
2755 1352 2981 1407 mundus
3008 1361 3188 1407 autem
3218 1351 3472 1420 gaudebit
3504 1368 3518 1404 :
3550 1366 3644 1405 vos
3671 1357 3854 1405 autem
3886 1364 4023 1403 con-

2431 1444 2789 1511 tristabimiui,
2821 1444 2917 1500 sed
2958 1443 3171 1500 tristitia
3200 1451 3380 1500 vestra
3412 1450 3651 1499 vertetur
3679 1442 3734 1498 in
3764 1440 4024 1512 gaudium

2431 1532 2612 1605 (Joan.
2636 1531 2768 1602 ινι).

3116 1638 3342 1679 ΡΑυιυς.

2504 1718 2748 1773 Gaudete
2795 1732 2917 1773 cum
2971 1715 3361 1786 gaudentibus,
3419 1715 3548 1773 flete
3598 1728 3737 1771 cum'
3774 1714 4028 1771 ﬂentibus

2435 1811 2541 1884 (Ro
2564 1830 2611 1864 it.
2642 1814 2760 1878 xu).

2368 1892 2413 1951 Β
2509 1905 2607 1971 Qui
2635 1904 2781 1966 llent,
2815 1913 3066 1973 tanquam
3099 1921 3206 1959 non
3236 1901 3425 1959 ﬂentes
3454 1905 3561 1959 sint
3604 1922 3617 1957 :
3666 1912 3722 1959 et
3766 1905 3857 1973 qui
3896 1918 4031 1973 gau-

2436 1996 2581 2062 dent,
2617 2006 2872 2067 tanquam
2896 2012 3001 2052 non
3027 1996 3321 2066 gaudentes
3352 1995 3402 2067 (l
3439 1994 3560 2051 Cor.
3590 1997 3706 2065 vn).

3103 2102 3346 2142 JACOBL‘S.

2511 2179 2685 2233 Miseri
2731 2185 2922 2242 estote,
2970 2178 3149 2247 lugete
3188 2188 3243 2232 et
3281 2178 3496 2249 plorate
3533 2195 3546 2231 :
3588 2178 3728 2232 risus
3767 2185 3949 2233 vester
3974 2176 4030 2232 in

2438 2269 2642 2325 luctum
2673 2276 3048 2337 convertetur,
3088 2277 3145 2327 et
3172 2269 3425 2340 gaudium
3454 2271 3507 2325 in
3551 2284 3842 2326 mterorem
3892 2268 4028 2340 (Ja-

2440 2360 2551 2416 cob.
2577 2360 2672 2431 tv).

3102 2469 3362 2512 SALOION.

2516 2548 2674 2604 Risus
2697 2545 2888 2603 dolore
2927 2545 3262 2613 miscebitur,
3292 2533 3348 2603 et
3368 2554 3611 2604 extrema
3641 2545 3824 2616 gaudii
3851 2546 4035 2603 luctus

2443 2646 2678 2710 occupat
2706 2637 2892 2699 (Prov.
2914 2636 3052 2710 ιιν).

3072 2744 3416 2786 AUGUSTINUS.

2517 2823 2618 2892 Qui
2665 2839 2776 2880 non
2819 2823 2979 2878 habet
3005 2824 3497 2893 compunctionetn,
3550 2837 3658 2878 non
3684 2820 3854 2878 habet
3880 2837 4042 2877 mun-

2446 2918 2572 2974 dam
2599 2917 2923 2973 orationem.

2520 3007 2827 3065 Thesaurus
2853 3017 2937 3065 est
2984 3007 3124 3063 bona
3168 3006 3531 3078 eompunetie,
3574 3014 3631 3063 et
3679 3006 4043 3063 inenarrabile

2450 3099 2701 3170 gaudium
2730 3100 2781 3155 in
2803 3099 2982 3154 anima
3006 3099 3258 3155 hominis.

2522 3196 2711 3249 Anima
2761 3193 2996 3248 hominis
3048 3206 3167 3262 quae
3224 3192 3280 3247 in
3324 3191 3574 3249 oratione
3619 3192 4045 3263 mmpungitur,

2450 3287 2608 3342 valde
2638 3285 2712 3341 illi
2738 3284 2954 3356 proﬁcit
2972 3284 3043 3340 ad
3070 3284 3349 3341 salutem.“

3075 3392 3427 3432 ιιιιῑιιιιιειιιυε.

2527 3473 2644 3529 Non
2671 3472 2848 3529 minus
2875 3470 3172 3527 laudandus
3209 3478 3294 3526 est
3312 3471 3400 3525 vir
3431 3467 3592 3526 furtis
3618 3469 3674 3525 in
3702 3468 3855 3526 luctu
3883 3483 4049 3540 quam

2459 3568 2514 3626 in
2536 3568 2701 3623 bello.

3091 3672 3230 3713 AIIR
3237 3672 3400 3712 081118.

2534 3752 2649 3806 Vox
2675 3752 2814 3808 enim
2837 3749 3148 3821 psalmodia:
3168 3765 3288 3805 cum
3312 3748 3607 3805 intentione
3627 3748 3807 3805 cordis
3834 3748 4049 3818 agitur:

2461 3859 2559 3915 per
2586 3845 2727 3899 hanc
2747 3842 3100 3913 omnipotenti
3131 3840 3243 3897 Deo
3272 3841 3374 3896 iter
3400 3841 3466 3895 ad
3487 3855 3584 3897 cor
3611 3850 3851 3910 paratur,
3882 3850 3945 3896 ut
3974 3841 4056 3895 itt-

2463 3945 2624 3991 tentzc
2653 3936 2819 3990 menti
2858 3934 3157 4004 prophetiae
3196 3933 3473 4004 mysteria,
3507 3933 3589 3989 vel
3619 3932 4057 4004 compunctionis

2467 4028 2690 4099 gratiam
2723 4028 2986 4082 infundat.

2537 4118 2673 4174 Cum
2718 4134 2813 4188 per
2854 4118 3155 4174 orationem
3208 4117 3552 4188 compunctio
3601 4115 3922 4181 infunditur,
3973 4120 4060 4174 via

2469 4211 2623 4267 nobis
2656 4212 2706 4265 itt
2739 4210 2920 4274 corde,
2954 4226 3049 4280 per
3077 4224 3237 4280 quam
3277 4210 3345 4265 ad
3372 4212 3557 4267 Jesum
3587 4210 3640 4265 in
3671 4209 3778 4265 line
3808 4211 4060 4281 pervtni-

2469 4314 2578 4371 tur,
2608 4313 2845 4375 paratur.

2544 4398 2801 4468 lrriguum
2831 4399 3029 4469 quippe
3064 4397 3313 4468 superius
3340 4397 3535 4468 accipit
3557 4395 3757 4463 anima,
3788 4412 3912 4451 eum
3945 4412 4063 4451 sese

2480 4491 2535 4546 in
2563 4491 2812 4562 lacrymis
2834 4491 3068 4547 coalestis
3088 4492 3239 4560 regni
3265 4489 3529 4546 desiderio
3550 4488 3739 4561 afﬂigit
3762 4509 3772 4541 :
3802 4489 4062 4557 irriguum

2403 4606 2454 4669 υ
2482 4598 2610 4638 vero
2650 4583 2869 4637 inferius
2913 4583 3109 4653 accipit
3153 4584 3349 4648 anima,
3392 4597 3513 4638 cum
3558 4582 3749 4638 inferni
3799 4582 4063 4651 supplicia

2476 4674 2657 4732 flendo
2678 4675 3027 4745 pertimescit.

2546 4768 2894 4824 Revertentes
2929 4783 3033 4823 nos
3074 4766 3329 4823 Dominus
3359 4765 3653 4821 clementer
3693 4764 4061 4834 amplectitur,

2472 4863 2596 4933 quia
2625 4872 2968 4933 peccatorum
2997 4860 3107 4916 vita
3131 4862 3181 4917 ei
3210 4876 3331 4917 esse
3359 4861 3575 4931 indigna
3600 4860 3714 4930 jam
3744 4874 3852 4915 non
3883 4869 4062 4928 potest

2473 4970 2593 5025 quin
2611 4954 2821 5009 ﬂetibus
2850 4953 3078 5008 lavatur.

2547 5045 2661 5101 Non
2684 5046 2926 5103 dubitare
2953 5046 3211 5102 debemus
3235 5045 3377 5101 circa
3403 5045 3560 5101 linem
3578 5042 3858 5113 justificari
3890 5043 4067 5095 homi-

2478 5154 2598 5194 ncm
2628 5155 2723 5209 per
2766 5139 3093 5209 paenitentia:
3131 5139 3621 5207 compunctittnem.
3652 5135 3762 5191 Sed
3789 5136 3916 5207 quia
3943 5151 4066 5189 ram

2479 5231 2532 5286 id
2560 5232 2673 5286 lieri
2703 5233 2861 5297 solet,
2902 5228 3253 5286 metuendum
3294 5238 3377 5284 est
3414 5244 3483 5284 ne
3515 5228 3642 5284 dum
3681 5228 3749 5282 ad
3777 5227 3939 5281 linem
3962 5226 4067 5281 ιιεΐο

2482 5323 2650 5378 fertur
2676 5323 2976 5387 conversio,
3020 5321 3289 5391 insperata
3319 5327 3447 5375 ante
3473 5328 3704 5388 occupet
3731 5334 3878 5374 mors
3906 5332 4066 5387 quam

2482 5414 2764 5469 subveniat
2811 5412 3144 5483 poenitentia.
3200 5410 3317 5466 Non
3368 5426 3499 5478 ergo
3549 5410 3602 5464 iit
3645 5408 3890 5473 ﬂetibus,
3965 5424 4069 5460 linit

2486 5504 2536 5558 in
2560 5504 2784 5569 artibus,
2815 5502 2907 5558 sed
2937 5504 2988 5557 in
3020 5501 3247 5557 Domino
3268 5499 3619 5558 conﬁdamus.

2557 5591 2691 5658 Quia
2744 5606 2873 5661 ergo
2931 5601 3052 5663 post
3104 5593 3427 5662 baptismum
3493 5592 3836 5660 inquinamus
3884 5590 4065 5646 vitam.

2488 5685 2818 5753 baptizemus
2841 5686 2892 5739 in
2922 5685 3168 5757 lacrymis
3194 5684 3602 5740 conscientiam.

2561 5777 2830 5846 lttquinati
2872 5788 2993 5849 post
3012 5793 3204 5849 aquam
3230 5777 3445 5839 salutis,
3497 5789 3852 5833 renaseamur
3881 5790 3951 5834 ex
3990 5775 4069 5830 la-

2493 5884 2707 5924 εννιιιιε.
