4194 6542
154 424 253 481 613

814 553 1068 597 SABINUS.

212 633 314 689 lei
342 639 525 687 autem
546 628 747 687 fuerint
769 630 1039 703 lserymae,
1066 626 1357 700 spiritualis
1378 627 1516 698 ignis
1539 638 1731 680 accen-

140 726 304 791 ditur,
330 724 424 795 qui
447 733 660 779 secrete
688 726 884 779 mentis
908 722 1194 777 illuminat.

802 830 1054 870 ISIDOBUS.

209 905 371 962 Prius
406 906 549 962 enim
582 905 858 976 purganda
886 903 1138 977 lacrymis
1165 912 1293 959 sunt
1321 903 1451 957 vitia
1473 915 1592 971 qua:
1612 912 1733 969 ges-

137 999 333 1066 simus,
364 1006 420 1053 et
444 1008 574 1052 tunc
603 996 862 1051 mundata
894 997 1090 1051 mentis
1112 996 1249 1060 acie,
1282 994 1334 1049 id
1362 994 1508 1063 quod
1532 991 1735 1061 quaeri-

138 1106 260 1145 mus
286 1090 739 1158 contemplemur,
770 1095 828 1142 ut
851 1087 975 1142 dum
1001 1094 1160 1141 antea
1186 1084 1365 1141 ﬂendo
1382 1100 1413 1139 a
1430 1084 1585 1138 nobis
1608 1095 1729 1151 pec«

138 1184 246 1238 cati
276 1183 452 1251 caligo
479 1180 809 1249 detergitur,
843 1179 1114 1235 mundatis
1154 1177 1335 1235 cordis
1363 1176 1535 1233 oculis
1564 1174 1733 1229 libere

138 1292 375 1347 superna
400 1275 778 1344 inspiciantur.

209 1368 313 1435 Qui
343 1382 497 1423 veras
541 1368 807 1437 lzicrymas
830 1365 1198 1422 indesinenter
1238 1366 1428 1433 fundit,
1472 1375 1528 1422 et
1555 1375 1733 1423 tamen

142 1476 374 1532 peccare
395 1476 500 1515 non
530 1460 749 1528 desinit,
792 1460 879 1514 hic
913 1460 1204 1515 lamentum
1234 1460 1419 1529 habet,
1447 1459 1542 1516 sed
1575 1475 1734 1515 mun-

140 1555 421 1611 dationem
454 1568 560 1607 non
593 1554 773 1606 habet.

216 1648 577 1718 Compunctio
601 1646 776 1702 cordis
792 1656 875 1702 est
894 1647 1167 1703 humilitas
1190 1648 1389 1703 mentis
1411 1664 1533 1704 cum
1556 1650 1736 1721 lacry-

143 1741 248 1797 mis
283 1742 465 1796 oriens
485 1740 551 1794 de
582 1738 953 1793 recordatione
978 1740 1185 1808 peccati
1209 1748 1263 1792 et
1303 1739 1494 1795 timore
1522 1740 1735 1809 judicii.

215 1835 310 1889 Illa
360 1842 444 1890 est
489 1832 763 1889 conversis
811 1831 1100 1901 perfectior
1136 1833 1566 1901 compunctionis
1608 1832 1737 1888 alie-

143 1929 254 1984 ctio
274 1943 394 1996 qua:
425 1942 613 1980 omnes
639 1941 669 1980 a
693 1940 752 1981 se
779 1925 1073 1981 carnalium
1102 1926 1488 1981 desideriorum
1512 1925 1735 1981 allectus

142 2020 378 2090 repellit,
430 2028 483 2074 et
526 2018 877 2073 intentionem
900 2034 1051 2073 suam
1093 2027 1209 2075 toto
1250 2020 1447 2075 mentis
1473 2018 1652 2075 studio
1680 2018 1734 2072 in

144 2112 239 2167 Dei
262 2110 778 2180 contemplationem
810 2110 1013 2179 deﬁgit.

217 2202 502 2257 Geminam
542 2216 661 2256 esse
688 2202 1160 2270 compunctionem
1205 2202 1454 2269 dicimus,
1478 2217 1583 2271 qua
1606 2217 1735 2271 pro-

144 2304 268 2366 pter
297 2294 469 2349 Deum
514 2294 693 2346 anima
720 2292 981 2361 cujusque
1029 2293 1185 2349 electi
1216 2294 1482 2348 eflicitur:
1518 2294 1571 2347 id
1622 2301 1731 2359 est,

144 2386 228 2440 vel
253 2384 384 2440 dum
423 2397 645 2452 operum
685 2398 905 2437 suorum
949 2384 1087 2438 mala
1127 2384 1451 2450 considerat,
1492 2384 1579 2439 vel
1608 2385 1733 2439 dum

142 2478 414 2535 desiderio
441 2486 655 2531 aeterna:
687 2478 805 2531 vitae
842 2478 1097 2547 suspirat.

211 2569 459 2636 Quatuor
491 2577 614 2622 sunt
653 2568 939 2636 qualitates
977 2569 1321 2626 aflectionum
1352 2571 1544 2642 quibus
1580 2584 1734 2626 mens

136 2660 267 2731 justi
311 2659 602 2714 salubriter
634 2659 793 2715 taedio
822 2662 1231 2730 compungitur,
1272 2664 1374 2717 hoc
1402 2673 1501 2727 est,
1527 2678 1734 2717 memo-

138 2757 215 2809 ria
244 2752 641 2823 prazteritorum
674 2751 991 2819 facinorum,
1024 2754 1385 2810 consideratio
1412 2757 1733 2825 peregrina-

138 2844 300 2899 tionis
339 2858 451 2896 suze
502 2843 554 2896 in
598 2841 755 2911 hujus
798 2843 919 2897 vita:
959 2843 1381 2913 longinquitate,
1424 2847 1731 2900 recordatio

135 2926 417 3007 pcénarum
462 2934 779 2999 futurarum,
820 2942 875 2989 et
899 2934 1221 2990 desiderium
1248 2951 1493 3007 superna:
1522 2938 1728 3008 patriae,

136 3038 406 3098 quatenus
435 3028 502 3082 ad
537 3042 655 3083 eam
682 3028 1003 3097 quantocius
1030 3030 1208 3085 valeat
1229 3032 1529 3099 pervenire.

206 3120 346 3175 Sunt
382 3120 474 3188 qui
509 3134 577 3174 ex
620 3134 742 3174 vera
767 3119 941 3175 cordis
983 3123 1399 3191 compunctione
1445 3123 1528 3178 sui
1565 3137 1725 3178 accu-

132 3220 347 3267 satures
379 3210 514 3265 ﬁunt
554 3228 566 3262 :
592 3210 685 3265 sed
717 3217 925 3266 tantum
955 3211 1026 3267 ad
1054 3226 1115 3268 se
1150 3227 1270 3269 esse
1299 3223 1611 3283 peccatores
1640 3230 1727 3271 as-

133 3306 375 3373 signant,
404 3313 461 3359 ut
491 3320 557 3359 ex
603 3305 730 3360 ficta
778 3305 1085 3362 humilitate
1134 3306 1493 3364 confessionis
1546 3309 1727 3364 locum

134 3396 419 3451 inveniant
446 3397 767 3451 sanctitatis.

206 3488 490 3559 Lacrymat
514 3488 656 3543 enim
687 3490 1015 3560 poenitentiae.
1040 3491 1179 3561 apud
1233 3492 1400 3547 Deum
1431 3507 1527 3563 pro
1557 3492 1735 3563 bapti-

131 3590 313 3637 smate
338 3590 678 3650 reputantur.

208 3674 555 3744 Quapropter
575 3673 737 3744 dilige
758 3674 1046 3748 lacrymas,
1072 3684 1129 3732 et
1158 3691 1353 3733 suaves
1387 3677 1481 3735 tibi
1511 3678 1619 3733 sint
1645 3678 1727 3733 la-

134 3781 358 3839 erymaa.

208 3856 497 3912 Delectent
522 3864 577 3911 te
601 3870 821 3926 semper
841 3857 1017 3913 luctus
1040 3866 1096 3913 et
1119 3858 1390 3931 lacrymce.

208 3950 344 4008 Esto
373 3959 582 4006 tantum
606 3965 811 4020 pronus
844 3950 917 4005 ad
967 3950 1227 4020 lamenta,
1267 3960 1529 4021 quantum
1580 3954 1725 4008 fuisti

130 4058 343 4115 pronus
370 4042 439 4096 ad
458 4042 692 4112 culpam.

206 4134 396 4201 Qualis
427 4134 522 4189 tibi
552 4132 652 4189 fuit
677 4135 743 4191 ad
768 4136 1099 4206 peccandum
1125 4137 1377 4204 intentio,
1411 4137 1530 4195 talis
1556 4140 1627 4195 sit
1654 4139 1723 4195 ad

130 4226 506 4299 penitendum
537 4226 777 4282 devotio.

204 4318 406 4373 Gravia
437 4320 581 4374 enim
612 4330 830 4390 peccata
861 4321 1084 4391 grandia
1114 4322 1347 4378 lamenta
1389 4323 1719 4384 desiderant.

807 4431 1055 4471 EPHBJEI.

203 4504 403 4559 Beatus
441 4519 673 4575 namque
701 4514 803 4573 est,
832 4515 887 4561 et
922 4514 1003 4562 ter
1030 4509 1236 4575 beatus,
1269 4512 1514 4582 quisquis
1559 4514 1719 4570 habet

129 4598 611 4666 compunctionem
640 4600 929 4653 secundum
956 4600 1142 4657 Deum.

202 4689 563 4759 Compunctio
591 4689 791 4745 sanitas
820 4699 901 4745 est
922 4692 1131 4747 animm.

198 4778 560 4849 Compnnctio
592 4780 909 4834 illuniinatio
940 4790 1021 4837 est
1044 4784 1253 4839 animm.

198 4870 559 4939 Compunctio
585 4870 829 4926 remissio
859 4882 1203 4940 peccatorum
1235 4884 1337 4931 est.

198 4962 557 5031 Compunclio
588 4961 845 5032 Spiritum
886 4972 1128 5018 sanctum
1162 4968 1405 5037 perducit
1434 4969 1497 5022 ad
1530 4984 1608 5023 se.

201 5054 561 5125 Compunctio
601 5054 929 5124 unigenitum
982 5056 1254 5113 Christum
1306 5058 1433 5114 ficit
1476 5062 1718 5117 habitare

126 5147 179 5205 in
206 5163 284 5202 se.

197 5237 474 5308 Lacrymre
497 5234 639 5304 apud
660 5234 824 5290 Deum
847 5236 1093 5292 ﬁduciam
1121 5238 1250 5293 dant
1270 5257 1502 5313 semper.

200 5330 300 5386 Ubi
331 5332 587 5402 lacrymae
634 5329 925 5395 abundant,
974 5331 1045 5387 ibi
1089 5336 1444 5404 cogitationes
1489 5339 1719 5397 sordida:

129 5442 232 5481 non
264 5425 677 5497 approximant.

738 5514 965 5573 CAPUT
1006 5518 1116 5574 Vll.

748 5604 827 5659 De
859 5610 1112 5665 oratione.

792 5714 1062 5755 CHRISTUS.

189 5791 380 5847 Omnia
412 5806 757 5863 quaecunque
788 5794 1068 5863 petieritis,
1121 5795 1174 5851 in
1216 5799 1463 5854 oratione
1491 5800 1720 5854 creden-

124 5901 223 5951 tes,
249 5885 531 5956 accipietis
565 5882 778 5955 (Matth.
814 5887 947 5954 XXI)-

1422 418 1931 478 SClN‘l‘lLLARUM
1972 420 2200 477 LIBER.

3323 420 3428 483 6H

1760 538 1814 597 Α
1916 535 2144 603 Vigilate
2167 535 2317 590 omni
2340 542 2589 604 tempore
2609 542 2848 601 orantes,
2871 543 2933 590 ut
2953 535 3098 606 digni
3122 536 3426 598 habeamini

1835 628 2020 697 fugere
2054 630 2232 683 omnia
2266 645 2383 699 qua:
2411 630 2585 685 futura
2616 638 2758 697 sunt,
2804 639 2858 685 et
2885 641 3030 688 stare
3078 639 3206 688 ante
3233 632 3427 691 Filium

1835 722 2071 778 hominis
2095 722 2245 790 (Luc.
2273 723 2408 793 ut).
2752 772 2753 775 η

1907 814 2074 871 Orate
2102 826 2305 881 autem,
2326 832 2395 872 ne
2422 818 2514 872 list
2544 816 2666 887 fuga
2696 824 2870 873 vestra
2900 816 2953 873 in
2980 817 3156 873 hieme
3179 818 3263 881 vel
3288 817 3427 880 Sab-

1836 910 1967 965 bato
1999 909 2218 980 (Matth.
2252 914 2421 978 xstv).

2522 1016 2739 1057 ητιιυε.

1910 1092 2287 1161 Ιιιιρετιίειιῐθέ
2311 1092 2541 1147 invicem
2590 1093 2849 1147 honorem
2880 1100 3137 1161 tanquam
3181 1091 3425 1146 coluere-

1834 1186 1989 1242 dibus
2011 1186 2196 1254 gratiae
2220 1186 2363 1252 vitm,
2397 1196 2457 1241 ut
2477 1200 2584 1241 non
2624 1183 2979 1256 impediantur
3024 1183 3301 1240 orationes
3328 1196 3427 1237 ve-

1835 1284 1959 1331 stra:
1997 1276 2047 1347 (1
2084 1275 2225 1330 Petr.
2251 1278 2353 1347 nt).

2520 1383 2742 1423 ΡΑυιυε.

1906 1462 2147 1517 Orationi
2180 1463 2460 1527 instantes,
2488 1469 2711 1517 orantes
2758 1459 2904 1516 omni
2953 1468 3197 1529 tempore
3228 1458 3281 1514 in
3309 1458 3423 1531 spi-

1837 1556 1963 1622 ritu,
1987 1556 2267 1624 vigilantes
2298 1556 2350 1610 in
2382 1556 2527 1612 omni
2552 1554 2757 1623 justitia
2790 1553 2966 1624 (Rom.
3000 1553 3116 1625 sn).

2515 1660 2757 1700 JACOBUS.

1908 1742 2071 1796 Orate
2098 1755 2193 1808 pro
2220 1738 2468 1805 invicem,
2502 1748 2559 1793 ut
2581 1739 2859 1793 salvemini
2893 1738 3099 1808 (Iacob.
3124 1737 3179 1807 v)

1914 1834 2135 1888 Multum
2161 1834 2300 1888 enim
2326 1832 2466 1887 valet
2492 1831 2802 1902 deprecatio
2821 1831 2952 1901 justi
2981 1830 3194 1888 assidua
3215 1829 3428 1901 (lbid.).

2506 1941 2765 1981 SMOION.

1913 2020 2098 2089 Longe
2119 2028 2203 2074 est
2234 2020 2487 2075 Dominus
2518 2019 2584 2073 ab
2614 2018 2811 2088 impiis,
2854 2025 2910 2073 et
2938 2018 3215 2073 orationes
3248 2017 3429 2086 justo-

1841 2128 1959 2166 rnm
1992 2111 2243 2165 exaudiet
2276 2110 2455 2179 (Prov.
2492 2110 2602 2177 xv).

1913 2204 2103 2259 Melior
2142 2212 2225 2260 est
2271 2203 2390 2259 linis
2440 2202 2700 2258 orationis
2752 2216 2914 2273 quam
2956 2200 3276 2273 principium
3300 2199 3431 2273 (Ec-

1838 2300 1959 2353 cli’s.
1988 2301 2102 2369 vn).

1912 2397 2050 2450 Ante
2092 2394 2395 2450 orationem
2427 2407 2669 2463 praepara
2719 2392 2953 2447 animam
3000 2399 3170 2459 tuam,
3215 2401 3272 2448 et
3320 2392 3431 2450 noli

1838 2504 1957 2545 esse
1984 2488 2135 2557 quasi
2168 2488 2332 2543 homo
2353 2487 2443 2556 qui
2468 2494 2639 2541 lentat
2661 2485 2826 2541 Deum
2859 2484 3082 2555 (Eccles.
3113 2486 3285 2554 xvnt).

1905 2580 2005 2646 Qui
2033 2587 2324 2635 conservat
2348 2579 2593 2643 verbum,
2616 2576 2940 2648 multiplicat
2962 2577 3262 2633 orationem
3296 2576 3429 2647 (Ec-

1838 2672 1960 2725 tn'es.
1986 2672 2171 2741 νιν).

1910 2759 2356 2830 Deprecationem
2388 2758 2497 2814 lassi
2528 2758 2778 2814 exaudiet
2800 2757 2939 2812 Deus
2963 2757 3191 2828 (Eccles.
3220 2760 3427 2831 xxxiv).

1905 2852 2090 2906 Oratio
2121 2850 2455 2905 huiniliantis
2483 2865 2543 2905 se
2571 2851 2741 2905 nubes
2769 2848 3076 2919 penetrabit
3108 2850 3319 2920 (Ibid.).

1905 2941 2023 3004 Fili,
2058 2942 2107 2995 in
2153 2949 2241 2996 tua
2276 2941 2591 2995 inﬁrmitate
2624 2955 2691 2995 ne
2718 2939 2985 3009 despicias
3018 2949 3071 2993 te
3096 2940 3290 3010 ipsum,
3323 2941 3422 2999 sed

1834 3049 1928 3089 ora
1961 3034 2153 3101 Deum,
2184 3042 2242 3088 et
2272 3034 2388 3102 ipse
2419 3033 2631 3087 curabit
2658 3040 2713 3086 te
2743 3030 2967 3101 (Eccles.
2996 3035 3244 3102 xxxviii).

1903 3126 2157 3187 Avertem
2186 3125 2403 3189 delicto,
2434 3132 2489 3179 et
2518 3125 2683 3193 dirige
2722 3139 2929 3192 manus,
2958 3132 3013 3180 et
3046 3127 3114 3180 ab
3135 3126 3282 3185 omni
3315 3125 3417 3183 de-

1832 3218 1958 3273 licto
1990 3217 2187 3271 munda
2214 3232 2308 3272 cor
2335 3224 2483 3270 tuum
2522 3214 2733 3285 (lbid.).

2459 3322 2804 3363 AUGUSTINUS.

1906 3402 2251 3458 Orationibus
2288 3400 2639 3464 inundamur,
2691 3400 3013 3457 lectionibus
3061 3400 3422 3457 instruimur:

1835 3506 2122 3563 utrumque
2151 3494 2351 3549 bonum
2382 3500 2465 3548 est
2492 3494 2535 3546 si
2567 3492 2728 3547 liceat
2759 3509 2775 3546 :
2806 3492 2851 3546 si
2882 3507 2989 3547 non
3014 3491 3198 3557 liceat,
3224 3493 3418 3550 melius

1835 3596 1916 3643 est
1938 3602 2094 3640 orare
2114 3600 2274 3653 quam
2320 3583 2520 3652 legere,
2551 3581 2678 3651 quia
2706 3581 2758 3636 in
2788 3581 3020 3637 lectione
3050 3584 3426 3650 cognoscimus

1834 3679 1961 3751 quid
1990 3676 2167 3733 facere
2196 3676 2473 3740 debemus,
2520 3674 2573 3729 in
2620 3673 2870 3730 oratione
2898 3673 3089 3732 eadem
3116 3675 3414 3745 accipimus

1834 3788 1950 3843 qua:
1990 3770 2343 3842 postulamus.

1904 3864 2087 3933 Neque
2114 3861 2204 3916 die
2228 3876 2411 3927 vaces,
2437 3874 2611 3929 neque
2658 3867 2822 3915 nocte
2856 3860 2991 3921 :sed
3031 3874 3154 3917 cum
3199 3876 3424 3919 somnus

1833 3956 1901 4011 de
1927 3955 2095 4010 oculis
2117 3954 2221 4009 tuis
2241 3952 2516 4017 ceciderit,
2563 3960 2692 4008 tunc
2719 3966 2912 4008 sensus
2936 3960 3059 4007 tuus
3100 3952 3153 4007 in
3178 3954 3425 4011 oratione

1833 4050 2034 4117 vigilet.

1903 4139 2086 4195 Oratio
2110 4138 2306 4194 munda
2331 4154 2359 4193 a
2392 4140 2631 4209 peccatis
2661 4138 2824 4193 habet
2850 4139 3100 4194 salutem.

1902 4232 1961 4285 In
1985 4231 2236 4286 oratione
2286 4238 2506 4299 paratus
2549 4238 2705 4283 esto:
2752 4228 2985 4284 ostende
3030 4226 3418 4286 conscientiam

1830 4326 2008 4383 cordis
2037 4325 2130 4390 tui,
2161 4331 2219 4377 ut
2248 4322 2565 4393 ampliorem
2593 4322 2820 4391 gratiam
2847 4323 3214 4391 consequaris.

2453 4429 2803 4470 HIBRONYMUS.

1898 4509 2049 4564 Sicut
2079 4507 2300 4562 militem
2332 4506 2448 4560 sine
2478 4506 2641 4559 armis
2670 4505 2738 4559 ad
2758 4504 2959 4561 bellum
2980 4506 3130 4561 exire
3149 4521 3257 4563 non
3286 4522 3420 4564 eon-

1747 4633 1800 4696 D
1831 4603 1993 4667 venit,
2028 4600 2101 4653 ita
2139 4597 2342 4654 homini
2374 4597 2668 4652 christiano
2694 4595 2988 4665 procedere
3032 4597 3275 4667 quolibet
3301 4599 3419 4657 sine

1827 4691 2166 4749 Orationibus
2193 4705 2298 4742 non
2329 4687 2563 4756 expedit.

1899 4786 2249 4854 Egredientes
2275 4782 2341 4837 de
2367 4781 2601 4850 hospitio
2624 4787 2795 4833 armet
2824 4779 3018 4834 oratio.

1901 4875 2351 4945 Regredientibus
2375 4872 2443 4927 de
2474 4870 2651 4941 platea
2679 4872 2854 4926 oratio
2878 4880 3148 4929 occurrat.

2462 4980 2773 5019 ῦιιεςοιιιυε.

1896 5064 2107 5131 Quanto
2137 5059 2367 5129 graviori
2400 5057 2629 5112 tumultu
2676 5056 3063 5124 cogitationum
3112 5060 3409 5117 carnalium

1825 5159 2145 5229 prnuimur,
2201 5161 2349 5208 tanto
2398 5150 2628 5206 orationi
2674 5149 2950 5205 ardentius
3016 5150 3262 5206 insistere
3318 5154 3414 5208 de-

1823 5252 2023 5306 lienus.

1896 5342 1972 5394 Ad
1997 5339 2161 5393 Deum
2175 5339 2371 5409 quippe
2388 5334 2551 5390 corda
2571 5350 2691 5389 cum
2708 5334 2951 5389 manibus
2970 5334 3171 5401 levare,
3194 5345 3274 5390 est
3290 5350 3411 5391 ora-

1826 5432 1957 5485 tioni
2006 5439 2203 5485 nostra:
2243 5428 2478 5482 studium
2510 5426 2865 5495 cunninerito
2913 5426 3037 5481 boni
3076 5427 3255 5496 operis
3306 5427 3408 5480 im-

1827 5539 2047 5595 poeere.

1897 5616 2067 5671 Citius
2088 5614 2152 5668 ad
2178 5628 2395 5683 precem
2425 5611 2590 5682 judex
2621 5610 2874 5676 ﬂectitur,
2898 5612 2941 5666 si
2964 5626 2991 5665 a
3020 5613 3283 5680 pravitate
3309 5626 3408 5666 sua

1827 5713 2026 5782 petitor
2053 5708 2371 5775 corrigatur.

1897 5804 1991 5860 llle
2037 5817 2164 5871 ergo
2195 5802 2247 5856 in
2282 5801 2497 5856 nomine
2522 5799 2818 5855 Salvatoris
2848 5800 3009 5870 petit,
3044 5800 3135 5870 qui
3164 5799 3288 5855 illud
3313 5815 3407 5873 pe-

1830 5897 1893 5951 tit
1931 5896 2071 5964 quod
2103 5894 2167 5949 ad
2194 5910 2373 5950 veram
2405 5895 2629 5951 salutem
2652 5894 2903 5965 pertinet.
