4194 6610
784 412 888 470 615

1763 411 2183 471 DEFENSOBIS
2221 409 2762 471 LOCOCIAGENSIS
2802 410 3111 471 MONACHI

3958 415 4057 473 6l6

850 525 981 577 Nam
1003 523 1047 578 si
1072 520 1123 578 id
1147 521 1290 593 quod
1317 536 1424 578 non
1449 520 1668 592 expedit
1692 522 1916 592 petitur,
1935 538 2043 579 non
2070 522 2123 578 in
2143 522 2361 578 nomine
2390 524 2444 584 Α
2541 518 2855 590 Purgandus
2894 530 2980 577 est
3023 522 3207 593 itaque
3250 519 3483 593 primum
3540 520 3781 589 animus,
3834 529 3999 592 atque
4023 541 4052 579 a

777 614 902 670 Jesu
932 616 1147 685 petitur.

847 704 982 759 Cum
1006 720 1136 760 vero
1164 704 1395 761 orationi
1441 705 1788 761 vehementer
1832 706 2213 770 institerimus,
2255 713 2361 760 stat

776 798 930 853 Jesus
969 807 1029 852 ut
1056 798 1229 853 lucem
1260 800 1530 854 restituat.
1561 797 1699 866 Quia
1731 799 1871 854 Deus
1893 799 1946 854 in
1974 798 2138 855 corde
2160 797 2357 867 ﬁgitur,

778 888 867 944 lux
890 890 1083 944 amissa
1107 897 1406 958 reparetur.

846 982 945 1047 Qui
977 991 1156 1035 autem
1196 982 1426 1037 terrenis
1460 981 1670 1037 actibus
1711 982 1846 1036 liber
1883 982 1983 1036 soli
2015 981 2124 1035 Deo
2164 995 2357 1036 vacare

773 1073 988 1139 meruit,
1023 1090 1119 1144 pro
1145 1074 1578 1141 delinqttentibus
1604 1076 1863 1143 proximis
1901 1084 2107 1128 exoret.

848 1166 922 1218 lia
952 1180 1071 1234 qum
1102 1164 1425 1234 perscrutari
1468 1164 1521 1218 in
1562 1164 1958 1233 nobismetipsis
1994 1164 2201 1232 plenius
2230 1164 2356 1217 uiti-

774 1271 923 1322 mur,
973 1270 1113 1327 saepe
1142 1255 1324 1310 verius
1362 1254 1569 1309 orando
1600 1272 1759 1323 quam
1792 1254 2158 1323 investigando
2189 1269 2354 1323 pene-

774 1359 995 1404 tramus.

1436 1454 1690 1496 lSlDORUS.

849 1533 1035 1588 Oratio
1058 1533 1238 1589 cordis
1265 1540 1372 1600 est,
1399 1548 1509 1586 non
1539 1532 1799 1585 labiorum
1826 1547 1839 1584 :
1871 1545 2045 1601 neque
2066 1531 2206 1584 enim
2231 1547 2354 1586 ver-

769 1626 838 1681 ba
865 1627 1204 1695 deprecantis
1238 1626 1376 1680 Deus
1404 1626 1652 1691 intendit,
1676 1625 1769 1679 sed
1797 1626 1999 1679 orantis
2023 1641 2117 1679 cur
2137 1626 2349 1694 aspicit.

843 1717 1033 1771 Melius
1056 1726 1139 1772 est
1168 1726 1347 1770 autem
1390 1731 1511 1771 cum
1541 1716 1755 1769 silentio
1785 1730 1941 1768 orare
1971 1714 2167 1781 cordis,
2192 1730 2350 1783 quam

770 1812 902 1867 solis
932 1812 1110 1869 verbis
1131 1812 1247 1866 sine
1276 1810 1470 1865 intuitu
1500 1811 1715 1864 mentis.

2463 609 2843 679 temporalium
2884 624 3066 665 rerum
3100 610 3522 679 cogitationibus
3568 611 3971 680 segregandus,
4000 622 4055 667 ut

2462 711 2598 766 pura
2625 700 2771 756 acies
2797 700 2980 756 cordis
3006 700 3076 757 ad
3103 699 3274 757 Deum
3312 716 3443 757 vere
3479 710 3537 756 et
3574 702 3904 773 simpliciter
3932 704 4053 757 diri-

2458 801 2632 861 gatur.

2532 886 2680 942 Tunc
2707 885 2985 955 impetrari
3014 885 3253 943 divinam
3284 888 3721 945 misericordiam
3759 890 4050 956 credimus,

2457 977 2673 1046 quando
2698 976 2930 1047 simplici
2968 976 3162 1033 affectu
3192 978 3490 1034 assistimus
3509 994 3636 1034 cum
3665 995 3916 1035 oramus.

2530 1068 2682 1125 Tunc
2713 1078 2892 1125 autem
2921 1070 3091 1140 magis
3126 1070 3374 1127 diabolus
3399 1072 3768 1141 cogitationes
3806 1088 4054 1129 curarum

2457 1160 2792 1215 smcularium
2821 1161 3072 1217 humanis
3099 1163 3293 1233 ingerit
3319 1165 3611 1231 mentibus,
3639 1165 3871 1235 quando
3900 1180 4053 1222 oran-

2460 1260 2540 1306 tes
2562 1253 2854 1321 aspexerit.

2531 1346 2631 1410 Qui
2658 1346 2888 1413 laeditur,
2921 1360 3029 1401 non
3074 1347 3301 1402 desistat
3348 1362 3508 1405 orare
3557 1364 3658 1420 pro
3702 1364 3769 1405 se
3812 1349 4053 1406 laedenti-

2458 1436 2590 1502 bus;
2618 1438 2875 1508 alioquin,
2905 1439 3058 1507 juxta
3085 1439 3180 1495 Dei
3220 1444 3566 1510 sententiam,
3591 1453 3794 1513 peccat
3821 1444 3919 1513 qui
3958 1458 4053 1514 pro

2460 1526 2688 1584 inimicis
2716 1545 2824 1584 non
2856 1539 2995 1585 orat.

2529 1621 2667 1675 Nihil
2691 1622 2904 1693 prolicit
2941 1625 3115 1682 oratio
3165 1626 3324 1692 illius,
3371 1629 3528 1698 cujus
3567 1630 3750 1688 adlmc
3790 1631 3954 1688 dolor
3994 1632 4046 1686 in

2455 1724 2657 1779 mente,
2690 1715 2774 1768 vel
2802 1715 2982 1770 odium
3013 1726 3197 1773 manet
3219 1718 3270 1772 in
3297 1728 3536 1788 pectore.

2527 1807 2633 1862 Cor
2653 1807 2795 1863 enim
2824 1824 2948 1865 cum
2995 1811 3244 1867 manibus
3270 1812 3414 1868 levat
3447 1814 3538 1883 qui
3586 1814 3903 1872 orationem
3929 1831 4048 1873 cum

842 1900 996 1967 Quod
1034 1901 1077 1953 si
1106 1900 1266 1952 tacite
1288 1916 1381 1952 cor
1410 1906 1549 1964 oret,
1580 1907 1752 1952 etvox
1777 1900 1953 1961 sileat,
1986 1898 2230 1966 quamvis
2256 1898 2353 1950 lto-
2380 1883 2430 1943 Β
2457 1916 2622 1970 opere
2650 1899 2912 1955 sublevat.

772 1993 948 2049 mines
976 1993 1161 2057 lateat,
1190 1992 1360 2047 Deum
1387 1991 1555 2047 latere
1581 2009 1685 2046 non
1716 1999 1916 2063 potest,
1946 1992 2038 2061 qui
2070 1990 2354 2045 conscien-

771 2084 859 2137 tia:
888 2098 1124 2153 praesens
1151 2092 1252 2139 est.

843 2172 983 2228 Pura
1007 2183 1089 2229 est
1117 2175 1311 2239 oratio,
1342 2188 1501 2243 quam
1541 2175 1592 2229 in
1620 2190 1717 2229 suo
1747 2182 1993 2244 tempore
2021 2174 2200 2229 sccculi
2243 2188 2352 2229 non

773 2266 1135 2322 interveniunt
1158 2281 1319 2321 curre.

843 2357 1026 2425 Longe
1054 2359 1253 2428 quippe
1294 2374 1323 2412 a
1373 2359 1482 2415 Deo
1519 2366 1603 2414 est
1646 2358 1875 2425 animus,
1906 2358 1998 2428 qui
2024 2358 2076 2413 in
2106 2358 2353 2415 oratione

768 2451 1184 2519 cogitationibus
1229 2453 1411 2506 saeculi
1441 2452 1599 2507 fuerit
1627 2461 1946 2524 occupatus.

843 2544 993 2599 Tune
1021 2559 1148 2614 ergo
1176 2546 1438 2600 veraciter
1473 2562 1693 2601 oramus
1712 2584 1727 2610 ,
1751 2546 1968 2616 quando
1994 2545 2214 2603 aliunde
2242 2560 2351 2603 non

769 2643 1089 2711 cogitamus.

840 2733 946 2787 Sed
980 2734 1129 2788 valde
1156 2732 1312 2803 pauci
1343 2740 1469 2788 sunt
1498 2733 1588 2804 qui
1613 2732 1749 2789 tales
1776 2734 2052 2791 orationes
2080 2734 2349 2804 habeant;

768 2838 821 2882 et
844 2826 968 2881 licet
990 2826 1042 2880 in
1072 2825 1392 2896 quibusdam
1417 2827 1546 2895 sint,
1574 2826 1792 2882 dillicile
1818 2835 1902 2884 est
1930 2835 2108 2883 tamen
2133 2836 2191 2884 ut
2215 2844 2351 2884 sem-

767 2934 864 2989 per
886 2918 1010 2971 sint.

837 3010 986 3065 Sicut
1010 3009 1341 3066 orationibus
1367 3010 1648 3079 regimur,‘
1688 3011 1758 3066 ita
1790 3012 2118 3082 psalmorum
2160 3012 2350 3068 studiis

766 3102 1097 3156 delectemur
1137 3119 1151 3155 :
1199 3101 1458 3172 psallendi
1519 3104 1662 3157 cnim
1716 3103 1919 3159 utilitas
1968 3105 2138 3159 tristia
2181 3105 2347 3161 corda

766 3194 1103 3249 consolatur.

2529 1990 2778 2058 Quisquis
2805 1999 2946 2058 orat,
2994 2000 3051 2047 et
3087 2008 3195 2048 non
3232 2005 3510 2066 Operatur,
3540 2011 3639 2052 cor
3677 1997 3826 2053 levat
3851 2007 3911 2053 et
3944 2013 4054 2053 ma-

2458 2096 2557 2136 nas
2579 2097 2687 2136 non
2714 2082 2874 2136 levat.

2527 2175 2778 2244 Quisquis
2800 2189 2930 2245 ergo
2957 2186 3215 2246 Operatur
3250 2184 3308 2233 et
3332 2192 3444 2234 non
3471 2187 3629 2246 orat,
3661 2194 3862 2236 manus
3888 2181 4052 2247 levat,

2454 2276 2511 2323 et
2538 2282 2636 2323 cor
2655 2282 2764 2323 non
2787 2268 2949 2323 levat.

2526 2356 2664 2426 Ergo
2686 2367 2742 2412 et
2768 2373 2929 2414 orare
2958 2372 3181 2415 necesse
3217 2369 3322 2430 est,
3349 2368 3406 2416 et
3433 2375 3674 2432 operari.

2524 2448 2878 2520 Culpabiliter
2898 2451 2963 2505 ad
2989 2452 3271 2508 Dominum
3298 2469 3520 2509 manum
3547 2456 3748 2525 erigit,
3786 2456 3882 2526 qui
3912 2453 4051 2510 facta

2452 2556 2551 2600 sua
2571 2544 2775 2599 orando
2796 2543 3066 2613 jactanter
3087 2545 3284 2615 prodit.

2523 2632 2626 2699 Qui
2648 2636 2790 2689 enim
2817 2635 3087 2704 iactanter
3118 2646 3238 2692 orat
3265 2638 3478 2694 laudem
3514 2642 3827 2711 appetendo
3858 2642 4051 2697 huma-

2452 2741 2604 2795 nam,
2636 2743 2744 2783 non
2773 2729 2949 2783 solum
2994 2731 3170 2786 oratio
3220 2732 3337 2798 ejus
3387 2749 3494 2788 non
3540 2734 3687 2790 delet
3729 2746 4049 2805 peccatum,

2451 2819 2548 2875 sed
2578 2820 2739 2875 etiam
2767 2821 2882 2890 ipsa
2907 2821 3133 2876 vertitur
3163 2824 3216 2877 in
3247 2833 3552 2893 peccatum.

2524 2910 2746 2975 Quoties
2772 2919 2993 2966 orantes
3022 2926 3131 2966 non
3172 2912 3281 2967 cito
3311 2914 3650 2980 cxaudimur,
3680 2925 3872 2972 nostra
3900 2920 4053 2973 nolis

2450 3000 2594 3055 facta
2622 3001 2672 3054 iu
2701 3002 2871 3057 oculis
2900 3017 3299 3073 proponamus;
3333 3013 3390 3058 ut
3421 3006 3520 3060 hoc
3567 3007 3744 3077 ipsum
3774 3010 3926 3078 quod
3951 3012 4051 3065 dif.

2449 3092 2646 3160 lertur,
2677 3093 2872 3148 divina:
2892 3101 3173 3163 reputetur
3190 3094 3415 3163 justitize
3444 3105 3498 3150 et
3518 3099 3688 3167 eulpae
3718 3109 3944 3153 nostrm.

2522 3183 2681 3254 Saepe
2709 3185 2853 3239 enim
2880 3185 3079 3240 multos
3108 3184 3252 3240 Deus
3283 3202 3392 3242 non
3433 3189 3657 3243 exaudit
3685 3190 3760 3243 ad
3793 3191 4049 3245 volunta-

840 3284 1041 3337 'l‘antus
1069 3299 1188 3339 esse
1219 3282 1379 3339 debet
1418 3284 1624 3341 orantis
1652 3298 1779 3353 erga
1811 3283 1979 3340 Deum
2010 3283 2258 3351 allectus,
2288 3293 2350 3339 ut

2455 3283 2585 3343 tem,
2612 3246 2678 3331 ut
2705 3276 2956 3331 exaudiat
2980 3277 3047 3331 ad
3073 3277 3321 3333 salutem.

766 3391 875 3432 non
913 3375 1165 3444 desperet
1190 3376 1364 3445 precis
1396 3374 1670 3431 elfectum.

834 3466 1070 3522 inaniter
1114 3476 1293 3523 autem
1325 3483 1570 3532 oramus,
1596 3468 1639 3523 si
1665 3467 1779 3538 spei
1811 3466 2059 3524 lidueiam
2101 3482 2211 3525 non
2250 3466 2351 3523 ha-

764 3559 976 3615 bemus.

839 3647 942 3714 Qui
986 3662 1016 3703 a
1047 3649 1328 3719 praeceptis
1371 3647 1465 3704 Dei
1496 3649 1777 3716 avertitur,
1818 3648 1963 3720 quod
2006 3649 2059 3706 in
2104 3650 2354 3706 oratione

769 3740 1012 3815 postulat
1032 3757 1139 3795 non
1166 3742 1480 3796 merebitur.

837 3830 895 3886 Si
915 3840 1096 3887 autem
1126 3832 1175 3886 id
1207 3834 1351 3901 quod
1380 3833 1635 3903 pr.rcepil
1663 3832 1827 3901 Deus,
1856 3835 2099 3901 facimus,
2132 3834 2184 3891 id
2207 3834 2351 3906 quod

763 3922 998 3995 petimus
1020 3923 1135 3977 sine
1163 3923 1327 3979 dubio
1358 3924 1685 3980 obtinemus.

837 4013 1021 4069 Oratio
1050 4015 1103 4069 iu
1135 4016 1381 4084 prmsenti
1411 4024 1615 4070 tantum
1641 4015 1749 4070 vita
1770 4032 1869 4086 pro
1891 4018 2132 4073 remedio
2159 4033 2354 4088 pecca-

764 4115 942 4162 torum
971 4105 1279 4170 ell'unditur,
1307 4108 1632 4177 psalmorum
1664 4118 1844 4165 autem
1887 4110 2195 4167 decantatio
2218 4128 2345 4183 per-

762 4205 983 4267 petuam
1012 4196 1107 4251 Dei
1138 4196 1352 4253 laudem
1390 4199 1744 4266 demonstrat,
1776 4208 1833 4256 et
1871 4200 2098 4270 gloriam
2146 4203 2345 4273 sempi-

767 4303 998 4346 lernam.

834 4381 930 4437 Dei
959 4396 1146 4438 servus
1179 4382 1393 4454 quoties
1423 4384 1666 4453 quolibet
1706 4386 1944 4456 tangitur
1988 4386 2141 4453 vitio,
2186 4387 2349 4443 toties

765 4474 833 4530 ad
864 4475 1163 4530 orationem
1176 4490 1244 4530 se
1270 4474 1484 4530 subdat.

836 4565 970 4632 Quia
992 4568 1245 4635 frequens
1272 4567 1445 4622 oratio
1473 4567 1722 4625 vitiorum
1753 4570 2214 4640 impugnationem
2251 4587 2348 4627 ex-
2377 4604 2431 4668 Β

765 4658 1006 4728 stinguit.
2152 4706 2155 4711 .

834 4747 1035 4803 Tamen
1083 4759 1491 4817 perseveranter
1525 4750 1801 4807 intendere
1842 4762 2053 4823 oportet
2112 4769 2351 4811 animum

766 4849 1011 4896 nostrqu
1032 4840 1238 4896 orando
1258 4849 1419 4910 atque
1440 4842 1735 4911 psalleudo,
1760 4858 2044 4914 quousque
2087 4847 2350 4917 importu-

767 4946 865 4986 nas
888 4931 1275 4986 desideriorum
1319 4932 1613 4987 carnalium
1643 4936 2047 5002 suggestiones,
2095 4952 2214 5007 qua:
2244 4954 2344 4993 no-

766 5021 893 5076 stris
914 5020 1234 5092 obstrepunt
1258 5022 1523 5090 sensibus,
1548 5023 1833 5079 fortissima
1859 5027 2157 5084 intentione
2182 5044 2346 5100 supe-

770 5132 969 5171 Γειιιιιε.

844 5209 976 5261 ltum
1006 5208 1148 5264 enim
1170 5223 1416 5275 oramus,
1462 5210 1529 5265 ad
1560 5212 1876 5268 memoriam
1925 5213 2136 5284 culpam
2185 5216 2348 5272 redu-

768 5312 957 5354 CllllllS.

836 5394 973 5448 Cum
1004 5394 1114 5449 Deo
1137 5394 1453 5461 assistimus,
1479 5407 1695 5463 gemere
1723 5405 1780 5451 et
1799 5396 1929 5453 ﬂere
1958 5398 2235 5465 debemus,
2261 5415 2350 5457 re-

767 5486 1113 5541 miniscentes
1141 5502 1303 5554 quam
1325 5488 1506 5556 gravia
1532 5489 1640 5543 sint
1678 5490 1882 5543 scelera
1911 5505 2031 5558 qua:
2079 5494 2348 5548 commisi-

771 5594 911 5644 mus,
933 5586 986 5631 et
1013 5593 1173 5646 quam
1203 5579 1335 5633 dura
1366 5579 1555 5634 inferni
1579 5582 1836 5651 supplicia
1867 5598 1984 5651 qum
2007 5585 2274 5641 timemus.

844 5671 990 5724 Mens
1010 5673 1152 5723 enim
1199 5681 1378 5724 nostra
1426 5674 1658 5728 caelestis
1699 5683 1822 5728 est:
1866 5685 1920 5729 et
1968 5686 2093 5733 tunc
2144 5682 2348 5736 orando

774 5760 939 5814 Deum
984 5763 1120 5817 bene
1178 5764 1606 5833 contemplatur,
1650 5767 1866 5836 quando
1916 5769 2076 5828 nullis
2123 5774 2349 5828 terrenis

774 5853 917 5906 curis
946 5860 1039 5907 aut
1066 5856 1337 5912 erroribus
1368 5857 1679 5925 impeditur.

2525 3368 2642 3425 Non
2661 3370 2803 3424 enim
2834 3371 3087 3425 conciliat
3111 3370 3276 3426 Deum
3298 3372 3583 3444 multiplex
3606 3376 3819 3431 orantis
3849 3390 4050 3442 sermo,

2452 3462 2548 3521 sed
2577 3464 2862 3534 purissima
2894 3466 3212 3534 sinceraque
3239 3467 3507 3522 orationis
3537 3468 3795 3524 intentio.

2524 3554 2708 3610 Oratio
2731 3555 2983 3624 frequens
3010 3555 3208 3609 diaboli
3234 3555 3413 3624 jacula
3452 3559 3762 3614 submovet.

2524 3645 2710 3703 Oratio
2737 3648 2993 3703 continua
3020 3646 3220 3703 diaboli
3251 3649 3357 3704 tela
3388 3665 3704 3721 exsuperat.

2526 3740 2834 3794 lmmundos
2861 3740 3004 3794 enim
3034 3739 3252 3810 spiritus
3275 3742 3540 3798 orationis
3565 3744 3740 3799 vineit
3766 3744 4049 3811 instantia,

2453 3834 2582 3905 quia
2611 3832 2877 3887 daemonia
2906 3847 3005 3902 per
3030 3833 3334 3888 orationem
3360 3834 3668 3891 vincuntur.

2948 3964 3015 4004 EX
3044 3963 3198 4005 LIBIO
3234 3964 3553 4006 CLEIENTIS.

2529 4042 2823 4114 Disciplina
2871 4042 3028 4097 nobis
3048 4050 3141 4097 'est
3175 4057 3334 4099 orare
3374 4058 3473 4113 pro
3518 4042 3977 4103 interfectoribus
4002 4052 4054 4103 et

2454 4155 2555 4212 pro
2584 4137 3027 4211 persecutoribus
3055 4139 3273 4195 nostris.

3127 4269 3186 4309 ΒΔ
3194 4268 3375 4310 ειιιυς.

2527 4345 2710 4404 Oratio
2738 4361 2971 4417 namque
3004 4345 3220 4416 grandis
3243 4346 3471 4403 monitio
3500 4354 3584 4404 est
3612 4348 3835 4405 animae.

2528 4440 2632 4498 Per
2656 4441 2931 4497 orationes
2972 4439 3289 4512 purissimas
3315 4440 3495 4495 omnia
3551 4441 3709 4496 nobis
3760 4444 3925 4497 utilia
3963 4444 4051 4499 tri-

2456 4538 2693 4593 buuntur
2714 4551 2745 4592 a
2774 4534 3006 4593 Domino
3058 4543 3113 4592 et
3138 4544 3333 4593 cuncta
3354 4536 3519 4593 noxia
3549 4537 3741 4609 procul
3762 4537 3945 4598 dubio
3980 4541 4053 4597 ef-

2456 4629 2726 4698 fugantur.

3100 4737 3400 4779 ειρκιλκυε.

2522 4812 2667 4869 Bona
2698 4822 2782 4870 est
2802 4812 2975 4871 oratio
3002 4828 3121 4870 cum
3162 4813 3391 4884 jejunio,
3435 4820 3491 4871 et
3520 4813 3881 4889 eleemosyna
3932 4835 4048 4876 cum

2446 4906 2674 4976 justitia.

2521 4997 2643 5052 Cito
2674 4997 2947 5053 orationes
2974 4996 3042 5053 ad
3088 4995 3374 5052 Dominum
3423 4999 3749 5067 ascendunt,
3790 5016 3946 5071 quas
3993 5002 4051 5056 ad

2450 5102 2572 5143 eum
2606 5087 2797 5142 merita
2826 5087 2995 5143 nostri
3026 5090 3209 5159 operis
3238 5088 3542 5159 imponunt.

3104 5216 3388 5258 οιςλιιιυς.

2521 5294 2613 5349 Sic
2642 5292 2860 5349 lectioni
2887 5301 2941 5348 et
2970 5292 3205 5349 orationi.
3231 5293 3440 5350 debetis
3478 5294 3817 5366 incumbere,
3858 5312 3924 5356 ut
3971 5318 4046 5356 m-

2451 5385 2658 5442 terdum
2684 5385 2843 5442 etiam
2869 5385 3118 5442 manibus
3138 5384 3337 5455 aliquid
3365 5387 3581 5457 possitis
3602 5404 3895 5451 exercere.

3103 5512 3358 5555 ιειυοκυε.

2524 5596 2741 5654 Duobus
2793 5597 2970 5654 modis
3019 5597 3195 5653 oratio
3252 5598 3562 5669 impeditur,
3622 5617 3691 5659 ne
3747 5604 4051 5676 impetrare

2452 5690 2678 5758 quisque
2701 5687 2876 5742 valeat
2895 5687 3165 5758 postulata
3197 5703 3213 5741 ι
3243 5688 3345 5744 hoc
3373 5697 3477 5754 est,
3507 5691 3553 5746 si
3594 5700 3687 5746 aut
3716 5696 3865 5751 mala
3900 5700 4049 5769 quis-

2451 5793 2558 5847 que
2586 5777 2759 5832 adhuc
2782 5777 3089 5847 committit,
3112 5785 3206 5834 aut
3231 5778 3279 5835 si
3325 5778 3664 5853 delinquentl
3712 5785 3818 5842 sibi
3867 5789 4050 5846 debita

2455 5883 2561 5925 non
2591 5868 2828 5926 dimittit.
