4194 6544
179 426 274 480 si:
1462 417 1770 495 sctx't'tLL

1873 413 1964 469 Udi
2020 416 2239 470 LIBER.

727 558 793 595 EX
826 556 963 595 VITIS
994 555 1228 594 PATRUII.

242 636 398 692 Sicut
452 643 718 691 venenata
763 632 1015 687 animalia
1048 631 1302 686 fortiores
1340 632 1524 684 hernae
1571 629 1655 682 vel
1700 626 1773 695 ιιι.

173 745 391 807 gutenta
422 732 724 805 expellunt,
752 731 823 785 ita
854 736 910 785 et
938 726 1299 798 cogitationes
1318 722 1567 780 sordidas
1595 720 1771 778 oratio

172 846 293 886 cum
307 828 519 899 jejunio
548 824 783 897 repellit.

240 928 445 996 Quales
473 927 752 982 orationes
774 924 1023 980 volumus
1054 920 1319 985 invenire,
1358 916 1492 971 tales
1522 930 1617 970 uas
1642 922 1771 967 ante

173 1032 385 1091 tempus
414 1020 468 1075 iu
499 1019 803 1074 orationem
830 1030 1137 1090 prmparare
1158 1013 1436 1069 debemus.

238 1114 461 1170 Christo
487 1113 633 1169 enim
674 1127 827 1167 mens
868 1111 1179 1180 conjuncta,
1232 1117 1287 1162 et
1332 1106 1601 1176 prtccipue
1635 1111 1768 1155 tem-

171 1206 323 1276 pore'
359 1205 624 1261 orationis
680 1205 903 1268 intenta,
954 1199 1087 1256 nihil
1130 1200 1350 1263 malum,
1385 1196 1514 1251 nihil
1574 1210 1765 1264 super-

172 1296 333 1353 ﬂuum
367 1296 582 1368 recipit.

763 1386 990 1445 CAPUT
1031 1385 1161 1440 Vlll.

730 1503 808 1559 De
864 1502 1205 1573 confessione.

831 1650 1105 1689 CHRISTUS.

241 1733 431 1787 Umnis
461 1745 590 1799 ergo
622 1729 713 1798 qui
746 1726 1087 1783 confitebitur
1118 1739 1201 1777 me
1231 1738 1413 1776 coram
1440 1719 1768 1777 hominibus,

173 1827 479 1883 contitebor
501 1833 555 1880 et
576 1836 678 1892 ego
708 1837 831 1878 eum
852 1835 1037 1875 eoi-am
1061 1816 1220 1872 Patre
1254 1831 1393 1879 meo,
1419 1814 1507 1883 qui
1534 1813 1585 1866 in
1619 1813 1768 1865 nuli;

172 1932 251 1979 est
276 1922 492 1992 (Matth.
531 1921 606 1987 .\‘).

874 2022 1087 2062 PAULUS.

240 2106 350 2162 Ore
370 2116 555 2161 autem
588 2102 857 2160 confessio
885 2102 942 2154 lit
968 2100 1038 2155 ad
1060 2099 1288 2154 salutem
1320 2096 1499 2163 (Itoni.
1540 2112 1613 2155 It).

845 2230 1087 2270 JACOBUS.

242 2313 595 2371 Conlitemiui
626 2311 947 2365 alterutrum
996 2315 1221 2375 peccata
1266 2312 1469 2369 vestra,
1515 2309 1567 2355 et
1617 2306 1771 2352 orate

170 2427 269 2482 pro
297 2412 557 2475 invicem,
586 2416 646 2463 ut
673 2403 957 2462 salvemini
990 2402 1198 2471 (Jacob.
1232 2399 1305 2468 ν).

840 2528 1102 2570 εΑιοιιοΝ.

242 2617 347 2683 Qui
380 2612 669 2670 abscondit
712 2619 934 2681 peccata
964 2621 1062 2665 sua
1086 2647 1101 2673 ,
1142 2620 1247 2658 non
1292 2602 1555 2668 dirigetur
1588 2596 1772 2668 (Prov.

170 2725 391 2765 κινιιι).

238 2726 336 2764 ,νιιι
378 2750 391 2761 .

238 2709 558 2864 Qui)autem
587 2790 867 2848 confessus
891 2792 1050 2845 fuerit
1071 2795 1126 2843 et
1148 2782 1427 2854 reliquerit
1448 2796 1535 2847 ea,
1552 2782 1769 2834 misert-

168 2892 414 2949 cordiam
446 2894 811 2957 consequetur
838 2882 1049 2955 (Ibid.).

851 3013 1096 3055 JOANNES.

243 3104 303 3159 Si
331 3100 628 3158 dixerimus
679 3098 803 3167 quia
852 3105 1138 3167 peceatum
1187 3105 1294 3145 non
1343 3089 1621 3150 habemus,
1673 3082 1772 3152 ipsi

170 3214 269 3254 nos
292 3196 630 3259 seducimus,
659 3202 714 3246 et
730 3192 931 3245 veritas
949 3188 1000 3241 in
1035 3186 1189 3241 nobis
1212 3199 1318 3238 non
1336 3188 1417 3235 est
1435 3179 1485 3250 (λι
1516 3179 1672 3233 Joau.
1708 3176 1770 3240 ι).

238 3288 301 3346 Si
344 3289 706 3344 confiteantur
738 3292 959 3354 peccata
1011 3290 1223 3343 nostra,
1278 3275 1449 3329 ﬁdelis
1492 3280 1549 3328 et
1590 3271 1767 3340 justus
1799 3286 1845 3350 ρ

168 3396 275 3453 est,
306 3392 369 3439 ut
398 3382 639 3437 remittat
663 3378 820 3435 nobis
848 3383 1070 3445 peccata
1092 3381 1302 3437 nostra,
1329 3376 1386 3423 et
1415 3365 1637 3422 mundei
1669 3380 1767 3418 nos

170 3480 240 3536 ab
269 3476 425 3534 omni
455 3472 743 3543 iniquitate
766 3466 983 3542 (1bid.).

772 3598 922 3639 JESUS
948 3596 1154 3637 SIRACH.

246 3687 374 3743 Non
404 3680 753 3741 confundaris
781 3677 1027 3734 cenliteri
1054 3682 1274 3745 peccata
1302 3682 1410 3731 tua,
1452 3677 1507 3723 et
1539 3681 1607 3722 ne
1646 3666 1773 3719 sub-

168 3783 325 3855 jicias
356 3791 409 3834 te
438 3777 585 3833 otuni
614 3772 820 3830 homini
851 3786 950 3841 pro
983 3776 1206 3839 peccato
1230 3764 1313 3835 (E:
1334 3764 1455 3817 διεδ.
1492 3763 1586 3830 tv).

239 3867 609 3928 Conﬁteberis
631 3866 841 3932 vivens,
866 3862 1021 3916 vivus
1050 3868 1107 3913 et
1133 3873 1297 3915 sanus
1317 3851 1683 3913 confiteberis,
1717 3859 1769 3905 et

172 3966 421 4021 laudabis
456 3961 759 4024 Dominum,
784 3964 841 4011 et
869 3953 1192 4025 gloriaberis
1246 3951 1297 4003 in
1331 3943 1771 4002 miserationibus

171 4058 317 4115 illius
342 4054 569 4110 (Eccles.
601 4052 755 4121 xvtt).

844 4156 1118 4198 OBIGINES.

242 4243 303 4298 Si
326 4239 530 4296 dixeris
558 4244 779 4308 peccata
822 4242 912 4288 tua
962 4232 1130 4302 prior,
1158 4228 1410 4285 exaudiet
1432 4237 1486 4283 te
1512 4227 1773 4283 Dominus

174 4344 437 4406 tanquam
467 4329 728 4402 populum
759 4342 937 4383 suum.

806 4431 1148 4474 AUGUSTINUS.

243 4516 537 4573 Confessio
564 4513 805 4568 omnium
845 4510 1109 4564 malorum
1153 4506 1363 4561 initium
1402 4515 1487 4559 est
1527 4505 1767 4559 omnium

173 4624 404 4683 operum
429 4608 720 4662 bonorum.

250 4701 357 4768 Qui
404 4698 698 4754 conﬁtetur
744 4702 965 4763 peccata
1013 4705 1143 4749 sua.
1195 4698 1251 4743 et
1290 4698 1509 4744 accusat
1561 4688 1767 4743 scelera

172 4810 293 4861 sua,
320 4807 444 4847 cum
476 4789 589 4842 Deo
612 4786 741 4841 facit
766 4793 1004 4855 pactum.

246 4885 411 4938 Ferto
435 4889 642 4950 patrem
671 4877 1029 4939 erudientem,
1058 4887 1126 4928 ne
1156 4873 1359 4929 sentias
1401 4872 1634 4933 iudicem
1664 4887 1735 4941 pu

175 4980 441 5034 nientem.

245 5070 485 5138 Tempus
514 5062 872 5120 confessionis
892 5069 976 5116 est
1001 5059 1254 5115 confiteri
1280 5074 1398 5130 quae
1428 5058 1617 5121 fecisti,
1649 5073 1767 5128 quae

176 5166 228 5219 in
259 5163 452 5228 verbo,
478 5173 597 5228 quae
622 5157 676 5212 in
705 5170 891 5227 opere,
921 5169 1039 5224 quzc
1070 5155 1122 5206 in
1152 5164 1331 5218 nocte,
1363 5166 1483 5222 qua:
1512 5151 1691 5205 indie.

244 5253 525 5310 Confitere
551 5251 604 5304 in
637 5259 880 5318 tempore
906 5255 1246 5316 opportuno,
1288 5251 1344 5298 et
1385 5244 1439 5297 in
1467 5242 1553 5298 die
1581 5244 1767 5298 salutis

174 5350 415 5422 accipies
443 5345 722 5402 caelestem
756 5342 1087 5397 thesaurum.

799 5468 1152 5509 HIERONYMUS.

258 5552 557 5609 Ridiculum
613 5557 713 5612 est,
740 5546 1022 5601 debilitato
1064 5550 1119 5597 et
1161 5541 1333 5597 fracto
1361 5549 1474 5597 toto
1512 5556 1767 5612 corpore,

178 5651 401 5706 vulnera
424 5660 601 5717 pauca
630 5648 954 5698 monstrare.

821 5767 1125 5808 Αιιιιοειυδ.

248 5856 435 5926 Neque
465 5854 611 5908 enim
650 5856 829 5919 potest
868 5847 917 5902 ei
957 5846 1201 5900 adhiberi
1255 5844 1576 5913 remedium,
1621 5845 1771 5913 cujus

180 5960 261 6007 est
290 5950 483 6006 vulnus
513 5943 807 6002 occultum.

509 6068 781 6127 ΡΑτιιυι..
824 6056 1231 6122 LXXXVI“.

3362 425 3466 476 6l8

2525 547 2831 587 GBEGORIUS.

1952 627 2069 681 Non
2100 627 2212 682 vult
2237 625 2380 682 Deus
2404 626 2589 681 ulcisci
2641 626 2917 692 malitiam,
2953 627 3044 695 qui
3073 626 3322 683 conliteri
3365 630 3468 688 de-

1880 716 2007 772 licta
2038 719 2344 787 persuadet.

1952 811 2115 879 Optat
2153 810 2294 868 Deus
2340 812 2558 866 dissolvi
2604 810 2948 879 confitentes,
3003 829 3070 869 ne
3118 823 3473 874 contumaces

1878 903 2071 971 punire
2099 912 2343 973 cogatur.

1950 993 2291 1065 Tantumque
2321 997 2424 1052 erit
2457 999 2616 1053 homo
2649 1000 2874 1055 sarcinis
2899 1010 3248 1070 peccatorum
3280 1018 3475 1073 grava-

1879 1096 1981 1152 tus,
2009 1097 2269 1158 quantum
2295 1105 2322 1142 a
2350 1090 2504 1145 benis
2525 1093 2779 1161 operibus
2806 1092 2967 1147 fuerit
3000 1095 3227 1149 alienus.

1951 1181 2023 1235 Ea
2046 1198 2166 1252 quat
2197 1184 2402 1253 ingrata
2425 1199 2544 1239 esse
2573 1184 2880 1241 hominibus
2901 1187 3042 1243 solet
3065 1188 3470 1259 importunitas,

1872 1278 2036 1346 judéci
2072 1280 2310 1333 veritatis
2338 1280 2536 1349 placet.

1949 1372 2048 1437 Qni
2072 1372 2448 1443 delinquentes
2480 1373 2700 1428 vulnera
2746 1389 3001 1430 concmsa
3050 1379 3101 1431 iu
3132 1387 3354 1447 pectore
3383 1393 3473 1434 re-

1880 1463 2068 1527 tinent,
2098 1473 2302 1534 quanto
2344 1464 2572 1535 amplius
2601 1465 2816 1522 silentio
2866 1480 3133 1537 premunt,
3167 1480 3318 1525 tanto
3347 1487 3465 1540 gra-

1880 1558 2079 1611 viorem
2111 1558 2356 1613 dolorem
2398 1560 2721 1614 intrinsecus
2745 1570 3015 1617 nutriunt.

1950 1650 2080 1703 Nam
2105 1666 2224 1704 cum
2255 1650 2485 1720 putredo
2532 1667 2652 1720 qua:
2691 1652 3014 1709 intrinsecus
3046 1656 3206 1711 fuerit
3236 1659 3469 1725 ejicitur,

1879 1742 1944 1796 ad
1978 1743 2205 1796 salutem
2229 1742 2384 1797 dolor
2416 1744 2676 1813 aperitur.

1948 1833 2133 1889 Omnis
2164 1835 2361 1906 quippe
2390 1845 2666 1906 peccator,
2697 1836 2821 1890 dum
2868 1840 3080 1909 culpam
3136 1857 3285 1899 suam
3330 1846 3471 1897 intra

1797 1914 1845 1973 B
1879 1926 2266 1979 conscientiam
2298 1928 2600 1991 absc0i;dit,
2635 1927 2958 1984 intrinsecus
3010 1932 3161 1998 latet,
3195 1935 3322 1987 etin
3363 1937 3475 1991 suis

1883 2018 2252 2086 penetralibus
2284 2020 2540 2074 Oz't’ullat.

1953 2108 2272 2164 Peccatores
2327 2112 2463 2166 Deus
2527 2110 2671 2166 videt
2720 2123 2775 2165 et
2827 2116 3086 2173 sustinet:
3150 2122 3471 2184 resistentes

1882 2200 2021 2256 Dens
2048 2203 2243 2256 tolerat
2270 2213 2326 2258 et
2356 2204 2579 2259 damnat
2606 2224 2616 2258 :
2651 2216 2707 2260 et
2730 2209 2971 2274 quotidie
2996 2226 3091 2278 per
3122 2208 3472 2280 Evangelium

1878 2294 2181 2350 clementer
2210 2307 2389 2351 vocat.

1950 2388 2361 2444 Confessionem
2398 2400 2639 2446 nostram
2662 2407 2731 2447 ex
2753 2408 2884 2460 pure
2919 2400 3081 2448 corde
3097 2394 3388 2462 desiderat,
3420 2409 3472 2452 et

1878 2492 2069 2536 cuncta
2100 2497 2221 2553 quae
2250 2483 2635 2552 delinquimus,
2659 2485 2735 2539 rel
2758 2495 2886 2538 exat.

1952 2575 2165 2631 Peccati
2197 2579 2344 2632 virus
2371 2579 2661 2633 salubriter
2706 2580 2949 2648 aperitur
3000 2580 3051 2633 in
3108 2582 3471 2649 confeSsioue,

1879 2673 2025 2743 quod
2064 2672 2319 2727 nestifere
2352 2672 2555 2727 latebat
2592 2672 2645 2726 in
2677 2685 2879 2728 mente.

1952 2765 2275 2821 Conlitendo
2303 2773 2523 2835 peccata
2551 2806 2565 2829 ,
2600 2766 2728 2835 quid
2762 2767 2905 2820 aliud
2954 2769 3158 2835 agiinns
3181 2811 3194 2833 ,
3237 2772 3337 2826 nisi
3386 2774 3472 2841 qui

1880 2862 2079 2916 malum
2103 2861 2248 2930 quod
2277 2861 2330 2915 in
2364 2861 2521 2915 nobis
2554 2861 2774 2925 latebat,
2806 2865 3119 2931 aperimus?

1956 2955 2218 3010 Peccator
2241 2956 2385 3010 enim
2418 2969 2717 3009 conversus
2761 2954 2831 3009 de
2883 2958 3123 3024 peccatis
3155 2960 3206 3013 in
3248 2959 3432 3015 ﬂetum
3457 3004 3473 3030 ,

1876 3048 1985 3118 jam
2013 3047 2189 3115 justus
2234 3061 2354 3102 esse
2386 3046 2631 3113 inchoat,
2660 3062 2783 3103 cum
2813 3050 3042 3118 coeperit
3069 3066 3329 3109 accusare
3357 3070 3475 3126 qum

1880 3138 2087 3193 fecerit.

2549 3234 2805 3289 tsiaonus.

1950 3324 2050 3390 Qui
2070 3334 2293 3397 precata
2312 3340 2405 3380 sua
2429 3326 2739 3381 hominibus
2764 3327 3059 3393 occultant,
3086 3339 3142 3387 et
3167 3346 3264 3400 per
3286 3344 3474 3391 semet-

1878 3418 2026 3487 ipsos
2067 3418 2301 3473 confessi
2361 3434 2465 3472 non
2510 3417 2731 3485 fuerint,
2763 3418 2930 3473 Deum
2964 3434 3126 3488 quem
3153 3432 3343 3479 testem
3370 3427 3465 3482 ha-

1875 3509 2023 3570 bent,
2057 3509 2228 3579 ipsum
2254 3509 2530 3564 habebunt
2556 3510 2805 3564 ultorem.

1948 3599 2029 3655 Ex
2055 3615 2121 3655 eo
2163 3602 2536 3671 unusquisque
2562 3616 2679 3657 esse
2698 3602 2875 3671 justus
2904 3604 3110 3674 incipit,
3153 3624 3220 3662 ex
3247 3623 3354 3677 quo
3393 3614 3477 3667 sui

1874 3708 2161 3749 accusator
2187 3695 2476 3749 exstiterit.

1946 3789 2097 3845 Multi
2124 3798 2304 3844 autem
2338 3800 2526 3845 contra
2558 3792 2881 3860 semetipsos
2930 3803 3247 3860 peccatores
3295 3798 3465 3853 faten-

1875 3895 1980 3952 tur,
2005 3894 2059 3940 et
2105 3897 2284 3941 tamen
2340 3885 2664 3954 semetipsos
2722 3900 2751 3939 a
2807 3898 3030 3955 peccato
3088 3905 3193 3943 nou
3252 3893 3471 3948 subtra-

1874 3981 2028 4039 httul.

1948 4078 2507 4147 Maguajamjustitim
2542 4094 2665 4148 pars
2709 4088 2792 4133 est
2834 4080 3069 4149 Seipsmn
3110 4098 3335 4136 noscere
3366 4082 3474 4136 ho»

1876 4172 2095 4239 minem,
2126 4170 2267 4241 quod
2311 4186 2505 4240 pravus
2551 4171 2663 4224 sit:
2703 4180 2760 4224 ut
2810 4186 2875 4232 ex
2920 4188 2983 4226 eo
3038 4173 3233 4227 divinae
3281 4174 3465 4229 virtuti

1873 4262 2134 4317 sabdatnr
2210 4261 2499 4325 humilius,
2572 4277 2636 4316 ex
2695 4277 2805 4331 quo
2875 4279 3025 4319 suam
3098 4265 3465 4321 infirmitatem

1873 4355 2136 4423 agnoscit.

1948 4449 2093 4505 Bene
2119 4464 2176 4503 se
2200 4448 2405 4517 judicat
2427 4449 2606 4517 justus
2637 4448 2688 4502 in
2721 4448 2822 4502 hac
2861 4449 2988 4514 vita,
3017 4457 3074 4503 ut
3114 4464 3221 4504 non
3257 4449 3464 4519 judice-

1876 4548 1962 4593 tur
1990 4556 2019 4594 a
2051 4540 2162 4594 Deo
2190 4540 2538 4594 damnatione
2569 4549 2850 4610 perpetua.

1793 4666 1848 4729 D
1948 4633 2099 4689 Tunc
2121 4642 2297 4688 autem
2318 4633 2577 4701 judicium
2607 4633 2674 4688 de
2700 4649 2760 4688 se
2788 4635 3015 4704 quisque
3039 4636 3219 4701 sumit,
3246 4637 3463 4705 quando

1875 4743 1970 4798 per
1993 4727 2207 4795 dignam
2238 4726 2609 4795 paenitentiam
2636 4741 2730 4780 sua
2763 4742 2926 4796 prava
2957 4726 3091 4781 facta
3115 4728 3461 4782 condemnat.

1946 4820 2216 4891 Duplicmn
2246 4819 2445 4873 habere
2471 4818 2631 4873 debet
2664 4818 2849 4873 lletutn
2894 4819 2947 4873 in
2988 4822 3309 4889 pmniteutia
3339 4837 3459 4877 om-

1873 4914 1955 4967 nis
1986 4920 2261 4982 peccator,
2294 4911 2407 4965 sive
2432 4911 2555 4979 quia
2581 4926 2676 4981 per
2706 4911 3089 4980 negligentiam
3121 4914 3321 4968 bonum
3354 4929 3464 4969 non

1873 5005 2014 5070 fecit,
2049 5020 2143 5059 seu
2169 5004 2292 5072 quia
2322 5024 2349 5055 ii
2374 5005 2520 5058 alum
2546 5018 2643 5073 per
2662 5004 2940 5059 audaciam
2964 5007 3316 5075 perpetravit.

1942 5098 2095 5165 Quod
2126 5098 2268 5151 enim
2319 5097 2559 5161 oportuit
2608 5113 2715 5151 non
2762 5099 2948 5165 gessit,
2996 5106 3049 5153 et
3099 5100 3264 5165 gessit
3304 5100 3455 5169 quod

1874 5204 2031 5259 agere
2061 5205 2167 5242 non
2196 5190 2387 5259 potuit.

1942 5280 2197 5349 Qumdatn
2229 5282 2369 5335 enim
2398 5284 2508 5348 jam
2535 5280 2754 5347 justitiae
2778 5282 2957 5351 portio
3002 5289 3085 5336 est
3125 5282 3460 5349 iniquitatem

1872 5391 2026 5429 suam
2061 5374 2265 5429 homini
2318 5389 2424 5428 non
2473 5374 2827 5439 abscondere,
2877 5383 2931 5427 et
2972 5373 3022 5427 in
3059 5374 3352 5442 semetipso
3395 5374 3460 5428 de

1873 5468 2112 5538 peccatis
2141 5467 2373 5538 prOpriis
2404 5466 2746 5521 erubt‘sct-rc.

1947 5562 2045 5627 Qui
2077 5561 2252 5615 illatas
2281 5560 2384 5614 sibi
2415 5559 2773 5613 contumelias
2808 5557 3096 5626 tranquillo
3129 5568 3309 5612 annuo
3338 5572 3463 5625 prcn

1874 5659 1969 5721 tit,
1997 5657 2241 5710 dolorem
2293 5654 2478 5709 cordis
2509 5652 2703 5722 aperit,
2737 5660 2789 5704 et
2818 5650 2955 5704 virui
3000 5649 3142 5717 quod
3184 5663 3363 5703 servet
3410 5651 3471 5705 in

1874 5752 2075 5812 animo,
2110 5746 2270 5803 facile
2302 5748 2523 5803 resistit.

1951 5845 2179 5898 \‘nhn-ra
2206 5842 2354 5895 enim
2386 5840 2581 5896 mentis
2604 5848 2787 5907 ape"ta
2823 5839 2932 5892 cito
2965 5836 3237 5892 exsultant
3264 5855 3273 5887 :
3315 5835 3467 5889 elau-

1877 5955 1953 5999 sa,
1989 5935 2144 5990 nimis
2175 5934 2503 5989 exulcerant.

2942 6044 3018 6103 20
