4194 6554
767 435 871 492 669

1741 441 2155 498 DEFENSORIS
2197 440 2723 498 LOCOCIAGENSIS
2762 440 3055 497 MONACIII

3928 435 4031 490 620

831 549 1111 607 Confessno
1140 553 1281 607 enim
1310 552 1583 608 hominem
1616 554 1889 618 iustiticat,
1923 553 2192 609 confessio
2224 567 2343 623 pec-
2370 558 2421 613 Α
2516 559 2569 611 Si
2600 558 2739 612 enim
2766 568 2895 612 tunc
2924 557 3004 611 vis
3033 553 3407 624 paenitentiam
3437 565 3619 621 agere,
3658 550 3877 622 quando
3909 565 4031 619 pec-

762 642 868 697 cati
892 643 1104 699 veniam
1134 643 1319 698 donat.

832 732 1018 791 Omnis
1040 750 1165 805 Spes
1190 737 1242 789 in
1268 738 1610 792 confessione
1635 738 1904 797 consistit.
1928 739 1981 794 in
2003 738 2342 794 confessione

762 824 915 882 locus
940 827 1338 882 misericordiae.

830 915 1117 971 Peccatum
1150 918 1421 987 proditum
1452 928 1560 973 crto
1587 936 1823 974 curatur.

829 1008 1048 1065 Crimen
1077 1020 1255 1067 autem
1288 1012 1517 1066 tacendo
1546 1014 1854 1082 ampliatur.

827 1101 883 1155 Si
915 1109 1063 1171 patet
1086 1102 1303 1168 vitium,
1331 1103 1389 1157 fit
1414 1118 1481 1157 ex
1511 1118 1706 1171 magno
1739 1105 2010 1174 pusillum.

825 1190 886 1250 Si
915 1192 1048 1247 latet
1076 1193 1283 1260 vitium,
1316 1192 1375 1247 lit
1404 1208 1472 1248 ex
1495 1194 1716 1249 minimo
1746 1210 2019 1264 maguum.

830 1284 1060 1340 Silentio
1089 1284 1246 1353 culpa
1276 1286 1490 1339 crescit.

1418 1396 1663 1434 ΒΔειιιυε.

828 1474 1019 1529 Melior
1064 1489 1208 1529 enim
1239 1483 1322 1528 est
1368 1474 1419 1526 in
1464 1472 1620 1527 malis
1670 1471 1825 1528 factis
1870 1486 2003 1540 pura
2047 1471 2339 1539 confessio,

755 1581 917 1635 quam
949 1566 1001 1619 in
1032 1566 1189 1619 bonis
1220 1564 1471 1633 operibus
1498 1565 1731 1632 superba
1763 1564 2035 1630 gloriatio.

1241 1674 1307 1711 sx
1349 1673 1504 1712 usae
1542 1662 1861 1711 cuium-ris.

823 1750 1154 1807 Tacentibus
1184 1765 1290 1803 non
1323 1749 1482 1803 facile
1512 1758 1697 1819 potest
1729 1749 1939 1806 medela
1970 1748 2261 1819 opportuni
2289 1757 2344 1803 et

753 1844 1043 1901 necessarii
1072 1844 1338 1899 sermonis
1363 1844 1623 1898 adhiberi.

2447 667 2572 707 care
2598 667 2704 707 non
2738 659 2915 721 potes,
2943 656 3159 719 peccata
3202 655 3254 702 te
3281 645 3618 711 dimiserunt,
3649 660 3761 699 non
3792 653 3849 697 tu
3879 642 3988 697 illa.

2519 743 2681 811 Impia
2730 740 2907 796 anima
2947 740 3217 810 plangitur
3260 738 3311 794 in
3355 737 3529 803 malis,
3562 737 3687 795 dum
3733 742 3921 806 sperat
3966 733 4030 787 de

2446 834 2619 888 bonis.

3057 936 3403 977 HIERONYIUS.

2523 1016 2733 1070 Utinam
2766 1025 2871 1069 tam
2901 1015 3010 1070 cito
3036 1022 3385 1071 convertatur
3408 1021 3659 1083 peccator
3682 1011 3748 1065 ad
3773 1011 4032 1080 paeniten-

2447 1108 2596 1169 tiam,
2630 1123 2791 1177 quam
2822 1107 2931 1161 cito
2963 1106 3217 1161 Dominus
3247 1112 3575 1176 praeparatus
3602 1111 3683 1159 est
3712 1103 4029 1173 pmiinitam

2446 1206 2653 1251 mutare
2681 1197 3027 1251 sententiam.

2518 1286 2631 1341 Non
2655 1287 2797 1341 enim
2815 1286 3201 1355 longitudinem
3225 1291 3482 1357 temporis
3502 1287 3727 1356 requirit
3748 1286 4027 1351 Dominus,

2446 1380 2541 1432 sed
2573 1378 2821 1434 affectum
2846 1382 3169 1438 sinceritatis
3193 1381 3501 1451 paenitentis
3531 1389 3739 1450 pensat.

2516 1471 2616 1536 Qui
2646 1474 2787 1527 enim
2821 1476 2872 1527 in
2916 1474 3129 1529 Christo
3161 1482 3273 1529 tota
3324 1485 3503 1531 mente
3542 1473 3784 1540 confidit,
3816 1475 4028 1528 etiamsi

2447 1573 2505 1618 ut
2534 1564 2697 1618 homo
2730 1565 2907 1633 lapsus
2938 1577 3183 1623 mortuus
3223 1568 3382 1622 fuerit
3419 1568 3469 1622 in
3502 1576 3751 1638 peccato,
3789 1568 3894 1622 file
3926 1584 4025 1622 sua

2445 1658 2585 1711 vivet
2620 1658 2671 1710 in
2698 1667 2977 1713 mternum.

2518 1746 2824 1803 Cavendum
2854 1758 2937 1804 est
2968 1751 3155 1805 vulnus
3176 1752 3320 1821 quod
3350 1752 3538 1807 dolore
3565 1761 3804 1807 curatur.

2524 1842 2757 1897 Putredo
2788 1845 2965 1901 carnis
2993 1846 3135 1901 ferro
3164 1846 3368 1913 indiget
3395 1853 3449 1901 et
3477 1846 3741 1901 cauterio.

826 1936 1076 1992 Proferre
1120 1936 1281 1991 debet
1310 1936 1700 2004 unusquisque,
1720 1984 1725 1987 .
1748 1935 1801 1991 in
1830 1950 1939 2006 quo
1986 1938 2197 1993 animus
2244 1950 2342 2006 per
2371 1918 2418 1978 Β
2518 1935 2743 2001 Catena,
2774 1924 2959 1992 sordes
2989 1949 3043 1992 et
3072 1955 3262 2006 comic,
3310 1955 3417 1994 non
3448 1947 3573 1993 sunt
3599 1937 3922 1993 diadematis
3961 1937 4040 1990 si-

757 2029 1113 2097 ignorantiam
1146 2022 1393 2095 languet.

1370 2115 1599 2172 CAPUT
1636 2116 1725 2172 IX.

1330 2208 1407 2262 De
1459 2210 1777 2276 paenitentia.

1422 2316 1694 2355 CHRISTUS.

828 2393 1205 2452 Pmnitentiam
1250 2393 1414 2458 agite,
1459 2392 1912 2461 appropinquavit
1938 2392 2080 2447 enim
2120 2406 2345 2460 regnum

759 2487 1019 2544 calorum
1049 2484 1262 2551 (Matth.
1298 2484 1395 2550 Ill).

1452 2590 1674 2630 PETRUS.

836 2674 1213 2731 Pmnitentiam
1240 2673 1404 2742 agite,
1430 2682 1485 2726 et
1512 2672 1814 2741 baptizctur
1856 2670 2223 2738 unusquisque
2257 2684 2345 2724 ve-

756 2778 951 2831 strum,
973 2776 1029 2823 et
1056 2764 1332 2835 accipietis
1362 2764 1562 2817 donum
1594 2762 1822 2831 Spirhus
1854 2762 2023 2816 sancti
2052 2762 2190 2830 (Act.
2222 2762 2300 2823 ιι).

1438 2868 1655 2907 Ρλυιυδ.

829 2952 898 3007 lis
921 2948 1142 3019 quidem
1172 2947 1261 3017 qui
1293 2946 1590 3000 secundum
1636 2943 1951 3013 patientiam
1998 2942 2123 2994 bonl
2165 2941 2345 3007 operis

756 3046 983 3115 gloriam
1012 3051 1068 3097 et
1109 3042 1369 3096 honorem
1410 3048 1465 3093 et
1506 3038 1914 3106 corruptionem
1947 3044 2215 3105 qumrunl,
2262 3033 2343 3086 vi.

755 3150 867 3195 tam
898 3146 1156 3192 aeternam
1186 3153 1199 3187 :
1230 3135 1295 3188 iis
1322 3141 1501 3187 autem
1534 3132 1624 3201 qui
1648 3140 1773 3185 sunt
1800 3146 1866 3184 ex
1896 3129 2264 3191 contentione,
2294 3133 2349 3179 et

759 3230 852 3301 qui
884 3244 990 3283 non
1019 3226 1377 3294 acquiescunt
1403 3222 1642 3283 veritati,
1684 3220 1911 3275 credunt
1941 3226 2119 3272 autem
2153 3215 2347 3284 iniqui-

759 3321 881 3386 tati,
919 3319 999 3377 ira
1026 3325 1083 3373 et
1111 3314 1410 3383 indignatio
1443 3311 1621 3381 (Rom.
1654 3312 1736 3379 ιι).

1430 3418 1695 3458 ωιοιιοιι.

832 3505 1003 3571 Quam
1054 3501 1255 3554 bonum
1304 3505 1387 3551 est
1432 3504 1740 3563 correptum
1786 3490 2133 3545 manifestare
2177 3487 2349 3557 paeni-

759 3597 1025 3653 tentiam:
1057 3594 1138 3649 sic
1182 3590 1325 3647 enim
1387 3587 1611 3658 effugies
1656 3583 2013 3641 voluntarium
2065 3586 2349 3649 peccatum

749 3687 987 3757 '(Ecctes.
1022 3690 1113 3740 xx)

836 3778 914 3831 Ne
940 3774 1143 3830 dixeris
1172 3792 1182 3825 :
1220 3770 1467 3833 Peccavi,
1514 3776 1571 3820 et
1598 3765 1725 3835 quid
1772 3764 1968 3818 accidit
1998 3762 2127 3816 mihi
2158 3762 2311 3817 triste
2328 3766 2348 3811 ’ξ

765 3868 1075 3925 Altissimus
1105 3864 1250 3921 enim
1278 3861 1495 3933 patiens
1522 3868 1606 3913 est
1633 3856 1871 3912 redditor
1895 3854 2118 3926 (Eccles.
2152 3856 2223 3921 v).

842 3959 917 4013 De
946 3956 1243 4027 propitiato
1274 3959 1501 4021 peccato
1538 3949 1646 4003 noli
1673 3963 1792 4002 esse
1829 3948 1945 3999 sine
1977 3956 2143 4010 metu,
2181 3960 2350 4014 nzquc

765 4053 989 4117 adiicias
1007 4056 1290 4119 peccatum
1318 4060 1480 4115 super
1508 4052 1787 4107 peccatqu
1814 4039 2020 4110 (Ibid.).

839 4142 956 4197 Non
986 4140 1170 4197 tardes
1198 4137 1446 4193 converti
1477 4136 1543 4189 ad
1589 4134 1896 4191 Dominum.
1946 4140 2000 4186 et
2028 4145 2096 4184 ne
2137 4129 2352 4185 differas

764 4235 833 4289 de
863 4233 949 4287 die
980 4233 1031 4285 in
1061 4231 1224 4286 diem.

841 4323 921 4377 Ne
946 4321 1219 4391 despicias
1266 4319 1540 4373 hominem
1585 4325 1913 4371 avertentem
1943 4330 2000 4369 se
2030 4330 2060 4368 a
2091 4324 2311 4383 peccato
2333 4356 2349 4381 ,

766 4428 943 4484 neque
975 4413 1307 4481 impropercs
1333 4410 1402 4463 ei.

843 4504 1115 4557 Memento
1162 4501 1417 4569 quoniam
1462 4514 1650 4554 omnes
1698 4516 1749 4553 in
1791 4500 2139 4568 corruptione
2169 4514 2354 4555 sumus

768 4592 983 4663 (lbid.).

842 4683 1154 4738 Altissimus
1182 4682 1307 4737 odio
1334 4683 1497 4736 habet
1527 4690 1862 4751 peccatores,
1896 4690 1949 4737 et
1989 4685 2241 4739 misertus
2271 4692 2352 4738 est

772 4776 1159 4846 paenitentibus
1185 4772 1409 4845 (Eccles.
1442 4775 1558 4844 xu).

842 4867 1178 4923 Convertere
1222 4867 1289 4920 ad
1319 4868 1626 4929 Dominum,
1662 4876 1716 4920 et
1747 4868 1987 4937 relinque
2014 4876 2232 4937 peccata
2266 4877 2357 4922 tua

774 4960 998 5031 (Eccles.
1045 4961 1200 5031 xvtl).

844 5051 968 5121 Fili,
997 5052 1247 5122 peccasti,
1283 5070 1349 5107 ne
1378 5052 1598 5121 adjicias
1629 5054 1845 5114 iteru‘n,
1882 5055 1973 5106 sed
2003 5063 2056 5107 et
2086 5053 2153 5108 de
2178 5053 2357 5123 pristi-

775 5148 858 5201 nis
886 5146 1197 5215 deprecare,
1231 5155 1286 5199 ut
1316 5148 1657 5200 remittantur
1686 5147 1778 5198 tibi
1815 5144 2039 5211 (Eccles.
2080 5148 2213 5215 XXI).

850 5238 1009 5304 Quasi
1040 5253 1071 5291 a
1098 5232 1234 5291 facie
1262 5238 1467 5293 colubri
1497 5236 1618 5307 fuge
1650 5248 1888 5307 peccata,
1924 5240 2041 5292 etsi
2070 5238 2361 5293 accesseris

774 5333 840 5387 ad
874 5332 983 5397 illa,
1014 5330 1314 5399 suscipient
1346 5342 1395 5383 te
1429 5329 1639 5396 (Ibid.).

1439 5438 1711 5477 ORIGENES.

854 5514 1193 5581 Ptenitcntia,
1208 5516 1453 5585 quamvis
1471 5517 1540 5569 sit
1557 5516 1769 5585 exigua,
1787 5534 1889 5571 non
1910 5518 2200 5588 despicitur
2222 5519 2361 5587 apud

775 5606 1013 5675 judicem
1037 5606 1239 5674 justum
1276 5606 1462 5661 Deum.

1401 5715 1697 5754 AUGlISl‘l.‘~lJ
1735 5743 1744 5754 .

849 5796 942 5850 llle
970 5811 1097 5850 vero
1129 5795 1221 5863 qui
1249 5810 1344 5847 sua
1372 5796 1576 5849 scelera
1608 5798 1831 5865 cogitat,
1859 5808 1913 5853 et
1934 5800 2115 5854 statim
2142 5813 2365 5853 conver-

783 5905 872 5944 sus
904 5890 1082 5952 fuerit,
1116 5889 1325 5943 veniam
1358 5890 1458 5944 sibi
1486 5891 1691 5945 credat.

2377 3268 2423 3332 C

2446 2042 2571 2095 gna,
2612 2029 2705 2082 sed
2736 2028 2896 2083 fletus
2926 2039 2976 2083 et
3009 2029 3387 2099 lacrymarum.

2517 2120 2719 2173 Saccus
2747 2130 2803 2173 et
2843 2121 3105 2187 jejunium
3138 2138 3287 2176 arma
3319 2131 3447 2176 sunt
3492 2122 3823 2191 poenitentia:
3866 2129 3923 2176 et
3951 2136 4037 2175 re-

2448 2210 2680 2265 medium
2710 2221 3076 2280 peccatorum,
3127 2215 3252 2283 quia
3296 2216 3471 2269 inanis
3501 2224 3692 2269 venter
3724 2224 3778 2268 et
3817 2214 4036 2267 habitus

2447 2304 2723 2360 luctuosus
2749 2304 2915 2358 Deum
2944 2304 3323 2375 deprecantur.

2521 2398 2659 2451 Deus
2692 2408 2879 2450 natura
2911 2398 3219 2452 misericors
3260 2405 3364 2465 est,
3398 2407 3453 2453 et
3498 2406 3717 2467 paratus
3758 2405 3817 2450 ut
3863 2396 4041 2451 salvet

2452 2488 2739 2543 clementia
2771 2487 2917 2557 quod
2948 2504 3054 2542 non
3079 2498 3256 2557 potest
3287 2489 3484 2543 salvari
3506 2489 3735 2555 justitia.

2521 2579 2627 2634 Nos
2649 2588 2828 2635 autem
2855 2579 2987 2633 vitio
3010 2588 3195 2633 nostro
3222 2587 3464 2650 paratam
3500 2579 3951 2643 misericordiam,
3983 2586 4043 2633 et

2448 2673 2591 2727 ultro
2620 2688 2679 2726 se
2709 2671 3048 2736 offerentem,
3089 2672 3363 2740 perdimus
3393 2680 3449 2726 et
3476 2670 3926 2738 derelinquimus.

2522 2764 2779 2819 Dominus
2824 2777 2923 2818 nec
2958 2762 3100 2817 bona
3140 2763 3331 2832 implet
3354 2777 3476 2831 qua:
3515 2763 3719 2817 sanctis
3757 2762 4041 2833 promisit,

2449 2857 2494 2911 si
2527 2855 2603 2909 illi
2634 2863 2973 2911 revertantur
3000 2854 3065 2908 ad
3090 2855 3250 2920 vitia;
3284 2870 3387 2909 nec
3413 2853 3553 2908 mala
3584 2868 3708 2923 quas
3735 2854 4043 2923 peccatori-

2449 2948 2549 3001 bus
2575 2946 2953 3009 comminatur,
2984 2945 3027 2999 si
3059 2943 3133 2997 illi
3164 2945 3367 2998 reversi
3394 2942 3593 2997 fuerint
3622 2942 3687 2996 ad
3718 2942 3972 2996 salutem.

2527 3038 2697 3091 llomo
2743 3036 2979 3105 iniquus,
3033 3035 3125 3104 qui
3176 3049 3271 3103 per
3321 3034 3471 3089 nefas
3514 3035 3784 3101 perituras
3826 3032 4045 3086 divitias

2453 3129 2821 3198 congregavit,
2871 3129 2915 3181 si
2962 3127 3250 3196 aliquando
3279 3140 3575 3181 conversus
3618 3124 3851 3179 evadere
3893 3125 4047 3193 cupit

2453 3230 2653 3277 :eterna
2696 3218 2975 3287 supplicia,
3011 3218 3172 3273 debet
3212 3219 3284 3272 ita
3313 3232 3496 3287 agere,
3528 3226 3588 3271 ut
3636 3216 4047 3271 multitudinem

2455 3320 2801 3382 peccatorum
2844 3312 3015 3381 possit
3043 3326 3328 3380 exaiquare
3366 3312 3619 3366 ubertate
3649 3310 3934 3365 virtutum.

3112 3418 3373 3457 HILAIIUS.

2524 3492 2809 3551 Pmnitudo
2841 3494 2985 3548 enim
3028 3508 3206 3548 mores
3236 3501 3432 3559 mutat,
3481 3500 3535 3548 et
3588 3493 3735 3561 longi
3782 3492 4045 3561 temporis

2452 3586 2675 3641 crimina
2707 3586 2763 3638 in
2802 3585 2911 3639 ictu
2952 3585 3095 3641 oculi
3144 3592 3392 3653 pereunt,
3421 3585 3467 3641 si
3494 3584 3673 3639 cordis
3718 3592 3846 3638 nata
3879 3582 4043 3638 fuerit

2454 3676 2824 3745 cornpuuctio.

3086 3780 3398 3823 ςιωοιιιυε.

2524 3859 2711 3927 Neque
2739 3858 2885 3914 enim
2910 3857 3127 3914 delictis
3152 3854 3537 3924 satisfacimus,
3560 3857 3608 3914 si
3647 3856 3718 3912 ab
3755 3856 4049 3925 iniquitate

2456 3966 2562 4006 non
2584 3965 2877 4007 cessamus.

2528 4041 2629 4108 Qui
2656 4041 2925 4097 commisit
2948 4041 3241 4110 prohibita,
3266 4040 3583 4109 sibimetipsi
3607 4038 3936 4095 abscindere
3953 4040 4050 4093 de-

2457 4138 2548 4191 het
2578 4150 2837 4190 concessa
2864 4153 2874 4187 :
2904 4142 2962 4189 et
2989 4149 3049 4188 se
3069 4132 3433 4203 reprehendat
3454 4133 3509 4186 in
3536 4132 3798 4197 minimis,
3820 4133 3914 4201 qui
3933 4146 4051 4188 me-

2458 4228 2613 4282 minit
2639 4227 2929 4295 deliquisse
2956 4226 3013 4279 in

2528 4318 2673 4374 Satis
2703 4320 2911 4373 alienus
2936 4332 2968 4371 a
2997 4316 3105 4371 fide
3134 4326 3236 4380 est,
3268 4316 3361 4384 qui
3388 4315 3457 4370 ad
3486 4315 3753 4382 agendqu
3782 4318 4047 4386 pmniteuo

2463 4413 2590 4465 tiam
2621 4422 2865 4480 tempora
2887 4408 3185 4465 senectutis
3212 4416 3512 4479 exspectat.

2532 4500 2881 4558 Metuendum
2911 4508 2996 4557 est
3020 4514 3093 4556 ne
3113 4500 3243 4555 dum
3274 4510 3459 4570 sperat
3489 4499 3944 4566 misericordiam,
3971 4503 4050 4556 in-

2382 4625 2434 4688 D
2463 4594 2607 4688 cidat
2628 4594 2681 4688 in
2700 4592 2981 4661 judicium.

2536 4682 2912 4741 Paenitentiam
2958 4682 3158 4753 quippe
3206 4697 3385 4751 agere,
3416 4694 3499 4739 ea
3548 4692 3863 4755 perpetrata
3911 4702 4052 4739 mata

2462 4776 2741 4845 plangere,
2769 4784 2823 4829 et
2852 4774 3156 4844 plangenda
3186 4789 3295 4828 non
3324 4783 3662 4845 perpetrare.

2532 4868 2665 4923 Nam
2703 4868 2799 4935 qui
2826 4868 2905 4922 sic
2934 4876 3152 4937 peccata
3181 4867 3429 4935 dep-orat
3457 4876 3516 4922 ut
3557 4879 3738 4925 tamen
3767 4869 3875 4923 alia
3904 4884 4051 4925 com-

2464 4962 2661 5023 mittat,
2696 4959 2871 5015 adhuc
2916 4959 3288 5029 pmnitentiam
3338 4974 3500 5023 agere
3549 4967 3645 5013 aut
3689 4961 3929 5028 ignorat,
3963 4969 4052 5014 aut

2462 5054 2780 5111 dissimulat.

2538 5150 2674 5204 Deus
2717 5148 3057 5216 omnipotens
3095 5147 3344 5203 laborare
3370 5161 3431 5200 se
3471 5146 3774 5211 denuntiat,
3806 5162 3930 5200 cum
3958 5145 4052 5199 du—

2464 5263 2553 5302 ras
2580 5247 2856 5302 hominum
2879 5245 3176 5313 pravitates
3205 5251 3404 5313 portat.

2537 5338 2591 5390 Si
2610 5336 2729 5405 quis
2745 5344 2795 5389 te
2811 5334 2876 5389 de
2894 5342 3122 5404 peccato
3140 5333 3437 5389 forinsecus
3459 5332 3783 5387 correxerit.
3807 5340 3864 5385 tu
3886 5329 4049 5387 confi—

2470 5442 2581 5485 tere
2615 5428 2840 5483 interius
2867 5428 3011 5496 quod
3040 5426 3128 5481 ille
3156 5426 3347 5483 nescit.

2537 5525 2723 5591 Neque
2746 5523 2891 5578 enim
2918 5529 3095 5592 potest
3125 5535 3243 5575 esse
3262 5518 3433 5588 gratia
3460 5516 3806 5583 delictorum,
3838 5514 3931 5568 nisi
3963 5512 4038 5564 ubi

2472 5617 2625 5669 fuerit
2656 5614 2809 5667 venia
2836 5622 3199 5682 peccatorum.

2540 5706 2710 5774 Majus
2735 5719 2865 5772 ergo
2888 5704 2952 5758 de
2984 5711 3273 5773 peccatore
3302 5716 3586 5765 converso,
3620 5715 3784 5767 quiin
3816 5700 3882 5751 de
3904 5699 4041 5764 justo

2469 5806 2647 5853 stante
2672 5795 2925 5866 gaudium
2956 5792 3012 5847 fit
3041 5795 3090 5847 in
3116 5795 3274 5849 uelo.

2544 5889 2914 5945 Necessarium
2959 5896 3040 5941 est
3089 5900 3217 5954 ergo
3262 5886 3308 5939 ci
3338 5884 3430 5952 qui
3470 5883 3584 5937 vult
3612 5898 3671 5937 se
3704 5883 3849 5935 omni
3895 5877 4046 5933 modo
