4194 6552
180 403 278 459 θαι

1473 388 1977 451 SClNTILLMiUM
2020 392 2240 448 LIBER.

3360 392 3470 449 sas

177 534 414 595 purgare
451 535 482 574 a
513 527 759 590 peccato,
794 519 1027 588 primmn
1085 517 1228 586 ipsas
1258 529 1445 585 cu.pas
1472 511 1774 568 succidere.
1803 507 1859 566 Α
1882 506 2019 573 Quia
2069 509 2169 577 ipsi
2217 521 2363 576 quoa
2408 505 2550 562 male
2574 516 2857 577 gesserunt
2891 508 3207 578 pmnitendo
3236 523 3468 579 cognos-

248 610 501 666 lnternus
525 609 693 679 judex
730 617 968 669 mentem
997 608 1177 679 potius
1207 622 1368 677 quam
1398 606 1561 661 vi-tba
1585 604 1768 661 consi-

175 702 349 759 derat.

246 797 537 868 Nunquam
568 806 890 868 peccatores
912 797 979 853 ad
1008 797 1306 852 lamentum
1331 796 1661 866 poenitentiae
1684 810 1765 849 re-

174 890 378 959 dirent,
428 892 474 948 si
513 892 662 948 nulla
708 900 896 949 essent
930 892 1198 948 bonorum
1229 892 1498 962 exempla.
1528 905 1648 960 qua:
1677 904 1770 944 eo-

170 999 293 1040 rum
318 994 558 1041 mentem
587 984 882 1042 traherent.

244 1077 421 1135 Omne
449 1078 592 1133 enim
622 1086 905 1148 peccatum
932 1091 1094 1147 grave
1116 1085 1219 1143 est,
1251 1091 1376 1146 quia
1410 1091 1516 1131 non
1546 1075 1769 1146 permit-

174 1172 238 1227 tit
267 1172 506 1227 animam
536 1171 606 1227 ad
628 1170 880 1227 sublimia
909 1171 1098 1226 levari.

245 1262 437 1333 Neque
479 1263 622 1319 enim
658 1271 789 1319 tunc
816 1264 1032 1319 veniam
1065 1262 1325 1328 inveniet,
1358 1262 1449 1331 qui
1484 1261 1645 1317 modo
1674 1278 1768 1331 ap-

172 1363 289 1409 tum
318 1354 494 1411 venite
514 1361 728 1425 tempus
747 1355 949 1427 perdit.

243 1446 322 1502 lbi
351 1446 465 1517 jam
496 1462 527 1503 a
574 1447 686 1504 Deo
725 1464 832 1504 non
864 1457 1043 1518 potest
1085 1450 1282 1504 mereri
1324 1461 1442 1508 qua:
1488 1448 1643 1510 oetit,
1676 1449 1765 1515 qui

171 1540 263 1597 hic
292 1541 469 1596 noluit
497 1540 686 1597 audire
714 1541 859 1610 quod
884 1540 1069 1611 jussit.

245 1634 349 1700 Qui
406 1642 622 1704 tempus
668 1648 920 1704 congruae
964 1636 1297 1705 poenitentia:
1330 1634 1531 1706 perdit,
1572 1633 1767 1688 lrustra

171 1736 300 1783 ante
331 1727 485 1796 regni
505 1725 728 1797 ianuam
757 1743 877 1785 cum
910 1729 1157 1799 precibus
1184 1729 1351 1786 venit.

852 1837 1104 1877 ISIDORUS.

250 1913 579 1971 Pernitentia
610 1916 816 1984 agenda
847 1925 929 1972 est
958 1933 1067 1971 non
1097 1917 1285 1983 verbo,
1329 1918 1420 1973 sed
1451 1915 1609 1974 facto.

244 2002 373 2061 Cito
399 2006 692 2076 corripitur
716 2007 873 2077 culpa
900 2022 1021 2076 qua:
1049 2008 1159 2063 cito
1190 2008 1585 2063 manifestatur.

244 2097 482 2155 Tardius
510 2109 692 2155 autem
723 2110 947 2155 sanatur
966 2100 1181 2167 vulnus,
1214 2100 1297 2156 cui
1321 2100 1432 2171 jam
1458 2110 1772 2171 putrescen-

174 2188 321 2245 tibus
359 2190 618 2246 membris
664 2191 824 2260 longo
868 2200 991 2262 post
1034 2202 1276 2263 tempore
1334 2194 1543 2249 curatio
1615 2194 1767 2248 adbi-

170 2285 357 2341 betur.
1411 2272 1415 2276 ’

242 2376 381 2431 Nam
411 2379 504 2446 qui
546 2378 993 2433 consuetudinem
1037 2377 1165 2434 facit
1196 2380 1481 2449 peccandi,
1529 2381 1639 2450 jam
1681 2397 1768 2437 se-

170 2470 357 2541 pultus
388 2478 493 2526 est.

244 2566 468 2622 Grande
514 2566 695 2624 scelus
721 2568 978 2639 grandem
1007 2570 1173 2626 habet
1201 2586 1510 2628 necessario
1556 2574 1765 2629 satisfa-

166 2660 435 2715 etionem.

240 2752 350 2818 Qui
375 2765 507 2822 ergo
534 2754 687 2824 cupit
712 2770 831 2812 esse
871 2766 1055 2813 certus
1089 2757 1145 2813 in
1174 2766 1352 2814 morte
1378 2757 1445 2813 de
1482 2760 1606 2814 indu
1630 2774 1765 2829 gen—

170 2845 273 2913 tia,
304 2860 472 2902 sanus
515 2847 794 2935 poeniteat,
844 2865 1118 2921 sanusque
1161 2861 1470 2923 perpetrata
1521 2852 1764 2909 facinora

166 2936 391 2995 deﬂeat.

239 3032 550 3100 Lavamini,
582 3034 769 3090 mundi
800 3044 974 3092 estote
1006 3036 1142 3107 (lsai
1174 3040 1235 3108 1).

239 3120 484 3178 Lavatur
530 3124 713 3195 itaque
742 3134 799 3182 et
825 3127 1058 3183 mundus
1089 3138 1191 3194 est,
1226 3138 1280 3185 et
1310 3132 1577 3200 praeterita
1612 3130 1760 3201 plan-

160 3214 263 3283 git,
295 3223 351 3269 et
380 3215 562 3271 ﬂenda
592 3217 784 3273 iterum
814 3235 924 3274 non
950 3222 1262 3276 cooimittit.

238 3307 504 3375 Lavatur,
545 3318 603 3366 et
646 3326 755 3367 non
806 3321 889 3367 est
929 3314 1181 3377 mundus,
1230 3317 1321 3385 qui
1365 3317 1569 3388 plangit
1614 3320 1758 3389 quod

162 3401 362 3470 gessit,
419 3417 522 3459 nec
569 3403 793 3470 deserit,
826 3415 881 3462 et
924 3415 1047 3476 post
1089 3407 1354 3479 lacrymas
1382 3422 1501 3477 quae
1538 3409 1760 3466 ﬂeverat

158 3493 391 3565 repetit.

230 3585 305 3642 Ei
331 3597 516 3643 autem
539 3591 633 3659 qui
657 3606 821 3661 prave
844 3593 1078 3649 urendo
1100 3595 1474 3664 paenitentiam
1507 3596 1558 3650 in
1583 3607 1758 3654 morte

155 3681 301 3751 agit,
326 3681 635 3751 periculum
656 3692 768 3749 est;
791 3684 932 3741 sicut
953 3685 1097 3741 enim
1123 3680 1400 3743 damnatio
1423 3688 1629 3743 incerta
1651 3698 1753 3757 est,

154 3772 239 3829 sic
271 3781 327 3828 et
357 3773 606 3829 remissio
636 3774 817 3829 dubia.

230 3862 335 3918 Ille
363 3864 739 3934 paruitentiam
765 3865 925 3936 digne
951 3870 1063 3939 agit
1087 3884 1179 3939 qui
1209 3881 1418 3926 reatum
1441 3888 1598 3927 suum
1630 3875 1758 3943 legi-

155 3956 297 4010 tima
329 3954 706 4012 satisfactione
727 3957 932 4028 plangit
958 3978 970 4013 :
996 3962 1410 4019 condemnando
1440 3965 1668 4028 scilicet,
1694 3983 1756 4022 ac

154 4047 417 4106 deﬂendo
449 4063 570 4120 qua:
599 4050 788 4119 gessit,
814 4059 968 4107 tanto
997 4053 1052 4107 in
1084 4053 1421 4122 deplorando
1464 4058 1751 4127 profusius,

154 4151 374 4214 quanto
403 4143 614 4198 exstitit
642 4144 696 4198 in
728 4154 955 4215 peccato
982 4147 1291 4216 proclivius.

232 4233 502 4302 Quamvis
549 4235 777 4306 quisque
816 4236 890 4291 sit
938 4247 1194 4307 peccator
1232 4246 1288 4294 et
1334 4242 1549 4309 impius,
1597 4242 1642 4297 si
1689 4244 1755 4297 ad

153 4325 545 4398 penitentiam
591 4336 963 4393 convertatur,
1009 4331 1269 4401 consequi
1312 4332 1548 4387 creditur
1595 4348 1755 4402 posse

151 4419 399 4473 veniam.

230 4511 518 4567 Festinate
540 4512 705 4568 debet
732 4512 799 4568 ad
834 4512 1000 4570 Deum
1031 4516 1342 4585 paenitendo
1384 4518 1755 4585 unusquisque

152 4605 288 4659 dum
312 4612 527 4675 potest:
555 4620 643 4673 ne,
668 4606 714 4660 si
737 4608 863 4660 dum
886 4623 994 4661 non
1020 4616 1216 4677 potest,
1235 4608 1465 4663 voluerit
1491 4610 1713 4664 omnino
1736 4651 1748 4674 ,
1777 4637 1832 4699 Β

150 4713 284 4754 cum
312 4699 468 4753 tarde
500 4700 751 4765 voluerit,
779 4715 886 4755 non
917 4701 1103 4771 possit.

229 4791 485 4862 Amplius
516 4793 729 4847 laetatur
757 4791 898 4848 Deus
930 4794 997 4850 de
1026 4794 1201 4847 anima
1233 4794 1539 4863 desperata,
1570 4803 1627 4848 et
1656 4795 1751 4847 ali-

1800 1894 1848 1953 Β

1879 608 2026 656 cunt.

1951 694 2047 749 Est
2067 701 2247 749 autem
2265 694 2578 764 paenitentia
2594 694 3047 759 medicamentum
3064 696 3322 760 vulneris,
3342 710 3462 766 5pc-

1874 785 2087 853 salutis,
2110 801 2207 856 per
2224 801 2388 856 quam
2410 786 2551 842 Deus
2571 787 2638 841 ad
2655 786 3082 843 misericordiam
3105 797 3421 858 provocatui

1874 893 1995 951 quae
2032 893 2143 933 non
2187 886 2444 949 pensatur
2482 886 2752 950 tempore,
2784 878 2878 935 sed
2908 878 3272 949 profunditate
3301 879 3463 936 ﬂetus

1873 979 1927 1028 et
1957 973 2333 1045 lacrymarum.

1945 1063 2268 1119 Pmnitentia
2308 1072 2493 1120 autem
2537 1080 2736 1120 nomen
2776 1074 3007 1136 sumpsnt
3053 1080 3083 1122 a
3131 1082 3302 1136 pinna,
3335 1069 3461 1137 quia

1873 1159 2051 1213 anima
2084 1162 2376 1224 crueiatur,
2410 1166 2464 1215 et
2494 1158 2847 1214 mortificatur
2866 1175 3018 1214 care.

1945 1251 2045 1317 Qui
2089 1267 2219 1307 vero
2260 1252 2634 1324 paenitentiam
2674 1260 2856 1322 agunt,
2887 1252 3114 1323 proinde
3152 1252 3379 1322 capillos
3410 1260 3464 1307 et

1871 1347 2091 1402 barbam
2122 1348 2381 1415 nutriunt,
2409 1358 2467 1402 ut
2487 1348 2859 1403 demonstrent
2878 1347 3260 1402 abundantiam
3280 1346 3463 1401 crimi-

1872 1456 1999 1495 num
2025 1440 2220 1509 quibus
2243 1449 2406 1510 caput
2434 1440 2739 1512 peccatoris
2762 1446 3036 1510 gravatur.

1944 1531 2134 1603 Capilli
2174 1534 2319 1588 enim
2365 1549 2464 1603 pro
2509 1534 2649 1590 vitiis
2677 1544 2973 1605 ponuntur,
3012 1534 3154 1590 sicut
3196 1535 3460 1605 scriptum

1871 1635 1952 1680 BS!
1977 1642 1989 1679 ε

1943 1719 2189 1776 Crinibus
2206 1729 2550 1790 peccatorum
2570 1737 2792 1778 suorum
2812 1737 3181 1792 unusquisque
3192 1721 3461 1779 constrin-

1872 1812 2029 1881 gitur.

1948 1902 2151 1959 Idcirco
2195 1922 2250 1961 ιιι
2293 1906 2470 1962 cilicio
2498 1909 2873 1978 pmnitentiam
2921 1924 3148 1979 agimus,
3200 1920 3260 1965 ut
3300 1918 3357 1965 et
3405 1910 3460 1966 in

1878 1997 2169 2065 punctione
2202 1998 2358 2054 cilicii
2387 2015 2776 2067 cognoscamus
2806 2001 2933 2055 vitia
2963 2018 3081 2071 qua:
3113 2018 3209 2073 per
3247 2002 3460 2073 culpam

1875 2102 2264 2145 C0lllmlSllllllS.

1945 2181 2062 2237 Non
2100 2192 2306 2239 tantum
2354 2187 2749 2245 consideranda
2779 2197 2861 2245 est
2887 2205 3139 2246 mensura
3178 2192 3458 2261 temporis,

1873 2282 2133 2341 quantum
2164 2275 2384 2331 doloris.

1944 2370 2155 2433 Quanta
2185 2370 2285 2425 fuit
2306 2371 2357 2425 in
2386 2374 2530 2428 malo
2552 2374 2790 2444 abrupta:
2814 2378 3008 2432 mentis
3033 2377 3283 2442 intentio,
3310 2389 3450 2439 tanta

1872 2474 2098 2516 necesse
2128 2469 2213 2516 cst
2237 2462 2309 2517 sit
2338 2463 2390 2516 in
2421 2463 2714 2521 dilectione
2741 2466 2977 2523 devotio.

1944 2551 2153 2621 Duplex
2190 2561 2371 2607 autem
2417 2565 2501 2610 est
2541 2557 2867 2625 pteiiitentize
2908 2563 3176 2628 gemitus:
3215 2564 3298 2618 vel
3330 2565 3456 2619 dum

1872 2644 2174 2714 plangimus
2199 2650 2344 2717 quod
2366 2648 2508 2703 male
2534 2649 2818 2718 gessimus,
2841 2650 2927 2706 vel
2957 2650 3086 2708 dum
3119 2670 3224 2709 non
3254 2670 3457 2723 egimus

1870 2739 2015 2808 quod
2038 2753 2199 2807 acere
2228 2739 2605 2796 debueramus.

1939 2828 2047 2885 [ste
2076 2840 2257 2885 autem
2288 2847 2413 2887 vere
2440 2833 2813 2903 ptenitenttam
2843 2843 2969 2906 agit,
3014 2852 3106 2906 qut
3136 2853 3237 2893 nec
3278 2854 3453 2908 ptent-

1872 2931 1983 2977 tere
2012 2924 2280 2992 praeterita
2322 2926 2565 2996 negligit,
2594 2943 2692 2983 nec
2732 2927 2911 2984 adhuc
2954 2929 3263 2999 pmnitenda
3306 2947 3456 2987 com-

1867 3017 2053 3071 mittit.

1939 3114 1995 3168 Si
2024 3114 2165 3169 bona
2194 3124 2277 3171 est
2322 3118 2374 3171 in
2403 3118 2661 3173 extremis
2705 3133 3006 3185 conversio,
3051 3121 3245 3178 melior
3273 3131 3453 3180 tamen

1871 3214 1952 3261 est
1979 3222 2098 3276 qua:
2121 3208 2280 3279 longe
2308 3219 2436 3267 ante
2463 3210 2622 3267 finem
2642 3212 2840 3283 agitur,
2869 3223 2930 3270 ut
2955 3214 3021 3270 ab
3044 3215 3143 3272 bac
3164 3216 3272 3271 vita
3297 3232 3453 3274 secu-

1866 3299 1978 3354 rius
2006 3308 2330 3357 transeatur.

1934 3391 1990 3446 In
2021 3393 2124 3448 hoc
2145 3394 2343 3450 seculo
2373 3397 2748 3467 paenitentiam
2778 3400 3128 3471 operantibus
3155 3399 3253 3456 Dei
3280 3401 3448 3456 mise-

1861 3484 2093 3540 ricordia
2122 3486 2395 3542 subvenit.

1930 3578 1991 3634 In
2021 3578 2202 3636 futuro
2233 3590 2413 3637 autem
2438 3583 2546 3653 jam
2568 3599 2675 3640 non
2703 3600 3012 3656 operamur,
3047 3588 3140 3643 sed
3183 3589 3448 3646 rationem

1862 3685 2086 3741 Operum
2118 3683 2424 3730 nostrorum
2452 3677 2719 3747 ponimus.

1932 3765 2120 3825 Nullus
2161 3768 2452 3841 desperare
2493 3772 2656 3828 debet
2698 3775 2933 3842 veniam,
2963 3786 3175 3830 etiamst
3205 3792 3347 3832 circa
3387 3775 3448 3831 ﬂ-

1862 3875 1984 3915 nem
2016 3862 2138 3916 vitae
2169 3864 2236 3918 ad
2266 3864 2638 3935 pmnitentiam
2667 3874 3032 3921 convertatur.

1932 3954 1987 4009 Si
2016 3956 2157 4011 enim
2189 3958 2500 4027 paenitendo
2530 3957 2688 4027 digna
2715 3958 2827 4015 Deo
2849 3967 2965 4015 acta
2986 3961 3331 4029 gesserimus,
3360 3980 3448 4017 se-

1860 4051 2145 4105 veritatem
2176 4052 2294 4119 ejus
2324 4054 2377 4107 in
2408 4054 2749 4109 clementiam
2781 4056 3252 4111 commutabimas.

1931 4142 2071 4198 Deus
2099 4142 2192 4211 qui
2234 4160 2334 4199 nos
2365 4145 2537 4200 malos
2569 4145 2781 4210 tolerat,
2814 4162 2921 4201 non
2957 4147 3173 4202 dubium
3207 4158 3288 4207 est
3316 4151 3443 4220 quin

1859 4234 2132 4288 conversis
2161 4234 2455 4291 clementer
2484 4238 2745 4306 ignoscat.

1930 4322 2082 4379 Sicut
2106 4325 2245 4379 enim
2278 4342 2387 4382 non
2418 4337 2635 4397 oportet
2661 4330 2933 4386 reminisci
2962 4333 3166 4402 peccati
3196 4332 3440 4399 affectus,

1856 4416 1934 4471 sic
1958 4432 2179 4473 necesse
2202 4426 2284 4473 est
2308 4434 2741 4491 unumquemque
2762 4436 2915 4476 suum
2948 4423 2998 4477 in
3024 4422 3274 4479 deﬂendo
3294 4441 3443 4479 com-

1857 4525 2157 4564 memorare
2190 4522 2489 4580 peccatum.

1928 4602 2099 4657 Omne
2132 4614 2412 4673 peccatum
2441 4621 2538 4677 per
2567 4610 2938 4678 pamitentlam
2986 4610 3177 4679 recipit
3205 4612 3443 4667 vulneris

1855 4695 2159 4749 sanitatem.

1927 4785 2065 4840 Nihil
2114 4794 2290 4842 autem
2337 4789 2492 4858 pejus
2532 4804 2693 4859 quam
2742 4792 2953 4862 culpam
2996 4807 3313 4863 agnoscere,
3343 4808 3443 4850 nec

151 4886 384 4953 quando
413 4899 698 4950 conversa,
730 4899 889 4954 quam
916 4885 981 4940 de
1006 4900 1068 4940 ea
1100 4901 1218 4954 quae
1250 4902 1518 4956 nunquam
1548 4888 1755 4941 exstitit
1852 4879 2069 4934 deuers-

156 4977 398 5049 perdita.

233 5066 366 5124 Plus
395 5077 482 5122 est
511 5068 655 5124 enim
682 5070 862 5139 gaudii
892 5085 1073 5126 coram
1095 5070 1206 5126 Deo
1233 5080 1287 5125 et
1313 5072 1516 5141 angelis
1545 5072 1660 5139 ejus
1686 5070 1753 5126 de

150 5179 221 5219 eo
248 5164 346 5233 qui
372 5177 402 5218 a
426 5164 670 5233 periculo
697 5164 973 5233 liberatur,
998 5181 1159 5235 quam
1189 5166 1257 5222 de
1278 5182 1344 5222 eo
1364 5170 1453 5235 qui
1479 5184 1749 5237 nunquam

154 5257 316 5312 novit
348 5257 555 5326 peccati
585 5257 904 5328 perieulum.

228 5348 452 5417 Quanto
482 5351 765 5405 contristat
786 5367 874 5407 res
892 5352 1119 5423 perdita,
1153 5361 1302 5408 tanto
1325 5355 1493 5424 magis
1519 5356 1561 5409 si
1592 5357 1752 5412 fuerit

152 5446 405 5507 inventa,
442 5444 698 5500 lzetiﬁcat.

232 5534 387 5589 Multi
421 5549 655 5603 superna
686 5550 918 5604 respersi
958 5539 1147 5605 gratia,
1181 5538 1231 5592 in
1261 5541 1517 5595 extremis
1544 5542 1653 5596 suis
1685 5543 1750 5595 ad

156 5628 334 5682 Deum
364 5635 710 5682 revertuntur
739 5642 833 5697 per
861 5628 1247 5697 pmnitentiam.

230 5718 302 5772 Et
322 5733 661 5787 quaecunque
692 5720 830 5773 mala
854 5730 1157 5788 gesserunt,
1189 5722 1514 5792 quotidianis
1542 5723 1753 5779 ﬂetibus

155 5822 392 5881 purgant
428 5831 438 5864 :
474 5820 639 5882 atque
681 5812 833 5867 bonis
864 5810 1015 5869 factis
1056 5816 1192 5867 mala
1225 5823 1372 5884 gesta
1399 5828 1753 5883 commutant,

155 5907 359 5976 quibus
400 5909 549 5976 iuste
602 5914 773 5962 totum
821 5906 965 5976 quod
1012 5907 1381 5979 deliqui-rant,
1440 5913 1746 5978 ignoscitur.

1931 4972 1983 5024 In
2014 4973 2114 5026 hac
2142 4972 2251 5025 vita
2282 4980 2487 5027 tantum
2515 4975 2845 5042 poenitentia:
2869 4985 3016 5045 patet
3045 4976 3283 5042 libertas,
3315 4987 3438 5047 post

1854 5075 2083 5122 mortem
2115 5081 2244 5121 vero
2279 5066 2421 5121 nulla
2463 5075 2543 5121 est
2567 5070 2921 5123 correctionis
2950 5071 3184 5125 licentia.

1930 5156 2317 5211 l‘muitentibns
2336 5156 2512 5209 divina
2533 5157 2815 5213 clementia
2839 5162 3109 5227 subvenit,
3133 5170 3187 5216 et
3210 5179 3304 5231 per
3326 5179 3439 5234 pm—

1853 5254 2134 5309 nitentiam
2163 5253 2488 5322 indulgentia
2520 5256 2694 5310 datur.

1927 5345 2126 5400 Vulnus
2157 5347 2404 5401 iteratum
2440 5347 2640 5401 tardius
2669 5359 2906 5405 sanatur.

1925 5438 2231 5495 Secundum
2268 5440 2511 5493 morbum
2546 5440 2900 5509 impendenda
2933 5452 3013 5497 est
3037 5445 3319 5500 medicina.

1926 5533 2084 5588 Juxta
2116 5533 2307 5587 vulnus
2335 5532 2635 5588 adhibenda
2658 5544 2776 5587 sunt
2810 5535 3060 5591 remedia.

2508 5642 2794 5683 CMARIUS.

1930 5719 2096 5774 Valde
2125 5720 2256 5773 dura
2289 5727 2343 5773 et
2374 5718 2593 5772 nimium
2626 5718 2853 5772 dolenda
2885 5719 3125 5774 conditio
3155 5728 3253 5785 (st,
3291 5725 3437 5775 omni

1859 5812 2156 5867 intentione
2185 5811 2360 5866 studio
2387 5821 2593 5881 tempus
2626 5813 2933 5880 impendere
2985 5821 3037 5868 et
3071 5813 3299 5867 fructum
3334 5832 3440 5868 IIU'J

1860 5921 2101 5972 recipi-r9
2134 5913 2253 5972 post
2286 5906 2542 5959 laborem.
