4194 6554
741 433 848 488 625

1737 413 2160 472 DEFI‘ZNSUHIS
2199 408 2736 464 LOCOCIAGENSIS
2778 406 3076 462 MONACIII

3921 399 4025 452 63‘

816 548 955 602 Dicit
975 547 1114 598 enim
1142 541 1333 610 aliquis
1359 559 1371 591 ;
1396 538 1529 592 Cum
1557 536 1622 589 aii
1645 543 1917 588 senectam
1943 543 2166 595 venero,
2196 535 2324 581 tunc
2351 529 2406 586 Α
2430 531 2628 593 ροιοει,
2662 523 2838 578 lumen
2863 521 3062 576 habere
3097 536 3204 575 non
3248 526 3453 590 potest;
3497 518 3568 573 ita
3611 516 3882 586 jejunium
3913 516 4026 570 sine

743 644 808 699 ad
838 639 1167 714 paenitentiae
1194 635 1582 690 medicamenta
1605 625 1928 696 confugiam.

814 739 994 805 Quare
1022 736 1127 790 hoc
1151 731 1218 786 de
1240 745 1297 786 se
1328 726 1582 797 fragilitas
1611 725 1843 776 humana
1870 723 2181 789 praesumat,
2209 729 2327 767 cum

742 846 904 888 uuam
934 829 1078 884 diem
1107 825 1230 880 vitae
1259 837 1370 878 sua:
1394 821 1445 875 in
1480 824 1753 889 potestate
1780 829 1888 868 non
1919 809 2151 866 habeat?

817 923 1158 992 ln‘iqnitatem
1180 916 1324 972 enim
1354 921 1591 968 nostram
1617 909 1663 964 si
1685 922 1788 964 nos
1807 901 2170 972 agnoscimus,
2194 900 2333 954 Deus

745 1015 994 1074 ignoscit.

763 1034 994 1088 gnoscit.

815 1108 967 1164 Multi
996 1110 1143 1163 enim
1171 1119 1230 1159 se
1255 1100 1547 1157 credebant
1593 1098 1752 1163 longo
1781 1102 2027 1161 tempore
2069 1091 2329 1152 victuros,

745 1213 801 1262 et
828 1204 900 1258 ita
927 1202 1050 1257 illos
1076 1212 1224 1253 mors
1254 1193 1534 1264 repentina
1559 1186 1847 1251 subtraxit,
1872 1194 1929 1238 ut
1958 1199 2058 1238 nec
2089 1181 2156 1236 ad
2187 1180 2330 1233 illam

746 1308 1180 1355 momentaneam
1215 1289 1421 1362 possint
1453 1283 1822 1356 pmnitentiam
1851 1278 2155 1348 pervenire.

819 1387 1195 1446 Erubescimus
1243 1383 1406 1437 modo
1460 1391 1625 1448 parvo
1672 1385 1912 1441 tempore
1961 1367 2332 1435 pmnitentiam

748 1499 927 1557 agere,
956 1489 1012 1537 et
1036 1495 1150 1535 non
1171 1477 1423 1532 timemus
1450 1471 1566 1525 sine
1596 1467 1704 1520 ullo
1736 1464 1964 1520 termino
1985 1469 2185 1516 aeterna
2209 1475 2333 1528 sup-

749 1579 908 1650 plicia
937 1573 1221 1633 sustinere.

821 1669 923 1738 Qui
962 1668 1106 1724 enim
1141 1679 1240 1735 pro
1286 1659 1524 1731 peccatis
1553 1656 1650 1708 sibi
1675 1655 1771 1710 ipsi
1822 1667 1924 1705 non
1958 1648 2147 1718 parcit,
2199 1645 2340 1698 lli-ns

752 1765 829 1820 illi
857 1764 967 1819 cito
995 1755 1380 1826 indulgentiam
1407 1751 1605 1805 tribuet

1378 1864 1606 1921 CAPUT
1646 1862 1712 1916 Χ.

1322 1960 1401 2014 De
1445 1957 1776 2012 abstinentia.

1416 2089 1686 2131 CBIISTUS.

830 2180 980 2237 Beati
1013 2176 1100 2247 qui
1148 2173 1393 2229 esuriunt
1437 2178 1492 2222 et
1527 2168 1720 2221 sitiunt
1758 2161 2040 2232 justitiam,
2088 2157 2343 2228 quoniam

757 2275 858 2344 ipsi
888 2270 1274 2328 saturabuntur
1304 2262 1518 2333 (Matth.
1554 2262 1625 2329 v):

1446 2388 1666 2428 PAULUS.

832 2475 931 2530 Hic
964 2473 1055 2542 qui
1096 2467 1408 2532 manducat,
1436 2477 1546 2517 non
1597 2456 2012 2513 manducantem
2045 2467 2152 2505 non
2199 2463 2348 2518 sper-

760 2576 853 2623 nat
879 2565 1057 2636 (Rom.
1092 2563 1223 2632 xw).

829 2648 912 2714 Et
933 2659 1024 2730 qui
1055 2673 1161 2712 non
1192 2654 1485 2709 manducat
1551 2645 1968 2702 manducantem
2015 2655 2119 2694 nam
2149 2636 2350 2706 judicet

759 2753 1129 2909 (13:).enttii
1181 2839 1470 2893 manducat
1522 2834 1754 2887 Domino
1802 2827 2108 2892 manducat,
2152 2822 2352 2893 gratias

757 2936 902 2992 enim
933 2935 1043 3003 agit
1076 2933 1208 2986 Deo.

830 3026 895 3080 Et
932 3026 1022 3096 qui
1065 3039 1171 3078 non
1203 3022 1511 3082 manducat,
1548 3017 1774 3072 Domino
1804 3029 1910 3067 non
1942 3010 2249 3071 manducat,
2300 3015 2356 3061 et

759 3121 962 3192 gratias
992 3119 1104 3186 agit
1131 3117 1243 3171 Deo
1271 3115 1478 3183 (lbid.).

834 3213 1020 3268 Omnis
1046 3219 1289 3266 creatura
1319 3208 1413 3261 Dei
1439 3208 1574 3259 bona
1614 3224 1621 3252 :
1660 3203 1788 3255 nihil
1820 3197 2176 3269 rejiciendum
2205 3193 2355 3265 quod

764 3323 886 3364 cum
913 3305 1207 3375 gratiarqu
1229 3302 1442 3356 actione
1467 3299 1791 3368 percipitur;
1820 3293 2183 3348 sanctiﬁcatur
2211 3289 2350 3342 enim

766 3417 866 3473 per
893 3399 1116 3455 verbum
1149 3397 1240 3452 Dei
1270 3405 1326 3451 et
1349 3395 1654 3450 orationem
1688 3389 1775 3459 (11
1807 3390 1942 3444 Tim.
1974 3389 2067 3454 tv).

1434 3521 1693 3561 SALOION.

838 3606 1021 3661 Justus
1050 3603 1304 3664 comedit,
1353 3608 1409 3654 et
1453 3599 1629 3668 replet
1664 3596 1898 3650 animam
1945 3609 2116 3654 suum,
2170 3597 2356 3644 venter

766 3711 949 3757 autem
980 3697 1267 3768 impiorum
1299 3691 1618 3748 insatiabilis
1651 3688 1832 3757 (Prov.
1868 3687 2000 3754 xm).

837 3795 1030 3851 Anima
1056 3799 1296 3847 saturata
1314 3789 1486 3844 calcat
1511 3784 1714 3851 favum,
1739 3783 1914 3836 anima
1944 3781 2187 3834 esuriens
2210 3793 2354 3832 ama-

765 3904 886 3945 rum
917 3900 1015 3956 pro
1043 3883 1183 3938 dulci
1213 3880 1377 3935 sumit
1406 3876 1586 3947 (Prov.
1620 3875 1805 3943 xxvn).

840 3975 944 4044 Qui
959 3975 1238 4030 abstinens
1248 3978 1355 4038 est,
1372 3967 1593 4036 adjiciet
1612 3966 1712 4020 sibi
1729 3965 1893 4018 vitam
1916 3963 2110 4016 (Eccle.
2133 3961 2354 4028 xxxvn).

1388 4096 1733 4139 AUGUSTINUS.

847 4185 998 4240 Mens
1051 4182 1298 4237 ciborum
1341 4175 1605 4232 inanitate
1643 4172 1839 4226 lassata
1885 4168 2072 4238 perdet
2102 4167 2360 4222 orationis

772 4292 1034 4334 νιεοῐοω.

862 4293 1034 4334 orem.

809 4293 988 4428 “Nihil
1020 4369 1243 4441 prodest
1269 4374 1385 4424 tota
1426 4364 1513 4420 die
1536 4363 1755 4433 longum
1785 4360 1980 4416 ducere
2001 4357 2286 4426 jejunium,
2315 4357 2359 4410 si

773 4481 900 4545 post
963 4470 1206 4526 ciborum
1271 4463 1580 4520 satietatem
1641 4457 1728 4511 vel
1783 4453 2114 4508 nimietatem
2183 4448 2359 4502 anima

775 4567 1055 4621 obruatur.

846 4656 931 4712 Sit
954 4667 1085 4721 ergo
1116 4655 1446 4719 temperatus
1473 4643 1624 4699 cibus
1645 4653 1804 4704 escae,
1836 4645 1894 4692 et
1919 4635 2134 4702 irrigata
2161 4645 2359 4701 corpo-
2391 4655 2444 4715 ι)

777 4750 853 4804 ris
882 4746 1054 4802 nostri
1082 4751 1225 4797 terra
1255 4738 1441 4808 spinas
1467 4733 1746 4789 libidinum
1771 4744 1879 4783 non
1909 4723 2248 4794 germinabit.

850 4837 1034 4904 Qualis
1065 4841 1147 4888 est
1174 4844 1304 4885 caro
1331 4841 1452 4896 qua:
1490 4832 1615 4896 post
1643 4821 1842 4876 multos
1871 4818 1984 4872 dies
2014 4813 2241 4884 percipit
2285 4811 2361 4864 ci-

779 4903 927 4994 bum,
959 4927 1084 4983 talis
1109 4934 1197 4980 est
1223 4922 1406 4978 anima
1442 4932 1564 4976 ante
1591 4930 1700 4972 non
1746 4911 1958 4970 assidue
1989 4910 2227 4980 pascitur
2266 4903 2363 4959 Dei

778 5024 967 5082 verbo.

853 5119 987 5172 Item
1028 5113 1192 5168 dicit:
1242 5110 1344 5176 Qui
1375 5123 1481 5162 non
1508 5110 1687 5176 potest
1713 5097 2006 5171 jejunando
2038 5110 2235 5156 curari,
2261 5107 2362 5162 po-

783 5218 890 5265 test
916 5207 1316 5274 eleemosynam
1346 5197 1524 5252 dando
1546 5193 1759 5250 redimi.

854 5302 1064 5355 Bonutn
1092 5308 1174 5352 est
1203 5295 1469 5355 ieiunare,
1501 5288 1594 5343 sed
1627 5285 1824 5340 melius
1852 5291 1936 5336 est
1965 5281 2221 5345 eleemos;
2243 5287 2364 5327 nam

780 5395 1208 5554 dageemosyna
1231 5475 1429 5532 suﬂicit
1453 5487 1570 5526 Stlle
1592 5468 1819 5538 jejunio,
1839 5465 2099 5533 jejunium
2126 5476 2233 5515 non
2257 5457 2365 5514 suf-

786 5581 898 5639 ﬁcit
924 5578 1038 5632 sine
1066 5575 1430 5640 eleemosvna.

855 5668 1126 5739 Jejuniutn
1155 5680 1276 5719 cum
1306 5660 1649 5728 eleemosyna
1679 5655 1875 5722 duplex
1909 5652 2107 5705 bonum
2139 5658 2222 5701 est

859 5762 990 5816 Tale
1013 5766 1098 5814 est
1121 5755 1385 5825 jejunium
1401 5751 1517 5807 sine
1538 5750 1877 5815 eleemosytta
1907 5743 2080 5797 oualis
2111 5741 2224 5792 sine
2247 5739 2368 5792 olen

792 5852 1030 5912 lucerna.

861 5947 1015 6001 Sicut
1043 5945 1258 5999 lucerna
1290 5952 1408 6006 quin
1443 5951 1557 5990 sine
1584 5935 1706 5988 oleo
1746 5930 2081 5984 accenditur.
2113 5925 2370 5989 fllllllgat‘P

2433 616 2778 688 eleemosyna
2826 631 3046 672 carnem
3094 614 3310 687 quidem
3357 613 3583 678 cruciat,
3634 612 3731 669 sed
3789 611 4028 668 charitas

2433 710 2632 765 lumine
2661 710 2892 765 animam
2919 725 3028 766 non
3058 709 3308 763 illustrat.

3043 817 3394 858 BIERONYNS.

2503 894 2716 966 Jejunia
2747 895 3026 950 moderata
3056 896 3252 950 debent
3285 909 3426 958 esse,
3461 905 3531 947 ne
3556 891 3720 946 nimis
3743 889 4032 946 debilitent

2433 994 2790 1057 stomachum,
2818 993 2944 1063 quia
2974 992 3217 1047 modicus
3247 1000 3302 1047 et
3331 998 3665 1062 temperatus
3693 986 4030 1061 cibuscarni

2435 1093 2491 1138 et
2515 1085 2704 1138 anima:
2732 1085 2875 1138 utilis
2903 1093 3003 1138 est.

2509 1174 2727 1244 Pinguis
2745 1185 2934 1231 venter
2961 1191 3069 1230 non
3097 1176 3265 1243 gignit
3290 1182 3513 1230 tenuem
3545 1190 3787 1230 sensum.

2512 1268 2705 1324 Plenus
2736 1281 2924 1323 venter
2953 1268 3109 1322 facile
3131 1269 3196 1321 de
3223 1267 3444 1336 jejunus
3472 1269 3732 1338 disputat.

2512 1363 2701 1417 Melius
2727 1370 2808 1416 est
2834 1362 3172 1414 stomachum
3202 1360 3386 1414 dolere
3408 1375 3573 1429 quam
3603 1369 3872 1415 mentem.

2513 1454 2742 1509 Tantum
2773 1455 2866 1508 tibi
2893 1453 3156 1522 jejunium
3199 1453 3436 1520 impone,
3469 1463 3641 1522 quant
3667 1471 3732 1507 -m
3768 1454 3912 1509 farre
3941 1471 4036 1524 po-

2444 1559 2524 1604 tes
2549 1567 2559 1600 :
2593 1547 2870 1614 multoque
2896 1545 3086 1599 melius
3103 1553 3186 1600 est
3207 1544 3451 1615 quotidie
3477 1561 3688 1614 parum,
3716 1562 3884 1614 quam
3915 1563 4036 1604 raro

2443 1641 2574 1696 satis
2603 1655 2839 1694 sumere.

2519 1731 2704 1786 Pluvia
2731 1731 2814 1786 illa
2841 1733 3044 1800 optima
3069 1738 3152 1786 est
3186 1745 3306 1800 qua:
3334 1745 3443 1786 non
3466 1730 3742 1802 superﬂue
3766 1732 4043 1787 descendit

2445 1828 2498 1882 in
2525 1835 2742 1881 terram.

2376 1904 2423 1961 Β
2522 1919 2849 1987 Subitusque
2871 1925 2925 1972 et
2955 1917 3150 1972 nimius
3190 1917 3364 1971 imber
3390 1918 3443 1972 in
3475 1934 3718 1988 praeceps
3743 1933 3878 1972 arva
3918 1922 4044 1973 sub-

2451 2014 2624 2066 vertit.

2520 2104 2577 2158 ln
2607 2104 2736 2172 ipsis
2785 2103 2949 2157 etiam
3003 2103 3362 2171 leguminibus
3419 2102 3666 2158 inﬂantia
3714 2120 3956 2174 qumque
3998 2113 4050 2159 et

2451 2196 2630 2264 gravia
2656 2193 2972 2250 declinanda
3003 2202 3128 2250 sunt

2521 2285 2663 2340 Nihil
2689 2294 2798 2340 tam
2821 2286 2964 2341 scias
2983 2285 3232 2341 conferre
3250 2283 3572 2342 Christianis
3587 2287 4049 2356 adolescentibus,

2453 2389 2513 2434 ut
2551 2397 2700 2435 esum
2733 2381 2958 2436 olerum.

2453 2563 2485 2618 d
2525 2473 2809 2542 Ardorque
2832 2487 3128 2543 corporum
3142 2471 3514 2542 frigidioribus
3536 2474 3712 2544 epulis
3739 2484 4026 2546 temperan

2491 2578 2552 2618 us
2580 2572 2681 2618 est.

2491 2578 2552 2618 IIS
2580 2572 2681 2618 est.

2525 2656 2780 2711 Nonnulli
2811 2657 2976 2712 vitam
3006 2658 3260 2728 pudicam
3293 2667 3616 2728 appetentes
3649 2677 3702 2714 .n
3753 2661 3939 2715 medio
3970 2661 4051 2714 iti-

2457 2763 2587 2804 nere
2617 2756 2899 2816 corruunt,
2929 2749 3056 2803 dum
3086 2749 3258 2804 solam
3302 2750 3687 2805 abstinentiam
3720 2753 3908 2805 carnis
3943 2766 4050 2806 ser-

2456 2849 2605 2905 vant,
2637 2847 2694 2895 et
2713 2841 3069 2911 leguminibus
3099 2851 3330 2896 onerant
3355 2844 3718 2897 stomachum.

2526 2935 2667 2990 Nihil
2691 2936 2770 2992 sic
2817 2933 3115 2990 inﬂammat
3139 2945 3194 2990 et
3245 2935 3426 2990 titillat
3473 2937 3716 2991 membra
3767 2938 4046 3004 genitalia,

2457 3044 2620 3098 quam
2644 3027 2946 3095 indigestus
2973 3027 3124 3082 cibus
3154 3036 3448 3097 ructusque
3478 3031 3797 3084 convulsus.

2531 3121 2734 3177 Parcus
2771 3121 2922 3177 cibus
2946 3136 3164 3191 semper
3180 3122 3358 3176 ventri
3397 3121 3656 3176 esurienti
3686 3121 3957 3177 triduanis
3971 3137 4051 3190 ,θα

2457 3221 2624 3292 juniis
2645 3219 2944 3290 praefertur.

2535 3317 2738 3372 Sensus
2767 3313 3000 3370 olticium
3041 3313 3302 3368 exhibens
3350 3312 3464 3369 Deo
3499 3313 3684 3382 vigeat
3726 3328 3971 3384 semper,
3998 3323 4053 3370 et

2457 3412 2634 3466 tenuis
2661 3410 2748 3464 sit.

3099 3513 3401 3554 Δηιοδιυς.

2531 3592 2758 3662 Jejunia,
2791 3589 3002 3660 vigilias,
3043 3588 3408 3660 eleemosynze
3434 3596 3492 3642 et
3514 3595 3710 3642 cratera
3740 3587 4054 3656 hujusmodi

2461 3701 2658 3757 augere
2709 3685 2912 3740 bonum
2951 3689 3196 3739 nostrum
3251 3680 3473 3746 debent,
3521 3695 3630 3734 non
3678 3681 3869 3736 velare
3924 3696 4053 3752 pec-

2462 3791 2662 3836 catum.

2533 3872 2628 3928 llle
2654 3871 2925 3926 abstinens
2952 3868 3034 3922 vir
3060 3865 3360 3923 credendus
3388 3873 3494 3932 est,
3524 3864 3618 3934 qui
3647 3864 3909 3919 vitiorum
3941 3879 4056 3920 om-

2465 3966 2610 4022 nium
2642 3965 2778 4020 liber
2796 3961 3018 4019 eﬂ'ectus
3047 3969 3147 4016 est.

2538 4057 2722 4125 Neque
2747 4055 2891 4110 enim
2917 4050 3222 4123 reputanda
3253 4059 3340 4106 est
3364 4049 3696 4106 abstinentia
3719 4089 3737 4118 ,
3766 4049 3861 4104 ubi
3894 4048 4057 4103 fuerit

2464 4147 2666 4204 ventris
2693 4146 2946 4202 saturitas
2968 4145 3274 4200 subsecuta.

2536 4239 2776 4295 Membra
2805 4253 2898 4293 sua
2920 4252 3039 4306 quae
3067 4244 3194 4290 sunt
3237 4248 3399 4305 supra
3441 4243 3641 4288 terrain
3696 4232 4056 4298 mortificant,

2464 4333 2682 4403 quando
2719 4329 2958 4388 insolens
3005 4343 3202 4399 corpus
3252 4326 3580 4398 jejuniorum
3636 4326 4059 4382 continuatione

2462 4424 2744 4494 castigant.

2539 4517 2676 4571 Nihil
2699 4523 2888 4570 contra
2926 4512 3304 4569 abstinentiam
3351 4512 3557 4566 faciunt
3593 4511 3685 4581 qui
3723 4511 3920 4564 viuum
3949 4527 4057 4566 non

2466 4611 2747 4676 ebrietate,
2778 4608 2870 4664 sed
2887 4616 3092 4662 tantum
3123 4621 3224 4677 pro
3247 4605 3420 4662 salute
3444 4604 3686 4672 corporis
3707 4602 4060 4671 percipiunt;

2469 4719 2569 4757 nec
2597 4703 2701 4756 hoc
2729 4701 2808 4756 eis
2833 4698 2992 4754 oll‘ert
3019 4698 3292 4768 voluptas,
3323 4696 3416 4752 sed
3449 4693 3711 4765 permittit
3739 4693 4062 4747 inﬁrmitas.

2539 4793 2872 4849 Abstinentia
2899 4791 3144 4846 ciborum
3173 4789 3286 4845 sola
3314 4803 3423 4843 non
3465 4787 3667 4842 suﬂicit
3685 4825 3704 4851 ,
3735 4784 3838 4839 nisi
3894 4800 4064 4854 opera

2467 4887 2516 4942 ei
2539 4885 2682 4941 bona
2709 4885 3022 4954 jungantur.

3098 4990 3162 5031 GR
3171 4989 3405 5031 I'ZGOBIUS.

2539 5073 2666 5130 Plus
2693 5073 2836 5127 enim
2867 5079 2952 5125 est
2990 5067 3137 5122 verbi
3182 5067 3379 5137 pabulo
3400 5065 3660 5119 victuram
3701 5061 3755 5115 in
3787 5069 4067 5130 perpetuo

2470 5176 2706 5222 mentem
2752 5166 3009 5229 reticere,
3057 5175 3218 5230 quam
3256 5166 3502 5213 ventrem
3549 5156 3823 5210 moriturae
3881 5155 4069 5209 carnis

2472 5272 2687 5315 terreno
2711 5273 2850 5329 pane
2883 5257 3102 5310 satiare.

2540 5353 2673 5408 Cibo
2702 5366 2898 5422 corpus
2925 5350 3165 5420 pascitur
3185 5388 3199 5413 ,
3225 5362 3322 5417 pro
3351 5360 3519 5417 Opere
3544 5344 3765 5414 spiritus
3795 5343 4064 5397 nutritur.

2541 5447 2886 5502 Abstinentes
2907 5451 2963 5498 et
2983 5447 3298 5509 arrogantes
3324 5454 3420 5508 per
3439 5434 3819 5491 abstinentiam
3833 5435 4067 5503 quidem

2473 5555 2670 5612 corpus
2696 5537 2959 5608 afﬂigunt,
2982 5534 3076 5591 sed
3099 5549 3196 5604 per
3221 5531 3554 5588 desiderium
3585 5543 3734 5584 vanae
3760 5527 3962 5597 gloria:
3989 5527 4070 5584 vi-

2473 5641 2620 5688 vunt.

2539 5725 2676 5783 Cum
2705 5739 2856 5780 mens
2883 5723 2950 5778 de
2979 5728 3250 5792 praecepto
3281 5717 3562 5772 charitatis
3594 5715 3863 5778 tenditur,
3899 5723 4072 5771 restat

2476 5818 2827 5889 proculdubio
2857 5826 2914 5871 ut
2943 5831 3040 5886 per
3062 5810 3440 5868 abstinentiam
3470 5823 3600 5863 caro
3623 5813 3960 5861 macerctur.

2543 5915 2658 5967 Non
2687 5911 2829 5966 enim
2862 5909 2992 5972 Deo,
3027 5906 3118 5962 sed
3142 5903 3245 5960 sibi
3271 5898 3501 5972 quisque
3526 5899 3755 5968 jejunat,
3780 5897 3824 5951 si
3854 5912 3927 5952 ea
3954 5909 4072 5963 qua
