4194 6548
164 430 263 487 685

1465 428 1972 487 SCINTILIARUM
2016 435 2030 486 l
2061 436 2214 490 [BER

3352 440 3452 493 626

174 549 225 601 id
251 557 464 617 tempus
497 546 667 600 ventri
695 545 982 610 subtrahit,
1012 561 1118 599 tton
1147 545 1396 613 inopibus
1428 544 1632 607 tribuit,
1659 542 1754 597 sed
1786 547 1831 605 Α
1932 546 2083 601 Sicut
2105 550 2259 618 equis
2284 565 2434 605 trena
2458 560 2583 606 sunt
2607 550 2951 620 .mponenda,
2977 553 3047 605 ita
3077 553 3240 606 corda
3273 563 3453 608 nostra

168 641 332 697 ventri
360 639 707 711 postmodum
729 637 1007 695 offerenda
1033 636 1288 692 custodit.

231 732 569 789 Admonendi
628 741 755 788 sunt
804 731 1167 797 abstinentes,
1221 738 1282 785 ut
1335 730 1588 784 noverint
1633 730 1755 797 quia

164 834 287 883 tunc
323 829 628 898 placentem
658 825 771 882 Deo
802 826 1185 882 abstinentiam
1212 823 1477 891 offerunt,
1525 841 1647 880 cum
1692 840 1758 880 ea

163 935 278 987 quae
306 920 409 974 sibi
440 919 508 975 de
550 920 820 975 alimentis
862 919 1189 975 subtrahunt
1238 917 1601 987 indigentibus
1646 918 1754 972 lar—

161 1013 395 1082 giuntur.

827 1120 1083 1162 ISIDOBUS.

232 1199 391 1267 Quia
423 1200 557 1256 cibis
604 1201 896 1271 abstinent,
924 1214 980 1259 et
1033 1221 1201 1277 prave
1253 1215 1437 1279 agunt,
1486 1208 1758 1265 diemones

162 1293 458 1350 imitantur.
1394 1302 1397 1303 ⁷

231 1386 307 1442 illi
347 1396 527 1443 autem
548 1404 579 1443 a
609 1389 743 1446 cibis
772 1389 913 1445 bene
939 1392 1232 1460 abstinent,
1257 1396 1349 1463 qui
1379 1410 1411 1450 a
1436 1395 1591 1450 malis
1619 1397 1758 1451 acti-

163 1484 260 1539 bus
287 1484 374 1537 vel
400 1498 429 1537 a
454 1484 636 1539 mundi
666 1486 961 1540 ambitione
979 1486 1249 1555 jejunant.

235 1574 387 1631 Escis
414 1576 559 1632 enim
610 1576 778 1633 libido
832 1580 1048 1645 crescit,
1098 1578 1305 1649 jejunio
1353 1581 1567 1635 luxuria
1594 1596 1756 1652 supe-

167 1679 335 1723 ratur.

233 1763 350 1819 Hoc
373 1773 455 1819 est
477 1764 774 1835 perfectum
799 1775 855 1821 et
880 1770 1201 1825 rationabile
1225 1770 1487 1840 jejunium
1510 1790 1522 1825 :
1544 1776 1759 1841 quando

167 1868 352 1914 noster
383 1860 546 1913 homo
566 1860 779 1928 jejunat
804 1864 1063 1927 exterior,
1093 1864 1320 1920 interior
1346 1876 1485 1921 orat.

1856 639 2074 707 jejuttiis
2095 651 2217 695 sunt
2238 642 2514 699 frenattda.

1931 731 2083 788 Esca:
2118 736 2261 789 enim
2294 737 2538 806 plurimae
2582 754 2689 793 non
2720 754 2895 794 sctum
2922 738 3087 794 corda
3121 749 3329 805 nostra,
3358 740 3453 795 sed

1860 825 2023 878 etiam
2047 841 2244 895 corpus
2265 836 2320 881 et
2350 830 2585 883 animam
2606 829 2828 884 lmdunt.

1931 919 2072 975 Nihil
2095 924 2315 991 prodest
2336 935 2579 980 ventrem
2599 926 2669 980 ab
2685 925 2824 982 escis
2843 939 3114 989 resecare,
3137 934 3193 979 et
3216 926 3453 979 animam

1861 1012 2093 1069 obruere
2123 1016 2485 1084 passionibus.

1932 1106 2119 1163 Talem
2142 1118 2195 1164 te
2223 1110 2435 1173 exhibe,
2469 1109 2564 1174 fili,
2592 1119 2650 1166 ut
2675 1126 2800 1167 cum
2828 1114 3070 1168 volueris
3105 1112 3371 1180 jejunare,
3402 1122 3458 1167 et

1861 1217 1982 1257 cum
2016 1210 2069 1257 te
2094 1218 2124 1257 a
2153 1206 2285 1258 cibis
2310 1204 2573 1273 abstines,
2621 1215 2676 1260 et
2702 1206 2939 1275 linguam
2968 1216 3116 1261 tuatn
3146 1206 3358 1262 abstine
3388 1208 3456 1263 ab

1866 1296 2064 1351 illicitis
2095 1300 2540 1366 cogitationibus.

1933 1390 2143 1460 Corpus
2170 1408 2520 1451 exerceamus
2544 1393 2783 1464 jejuniis,
2813 1406 2869 1452 et
2897 1407 3136 1453 mentem
3166 1409 3459 1467 purgemus

1864 1497 1893 1537 a
1917 1483 2079 1538 vitiis.

1935 1576 2019 1631 Ad
2046 1578 2373 1645 vigilandum
2401 1588 2581 1633 autettt
2633 1582 2859 1635 multum
2902 1581 3169 1651 jejunium
3215 1580 3455 1650 prodest.

1935 1670 2085 1724 Sicut
2115 1670 2257 1724 enim
2298 1671 2454 1726 miles
2496 1672 2726 1741 plurimo
2768 1690 2936 1728 tuere
2984 1680 3375 1743 praegravatur,
3405 1679 3461 1725 et

1864 1764 2152 1834 impeditur
2179 1764 2247 1820 ad
2276 1765 2499 1831 bellum,
2536 1771 2607 1819 ita
2634 1776 2687 1819 et
2719 1767 3011 1836 inpeditur
3055 1764 3352 1818 monachus
3392 1762 3460 1817 ad

1867 1856 2094 1925 vigilias,
2124 1873 2246 1910 cum
2274 1874 2521 1911 escarum
2554 1858 2799 1928 largitate
2832 1858 3099 1912 fervescit.

236 1950 337 2005 Per
363 1952 628 2021 jejunium
658 1954 820 2007 etiam
861 1958 1075 2011 occulta
1124 1958 1544 2014 ministeriorum
1598 1975 1753 2015 reve-

1936 1948 2093 2017 Sazpe
2145 1950 2289 2004 enim
2341 1965 2437 2019 per
2482 1951 2727 2005 ciborum
2771 1952 3083 2004 aviditatem
3140 1950 3462 2017 franguntur

164 2043 365 2109 lantur,
394 2056 448 2099 et
478 2046 642 2100 divini
674 2050 997 2103 sacramenti
1027 2065 1223 2106 arcana
1255 2054 1582 2121 panduntur.

230 2135 442 2203 Jejnnia
474 2136 633 2193 fortia
663 2140 768 2193 tela
804 2149 930 2194 sunt
974 2143 1233 2199 adversus
1271 2153 1604 2200 tentamenta
1648 2147 1757 2200 da:-

165 2231 493 2284 moniorum.

230 2322 355 2377 Cito
408 2323 554 2378 enim
612 2340 708 2394 per
760 2326 1142 2382 abstinentiam
1211 2331 1504 2385 adversarii
1575 2331 1760 2384 devin-

163 2426 375 2471 Cllﬂllll'.

228 2509 497 2564 ltnmundi
527 2511 669 2565 enim
724 2513 945 2583 spiritus
1002 2516 1074 2571 ibi
1126 2518 1295 2585 magis
1344 2516 1615 2581 insistunt,
1674 2521 1760 2572 tibi

166 2600 279 2670 plus
310 2603 547 2658 viderint
576 2621 753 2660 escam
785 2620 833 2659 et
868 2618 1075 2677 potum.

233 2695 375 2748 Caro
408 2703 587 2749 autent
622 2706 749 2751 tunc
782 2697 949 2753 Deum
983 2701 1115 2761 sitit,
1141 2704 1356 2769 quando
1382 2719 1478 2773 per
1501 2704 1763 2773 jejunium

164 2787 400 2842 abstinet
428 2802 483 2842 et
508 2791 724 2845 arescit.

234 2882 575 2935 Abstinentia
618 2883 853 2939 vivilicat
896 2887 1195 2951 moderata,
1248 2899 1301 2941 et
1333 2892 1531 2945 occidit
1579 2908 1763 2961 super-

165 2974 266 3027 tlua
300 2993 311 3025 :
343 2973 581 3029 vivificat
605 2978 863 3042 animam,
893 2996 1090 3049 corpus
1112 2991 1290 3035 necat.

234 3067 467 3133 Quidam
500 3070 888 3125 incredibiliter
920 3073 1211 3138 abstinent,
1249 3086 1303 3128 ut
1331 3076 1637 3130 hom'nibus
1671 3094 1764 3132 cu-

165 3163 342 3226 riosis,
373 3163 465 3231 qui
499 3180 566 3217 ex
601 3165 863 3220 orationis
908 3168 1087 3222 studio
1116 3170 1291 3223 sancti
1339 3181 1621 3238 apparent,
1656 3157 1778 3226 non.

166 3256 506 3309 abstinentia:
542 3265 667 3311 voto
700 3272 763 3312 ac
793 3260 932 3313 e-cis
961 3261 1203 3313 carnium
1226 3276 1285 3315 se
1308 3264 1661 3331 suspendunt.
1697 3263 1762 3317 lli

165 3350 345 3417 potus
371 3350 689 3404 essecrandi
717 3360 865 3416 sunt,
912 3353 1036 3421 quia
1085 3352 1178 3406 Dei
1230 3368 1531 3409 treatmam
1581 3358 1763 3413 usibus
1793 3350 1837 3373 "

168 3439 425 3497 humanis
464 3458 779 3498 concessam
810 3446 1087 3509 rejiciunt.

233 3532 527 3602 Spernitur
557 3537 701 3589 enim
727 3536 989 3606 jejunium
1023 3541 1166 3608 quod
1194 3541 1245 3595 in
1281 3558 1424 3612 vespt
1448 3560 1562 3597 rutn
1588 3546 1759 3613 reple«

166 3628 313 3683 tione
336 3630 585 3683 ciborum
625 3632 887 3687 relicitur.

235 3721 805 3791 Sperniturjejunium
832 3724 1049 3795 quodin
1076 3742 1358 3798 veSperam
1389 3730 1602 3787 deliciis
1616 3749 1764 3787 com-

168 3824 447 3884 pensatur.

237 3906 377 3962 Tota
431 3907 573 3963 enim
618 3910 705 3964 die
752 3911 941 3980 epulas
999 3913 1052 3967 in
1110 3915 1439 3983 cogitatione
1512 3918 1761 3985 inmittat,

169 4004 255 4067 qui
284 4002 351 4055 ad
385 4002 700 4071 replendatn
731 4004 913 4074 gulam
964 4022 1188 4077 vespere
1234 4012 1334 4065 sibi
1376 4013 1594 4065 delicias
1629 4029 1765 4082 pra:-

170 4103 340 4162 parat.

236 4185 499 4257 Corporis
518 4188 768 4245 debilitas
794 4192 956 4245 nimia
982 4192 1121 4247 vires
1142 4195 1333 4249 animae
1360 4197 1551 4263 frangit
1567 4242 1579 4261 ,
1610 4217 1767 4253 men-

171 4280 345 4350 tisque
379 4280 656 4348 ingenium
704 4282 829 4338 facit
878 4300 1236 4346 marcescere.
1266 4303 1367 4342 nec
1419 4290 1555 4343 valet
1612 4292 1768 4359 :ptid-

170 4385 326 4438 quam
361 4372 488 4425 bunt
519 4388 615 4441 per
643 4374 1066 4431 inbecillitatem
1100 4377 1385 4447 perlicere.

240 4465 515 4534 Quidquid
542 4481 663 4520 cum
692 4469 853 4522 tuodo
883 4477 939 4522 et
966 4479 1394 4539 temperamento
1428 4473 1502 4537 lit,
1531 4484 1767 4527 satutare

171 4568 267 4615 6st.

239 4652 513 4724 Quidquid
542 4664 723 4709 autem
759 4656 913 4710 nimis
947 4665 1002 4711 et
1033 4659 1170 4712 ultra
1201 4658 1419 4713 modum
1451 4669 1553 4727 est,
1584 4660 1764 4730 perni-
1794 4685 1844 4746 υ

170 4747 375 4803 ciosum
409 4749 486 4813 lit,
511 4750 853 4819 studiumque
885 4768 1038 4805 suum
1072 4754 1122 4805 iu
1151 4754 1478 4808 contrarium
1512 4755 1669 4808 vertit

242 4840 459 4912 Corpus
490 4857 670 4898 autem
701 4846 845 4915 quod
896 4846 1218 4901 abstinentia
1270 4848 1484 4917 frangit,
1540 4851 1764 4906 tentatio

173 4951 276 4988 non
304 4938 437 4993 urit.

242 5028 401 5084 Sicut
432 5045 623 5085 omnes
644 5031 965 5100 cupiditates
989 5034 1233 5089 carnales
1256 5036 1579 5089 abstinentia
1612 5053 1759 5093 rese-

174 5130 381 5185 cantur,
439 5122 512 5175 ita
561 5138 749 5177 otnnes
797 5125 989 5178 anima:
1026 5124 1252 5180 virtutes
1290 5128 1571 5181 edacitatis
1634 5128 1762 5187 vitio

173 5207 541 5265 destruuntur.

242 5304 434 5376 Neque
450 5306 593 5361 enim
621 5308 887 5377 quispiam
915 5318 1096 5379 potest
1118 5312 1367 5366 virtutem
1419 5311 1763 5383 perfectionis

176 5401 486 5469 attingere,
520 5400 622 5456 nisi
703 5403 852 5472 prius
929 5406 1130 5459 ventris
1184 5407 1514 5461 cdotnavcril
1588 5408 1761 5474 inglu-

175 5490 332 5547 viem.

846 5604 1092 5644 BASILIUS.

243 5676 358 5732 Non
388 5679 528 5733 bene
558 5694 845 5749 possumus
876 5682 1127 5750 vigil::re,
1156 5698 1276 5737 cum
1326 5684 1554 5753 dapibus
1600 5685 1759 5743 fuerit

175 5779 359 5826 venter
384 5780 635 5829 onustus.

242 5862 449 5932 Vigiliis
478 5865 634 5921 stude
664 5868 921 5936 copulare
940 5870 1141 5940 jejuuia
1162 5912 1176 5935 ,
1208 5880 1265 5925 ttt
1306 5872 1509 5926 cunctis
1551 5875 1756 5929 virtuti-

176 5954 269 6011 bus
292 5954 489 6013 ﬂorere
518 5959 712 6027 possis.

1869 2041 2134 2095 stotnatlti
2168 2042 2330 2107 vires,
2358 2058 2575 2098 necnon
2631 2044 3018 2098 abundantiam
3066 2044 3364 2109 sanguinis,
3406 2052 3462 2096 et

1867 2136 2099 2191 cholerae
2132 2138 2387 2207 plurintas
2414 2139 2758 2208 iegritutlines
2799 2155 3046 2193 escarum
3080 2140 3328 2208 largitate
3358 2155 3455 2209 pa-

1868 2228 2049 2283 titttur.

2525 2340 2806 2378 CASSARIUS.

1940 2414 2076 2480 Quid
2111 2414 2346 2483 prodest,
2378 2416 2423 2469 si
2452 2432 2670 2469 carnem
2720 2425 2958 2469 nostram
2988 2414 3204 2482 jejuniis
3245 2425 3296 2467 et
3330 2414 3459 2482 vigi-

1870 2507 1954 2561 liis
1983 2506 2304 2577 allligamus,
2338 2518 2394 2563 et
2425 2524 2659 2563 ιιιθ.ιιειιι
2684 2518 2923 2562 nostram
2958 2524 3064 2562 non
3088 2520 3458 2571 emeademus,

1870 2612 1961 2655 aut
1992 2618 2107 2671 qua:
2130 2604 2388 2659 interiora
2419 2621 2480 2657 su
2506 2614 2563 2669 .t,
2598 2620 2703 2657 non
2734 2602 3027 2658 curemus?

2392 2713 2459 2751 DE
2487 2713 2924 2753 COLLATIONIBUS.

1951 2788 2173 2843 fautum
2223 2790 2403 2845 cibum
2452 2792 2824 2860 unusquisque
2874 2792 3144 2855 comedat,
3203 2799 3461 2857 quantum

1870 2882 2193 2937 sustentatio
2222 2883 2499 2952 corporis,
2519 2898 2627 2939 non
2649 2892 2907 2953 quantum
2929 2884 3258 2938 desiderium
3286 2885 3463 2938 carnis

1869 2973 2138 3041 exposcit.

1942 3061 2043 3130 Qui
2074 3064 2299 3119 nimium
2328 3065 2461 3121 cibis
2504 3074 2758 3136 utuntur,
2788 3079 2992 3137 quanto
3022 3069 3191 3136 magis
3222 3078 3461 3123 ventrem

1871 3171 2245 3228 corrumpttut,
2278 3168 2428 3214 tanto
2458 3162 2687 3231 amplius
2716 3178 2932 3216 sensum
2963 3160 3284 3216 obtundunt.

2406 3270 2471 3307 EX
2512 3270 2649 3310 VITIS
2690 3271 2923 3309 PATRUM.

1942 3346 2408 3412 Quemadmodum
2440 3349 2581 3402 enim
2609 3346 2821 3403 ﬂamma
2852 3351 3123 3405 cotnburit
3148 3350 3361 3415 silvam,
3391 3354 3466 3411 sic

1870 3439 2105 3495 visiones
2134 3441 2302 3495 malas
2330 3442 2621 3510 exstinguit
2649 3443 2874 3497 esuries.

1942 3531 2040 3599 Qui
2067 3534 2308 3587 continet
2332 3545 2575 3587 ventrem
2602 3551 2783 3600 suum,
2815 3535 3019 3589 minuet
3041 3536 3192 3589 vitia.

1942 3622 2072 3678 Nam
2097 3626 2189 3695 qui
2219 3627 2452 3679 vincitur
2480 3627 2547 3681 ab
2574 3628 2731 3693 escis,
2764 3636 3078 3696 augmentat
3103 3627 3253 3681 vitia.

1945 3716 2348 3771 incrementum
2390 3718 2528 3786 ignis
2566 3719 2721 3786 silva,
2755 3729 2807 3774 et
2840 3720 3231 3776 incrementum
3264 3720 3466 3773 ventris

1871 3824 1993 3865 esca
2017 3810 2205 3863 multa.

1946 3904 2104 3974 Ligna
2140 3908 2304 3960 multa
2351 3921 2597 3975 magnam
2638 3911 2905 3965 extollunt
2956 3910 3258 3977 flammam,
3290 3912 3462 3964 alum-

1869 4001 1916 4053 d;
1943 4002 2065 4053 alia:
2094 4009 2273 4055 autem
2302 4010 2547 4055 escarum
2572 4003 2811 4056 nutriunt
2841 4004 3106 4057 desideria
3131 4003 3289 4055 mala.

1946 4092 2183 4147 Flamma
2225 4095 2483 4148 minuitur
2510 4095 2681 4149 deticit
2707 4108 2795 4149 nte
2826 4096 2980 4162 stiva,
3011 4106 3064 4149 et
3104 4111 3347 4150 escarum
3380 4096 3462 4148 itt-

1872 4188 2108 4256 digentia
2133 4189 2415 4242 mitescere
2446 4188 2572 4243 facit
2600 4189 2870 4243 desideria
2907 4190 3068 4242 mala.

1944 4279 2274 4334 Desiderium
2308 4297 2445 4335 esca:
2480 4282 2665 4347 genuit
2712 4280 3154 4347 inobedientiam,
3196 4289 3249 4335 et
3278 4289 3464 4349 gustus

1872 4372 2051 4426 suavis
2083 4372 2286 4441 expulit
2312 4372 2379 4425 de
2409 4373 2674 4441 paradiso.

1944 4461 2120 4515 Multa:
2151 4480 2285 4516 esue
2315 4464 2587 4518 delectant
2628 4468 2799 4534 gulas.
2852 4466 3093 4519 nutriunt
3122 4474 3302 4519 autem
3344 4479 3459 4520 ver-

1874 4570 2014 4607 ntent
2046 4552 2115 4607 io:
2135 4555 2435 4609 nicalionis.

1950 4645 2155 4701 Vacuus
2177 4656 2366 4700 venter
2396 4646 2448 4700 in
2478 4647 2813 4700 orationibus
2840 4647 3058 4714 vigilare
3085 4645 3227 4701 facit.

1944 4740 2074 4793 Nam
2093 4743 2183 4811 qui
2216 4741 2453 4809 repletus
2475 4748 2575 4804 est,
2600 4757 2847 4795 sonmum
2878 4740 3038 4795 infert
3067 4755 3113 4808 gi
3132 4741 3458 4797 avissimunt.

1939 4833 2085 4888 Sicut
2119 4836 2262 4886 enim
2296 4832 2561 4886 flammam
2589 4833 2727 4902 ignis
2756 4834 2806 4887 in
2834 4835 3015 4903 p.-leas
3045 4845 3350 4890 currentem
3374 4852 3458 4891 re-

1870 4926 2039 4978 tinere
2071 4934 2155 4978 est
2207 4924 2561 4993 impOSsibile,
2592 4926 2672 4979 sic
2718 4936 2772 4978 et
2821 4925 3052 4979 libidinis
3091 4926 3348 4995 inpetum
3375 4942 3456 4981 ar-

1866 5017 2107 5081 dentem,
2142 5026 2327 5070 ventre
2348 5016 2565 5081 satiato,
2597 5018 2833 5071 retinere
2858 5026 2939 5071 est
2961 5017 3311 5086 impossibile.

1942 5107 2118 5177 Vapor
2152 5108 2519 5177 thymiamatis
2572 5108 2741 5177 replet
2792 5124 2995 5176 aerem,
3042 5119 3096 5164 et
3143 5111 3456 5167 abtinentis

1873 5201 2041 5255 nraio
2070 5206 2262 5253 adorat
2290 5200 2479 5254 Deum.
2518 5200 2761 5255 Mensura
2789 5212 3105 5271 competens
3128 5206 3297 5274 replet
3328 5222 3418 5262 vas
3443 5247 3454 5262 .

1869 5302 2054 5344 venter
2076 5306 2204 5345 vero
2237 5291 2510 5356 disruptus
2540 5307 2645 5345 non
2669 5293 2799 5347 dicit
2824 5311 2835 5345 :
2862 5294 3091 5349 Sullicit.

1938 5382 2229 5438 Passiones
2258 5393 2313 5438 et
2340 5385 2463 5437 vitia
2494 5386 2738 5454 corporis
2769 5388 2958 5454 nostri,
2989 5388 3034 5441 si
3056 5389 3196 5442 laute
3212 5388 3448 5457 jejunio-

1866 5494 1982 5532 rum
2012 5492 2075 5531 ac
2098 5478 2394 5547 vigiliarum
2428 5478 2616 5532 labore
2647 5496 2789 5535 mam
2802 5490 3009 5546 rentur,
3044 5490 3170 5538 tnttc
3196 5484 3450 5538 adversa-

1868 5575 2066 5628 riorutn
2092 5585 2397 5627 nostrorum
2421 5572 2805 5629 tlaanoniorum
2842 5574 3155 5631 httmiliatur
3185 5578 3371 5635 virtus.

2478 5683 2705 5738 CAPLT
2739 5683 2824 5738 ΧΙ.

2284 5776 2355 5829 De
2382 5777 2778 5848 derelinquendo
2810 5781 3018 5834 swculo.

2522 5892 2639 5928 CilRl
2676 5891 2789 5927 TUS.

1932 5964 2115 6021 Omnis
2147 5968 2234 6023 aui
2268 5968 2541 6025 reliquerit
2586 5969 2823 6025 domum.
2862 5972 2941 6024 vel
2992 5971 3202 6026 fratres.
3234 5982 3323 6024 aut
3357 5986 3442 6018 sn-
