4194 6546
707 443 810 497 6ἳῖ

1699 437 2122 495 DEFENSORIS
2161 436 2494 496 LOCOCIAU
2507 441 2697 500 ENSIS
2737 443 3032 501 MONAClll

3889 443 3995 502 628

709 570 883 621 rores,
919 562 1014 609 aut
1043 562 1272 634 patrem,
1307 560 1400 606 aut
1428 559 1676 627 matrem,
1711 559 1804 606 aut
1825 567 2079 620 uxorem,
2105 561 2197 608 aut
2229 553 2294 604 ti-
2328 557 2373 615 Δ
2473 554 2642 612 Electi
2667 558 2810 611 enim
2837 557 2915 614 sic
2945 557 3013 613 ad
3037 572 3179 614 oona
3221 557 3469 626 tendunt,
3498 569 3556 614 ut
3591 559 3657 613 ad
3701 559 3843 615 mala
3871 576 3997 632 per-

715 649 838 713 lios,
871 657 964 702 aut
984 646 1137 712 ﬁlias,
1161 653 1253 700 aut
1274 659 1454 715 agros,
1482 653 1706 716 propter
1725 659 1925 705 nomen
1952 661 2154 712 meum,
2178 660 2304 702 cen-

718 742 929 812 tuplum
956 741 1206 811 accipiet,
1227 749 1282 794 et
1298 740 1463 795 vitam
1485 749 1744 796 aeternam
1769 740 2066 810 possidebit
2085 739 2300 811 (Matth.

719 841 857 907 xix).

1409 941 1628 980 νιυιῠε.

795 1017 973 1072 Nolite
1001 1015 1327 1072 conformari
1379 1017 1502 1071 huic
1529 1017 1749 1083 saeculo,
1799 1017 1893 1073 sed
1938 1015 2308 1072 reformamini

725 1111 780 1164 in
810 1110 1052 1165 novitate
1083 1123 1272 1164 sensus
1298 1109 1483 1175 vestri,
1519 1117 1575 1163 ut
1604 1109 1846 1180 probetis
1873 1125 1990 1178 (ιω)
2016 1110 2085 1163 sit
2115 1109 2309 1164 volun-

725 1210 811 1258 tas
834 1201 927 1258 Dei
952 1201 1114 1268 bona,
1146 1209 1202 1256 et
1229 1201 1369 1256 bene
1385 1202 1626 1272 placens,
1650 1211 1704 1257 et
1724 1200 1963 1272 perfecta
1982 1201 2160 1272 (Rom.
2189 1201 2305 1274 xu).

797 1295 898 1362 Qui
956 1301 1177 1348 utuntur
1214 1294 1318 1349 hoc
1361 1293 1580 1363 mundo,
1633 1304 1882 1364 tanquam
1938 1311 2044 1350 ηοιι
2097 1306 2312 1351 utantur

729 1389 805 1462 (ι.
835 1388 958 1446 Cor.
987 1391 1105 1460 vn).

1407 1495 1650 1537 JACOBUS.

803 1573 1121 1645 Quicunque
1145 1589 1279 1639 ergo
1303 1574 1531 1630 voluerit
1552 1590 1669 1630 esse
1699 1575 1902 1630 amicus
1931 1587 2088 1646 nujus
2110 1576 2312 1644 seculi,

729 1663 980 1721 inimicus
1005 1666 1097 1722 Dei
1119 1667 1478 1723 constituetur
1505 1667 1712 1737 (Iacob.
1744 1671 1842 1738 tv).

1393 1796 1632 1836 SALOMO‘N

805 1870 1137 1926 Convertere
1165 1871 1231 1926 ad
1262 1871 1568 1939 Dominum,
1601 1882 1652 1928 et
1685 1875 1928 1943 relinque
1967 1880 2191 1944 peccata
2223 1882 2312 1928 tua

735 1961 961 2035 (Ecclcs.
991 1965 1109 2032 xu).

1351 2069 1690 2111 AUGUSTINUS.

810 2153 947 2200 bunt
967 2145 1182 2214 quidam
1235 2146 1325 2214 qui
1377 2147 1585 2202 facilius
1626 2149 1803 2201 oni-nia
1853 2163 1948 2203 sua
1997 2149 2321 2218 pauperibus

738 2239 1000 2307 tribuunt,
1028 2255 1188 2309 quam
1222 2250 1277 2294 ut
1305 2241 1407 2310 ipsi
1435 2257 1700 2311 pauperes
1729 2241 1824 2297 Dei
1855 2243 1982 2296 sint.

1350 2375 1695 2416 HIERONYIUS.

808 2472 957 2528 Multi
982 2481 1238 2543 percepta
1267 2471 1511 2526 veritatis
1540 2473 1661 2537 via,
1694 2474 1836 2540 capti
1867 2469 2049 2526 saeculi
2071 2470 2321 2539 volupta-

739 2564 904 2630 tibus,
931 2563 999 2618 de
1026 2561 1204 2617 medio
1233 2561 1428 2617 itinere
1456 2571 1818 2616 revertuntur.

811 2653 1044 2710 Facilius
1069 2655 1325 2708 steculum
1350 2667 1512 2722 quam
1537 2653 1786 2722 voluptas
1814 2653 2194 2707 contemnitur.

815 2747 967 2802 Multi
992 2747 1204 2802 divitias
1233 2745 1616 2814 relinquentes,
1637 2747 1765 2801 vitia
1797 2763 1903 2801 nou
1923 2747 2253 2817 relinquunt.

811 2839 1011 2894 Malum
1041 2847 1125 2894 est
1152 2838 1298 2908 quod
1327 2839 1382 2893 in
1415 2854 1482 2894 eo
1509 2839 1692 2894 studio
1720 2841 2018 2907 servimus,
2042 2856 2150 2908 quo
2178 2854 2325 2909 qua:-

739 2933 846 2992 sita
874 2933 1184 3002 qumrimus.

710 3099 714 3104 ι
817 3021 1194 3094 Unusquisque
1235 3025 1389 3093 cujus
1429 3037 1594 3094 opera
1642 3021 1788 3089 facit,
1814 3025 1930 3094 ejus
1975 3025 2112 3080 ﬁlius
2139 3025 2327 3095 appel-

743 3121 906 3176 latur.

815 3212 1088 3268 Christum
1131 3213 1282 3282 sequi
1329 3213 1570 3282 cupiens,
1617 3228 1663 3266 st
1723 3212 1892 3269 babes
1938 3228 1992 3266 in
2039 3221 2327 3282 potestate,

744 3319 862 3360 rem
889 3313 1031 3358 tuam
1063 3303 1268 3369 vende;
1301 3319 1410 3360 non
1441 3304 1626 3373 habes,
1657 3320 1689 3358 a
1717 3318 1913 3374 magno
1936 3320 2103 3362 onere
2131 3306 2330 3362 libera-
2357 3291 2404 3358 C
2433 3274 2507 3374 sf,

747 3405 835 3452 tus
856 3412 933 3451 es.

823 3491 1015 3545 Totum
1058 3491 1168 3544 Deo
1195 3489 1363 3557 dedit,
1397 3505 1490 3558 qui
1517 3494 1754 3561 seipsum
1781 3491 1996 3546 obtulit.

823 3582 1003 3637 Facile
1037 3583 1334 3637 contemnit
1365 3584 1512 3650 vitia,
1538 3583 1629 3655 qui
1659 3600 1716 3639 se
1738 3599 1952 3656 semper
1981 3585 2183 3654 cogitat
2211 3601 2330 3642 mo-

748 3675 999 3731 riturum.

822 3766 926 3834 Qui
955 3767 1069 3824 vult
1099 3782 1220 3824 esse
1267 3768 1562 3839 perfectus,
1616 3771 1986 3826 multitudines
2031 3787 2326 3840 nominum,

751 3860 929 3919 ofﬁcia
948 3871 1005 3918 et
1029 3861 1400 3929 salutationes,
1432 3870 1490 3918 et
1529 3863 1777 3919 convivia
1817 3865 1969 3934 quasi
1998 3875 2218 3922 catenas
2245 3867 2330 3922 fu-

753 3956 863 4025 giat
882 3954 1238 4026 voluptatum.

830 4045 1045 4102 Utinam
1087 4045 1235 4115 quod
1279 4047 1650 4102 renuntiamus
1696 4047 1925 4113 saaculo,
1950 4059 2196 4120 vomptas
2238 4051 2329 4115 sit,

755 4153 865 4194 non
895 4136 1203 4192 necessitas.

827 4227 1036 4283 Nudum
1077 4228 1366 4296 Christum,
1393 4228 1589 4284 nudam
1639 4245 1852 4286 crucem
1891 4231 2107 4295 Christi,
2161 4233 2334 4287 nudus

756 4334 1005 4390 sequere.

829 4411 1088 4467 Dominus
1118 4426 1287 4482 magis
1312 4415 1505 4484 quzerit
1551 4415 1759 4473 animas
1802 4416 2136 4473 credentium
2167 4434 2331 4489 quam

759 4517 908 4573 Opes.

1386 4612 1691 4653 Δηιιοειυε.

832 4684 932 4751 Qui
958 4685 1073 4739 vult
1099 4684 1269 4740 Deum
1298 4688 1595 4757 possidere,
1620 4691 1894 4747 renuntiet
1921 4693 2144 4759 mundo.
2187 4697 2314 4750 utsi

761 4774 840 4828 illi
869 4775 1009 4852 Deus
1037 4777 1194 4831 beata
1228 4779 1520 4846 possessio.

830 4866 880 4922 ls
906 4883 1014 4922 non
1044 4869 1317 4923 renuntiat
1346 4871 1569 4936 mundo,
1598 4885 1755 4940 quem
1785 4883 2010 4930 terrenae
2041 4880 2337 4947 possessio-

761 4957 843 5013 nis
871 4957 1103 5014 delectat
1131 4960 1370 5014 ambitio.

833 5047 967 5101 Dum
1012 5064 1108 5103 sua
1139 5051 1364 5120 quisque
1413 5069 1518 5107 non
1586 5055 1876 5125 relinquit,
1907 5061 2145 5128 mundo,
2183 5062 2335 5132 cujus

761 5139 902 5196 bona
932 5142 1150 5205 retinet,
1180 5145 1364 5196 servit.

1393 5273 1702 5315 GREGOIIUS.

830 5364 931 5432 Qui
962 5366 1194 5422 caelestis
1221 5367 1344 5422 vita:
1372 5368 1728 5437 dulcedinem,
1780 5373 1830 5427 in
1861 5384 2118 5444 quantum
2161 5381 2333 5447 possi-

760 5456 939 5510 bilitas
968 5456 1217 5522 admittit,
1251 5460 1487 5528 perfecte
1516 5464 1844 5530 cognoverit,
1866 5480 1928 5518 ea
1948 5480 2066 5534 qum
2095 5469 2148 5522 in
2177 5470 2333 5524 terris

759 5555 1054 5612 amaverat,
1085 5549 1311 5604 libenter
1334 5559 1531 5606 cuncta
1558 5554 1832 5624 relinquit.

831 5637 1080 5706 Quisquis
1103 5639 1260 5708 igitur
1283 5640 1391 5708 jam
1421 5650 1673 5697 aeternam
1704 5646 1862 5699 vitam
1887 5652 2162 5718 cognovit,
2195 5653 2332 5721 apud

761 5729 876 5796 ejus
905 5729 1138 5783 animum
1169 5733 1494 5799 temporales
1518 5733 1727 5792 fructus
1748 5738 2028 5795 vilescunt.

831 5819 1026 5887 Tergat
1054 5835 1181 5888 ergo
1207 5821 1394 5878 sordes
1423 5827 1572 5893 pravi
1599 5829 1797 5896 operis,
1831 5832 1918 5898 qui
1971 5832 2079 5888 Deo
2127 5849 2333 5902 pt‘mpu-

759 5919 843 5966 rat
867 5910 1083 5966 domum
1114 5915 1326 5970 mentis.

2409 650 2670 719 petranda
2699 667 2809 706 non
2838 651 3098 708 recidant.

2483 742 2585 808 Qui
2615 751 2796 799 autem
2825 745 2972 815 quod
3019 746 3177 815 plene
3226 755 3406 817 potest
3447 761 3632 819 agere,
3677 751 3790 821 agit
3819 751 4003 822 plene,

2411 835 2557 904 quod
2587 835 2728 891 Deus
2755 837 3019 906 promisit,
3053 838 3302 910 accipiet.

2484 926 2646 980 Multa
2672 928 2994 999 relinquitis,
3026 929 3070 984 si
3097 930 3380 986 desideriis
3401 933 3746 988 renuntiatis.

2482 1017 2761 1076 Exteriora
2790 1022 2991 1076 etenim
3023 1030 3206 1078 nostra
3237 1023 3503 1094 Domino,
3536 1026 3838 1096 quamlibet
3880 1042 4007 1097 par-

2411 1129 2498 1180 va,
2527 1112 2820 1171 sufﬁciunt.

2483 1208 2591 1266 Cor
2625 1226 2876 1280 namque,
2923 1219 2980 1267 et
3029 1227 3139 1269 non
3183 1213 3564 1281 substantiam,
3615 1223 3854 1286 pensat:
3908 1231 4011 1272 nec

2415 1304 2699 1376 perpendit
2726 1314 2988 1376 quantum
3013 1307 3067 1361 in
3101 1307 3217 1376 ejus
3247 1307 3547 1373 sacriﬁcio,
3581 1310 3672 1364 sed
3707 1321 3760 1364 et
3788 1311 4010 1380 quando

2414 1398 2690 1454 offeratur.

2490 1495 2730 1564 Regnum
2767 1496 2862 1550 Dei
2886 1505 3092 1550 tantum
3122 1495 3296 1566 valet,
3320 1505 3581 1566 quantum
3615 1497 3805 1552 habes.

2492 1589 2636 1654 Quos
2664 1589 2805 1644 Deus
2831 1590 2921 1644 diu
2953 1597 3009 1643 nt
3031 1598 3435 1652 convertantur,
3469 1591 3702 1652 tolerat,
3741 1603 3844 1644 non
3877 1604 3981 1644 con

2417 1694 2604 1735 versos
2633 1679 2819 1736 durius
2845 1681 3088 1734 damnat.

2488 1775 2749 1844 Negotia,
2806 1789 2924 1844 qua:
2969 1775 3035 1828 ad
3085 1783 3369 1843 peccatum
3423 1774 3734 1844 implicant,
3785 1776 3850 1828 ad
3908 1775 4018 1829 hoc

2420 1885 2644 1924 necesse
2690 1877 2813 1934 est,
2846 1876 2906 1922 ut
2947 1883 3043 1939 per
3096 1867 3506 1924 conversionem
3559 1868 3772 1922 animus
3827 1883 4019 1922 recur-

2423 1969 2526 2016 rat.

2496 2052 2850 2108 Laboriosum
2893 2065 3002 2106 non
3045 2057 3128 2106 est
3159 2050 3364 2106 homini
3393 2049 3701 2118 relinquere
3741 2063 3871 2116 sua,
3918 2047 4019 2104 sed

2423 2144 2579 2199 valde
2610 2144 2941 2199 laboriosum
2970 2150 3054 2198 est
3093 2143 3398 2211 relinquere
3427 2142 3800 2212 semetipsum.

2494 2237 2668 2293 Minus
2712 2239 2910 2308 quippe
2956 2245 3041 2292 est
3093 2237 3360 2307 abnegare
3412 2235 3558 2308 quod
3597 2236 3803 2304 habet,
3854 2233 4018 2291 valde

2425 2333 2565 2389 enim
2595 2331 2819 2386 multum
2849 2340 2933 2388 est
2962 2333 3232 2402 abnegare
3261 2331 3408 2401 quod
3437 2338 3540 2386 est.

2495 2422 2634 2478 Nihil
2674 2423 2896 2493 prodest
2948 2425 3105 2480 nobis
3154 2423 3556 2478 abrenuntiatio
3607 2423 3856 2492 corporis
3901 2437 4026 2479 sme

2427 2517 2893 2573 abrenuntiatione
2918 2517 3132 2573 mentis.

2496 2611 2634 2666 Sunt
2687 2610 2931 2665 nonnulli
2978 2611 3103 2682 qui,
3151 2610 3424 2680 despectis
3474 2610 3654 2665 carnis
3697 2609 4022 2678 desideriis,

2427 2710 2620 2759 cuncta
2659 2703 2966 2772 relinquere
3005 2710 3374 2772 pertractant;
3402 2700 3495 2756 sed
3522 2716 3645 2757 cum
3679 2701 3940 2758 cecidisse
3966 2711 4026 2758 et

2427 2794 2562 2850 alios
2587 2802 2710 2864 post
2737 2794 2864 2850 boni
2916 2794 3097 2864 operis
3137 2794 3288 2849 initia
3313 2794 3674 2864 conspiciunt,
3703 2795 3809 2850 hoc
3845 2795 4027 2866 ipsum

2427 2887 2606 2944 facere
2631 2889 2779 2958 quod
2805 2888 3237 2945 deliberaverunt
3265 2888 3673 2959 pertimescunt.

3099 2995 3352 3036 BASILIUS.

2501 3073 2645 3129 Nulli
2670 3072 2890 3128 studeas
2920 3071 3138 3143 placere
3166 3073 3220 3127 in
3242 3073 3353 3128 vita
3375 3083 3488 3138 tua,
3523 3074 3625 3127 nis:
3655 3072 3761 3128 soli
3783 3072 3915 3128 Deo.

2500 3166 2654 3222 Sicut
2673 3166 2815 3221 enim
2841 3167 2931 3235 qui
2960 3164 3191 3220 militant
3220 3165 3334 3234 regi
3363 3173 3604 3233 terreno,
3637 3165 3894 3220 omnibus
3912 3165 4030 3233 jus-

2538 3259 2654 3328 ejus
2701 3256 2992 3327 obediunt,
3021 3257 3097 3312 sic
3143 3263 3199 3310 et
3238 3257 3328 3325 qui
3361 3256 3591 3311 militant
3640 3257 3754 3326 regi
3794 3257 4026 3325 cmlesti,

2435 3351 2631 3408 debent
2656 3350 2932 3407 custodire
2956 3359 3221 3420 praecepta
3247 3351 3512 3406 ccelestia.

2506 3443 2657 3499 Miles
2687 3441 2933 3498 terrenus
2961 3451 3149 3498 contra
3192 3441 3403 3497 hostem
3433 3442 3700 3498 visibilem
3739 3445 3919 3508 uergit
3957 3443 4029 3500 ad

2432 3536 2652 3592 bellum.

2507 3628 2707 3683 Tecum
2737 3642 2865 3684 vero
2904 3627 3073 3684 hostis
3119 3626 3397 3684 invisibilis
3423 3628 3667 3698 quotidie
3713 3629 4026 3686 dimicando

2437 3733 2542 3773 non
2574 3718 2788 3774 desinit.

3090 3826 3344 3868 ISIDORUS.

2507 3905 2739 3962 Necesse
2760 3912 2845 3961 est
2872 3904 3019 3960 omni
3050 3919 3314 3960 converso
3355 3911 3414 3957 ut
3442 3910 3569 3973 post
3613 3903 3868 3961 timorem
3890 3921 4025 3962 con-

2435 4009 2658 4065 surgere
2687 3995 2758 4050 ad
2805 3995 3125 4050 charitatem
3172 3995 3265 4049 Dei
3311 3995 3510 4050 debeat
3536 3995 3692 4065 quasi
3724 3994 3898 4064 ﬁlius,
3926 4013 4026 4054 nec

2435 4099 2650 4156 semper
2668 4085 2768 4140 sub
2791 4085 2982 4140 timore
3005 4083 3206 4153 jaceat,
3236 4085 3389 4153 quasi
3418 4100 3626 4140 servus.

2470 4177 2804 4235 .Primordia
2863 4192 3247 4234 conversurum
3292 4177 3502 4234 blandis
3547 4178 3842 4236 referenda
3898 4192 4024 4238 sunt

2434 4271 2642 4335 modis,
2678 4285 2747 4326 ne
2792 4270 2836 4325 si
2884 4269 2953 4325 ab
2998 4270 3288 4340 asperitate
3340 4270 3628 4340 incipiunt.
3660 4274 3908 4328 exterriti
3957 4271 4026 4328 ad

2437 4366 2645 4436 priores
2670 4362 2850 4433 lapsus
2875 4361 3184 4418 decurrant.

2509 4456 2611 4524 Qui
2641 4470 2962 4512 conversum
3016 4455 3133 4510 sine
3171 4454 3396 4510 lenitate
3447 4453 3649 4520 erudit,
3698 4470 4025 4526 exasperare

2435 4551 2614 4620 potius
2641 4563 2802 4617 quam
2832 4546 3103 4614 corrigere
3125 4545 3293 4600 novit.

2315 4665 2416 4750 ιι)
2509 4639 2604 4694 lile
2625 4638 2765 4692 enim
2809 4637 3081 4707 perfectus
3109 4645 3191 4692 est
3232 4637 3326 4706 qui
3371 4637 3499 4693 huic
3530 4639 3730 4694 surculo
3777 4639 3943 4695 corde
3969 4647 4024 4695 et

2438 4746 2664 4798 corpore
2692 4730 2962 4800 perfectus
2991 4737 3090 4785 est.

2506 4822 2656 4877 Multi
2685 4823 2826 4877 enim
2857 4831 2980 4892 post
3010 4821 3423 4877 conversionem
3447 4823 3612 4876 etiam
3635 4823 3884 4879 nolentes
3910 4839 4024 4879 mo-

2436 4924 2549 4969 tum
2579 4914 2814 4970 libidinis
2838 4913 3124 4979 sustinent,
3149 4914 3295 4982 quod
3325 4921 3504 4968 tamen
3529 4913 3597 4967 ad
3617 4913 4022 4972 damnationem

2437 5023 2546 5062 non
2575 5007 2824 5071 tolerant,
2855 5005 2953 5060 sed
2979 5006 3046 5059 ad
3077 5004 3466 5073 probationem.

2511 5098 2651 5153 Utile
2695 5107 2777 5153 est
2825 5097 2920 5152 Dei
2975 5112 3133 5152 servo
3175 5105 3298 5167 post
3340 5097 3748 5153 conversionem
3801 5101 4018 5167 tentari,

2435 5201 2700 5260 quatenus
2731 5207 2760 5244 a
2791 5199 3010 5260 torpore
3027 5189 3385 5258 negligentim,
3409 5191 3829 5248 sollicitantibus
3857 5195 4018 5262 vitiis,

2437 5281 2503 5336 ad
2532 5283 2756 5337 virtutes
2777 5281 3009 5335 animam
3065 5295 3162 5350 per
3191 5280 3506 5335 exercitium
3557 5291 3830 5351 praeparet
3862 5284 4018 5339 vitio-

2436 5390 2573 5429 I‘UIII.

2509 5466 2579 5519 Ea
2612 5481 2730 5534 qua:
2753 5467 2930 5520 saeculi
2959 5466 3291 5521 amatoribus
3319 5467 3482 5521 chara
3499 5477 3640 5532 sunt,
3674 5472 3850 5525 sancti
3877 5473 4022 5525 velut

2437 5559 2658 5610 adversa
2690 5557 2978 5626 refugiunt,
3011 5557 3240 5626 plusque
3265 5556 3677 5613 adversitatihus
3717 5562 3901 5615 tnunli
3931 5562 4024 5616 de—

2435 5651 2702 5704 lectantur
2728 5665 2887 5719 quam
2911 5650 3358 5720 prosperitatibus
3384 5651 3672 5720 gaudeant.

2507 5744 2684 5796 1-crvis
2715 5741 2810 5795 Dei
2837 5749 3029 5796 cuncta
3066 5741 3222 5810 hujus
3256 5741 3439 5795 mundi
3471 5744 3745 5797 contraria
3775 5753 3928 5810 sunt,
3958 5753 4024 5800 ut

2437 5837 2562 5890 dum
2595 5836 2692 5888 ista
2725 5833 2945 5888 adversa
2973 5835 3231 5899 sentiunt,
3249 5835 3313 5890 ad
3338 5835 3559 5891 cmicste
3579 5836 3904 5892 desiderium
3926 5851 4020 5892 aro

2438 5930 2646 5984 deutius
2674 5928 2947 5996 erigantur
