4194 6546
218 431 325 490 629

223 641 648 711 contemptibilis
672 643 850 696 fuerit.

292 735 431 791 Nam
461 751 646 790 revera
672 751 893 792 necesse
919 747 1001 792 est
1019 745 1076 792 ut
1099 752 1257 808 quem
1280 738 1513 793 mundus
1535 738 1665 803 odit,
1694 738 1813 793 dili-

227 834 389 895 satur
412 842 442 881 a
467 827 606 883 Deo.

292 914 509 972 Sanctis
546 918 676 973 viris
697 917 749 973 in
773 920 875 975 hoc
900 920 1103 975 mundo
1134 922 1536 977 tabernaculum
1570 938 1676 977 non
1710 932 1808 989 est,

220 1009 419 1078 quibus
443 1009 615 1076 patria"
641 1017 697 1064 et
724 1008 915 1065 domus
937 1011 991 1064 in
1019 1012 1159 1066 ccelo
1189 1021 1288 1066 est.

292 1098 397 1167 Qui
427 1101 568 1156 enim
601 1102 744 1158 hunc
772 1102 1030 1158 mundum
1058 1103 1306 1173 diligunt,
1341 1109 1665 1162 turbulentis
1696 1110 1813 1175 ejus

218 1196 367 1248 curis
394 1203 451 1249 et
479 1195 939 1251 sollicitudinibus
956 1197 1364 1253 conturbantur.

290 1285 481 1341 Sancti
528 1287 627 1342 viri
654 1289 852 1344 saeculo
894 1291 1285 1357 renuntiantes,
1318 1293 1387 1345 ita
1438 1294 1563 1346 huic
1614 1292 1810 1347 mundo

218 1379 547 1440 moriuntur,
581 1388 639 1433 ut
668 1381 769 1433 soli
800 1380 908 1435 Deo
937 1383 1117 1437 vivere
1143 1383 1499 1439 delectentur.

291 1468 566 1535 Quantum
613 1471 753 1524 enim
805 1475 976 1527 sancti
1019 1474 1086 1527 ab
1117 1474 1272 1543 hujus
1303 1478 1481 1529 titeruli
1520 1491 1807 1532 conversa-

217 1564 371 1618 tione
417 1579 479 1619 se
532 1568 873 1632 subtrahunt,
915 1577 1120 1622 tantum
1169 1570 1395 1623 interna:
1436 1572 1631 1624 mentis
1673 1571 1810 1625 facie

218 1658 569 1725 praesentiam
606 1658 698 1713 Dei
719 1670 775 1713 et
810 1661 1124 1725 angelorum
1156 1662 1445 1715 societates
1474 1670 1528 1715 et
1560 1662 1807 1729 i'requeu-

220 1748 350 1800 tiatn
380 1751 838 1819 couiemplantur.

290 1838 347 1890 Si
380 1838 457 1891 ita
486 1841 714 1909 quisque
752 1844 1024 1898 renuntiet
1052 1857 1171 1914 qua:
1198 1843 1465 1913 possidet,
1497 1856 1553 1899 ut
1596 1846 1708 1900 suis
1747 1846 1800 1900 in

1523 429 2026 487 SCINTILLARUM
2068 433 2289 490 LIBER.

292 550 486 618 Magna
516 549 658 619 apud
688 549 857 604 Deum
902 548 1069 620 fulget
1096 549 1287 618 gratia,
1311 551 1403 620 qui
1450 550 1573 605 huic
1612 552 1805 605 nmndo
1835 549 1891 607 Δ

3402 439 3505 496 630

2596 570 2812 612 ΡΑυιυε.

1990 647 2105 700 Νοιι
2136 649 2279 702 enim
2311 648 2595 718 accepistis
2622 650 2869 718 spiritum
2912 650 3188 705 servitutis
3229 650 3421 705 iterum
3446 651 3503 709 in

1920 742 2131 807 timore,
2163 741 2259 797 sed
2302 744 2585 812 accepistis-
2629 743 2873 813 spiritum
2922 744 3228 813 adoptionis
3268 743 3500 799 ﬁliorum

1916 833 2031 896 Dei,
2068 834 2115 885 in
2147 848 2254 902 quo
2285 834 2599 903 clamamus,
2631 836 2780 891 Abba
2813 845 2967 905 pater
2998 836 3175 906 (Rom.
3208 836 3307 905 Vt).

1987 925 2200 981 Gratias
2243 935 2464 995 agentes
2506 943 2717 997 semper
2746 944 2845 997 pro
2887 930 3140 984 onmihus
3179 930 3229 983 in
3282 928 3502 984 nomine

1918 1018 2128 1071 Domini
2159 1020 2327 1074 nostri
2358 1020 2482 1074 Jesu
2516 1021 2730 1084 Christi,
2766 1022 2877 1075 Deo
2904 1031 2958 1076 et
2985 1022 3131 1076 Patri
3158 1023 3386 1092 subjecti
3412 1022 3499 1076 in-

1916 1110 2085 1163 vii-em
2120 1111 2168 1164 in
2196 1112 2394 1166 timore
2423 1110 2620 1167 Christi
2649 1112 2860 1182 (Ep/tes.
2895 1116 2973 1184 v).
3252 1126 3253 1129 ‘

2571 1220 2833 1258 SALUMON.

1987 1292 2199 1346 Initium
2229 1297 2505 1362 sapientiae
2539 1296 2699 1350 titnor
2726 1297 2935 1352 Domini
2961 1299 3141 1368 (Prov.
3172 1304 3234 1367 ι).

1986 1384 2135 1437 Time
2162 1385 2470 1451 Dominum,
2499 1394 2553 1439 et
2576 1389 2764 1442 recede
2788 1406 2818 1443 a
2848 1390 2994 1443 malo
3020 1390 3201 1459 (Prov.
3231 1393 3329 1461 ιιι).

1986 1477 2169 1530 Timor
2198 1477 2407 1531 Domini
2433 1488 2665 1548 apponet
2694 1480 2824 1545 dies,
2859 1491 2913 1534 et
2940 1481 3064 1534 anni
3093 1483 3377 1552 impiorum
3401 1484 3495 1536 ab-

1913 1571 2295 1626 breviabtmtur
2329 1571 2509 1638 (I’rou.
2542 1575 2620 1644 χ).

1985 1664 2041 1717 lu
2077 1665 2268 1718 timore
2301 1664 2511 1719 Domini
2544 1665 2735 1720 liducia
2759 1665 3107 1734 fortitudinis,
3141 1678 3196 1723 et
3225 1666 3354 1721 ﬁliis
3382 1669 3495 1738 ejus

1912 1757 2017 1811 e:it
2045 1771 2187 1824 spes.

1986 1849 2168 1903 Timor
2214 1850 2425 1905 Domini
2468 1852 2590 1905 Ions
2636 1853 2779 1915 vitae,
2833 1861 2890 1906 ut
2936 1853 3213 1909 declinent
3265 1870 3293 1908 a
3341 1870 3494 1909 ruma

216 1928 338 1982 aliis
368 1945 479 1984 non
522 1935 794 1987 renuntiet
834 1936 1094 1999 moribus,
1121 1952 1228 1989 non
1277 1945 1361 1991 est
1394 1935 1591 1993 Christi
1642 1938 1805 1993 disci-
1835 1907 1886 1970 Β
1914 1941 2101 1997 mortis
2132 1942 2314 2012 (Prov.
2357 1946 2490 2012 xw).

215 2018 398 2089 pulus.

288 2114 393 2181 Qui
425 2131 567 2171 enim
600 2120 870 2172 renuntiat
899 2121 1080 2186 rebus,
1105 2137 1200 2176 sua
1227 2123 1477 2191 abnegat.

286 2204 358 2259 Et
378 2208 470 2277 qui
499 2211 771 2264 renuntiat
800 2211 1037 2268 moribus
1067 2214 1262 2282 pravis,
1284 2216 1521 2284 seipsqu
1550 2217 1792 2285 abnegat.

286 2295 477 2366 Longe
515 2300 713 2370 quippe
743 2316 772 2354 a
814 2302 923 2356 Deo
961 2312 1043 2358 est
1081 2305 1311 2367 animus,
1345 2306 1432 2359 cui
1475 2307 1649 2362 adhuc
1686 2308 1803 2363 haec

212 2389 325 2443 vita
356 2389 527 2446 dulcis
552 2402 654 2447 est.

286 2480 441 2535 Multi
470 2486 695 2553 cupiunt
738 2487 1029 2542 convolare
1075 2492 1143 2543 ad
1188 2490 1417 2557 gratiam
1448 2491 1574 2556 Dei,
1609 2494 1703 2546 sed
1738 2494 1801 2545 ti-

213 2580 368 2626 ment
395 2587 580 2628 carere
606 2576 1016 2633 oblectamentis
1046 2581 1250 2635 mundi.

286 2659 557 2717 Provocat
595 2666 808 2735 quidem
850 2682 945 2723 eos
985 2684 1137 2725 amor
1183 2671 1400 2738 Christi,
1443 2674 1538 2728 sed
1583 2684 1799 2729 revocat

211 2752 482 2821 cupiditas
510 2756 711 2812 saeculi.

288 2848 470 2904 Multis
523 2854 697 2907 modis
742 2862 908 2909 terret
955 2856 1096 2911 Deus
1136 2862 1401 2925 homines,
1432 2870 1489 2915 ut
1542 2863 1624 2915 vel
1678 2877 1799 2916 sero

210 2952 640 3011 convertantur,
694 2955 855 3017 atque
903 2950 1029 3004 inde
1077 2953 1247 3020 magis
1288 2955 1605 3008 erubescant
1658 2954 1799 3022 quod

214 3036 403 3091 tandiu
431 3041 728 3107 exspectati
759 3042 866 3095 sint
898 3053 953 3096 ut
982 3043 1238 3099 redirent.
1274 3046 1405 3100 Nam
1438 3064 1579 3102 nunc
1619 3049 1796 3115 minis,

212 3144 359 3182 nunc
392 3128 579 3199 plagis,
612 3149 755 3187 nunc
786 3137 1204 3194 revelatiouibus
1240 3142 1501 3209 quosdam
1535 3145 1794 3208 concutit,

211 3230 273 3273 ut
294 3222 386 3289 qui
412 3224 692 3279 voluntate
720 3229 958 3282 converti
984 3229 1307 3299 despiciunt,
1346 3234 1599 3287 commoti
1628 3243 1792 3287 terro~

209 3314 365 3368 ribus
405 3318 757 3384 corrigantur.

289 3404 330 3456 Τ
338 3421 439 3459 unc
470 3407 614 3460 enim
642 3422 883 3465 amorem
930 3422 1128 3468 nostrae
1163 3419 1531 3471 conversionis
1561 3419 1802 3472 ostendi—

211 3514 357 3562 tnus,
391 3500 435 3552 si
474 3500 759 3558 Dominum
787 3516 843 3558 ut
888 3516 1097 3574 patrem
1140 3508 1433 3578 diligimus,
1464 3527 1624 3580 quem
1657 3514 1800 3581 prius

208 3590 396 3644 servili
426 3602 605 3647 mente
626 3610 753 3649 vere
784 3604 842 3649 ut
870 3599 1040 3651 Deum
1072 3600 1511 3657 formidabamus.

856 3703 1137 3745 (εδειιιιυς.

284 3771 428 3827 Nihil
457 3774 683 3844 prodest
712 3779 855 3846 quod
886 3780 1094 3848 justqu
1125 3783 1298 3837 locum
1329 3796 1724 3855 exspectamus,
1754 3790 1798 3844 si

208 3862 350 3918 tales
381 3864 467 3920 hic
502 3883 688 3922 sumus
715 3870 901 3939 quales
932 3872 984 3925 in
1022 3875 1219 3928 saeculo
1248 3892 1366 3930 esse
1398 3890 1723 3946 poteramus.

746 3975 816 4015 IX
855 3978 990 4017 VITIS
1029 3980 1261 4020 PATRUM.

284 4048 388 4112 Qui
437 4048 609 4118 diligit
656 4054 934 4120 Steculum,
968 4058 1272 4113 tristabitur
1301 4062 1585 4130 plurimum
1622 4082 1634 4117 :
1670 4081 1799 4119 con-

210 4144 467 4195 temnens
494 4148 677 4196 autem
708 4160 829 4213 qute
860 4147 913 4200 in
945 4163 1010 4202 eo
1041 4159 1186 4217 sunt,
1219 4151 1481 4206 lietabttur
1509 4170 1742 4225 semper.

702 4252 769 4291 EX
809 4254 964 4295 LIBRO
1002 4258 1314 4299 CLEMEN'I‘IS.

284 4318 528 4375 Diliicilis
561 4334 643 4377 est
672 4328 846 4381 subita
870 4333 1193 4398 permutatio
1228 4353 1238 4386 :
1269 4335 1430 4403 longo
1459 4345 1638 4391 autem
1664 4346 1801 4394 tem-

210 4434 349 4489 pore
378 4420 421 4473 si
473 4421 730 4489 paulatim
777 4424 1089 4491 assueﬁant,
1127 4430 1330 4509 laboris
1374 4446 1478 4487 non
1528 4435 1627 4487 erit
1658 4436 1799 4503 quod

208 4526 275 4564 ex
308 4526 407 4564 usu
443 4512 608 4566 venit.

1984 2033 2083 2099 Qui
2111 2034 2278 2091 Deum
2307 2036 2479 2104 timet,
2511 2037 2642 2091 nihil
2674 2039 2893 2107 uegligit
2919 2039 3131 2108 (lbid.).

2500 2147 2648 2184 JESUS
2686 2146 2893 2186 διιιΑειι.

1980 2216 2160 2272 Timor
2202 2218 2408 2273 Domini
2439 2221 2632 2288 gloria,
2679 2229 2734 2274 et
2779 2222 3050 2287 gloriatio,
3097 2235 3151 2275 et
3196 2224 3404 2290 laetitia,
3438 2234 3493 2279 et

1906 2322 2106 2363 corona
2138 2311 2514 2365 exsultationis
2544 2311 2767 2381 (Ei-vtes.
2804 2316 2867 2382 ι).

1980 2396 2161 2452 Timor
2191 2398 2401 2453 Domini
2432 2401 2723 2455 delectabit
2749 2418 2863 2467 eor,
2896 2413 2951 2457 et
2979 2403 3125 2458 dabit
3166 2405 3407 2461 laetitiam
3433 2417 3489 2462 et

1906 2488 2180 2557 gaudium,
2213 2499 2267 2543 et
2290 2490 2676 2557 longitudinem
2702 2494 2907 2546 dierum
2944 2494 3155 2563 (Ibid).

1977 2579 2208 2633 Timenti
2234 2581 2399 2635 Deum
2433 2583 2569 2637 bene
2600 2586 2699 2637 crit
2730 2587 2781 2637 in
2815 2589 3092 2651 t‘Xll‘t‘llliS,
3120 2597 3175 2643 et
3205 2591 3256 2644 in
3287 2590 3376 2645 die
3396 2591 3490 2647 de-

1907 2671 2193 2725 functionis
2223 2690 2332 2728 suae
2366 2676 2714 2730 benedicetur
2746 2676 2964 2747 (Μία)

1978 2763 2163 2819 Timor
2193 2766 2399 2819 Domini
2430 2767 2668 2822 scienti-.c
2696 2772 3017 2827 relLiositas
3044 2792 3057 2826 :
3092 2776 3369 2844 plenitudo
3399 2794 3486 2834 tta—

1904 2858 2119 2925 pienti.e
2150 2870 2231 2911 est
2260 2860 2448 2913 timere
2483 2862 2647 2915 Deum
2683 2863 2897 2933 (ΗΜΛ).

1973 2949 2184 3002 Cornua
2215 2952 2491 3020 sapientia:
2544 2955 2704 3010 timor
2735 2957 2967 3023 Domini,
3015 2962 3229 3031 replens
3277 2980 3487 3032 pacem,

1905 3053 1959 3096 et
1988 3043 2173 3098 salutis
2213 3046 2460 3099 fructum.

1981 3134 2144 3186 ltaJix
2191 3135 2466 3203 sapientia:
2517 3147 2600 3191 est
2634 3140 2821 3195 timere
2853 3141 3041 3205 Deum,
3077 3160 3211 3198 rami
3242 3160 3385 3199 enim
3418 3148 3481 3200 ilo

1910 3226 2010 3280 lius
2040 3227 2163 3294 long
2186 3229 2282 3279 ενι.

1833 3274 1878 3336 C
1984 3316 2169 3371 Timor
2199 3320 2410 3374 Dotnint
2461 3324 2681 3392 expellit
2728 3341 2793 3393 pe
2831 3334 3008 3379 catum
3041 3344 3055 3379 :
3091 3342 3213 3380 nam
3243 3331 3332 3397 qui
3375 3331 3491 3383 sine

1904 3410 2099 3464 timore
2129 3420 2230 3475 est,
2267 3430 2371 3468 non
2406 3417 2604 3483 poterit
2632 3417 2912 3485 justiticari
2948 3418 3088 3487 (Ibi!
3120 3420 3161 3488 ).

1974 3502 2250 3570 Sapientia
2287 3514 2339 3558 et
2372 3507 2651 3577 disciplina
2687 3512 2846 3563 timor
2878 3510 3085 3564 Domini
3122 3510 3337 3583 (lbi:t.).

1973 3593 2089 3646 Non
2120 3595 2193 3648 sis
2225 3597 2555 3651 incredibilis
2588 3602 2761 3653 tiut..ri
2799 3602 2874 3655 Do
2902 3603 3030 3667 ..ini,
3066 3612 3120 3657 et
3143 3620 3210 3657 ne
3241 3619 3484 3661 accesse—

1901 3680 1977 3735 ris
2008 3682 2073 3736 ad
2110 3683 2250 3738 illum
2282 3687 2479 3755 :luplici
2510 3690 2673 3745 corde
2705 3689 2915 3761 (Ibid.).

1975 3774 2271 3831 Metuentes
2346 3779 2678 3849 DJIIIiHUlU,
2740 3786 3001 3839 su3tinete
3067 3789 3489 3843 misericordiam

1903 3868 2037 3935 ejus,
2070 3880 2124 3923 et
2156 3886 2257 3924 non
2289 3870 2585 3927 dellectatis
2607 3875 2672 3928 ab
2698 3876 2807 3940 illo,
2835 3893 2899 3931 ne
2927 3879 3132 3931 cadatis
3156 3880 3380 3950 (Ea-(rs.
3411 3884 3489 3953 ιι).

1976 3959 2077 4025 Qui
2111 3963 2309 4017 timetis
2338 3963 2525 4031 Deum,
2559 3972 2762 4022 credite
2793 3970 2888 4031 illi,
2923 3980 2975 4024 et
3002 3987 3110 4026 non
3142 3977 3491 4030 evaruahitur

1902 4070 2111 4111 merces
2140 4067 2316 4112 νεειτίι
2328 4102 2337 4111 .

1976 4149 2073 4216 Qui
2105 4151 2303 4205 timetis
2336 4152 2526 4217 Deum,
2563 4155 2774 4208 laudate
2803 4156 2975 4225 illum,
3004 4167 3059 4212 et
3089 4161 3140 4212 in
3175 4160 3491 4214 oblectatio-

1903 4254 1972 4293 ne
2002 4242 2181 4294 veniet
2209 4243 2357 4296 vobis
2390 4246 2755 4299 misericordia
2790 4246 2966 4316 (Psal.
3001 4255 3137 4318 χχι).

1977 4334 2076 4397 Qui
2112 4334 2309 4388 timetis
2341 4336 2525 4400 Deum,
2560 4340 2764 4407 diligite
2806 4341 2972 4407 illum,
3006 4353 3061 4398 et
3109 4344 3490 4401 illuminabun-

1905 4435 1991 4481 tur
2020 4430 2181 4483 corda
2215 4440 2389 4485 vestra
2425 4431 2649 4496 (Eccles.
2677 4436 2758 4500 tt).

1976 4520 2075 4584 Qui
2108 4520 2296 4575 timent
2344 4522 2533 4589 Deum,
2568 4541 2673 4577 non
2718 4536 2877 4580 erunt
2915 4530 3171 4584 increduli
3218 4534 3383 4589 verbo
3429 4535 3492 4589 il-

274 4600 393 4654 Non
425 4604 619 4669 quaerit
648 4620 678 4658 a
708 4614 759 4660 te
789 4607 929 4663 Deus
964 4614 1271 4678 pecuniam,
1305 4629 1395 4670 seu
1428 4631 1661 4671 annuam
1696 4635 1795 4674 mt-
1828 4642 1882 4702 Ι)
1907 4610 2007 4663 lius
2038 4627 2049 4662 :
2085 4620 2137 4664 et
2168 4613 2254 4680 qui
2297 4612 2524 4680 diligunt
2572 4615 2875 4681 Dominum,
2915 4623 3320 4678 const-rvabuut
3350 4626 3489 4681 viam

206 4693 541 4749 sericordem
574 4707 628 4750 et
670 4700 810 4751 niam
849 4710 1104 4756 tuentem.

770 4832 1041 4889 CAPUT
1096 4835 1176 4889 XI
1220 4879 1233 4893 .

852 4946 926 5000 De
958 4951 1155 5005 timore.

865 5080 1135 5121 CHRISTUS.

277 5146 457 5203 Nolite
496 5148 691 5205 timere
730 5167 825 5205 eos
865 5156 955 5222 qui
1000 5172 1197 5225 corpus
1245 5159 1516 5225 occidunt,
1566 5166 1793 5217 animam

206 5247 386 5291 autem
416 5255 528 5292 non
563 5252 787 5307 possunt
818 5246 1068 5300 occidere
1097 5246 1312 5316 (Matth.
1356 5252 1437 5321 Χ).

274 5330 382 5384 Sed
417 5334 601 5399 potius
625 5347 747 5385 eum
781 5335 963 5387 timete
995 5339 1085 5405 qui
1115 5348 1294 5407 potest
1323 5345 1557 5399 animam
1589 5355 1643 5401 et
1671 5363 1796 5403 cor—

200 5434 303 5491 pus
330 5421 552 5476 mittere
581 5423 635 5475 in
663 5423 963 5491 gehennam
990 5427 1203 5498 (lbid.).

894 5534 1114 5573 PETRUS.

268 5598 325 5655 In
367 5602 567 5656 timore
598 5602 861 5660 incolatus
890 5609 1052 5662 vestri
1084 5616 1329 5681 tempore
1355 5621 1749 5676 conversamini
1775 5641 1789 5679 :

202 5689 368 5747 Deum
408 5694 620 5758 timete,
652 5707 833 5763 regem
866 5698 1217 5757 honorilicate
1250 5705 1298 5773 (I
1331 5703 1479 5760 Petr.
1515 5712 1593 5779 ιι).

266 5786 698 5844 Considerantes
746 5789 797 5844 in
846 5792 1039 5850 timore
1069 5805 1271 5853 castam
1322 5806 1791 5862 conversationem

200 5887 427 5934 Vestram
455 5880 508 5935 (1
549 5880 698 5934 Petr.
731 5884 812 5946 tu)

1906 4704 2038 4770 ejus.

2524 4813 2799 4858 AUGUSTI!“
2820 4819 2862 4856 s.

1977 4887 2077 4951 Qui
2110 4888 2300 4941 timent
2335 4888 2641 4956 Dominum,
2687 4894 2963 4962 inquirunt
3006 4913 3124 4968 quw
3150 4901 3486 4973 bencplacita

1905 4986 2029 5031 sunt
2073 4978 2147 5032 illi
2197 4997 2209 5029 :
2258 4988 2313 5033 et
2362 4982 2451 5049 qui
2496 4981 2723 5051 diligunt
2771 5001 2916 5051 eum,
2967 4991 3319 5058 replebuntur
3365 4995 3484 5065 lege

1904 5072 2085 5139 ipsius.

1975 5164 2073 5230 Qui
2108 5164 2295 5217 timent
2328 5164 2611 5221 Dominum
2661 5174 3043 5238 praeparabant
3072 5177 3233 5229 corda
3274 5188 3392 5243 sua,
3436 5188 3489 5235 et

1903 5254 1955 5307 in
1987 5269 2281 5325 conSpectu
2311 5259 2451 5313 illius
2480 5262 2897 5317 sanctilicahuut
2926 5267 3131 5321 animas
3161 5284 3302 5323 suas.

1973 5346 2073 5411 Qui
2119 5350 2307 5402 timent
2356 5351 2658 5417 Dominum,
2705 5356 3017 5410 custodiunt
3056 5359 3309 5414 mandata
3350 5362 3491 5430 ejus,

1902 5445 1957 5492 et
1986 5439 2300 5506 patientiam
2341 5442 2616 5496 habebunt
2664 5460 2832 5513 usque
2880 5448 2945 5499 ad
2980 5448 3372 5516 iuspeclionem
3415 5452 3484 5507 il-

1900 5530 2021 5586 lius.

1971 5623 2276 5693 Cogitatum
2321 5627 2457 5682 habe
2488 5630 2539 5682 in
2573 5631 2861 5700 prteceptis
2896 5634 3007 5697 Dei,
3039 5644 3089 5687 et
3136 5636 3184 5688 in
3223 5638 3489 5695 mandatis

1900 5717 2040 5770 illitis
2066 5718 2299 5773 maxime
2329 5722 2572 5775 assiduus
2604 5732 2740 5777 esto.

1972 5808 2025 5862 lu
2059 5818 2170 5865 tota
2197 5812 2374 5866 anima
2408 5821 2496 5867 tua
2539 5815 2705 5871 Deum
2737 5819 2863 5873 time
2898 5839 2907 5871 :
2942 5821 3033 5888 qui
3072 5821 3263 5877 timent
3293 5821 3484 5891 Deum,

1900 5912 2057 5957 erunt
2086 5904 2137 5958 in
2170 5905 2340 5961 oculis
2370 5906 2534 5961 illius.
