4194 6542
715 441 812 495 631

1679 424 2099 482 DEFENSORIS
2140 418 2674 478 LOCOCI'AGENSIS
2717 414 3014 472 MONACH]

3897 407 3992 463 632

784 560 968 616 Timor
998 555 1210 612 Domini
1237 562 1341 620 est,
1371 565 1478 606 non
1520 548 1802 617 despicere
1831 543 2106 597 hominem
2138 555 2292 595 men-
2325 541 2375 599 Α
2403 538 2582 591 ctione
2635 547 2700 588 ex
2755 530 3006 596 mortuis,
3048 541 3226 597 neque
3271 523 3518 590 nubunt,
3569 534 3748 592 neque
3789 521 3991 576 ducunt

713 653 892 710 dicum
926 660 982 706 et
1009 662 1324 720 pauperem.

787 746 1010 812 Magnus
1049 753 1132 798 est
1167 739 1330 809 judex
1376 745 1432 793 et
1476 744 1671 807 potens
1699 733 1750 787 in
1799 731 2028 792 honore,
2076 742 2184 783 non
2216 732 2300 780 est

715 843 891 911 major
919 839 1012 894 illo
1042 836 1131 906 qui
1163 835 1318 888 timet
1346 832 1534 886 Deum.

787 938 928 995 Nihil
958 935 1150 991 melius
1179 947 1341 1002 quam
1371 931 1534 983 timor
1562 925 1681 981 Dei.

787 1030 958 1085 Omne
1004 1031 1469 1084 exsecramentum
1517 1018 1719 1075 erroris
1760 1016 1872 1073 odit
1914 1014 2076 1080 Deus,
2109 1022 2165 1069 et
2193 1027 2298 1067 non

719 1121 948 1178 amabile
976 1121 1080 1174 erit
1109 1116 1420 1173 timentibus
1454 1114 1640 1168 Deum.

789 1212 941 1267 Oculi
972 1210 1180 1266 Domini
1210 1207 1277 1262 ad
1325 1207 1583 1261 timentes
1617 1216 1764 1269 eum,
1795 1207 1851 1255 et
1894 1201 2007 1268 ipse
2056 1197 2302 1267 agnoscit

718 1305 897 1361 omnia
928 1317 1092 1372 opera
1125 1298 1378 1354 hominis.

793 1400 967 1452 llomo
1011 1393 1227 1464 sapiens
1273 1393 1325 1446 in
1368 1390 1617 1445 omnibus
1666 1385 1878 1449 metuit,
1929 1393 1981 1437 et
2030 1387 2083 1437 in
2117 1383 2303 1436 diebus

719 1490 1016 1545 electorum
1046 1485 1274 1540 attendit
1306 1485 1372 1538 ab
1399 1483 1617 1537 inertia.

789 1578 1144 1635 Confirmatio
1171 1576 1380 1631 timoris
1408 1573 1502 1627 Dei
1533 1571 1819 1642 sapientia.

787 1672 888 1740 Qui
920 1673 1075 1726 timet
1105 1669 1408 1730 Dominum,
1443 1667 1673 1733 accipiet
1704 1663 2005 1717 doctrinam
2055 1661 2171 1730 ejus
2208 1679 2220 1712 :
2252 1670 2306 1716 et

715 1766 979 1835 justitiam
1012 1763 1161 1830 quasi
1195 1761 1374 1815 lumen
1405 1759 1683 1813 accendet.

793 1856 892 1923 Qui
929 1855 1082 1908 timet
1109 1853 1418 1914 Dominum,
1471 1850 1700 1918 accipiet
1749 1848 2051 1903 doctrinam
2083 1849 2216 1916 ejus,
2252 1855 2306 1901 et

721 1949 812 2016 qui
835 1947 1136 2015 vigilaverit
1160 1945 1225 1998 ad
1248 1944 1417 2007 illum,
1452 1941 1689 1996 inveniet
1712 1940 2143 1995 benedictionem
2170 1939 2302 2006 ejus.

793 2040 1028 2095 Timenti
1079 2038 1362 2093 Dominum
1410 2051 1517 2088 non
1565 2040 1859 2087 occurrunt
1903 2031 2062 2096 mala,
2114 2031 2209 2084 scil
2255 2031 2305 2083 in

725 2135 1026 2190 tentatione
1057 2131 1204 2186 illum
1236 2127 1598 2191 conservabit,
1631 2134 1686 2179 et
1717 2125 1965 2178 liberabit
1996 2138 2025 2176 a
2058 2123 2231 2175 malis.

792 2225 1026 2294 Spiritus
1055 2222 1356 2277 timentium
1384 2220 1554 2274 Deum
1584 2217 1862 2288 quaeritur,
1896 2223 1952 2270 et
1999 2215 2051 2268 in
2082 2228 2308 2282 respon-

723 2319 878 2374 sione
911 2317 1052 2371 illius
1081 2315 1439 2370 benedit-itur.

793 2409 929 2479 Spes
957 2407 1101 2462 enim
1133 2406 1446 2460 timentibus
1473 2403 1662 2467 Deum,
1697 2403 1750 2455 in
1795 2401 2150 2455 salvationem
2185 2401 2308 2454 illo-

726 2516 866 2555 rum.

802 2590 906 2656 Qui
953 2589 1106 2643 timet
1153 2587 1346 2653 Deum,
1391 2584 1522 2638 nihil
1572 2583 1820 2654 trepidat,
1850 2591 1905 2635 et
1933 2596 2040 2636 non
2071 2581 2312 2649 pavebit,

727 2684 983 2754 quoniam
1013 2683 1129 2748 ipse
1159 2689 1238 2734 est
1269 2694 1394 2749 spes
1420 2677 1557 2744 eius.

802 2774 1143 2829 Timentibus
1173 2772 1362 2837 Deum,
1393 2770 1547 2823 beata
1578 2779 1660 2822 est
1702 2781 1877 2821 amma
1912 2783 1924 2818 :
1958 2774 2013 2819 et
2037 2764 2178 2820 oculi
2208 2763 2314 2818 Do-

730 2865 861 2920 mini
893 2879 1057 2933 super
1090 2863 1339 2915 timentes
1369 2875 1514 2914 eum.

804 2957 992 3010 Timor
1037 2953 1248 3008 Domini
1292 2953 1434 3006 sicut
1481 2950 1758 3020 paradisus
1802 2948 2216 3013 benedictionis,
2265 2954 2319 3003 et

731 3065 895 3119 super
925 3062 1138 3102 omnem
1165 3045 1390 3112 gloriam
1422 3051 1754 3110 operuerunt
1786 3040 1954 3094 illum.

805 3143 1004 3196 Beatus
1038 3149 1121 3195 est
1174 3139 1259 3194 cui
1300 3137 1556 3192 donatum
1588 3143 1670 3190 est
1699 3135 1899 3190 habere
1931 3135 2174 3189 timorem
2215 3133 2320 3188 Do-

736 3237 886 3290 mini.

807 3326 993 3378 'Iimor
1021 3322 1254 3388 Domini,
1286 3320 1496 3374 initium
1527 3318 1830 3373 dilectionis
1859 3317 1992 3385 ejus.

811 3419 1116 3473 Facultates
1162 3426 1215 3470 et
1258 3415 1432 3470 victus
1473 3413 1717 3468 exaltant
1761 3427 1877 3474 cor,
1909 3420 1961 3466 et
2005 3425 2170 3480 supra
2210 3409 2324 3463 hmc

738 3513 903 3566 timor
934 3509 1169 3563 Domini.

1365 3612 1718 3653 HlthONHIUS.

813 3692 970 3747 Nulla
1000 3706 1088 3746 res
1112 3707 1210 3745 nos
1257 3692 1328 3745 ita
1358 3698 1539 3745 servat
1567 3688 1634 3742 ab
1666 3685 1811 3741 omni
1853 3691 2084 3754 peccato
2131 3683 2327 3737 immu-

742 3801 857 3852 nes,
889 3785 1029 3841 sicut
1062 3786 1218 3838 timor
1244 3783 1493 3854 supplicii
1520 3791 1576 3836 et
1600 3795 1753 3834 amor
1784 3779 1897 3832 Dei.

1379 3886 1688 3927 Διωιοειυε.

818 3969 920 4036 Qui
951 3968 1105 4022 timet
1131 3965 1327 4028 Deum,
1350 3964 1584 4019 declinat
1613 3963 1680 4018 ab
1707 3978 1912 4028 errore,
1941 3971 1996 4017 et
2023 3959 2091 4015 ad
2121 3959 2332 4015 virtutis

749 4062 998 4119 semitam
1029 4059 1146 4114 vias
1174 4072 1298 4112 suas
1325 4056 1526 4123 dirigit.

1379 4163 1691 4204 GlthORIUS.

824 4247 993 4298 Prava
1027 4257 1199 4306 mens,
1233 4240 1276 4293 si
1303 4253 1413 4293 non
1442 4240 1588 4306 prius
1621 4253 1716 4306 per
1746 4237 1994 4291 timorem
2047 4235 2331 4299 evertitur,

751 4339 819 4391 ab
850 4335 1077 4390 assuetis
1106 4333 1250 4387 vitiis
1279 4348 1384 4385 non
1413 4329 1745 4383 emendatur.

829 4431 997 4483 Deum
1028 4427 1240 4487 timere,
1273 4432 1355 4478 est
1403 4421 1548 4476 nulla
1592 4435 1709 4489 qua:
1746 4420 1988 4474 facienda
2019 4427 2144 4474 sunt
2193 4422 2333 4473 bona

755 4519 1052 4592 przeterire.

1429 4597 1681 4638 ιεωοιιυε.

829 4686 1017 4740 Timor
1041 4679 1258 4736 Domini
1289 4693 1502 4748 semper
1526 4678 1794 4733 emendat.

831 4777 1015 4831 Timor
1047 4771 1261 4828 Domini
1288 4769 1507 4839 expellit
1537 4779 1834 4838 peccatum.

832 4867 901 4920 Et
931 4867 1092 4920 timor
1123 4862 1336 4916 Domini
1365 4860 1608 4930 reprimit
1631 4860 1843 4912 vitium.

832 4957 1020 5015 Timor
1047 4964 1264 5013 cautum
1295 4954 1421 5008 facit
1449 4951 1740 5016 hominem,
1781 4959 1944 5020 atque
1973 4952 2283 5006 sollicitum.

837 5053 940 5108 Ubi
968 5064 1098 5104 vero
1126 5047 1288 5102 timor
1315 5061 1420 5100 non
1451 5055 1550 5106 est,
1585 5044 1654 5097 ibi
1687 5044 1968 5098 dissolutio
1999 5045 2120 5095 vita!
2149 5052 2246 5094 est.

838 5140 940 5198 Ubi
970 5143 1130 5194 timor
1159 5153 1264 5194 non
1292 5145 1393 5201 est,
1428 5137 1499 5191 ibi
1535 5136 1821 5190 sceleratio
1850 5144 1949 5188 est.

839 5237 940 5291 Ubi
969 5235 1130 5287 timor
1156 5246 1263 5286 non
1293 5240 1392 5295 est,
1425 5231 1498 5284 ibi
1524 5229 1788 5283 scelerum
1817 5227 2141 5281 abundantia
2173 5236 2274 5280 est.

840 5328 895 5381 Si
927 5327 1096 5380 Deum
1126 5332 1369 5378 metuere
1398 5324 1449 5375 in
1500 5321 1887 5389 tranquillitate
1936 5336 2042 5374 non
2082 5321 2346 5385 volumus,

773 5421 964 5475 saltem
991 5418 1106 5485 ejus
1127 5417 1388 5486 judicium
1417 5415 1583 5469 attriti
1615 5416 1918 5469 timeamus.

1366 5525 1591 5581 CAPUT
1625 5523 1756 5579 Xlll.

1337 5616 1408 5670 De
1471 5619 1783 5686 virginitate.

1432 5726 1701 5764 CHRISTUS.

849 5803 967 5857 Filii
994 5802 1175 5856 saeculi
1207 5800 1363 5870 hujus
1391 5801 1595 5854 nubunt
1619 5811 1672 5854 et
1697 5803 1980 5856 traduntur
2010 5804 2074 5855 ad
2099 5804 2311 5871 nuptias
2337 5819 2352 5856 :

779 5895 852 5950 illi
881 5910 1012 5948 vero
1038 5893 1300 5962 qui‘digni
1333 5892 1594 5946 habentur
1634 5892 1831 5945 saeculo
1864 5892 1954 5945 illo
2011 5903 2062 5943 ct
2109 5908 2353 5947 resurre-

2405 643 2622 691 uxores,
2670 640 2844 695 neque
2886 623 3028 678 enim
3073 622 3214 677 ultra
3255 620 3390 674 mori
3429 625 3733 688 poterunt:
3764 615 3992 684 aequales

2405 723 2547 779 enim
2581 720 2786 789 angelis
2813 723 2960 781 sunt,
2988 723 3044 772 et
3072 713 3164 770 ﬁlii
3195 723 3314 769 sunt
3350 711 3464 777 Dei,
3495 724 3620 766 cum
3647 711 3757 764 sint
3788 707 3884 761 ﬁlii
3911 721 3991 760 re-

2405 813 2752 874 surrectionis
2784 810 2934 869 (Luc.
2970 810 3084 876 xx).

3086 914 3290 952 PAlfLUS

2479 997 2638 1065 Virgo
2665 1011 2784 1064 quae
2813 997 3036 1062 innupta
3070 1001 3151 1046 est
3190 989 3393 1055 cogitat
3437 1001 3554 1057 quae
3602 982 3814 1038 Domini
3848 989 3990 1050 sunt,

2406 1091 2679 1164 quomodo
2707 1091 2920 1160 placeat
2951 1089 3062 1143 Deo
3095 1084 3146 1156 (1
3179 1085 3300 1140 Cor.
3337 1083 3451 1153 vn).

2477 1185 2576 1252 Qui
2608 1181 2954 1239 matrimonio
2973 1180 3150 1251 jungit
3170 1178 3432 1246 virginem
3462 1189 3637 1240 suam,
3665 1186 3808 1228 nene
3833 1171 3988 1237 facit;

2405 1286 2461 1333 et
2488 1279 2579 1348 qui
2608 1293 2715 1332 non
2742 1275 2938 1346 jungit,
2967 1272 3160 1327 melius
3188 1269 3316 1325 facit
3345 1267 3562 1340 (Ibid.).

3025 1376 3372 1418 AUGUSTINUS.

2475 1461 2615 1516 Nihil
2667 1460 2891 1531 prodest
2933 1457 3211 1526 virginitas
3262 1454 3508 1525 corporis
3600 1450 3691 1506 ubi
3739 1457 3998 1520 operatur

2407 1553 2685 1622 corruptio
2710 1551 2924 1605 mentis.

2477 1645 2628 1700 Sit-ut
2674 1644 2816 1698 enim
2859 1642 3070 1697 occisus
3121 1641 3373 1694 immicus
3406 1637 3504 1692 tibi
3539 1651 3645 1691 non
3689 1633 3818 1689 facit
3860 1633 3999 1701 inju-

2409 1738 2584 1800 riam,
2631 1737 2708 1790 sic
2759 1734 3080 1788 mortiﬁcata
3130 1746 3258 1786 caro
3313 1745 3422 1785 non
3472 1727 3714 1782 turbabit
3761 1726 4000 1780 animam

2409 1837 2574 1883 tuatn.

2340 1905 2388 1964 Β
2484 1919 2641 1973 Tales
2671 1918 2812 1972 enim
2843 1916 3000 1971 decet
3045 1915 3275 1969 Domino
3315 1912 3518 1966 habere
3561 1909 3864 1976 ministros,
3911 1909 4003 1977 qui

2415 2012 2560 2068 nullo
2589 2013 2766 2066 carnis
2796 2011 3046 2079 contagio
3067 2015 3505 2077 corrumpantur,
3532 2003 3629 2060 sed
3656 2003 3841 2073 potius
3868 2016 4001 2056 con-

2417 2103 2638 2158 tinentia
2670 2103 2935 2158 castitatis
2963 2099 3302 2170 sple:.tlcant.

3023 2205 3378 2248 ιιιεπιιοκγηυε.

2486 2287 2710 2342 Multum
2757 2285 2920 2341 distat
2968 2286 3106 2339 inter
3153 2284 3444 2353 puritatem
3493 2277 3772 2348 virginalis
3817 2278 4013 2333 animae

2415 2380 2563 2435 nulla
2595 2379 2918 2446 contagione
2953 2377 3191 2446 pollutae,
3221 2384 3275 2428 et
3300 2373 3488 2429 sordes
3516 2372 3635 2441 ejus
3661 2386 3782 2442 quae
3812 2371 4012 2426 multo-

2418 2487 2536 2526 rum
2568 2470 2773 2524 libidini
2803 2467 3092 2535 snbjacuit.

2488 2563 2843 2620 Centenarius
2873 2577 3128 2616 numerus
3160 2560 3428 2630 perfectus
3456 2568 3561 2626 est,
3588 2556 3680 2626 qui
3714 2571 3815 2626 pro
3845 2555 4014 2624 virgi-

2418 2659 2601 2713 nitatis
2631 2670 2834 2711 corona
2863 2653 3160 2722 virginibus
3186 2652 3496 2722 deputatur.

2494 2750 2891 2820 Sexagenarius
2916 2789 2931 2814 ,
2982 2745 3250 2802 secundus
3293 2743 3490 2814 gradus
3533 2757 3636 2814 pro
3677 2739 4015 2796 continentia

2419 2845 2722 2901 viduarum.

2492 2937 2859 3005 Tricenarius,
2889 2944 3081 2991 tertius
3121 2949 3273 2989 iocus
3301 2933 3613 3002 nuptiarum
3659 2929 3870 2984 fmdera
3905 2927 4019 2996 ipsa

2423 3033 2692 3090 dictorum
2723 3030 3103 3100 conjunctione
3132 3036 3363 3082 testatur
3392 3044 3404 3078 :
3438 3041 3502 3080 ac
3532 3025 3574 3078 si
3606 3023 3785 3078 vidua:
3818 3021 4021 3075 amisso

2426 3126 2593 3196 gradu
2630 3125 2801 3194 primo
2832 3137 2928 3192 per
2957 3122 3174 3176 tertium
3201 3118 3522 3189 perveniunt
3547 3117 3611 3170 ad
3643 3113 3968 3170 secundum.

2503 3217 2712 3274 Tenera
2742 3231 2832 3272 res
2856 3216 2912 3270 in
2941 3213 3154 3268 ieminis
3183 3212 3322 3265 fama
3349 3209 3623 3280 pudicitia:
3645 3215 3746 3269 est,
3781 3213 3838 3259 et
3868 3203 4023 3272 quasi

2429 3313 2528 3369 ﬂos
2557 3311 2971 3383 pulcherrimus,
3002 3307 3110 3362 cito
3141 3307 3204 3359 ad
3237 3304 3410 3359 levem
3440 3317 3628 3357 auram
3660 3297 3976 3354 marcescit.

2500 3408 2658 3460 Aura:
2689 3402 2793 3457 levi
2833 3414 2952 3472 quas
2997 3399 3161 3452 ﬂuctu
3207 3394 3593 3464 corrumpitur,
3633 3393 3876 3446 maxime
3926 3388 4023 3442 viri

2429 3505 2560 3551 astas
2586 3493 2877 3555 consentit,
2909 3491 2956 3545 si
2985 3487 3246 3544 maritalis
3275 3486 3429 3540 deest
3459 3484 3780 3540 auctoritas.

2503 3585 2672 3640 Stude
2705 3599 2811 3637 non
2843 3581 3019 3636 solum
3049 3579 3236 3634 oculos
3276 3586 3398 3631 tuos
3424 3585 3605 3632 castos
3643 3588 3892 3638 servare,
3936 3571 4028 3627 sed

2432 3685 2486 3730 et
2512 3676 2768 3744 linguam.

2504 3767 2644 3821 Nihil
2675 3765 2895 3834 prodest
2939 3776 3162 3819 carnem
3198 3761 3406 3816 habere
3447 3759 3735 3829 virginem,
3766 3755 3813 3810 si
3845 3764 4029 3810 mente

2433 3859 2556 3929 quis
2583 3855 2848 3926 nupserit.

3100 3961 3358 4003 IIIDORUS.

2509 4045 2737 4113 Quidam
2768 4044 2821 4096 in
2849 4041 3131 4112 jnventute
3160 4038 3440 4093 luxuriose
3462 4035 3728 4101 viventes,
3775 4043 3832 4089 et
3863 4035 3917 4089 in
3949 4047 4027 4088 se-

2436 4147 2654 4196 nectute
2684 4137 3024 4192 continentes
3071 4131 3184 4187 tieri
3230 4129 3609 4192 delectantur;
3656 4134 3714 4183 et
3759 4135 3894 4182 tunc
3933 4125 4031 4180 rli-

2437 4242 2571 4303 gunt
2600 4229 2840 4286 castitati
2867 4229 3094 4291 servire,
3132 4224 3348 4295 quando
3395 4238 3492 4278 eos
3521 4222 3686 4277 libido
3715 4237 3911 4277 servos
3941 4223 4029 4276 ha~

2438 4329 2567 4382 bere
2594 4322 2936 4391 contempsit.

2512 4418 2670 4472 Tales
2696 4431 2802 4471 non
2823 4414 3102 4469 habebunt
3129 4410 3432 4480 praemium,
3463 4407 3553 4477 qui
3587 4421 3694 4461 non
3724 4405 4034 4460 habuerunt

2443 4512 2642 4568 laboris
2667 4512 2983 4566 certamina.
3014 4503 3126 4560 los
3153 4505 3299 4560 enim
3336 4509 3549 4574 spectat
3577 4501 3771 4571 gloria,
3819 4500 3873 4554 in
3916 4498 4035 4569 qui-

2370 4623 2418 4682 ι)
2444 4604 2543 4659 bus
2573 4601 2792 4656 fuerunt
2817 4598 3085 4653 laboriosa
3115 4597 3436 4651 certamina.

2518 4693 2621 4762 Qui
2650 4706 2846 4763 corpus
2869 4705 3025 4746 suum
3047 4688 3396 4744 continentia
3421 4686 3696 4752 dedicant,
3730 4699 3854 4740 cum
3887 4683 4032 4738 feini-

2450 4790 2533 4844 nis
2561 4786 2807 4842 habitare
2837 4797 2944 4838 non
2975 4789 3322 4852 praesumant.

2520 4877 2802 4933 Geminum
2834 4883 2918 4930 est
2948 4875 3149 4931 bonum
3178 4872 3503 4940 virginitatis
3533 4887 3546 4924 :
3577 4872 3699 4939 quia
3732 4872 3786 4924 in
3813 4871 3920 4924 hoc
3941 4884 4036 4923 53‘.-

2455 4971 2572 5028 culo
2604 4968 3019 5025 sollicitudinem
3051 4966 3234 5021 saeculi
3259 4965 3475 5030 amittit,
3500 4972 3555 5019 et
3579 4964 3631 5018 in
3665 4962 3848 5018 futuro
3879 4973 4036 5017 aeter-

2453 5079 2577 5119 num
2604 5062 2869 5118 castitatis
2898 5060 3178 5131 praemium
3209 5059 3422 5129 recipit.

2523 5153 2624 5221 Qui
2655 5152 2788 5206 casti
2819 5157 3169 5221 perseverant
3217 5156 3271 5202 et
3301 5148 3555 5216 virgines,
3600 5147 3806 5216 angelis
3839 5146 3932 5201 Dei
3962 5145 4038 5199 ef-

2457 5246 2704 5303 iiciuntur
2728 5244 2984 5314 aequales.

2525 5338 2757 5394 Castitas
2785 5335 2991 5390 fructus
3015 5334 3296 5388 suavitatis
3326 5342 3410 5388 est

2525 5429 2757 5483 Castitas
2781 5425 3043 5480 securitas
3072 5424 3289 5488 mentis,
3325 5423 3528 5477 sanitas
3555 5423 3824 5492 corporis.

2527 5519 2815 5588 Virginitas
2838 5518 2880 5571 si
2911 5516 3124 5581 labitur,
3155 5516 3463 5570 nullatenus
3492 5525 3796 5586 reparatur.

2529 5611 2784 5677 Quamvis
2814 5609 3094 5680 poenitudo
3134 5609 3304 5663 venire
3336 5608 3537 5663 fructus
3584 5608 3834 5677 recipiat,
3863 5610 4044 5664 incor-

2459 5707 2765 5775 ruptionem
2798 5711 2976 5757 tamen
3007 5701 3310 5756 nullatenus
3342 5700 3531 5769 recipit
3557 5701 3863 5771 pristinam.

2528 5798 2692 5866 Virgo
2723 5810 2904 5862 carne,
2934 5811 3043 5852 non
3072 5802 3276 5859 mente,
3328 5793 3532 5850 nullum
3562 5795 3848 5864 praemium
3880 5794 4043 5848 habet

2461 5895 2515 5948 in
2537 5891 2876 5947 remissione.
