4194 6540
160 444 264 500 655

233 556 577 611 Gontinentia
622 555 857 611 hominis
903 554 1017 610 Deo
1063 555 1370 625 proximum
1425 552 1553 608 facit
1602 570 1614 605 τ

157 649 259 709 ista
290 649 569 715 manserit,
617 648 690 703 ibi
741 658 797 704 et
843 648 986 704 Deus
1032 656 1234 702 manet.
1290 646 1434 702 Mors
1464 648 1606 700 enim
1654 662 1750 717 per

156 744 347 801 oculos
374 742 604 813 capitur.

224 835 463 891 Castitas
493 836 768 891 hominem
800 837 865 889 ad
895 834 1063 891 ctelos
1093 834 1391 903 conjungit.

226 928 463 984 Castitas
489 929 762 984 hominem
792 928 855 982 ad
884 928 1052 983 coilos
1078 928 1357 996 pertrahit.

810 1039 1091 1079 CESARIUS.

224 1115 369 1171 Nihil
403 1120 623 1187 prodest
660 1117 1021 1186 virginitatem
1054 1124 1108 1170 et
1152 1115 1519 1184 integritatem
1554 1130 1751 1185 corpo-

155 1210 227 1263 ris
278 1209 594 1275 custodire,
644 1209 688 1264 si
738 1209 996 1266 caelorum
1045 1207 1513 1279 concupiscentias
1561 1208 1749 1264 nolunt

154 1317 370 1358 curare.

227 1397 415 1464 Longa
443 1394 666 1451 castitas
692 1402 818 1465 post
847 1402 1145 1465 peccatum,
1182 1394 1437 1449 imitatrix
1472 1403 1556 1450 est
1585 1395 1749 1464 virgi-

154 1488 291 1541 nitat
316 1503 362 1541 s.

222 1580 341 1633 Non
374 1584 519 1635 enim
550 1581 729 1637 carnis
766 1581 1046 1649 integritas
1087 1587 1356 1640 servatur,
1411 1579 1500 1633 ubi
1534 1578 1748 1630 animus

152 1671 425 1741 superbiae
458 1680 671 1726 tumore
703 1672 1087 1741 corrumpitur.

225 1764 520 1833 Virginitas
549 1766 601 1820 in
626 1781 857 1836 corpore
882 1765 1011 1819 nihil
1035 1764 1295 1834 proderit,
1323 1763 1367 1817 si
1399 1762 1633 1817 charitas
1655 1770 1749 1814 aut

152 1854 437 1909 humilitas
482 1871 511 1909 a
563 1856 728 1911 corde
772 1856 1103 1910 discesserit.
1154 1853 1347 1908 Melior
1395 1863 1475 1907 est
1529 1852 1746 1905 humilis

148 1946 531 2017 wujugalitas,
560 1961 723 2017 quam
752 1949 984 2016 superba
1019 1947 1317 2016 virginitas.

744 2061 974 2118 CAPUT
1011 2060 1148 2115 XIV.

786 2134 1108 2206 llejuslitt'a.

819 2240 1091 2280 CHRISTUS.

220 2320 462 2388 Qurerite
489 2321 721 2390 primum
753 2334 977 2388 regnum
1010 2320 1104 2375 Dei
1150 2330 1203 2374 et
1231 2319 1496 2388 justitiam
1524 2318 1659 2388 ejus,
1695 2326 1745 2373 el

144 2417 263 2473 base
294 2416 479 2472 omnia
509 2415 831 2484 adjicientur
859 2415 1015 2469 vobis
1046 2414 1262 2483 (Manli.
1296 2414 1393 2481 Vl).

216 2512 341 2566 Non
370 2519 534 2580 egent
562 2510 653 2579 qui
682 2510 799 2565 sani
828 2518 954 2564 sunt
980 2509 1210 2565 medico.
1244 2507 1337 2562 sed
1369 2508 1458 2563 uui
1491 2507 1633 2562 male
1655 2507 1750 2561 ha-

144 2605 277 2660 bent
307 2606 461 2676 (Luc.
492 2606 571 2675 v).

217 2698 339 2754 Non
368 2699 514 2753 enim
560 2699 684 2754 veni
714 2713 912 2755 vocare
940 2700 1141 2767 justos,
1189 2695 1286 2752 sed
1334 2703 1653 2767 peccatores
1682 2695 1749 2749 ad

145 2791 528 2863 paenitentiam
563 2790 776 2860 (lbid.).

217 2882 373 2937 Sicut
402 2896 500 2953 per
527 2883 685 2937 unius
712 2882 967 2937 delictum
1000 2884 1052 2936 in
1082 2896 1272 2937 omnes
1304 2882 1557 2938 homines
1602 2897 1748 2937 mors

143 2974 486 3046 pertransiit,
512 2975 584 3029 ita
607 2990 704 3045 per
732 2976 888 3030 unius
913 2975 1175 3039 justitiam
1205 2977 1473 3045 infomues
1501 2974 1750 3029 homines

142 3068 464 3137 iustificatio
492 3068 614 3122 vita:
641 3067 819 3133 (Rom.
848 3067 926 3139 v).

216 3162 289 3216 Ut
320 3162 465 3215 sicut
500 3162 744 3229 regnavit
769 3169 1051 3230 peccatum
1077 3163 1129 3216 in
1163 3172 1416 3225 mortem,
1448 3164 1520 3216 ita
1550 3171 1603 3217 et
1626 3176 1749 3231 gra-

143 3255 217 3307 tia
249 3262 447 3323 regnet
471 3269 570 3323 per
597 3254 861 3323 justitiam
896 3255 948 3308 in
980 3255 1144 3309 vitam
1173 3264 1436 3310 aeternam
1468 3253 1690 3324 (Ibi:l.).

834 3365 1079 3407 JACOBUS.

212 3441 450 3499 Fructus
478 3452 657 3498 autem
688 3444 916 3515 justitiae
938 3445 990 3499 in
1022 3458 1156 3513 pace
1187 3444 1506 3510 seminatur,
1535 3445 1744 3500 facien-

141 3537 289 3593 tibus
315 3552 507 3608 pacem
538 3537 746 3594 (Iacob.
780 3542 880 3608 Ill).

817 3645 1077 3686 SALOMON.

215 3724 336 3778 Non
388 3721 580 3793 amigit
625 3722 885 3779 Dominus
914 3722 1056 3778 fame
1084 3724 1321 3779 animam
1349 3722 1499 3793 justi,
1533 3733 1587 3778 et
1619 3723 1747 3777 insi-

142 3814 263 3869 dias
290 3815 585 3884 impiorum
616 3814 882 3870 subvertit
913 3814 1096 3883 (Prov.
1130 3816 1207 3886 ι).

218 3914 483 3971 Memoria
511 3912 643 3982 justi
688 3928 809 3968 cum
843 3913 1106 3974 laudibus.
1142 3921 1197 3967 et
1229 3928 1422 3968 nomen
1455 3915 1745 3983 impiorum

143 4008 416 4081 putrescit
445 4006 631 4076 (Prov.
666 4006 744 4073 ι).

215 4100 369 4172 Opus
406 4100 539 4169 justi
585 4098 651 4153 ad
683 4098 867 4162 vitam,
908 4106 961 4152 et
1004 4100 1207 4153 fructus
1248 4100 1395 4168 impii
1447 4099 1510 4152 ad
1560 4112 1751 4168 pecca-

146 4201 285 4247 tum.
322 4190 517 4260 (Ibid.)

216 4284 522 4355 Argentum
553 4284 785 4338 electum
814 4282 993 4352 lingua
1022 4282 1174 4350 justi,
1206 4297 1302 4338 cor
1324 4282 1616 4353 impiorum
1648 4298 1745 4352 pro

147 4378 320 4435 nihilo
355 4375 577 4448 (lbid.).

220 4470 382 4538 Quod
410 4471 568 4523 timet
594 4469 810 4539 impius,
842 4474 1024 4523 veniet
1052 4481 1216 4538 super
1239 4482 1383 4535 eum,
1417 4467 1746 4522 desiderium

148 4580 308 4620 suum
330 4563 494 4632 justis
520 4560 734 4616 dabitur
762 4559 975 4631 (Ibid.).

220 4655 433 4723 Lingua
478 4653 610 4722 justi
655 4652 962 4709 considerat
992 4652 1219 4723 placida,
1265 4661 1319 4708 et
1362 4666 1423 4706 os
1461 4652 1745 4722 impiorum

152 4763 434 4821 perversa.

224 4840 415 4897 Justus
441 4840 510 4894 de
539 4840 783 4907 angustia
826 4839 1085 4895 liberatus
1131 4849 1232 4903 est,
1285 4848 1338 4895 et
1386 4842 1619 4894 traditur
1650 4842 1752 4895 im-

161 4937 282 5007 pius
311 4949 415 5006 pro
444 4948 511 4989 eo
540 4930 722 5003 (Prov.
755 4934 834 4990 ul.
1159 4994 1163 4997 τ

227 5029 433 5085 Semen
467 5027 740 5097 justorum
771 5024 1086 5090 salvabitur,
1120 5023 1451 5080 desideriqu
1482 5027 1757 5094 justorum

155 5137 319 5176 omne
350 5122 554 5175 bonum
581 5127 659 5174 est
694 5117 874 5189 (Prov.
902 5120 1023 5187 xu).

238 5215 403 5270 Verte
432 5213 652 5285 impios,
694 5226 749 5270 et
776 5231 883 5271 non
914 5224 1091 5280 erunt,
1119 5216 1310 5271 domus
1352 5224 1533 5269 autem
1574 5214 1757 5281 justo-

164 5323 284 5362 rum
315 5308 711 5377 permanebunt

236 5399 445 5454 Domus
473 5397 799 5468 injustorum
827 5397 1117 5462 delebitur,
1149 5398 1494 5454 tabernacula
1527 5412 1653 5453 vero
1673 5399 1756 5467 ju-

165 5502 377 5549 storum
406 5491 787 5561 germinabunt
815 5491 999 5562 (Prov.
1026 5492 1163 5561 ιιν).

237 5588 360 5642 Noli
390 5601 511 5645 esse
536 5588 716 5656 justus
745 5588 977 5643 multum
1008 5587 1237 5660 (Eccles.
1271 5594 1396 5658 vn).

236 5682 442 5739 Domus
470 5689 656 5737 autem
682 5681 813 5751 justi
839 5682 1068 5753 plurima
1093 5681 1371 5749 fortitudo,
1411 5682 1465 5737 in
1500 5682 1763 5739 lructibus

172 5777 319 5850 impii
345 5775 695 5833 conturbatio
719 5774 902 5845 (Prov.
930 5781 1042 5847 xv).

241 5871 591 5929 Abominatio
629 5879 716 5927 est
763 5870 994 5928 Domino
1036 5874 1121 5929 via
1154 5873 1300 5944 impii
1337 5890 1350 5927 :
1388 5887 1479 5944 qui
1523 5874 1769 5928 seouitur

165 5970 445 6041 justitiam,
474 5969 723 6040 diligitur
747 5969 816 6025 ab
844 5983 930 6025 eo.

1453 429 1960 493 SCIN’I‘ILLARUM
2005 437 2227 492 LIBER.

1665 547 1754 605 ubi
1783 547 1833 607 A
1932 549 2069 606 Sunt
2091 552 2219 621 justi
2243 553 2536 624 sapientes,
2564 560 2618 607 et
2646 568 2810 623 opera
2836 568 3025 610 eorum
3054 554 3109 609 in
3135 569 3299 612 manu
3330 557 3448 624 Dei,

1780 3311 1827 3378 C

3344 446 3447 502 65"

1857 652 1914 699 et
1940 652 2119 700 tamen
2149 646 2319 701 nescit
2347 646 2511 700 homo
2541 653 2721 700 utrum
2753 661 2939 703 amore
2965 654 3061 703 aut
3089 646 3215 703 odio
3256 648 3449 719 dignus

1855 736 1946 799 sit,
1998 737 2089 791 sed
2132 738 2311 792 omnia
2355 740 2409 794 in
2451 739 2634 794 futuro
2676 746 3027 796 reservantur
3064 740 3270 798 incerta
3315 739 3450 812 (Ec--

1858 828 1978 883 cfea.
2016 828 2109 901 Ix).

1928 925 2064 979 Sunt
2100 923 2233 995 justi
2272 927 2467 995 quibus
2507 942 2649 982 mata
2696 930 3041 998 proveniunt,
3084 944 3239 1000 quasn
3280 945 3449 1003 opera

1857 1018 2145 1090 impiorum
2190 1022 2398 1091 egerint
2446 1022 2673 1091 (Ecrles.
2707 1025 2845 1091 vin).
2899 1023 2963 1077 Et
2993 1032 3123 1080 sunt
3152 1025 3321 1094 impii,
3354 1023 3452 1095 qui

1857 1113 1929 1167 ita
1960 1116 2133 1171 securi
2160 1103 2306 1179 Sunt,
2333 1117 2485 1187 quasi
2510 1115 2780 1185 justorum
2808 1116 2949 1172 facta
2973 1119 3205 1173 habeant
3230 1118 3446 1187 (lbid.).

1929 1204 2086 1273 Fugit
2116 1205 2311 1275 impius
2342 1209 2557 1263 nemine
2587 1219 2950 1279 persequente
2983 1206 3169 1275 (Prov.
3195 1210 3409 1278 xxvm).

1926 1297 2109 1354 Justus
2139 1310 2315 1356 autem
2361 1304 2515 1371 quasi
2560 1302 2645 1357 leo
2674 1303 2973 1371 conlidens,
3007 1304 3212 1374 absque
3258 1319 3447 1360 errore

1855 1393 1969 1446 erit.
2009 1393 2202 1449 (ΗΜΛ

2461 1484 2610 1525 ιεευε
2649 1484 2856 1524 διελοῦ.

1924 1565 1983 1617 In
2022 1570 2235 1633 justtt.a
2282 1564 2571 1633 agonizare
2613 1580 2711 1634 pro
2760 1565 2939 1619 anima
2997 1574 3122 1633 tua,
3166 1581 3335 1635 usque
3381 1566 3449 1622 ad

1854 1664 2084 1710 mortem
2121 1653 2345 1725 (Eccles.
2386 1656 2482 1724 tv).

1926 1748 2083 1802 Certa
2118 1764 2215 1816 pro
2242 1749 2469 1815 justitia,
2502 1758 2557 1804 et
2588 1749 2730 1804 Deus
2757 1748 3091 1818 expugnabit
3120 1763 3219 1819 pro
3251 1758 3302 1805 te
3332 1750 3438 1804 ini-

1855 1840 2026 1894 micos
2055 1847 2177 1894 tuos
2209 1838 2421 1909 (Ibid).

1783 1914 1828 1975 Β
1933 1930 2087 1984 Datio
2120 1930 2212 1984 Dei
2245 1942 2528 2000 permanet
2552 1932 2716 2001 just’s
2745 1932 2978 1999 (Eccles.
3012 1935 3090 2000 χι)

1932 2022 2241 2077 Benedictio
2274 2022 2370 2077 Dei
2402 2023 2455 2077 in
2484 2023 2789 2079 mercedem
2818 2023 2948 2093 justi
2986 2024 3205 2078 festinat
3228 2022 3446 2093 (lbid.).

1928 2118 2064 2169 Ante
2097 2116 2367 2169 hominem
2414 2115 2523 2170 vita
2562 2123 2617 2170 et
2647 2131 2811 2181 mors,
2857 2116 3060 2170 bouum
3110 2125 3166 2171 et
3201 2116 3442 2181 malum;

1855 2210 1999 2280 quod
2030 2210 2297 2280 placuerit
2327 2209 2424 2275 illi,
2458 2209 2670 2262 dabitur
2697 2208 2745 2263 ei
2775 2207 3009 2277 (Eccles.
3047 2207 3157 2278 xv).

1926 2306 2063 2357 Ante
2086 2302 2344 2371 judicium
2376 2316 2506 2371 para
2544 2301 2805 2370 justitiam
2837 2302 2931 2355 tibi
2961 2300 3188 2372 (Eccles.
3237 2301 3408 2369 xvnt).

1925 2394 2026 2460 Qui
2057 2393 2291 2449 custodit
2337 2393 2620 2460 judicium,
2671 2392 2974 2447 continebit
3020 2407 3239 2447 sensum
3286 2404 3445 2447 suum

1854 2486 2069 2556 (Ibid)
2814 2532 2821 2539 .

1925 2578 1981 2633 Si
2016 2578 2260 2647 sequaris
2299 2578 2586 2647 justitiam,
2635 2578 3011 2656 apprehendes
3056 2580 3224 2644 illam,
3264 2588 3319 2634 et
3364 2579 3446 2632 iu-

1853 2672 1983 2726 dues
2014 2688 2043 2740 q
2092 2673 2164 2726 asi
2200 2672 2457 2741 pudorem
2491 2673 2714 2727 honoris
2744 2672 2967 2741 (Eccles.
3000 2674 3153 2742 xvu).

1926 2765 2025 2832 Qui
2071 2764 2308 2820 custodit
2349 2763 2637 2833 justitiam,
2683 2766 2799 2835 ipse
2846 2766 3171 2821 exaltabitur
3218 2763 3444 2833 (Εεειεε.

1856 2862 1946 2925 xx)

2480 2965 2824 3005 AUGUSTINUS.

1926 3045 1983 3101 Si
2004 3045 2147 3100 enim
2178 3044 2349 3114 justus
2377 3058 2521 3108 sum,
2550 3042 2681 3097 nihil
2713 3044 2899 3106 timeo,
2932 3056 3091 3097 nemo
3123 3055 3210 3096 me
3242 3050 3448 3095 terrere

1856 3148 2059 3213 potest.

1927 3229 2128 3296 Justus,
2160 3230 2353 3300 inquit,
2386 3228 2610 3285 conlidit
2640 3236 2697 3282 ut
2725 3230 2828 3282 leo.

2502 3336 2813 3377 GRFGllRIUS.

1931 3414 2164 3477 Justitia,
2211 3414 2259 3469 si
2302 3411 2521 3468 modum
2570 3426 2679 3468 non
2727 3410 2924 3477 habet,
2976 3410 3027 3465 in
3076 3407 3452 3464 crudelitatem

1858 3507 2021 3561 vadit.

1931 3600 2079 3655 Malit
2102 3615 2131 3654 a
2164 3606 2563 3654 remanentium
2595 3604 2841 3652 meretur
2870 3603 2931 3650 ut
2978 3594 3032 3649 hi
3061 3594 3152 3663 qui
3196 3592 3458 3661 prodesse

1857 3703 2127 3767 poterant,
2160 3693 2352 3748 festiue
2395 3692 2820 3755 subtrahantur;
2854 3699 2909 3745 et
2940 3703 3063 3744 cum
3100 3687 3286 3743 mundi
3332 3686 3456 3742 linis

1859 3788 2276 3860 appropinquat,
2303 3786 2463 3841 electi
2491 3784 2776 3849 tolluntur,
2808 3798 2875 3837 ne
2908 3781 3181 3836 deteriora
3209 3779 3450 3836 videant.

1927 3881 2017 3937 Sic
2042 3879 2257 3950 iujustis
2286 3879 2540 3934 irascitur
2575 3878 2734 3943 Deus,
2767 3884 2827 3932 ut
2859 3884 3040 3931 tamen
3069 3888 3259 3930 eorum
3290 3872 3454 3928 corda

1859 3991 1954 4047 per
1978 3976 2249 4047 justorum
2274 3972 2611 4029 consortium
2639 3971 3010 4025 consolentur.

2523 4078 2781 4119 ιειυοιιοε,

1932 4163 2081 4219 Multi
2137 4160 2279 4233 apud
2336 4160 2589 4216 homines
2638 4164 2902 4227 putantur
2956 4153 3137 4221 electi,
3204 4161 3259 4208 et
3313 4149 3455 4223 apud

1860 4258 2028 4313 Deum
2062 4254 2279 4325 reprobi
2314 4254 2594 4308 assistunt.

1932 4349 1997 4403 Et
2020 4348 2173 4403 multi
2196 4348 2337 4418 apud
2360 4345 2609 4401 homines
2632 4343 2848 4414 reprobi
2870 4349 3016 4408 sunt,
3042 4349 3094 4395 et
3120 4338 3262 4409 apud
3278 4339 3452 4395 Deum

1859 4443 2016 4499 electi
2048 4451 2192 4498 sunt.

1932 4538 2120 4593 Nullus
2149 4537 2292 4593 enim
2321 4551 2381 4591 se
2405 4542 2557 4607 putet
2581 4533 2836 4595 electum,
2861 4545 2928 4585 ne
2959 4532 3099 4583 forte
3119 4527 3260 4599 apud
3286 4527 3455 4583 Deum

1857 4637 1968 4707 jam
1997 4638 2065 4693 sit
2096 4634 2376 4707 reprobus.

2371 4740 2439 4779 EX
2469 4737 2625 4779 ΗΒΒο
2653 4737 2791 4778 (ςιεικ
2800 4738 2898 4776 ENT
2910 4737 2967 4773 lS.

1938 4823 2200 4879 l’erfectio
2230 4822 2387 4891 legis,
2419 4836 2524 4891 pax
2551 4828 2649 4873 est.

1934 4920 2013 4973 Ex
2046 4917 2282 4989 peccatis
2318 4914 2459 4970 bella
2490 4922 2787 4968 nascuntur
2813 4925 2867 4967 et
2896 4909 3213 4970 certamina.

1926 5011 2024 5067 Ubi
2058 5019 2241 5065 autem
2281 5016 2562 5079 peccatum
2595 5021 2701 5061 non
2740 5005 2817 5069 lit,
2850 5019 2951 5074 pax
2988 5011 3071 5059 est
3097 5002 3308 5057 animat.

1939 5105 2037 5161 Ubi
2081 5114 2264 5159 autem
2291 5120 2394 5174 pax
2429 5111 2531 5168 est,
2564 5103 2615 5155 in
2650 5099 3108 5170 disputationibus
3150 5098 3366 5162 veritas,
3401 5094 3448 5150 ir

1865 5202 2119 5274 operibus
2140 5202 2366 5270 justitia,
2402 5198 2692 5253 invenitur.

2428 5328 2702 5387 CAPUT
2763 5328 2895 5382 XV.

2506 5421 2581 5475 De
2610 5421 2827 5475 invidia.

2528 5527 2798 5568 CHRISTUS.

1940 5613 2117 5669 Nolite
2142 5610 2386 5683 judicare
2417 5608 2645 5663 invicem
2679 5604 2896 5677 (Matth.
2931 5603 3048 5675 vn).

1940 5708 2143 5762 Cavete
2186 5712 2366 5759 autem
2419 5717 2446 5755 a
2498 5701 2767 5755 fermento
2804 5696 3200 5753 Pharisaeorum
3237 5696 3460 5768 (Matth.

1871 5802 2001 5873 xw).
2554 5880 2774 5921 PETRUS.

1943 5972 2285 6041 Deponentes
2317 5968 2478 6033 igitur
2504 5979 2718 6023 onmem
2747 5962 3007 6018 malitiam
3039 5969 3092 6015 et
3116 5976 3334 6018 onmem
3358 5962 3460 6018 do-
