4194 6544
750 424 856 480 635

735 627 910 684 vidias
936 625 988 697 (I
1021 625 1141 680 Pet.
1174 626 1238 693 ι).

807 719 1059 776 Charitas
1081 732 1193 773 non
1221 717 1506 772 emulatur
1538 715 1590 786 (I
1621 715 1740 771 Cor.
1775 717 1836 786 ι).

809 812 1040 878 Quidam
1063 809 1282 881 quidem
1304 820 1358 864 et
1380 817 1603 878 propter
1625 808 1878 862 invidiam
1894 807 2167 861 Christum
2189 821 2330 876 prte-

738 907 942 969 dicant,
993 903 1216 975 quidam
1257 911 1443 957 autem
1494 909 1719 971 propter
1745 902 1945 957 bonam
1991 900 2329 956 voluntatem

741 998 908 1066 (Phil.
935 998 1024 1066 1.).

1399 1100 1662 1141 ΒΔΙιΟΙΟΝ.

814 1181 930 1237 Vita
953 1182 1200 1237 carnium
1230 1181 1441 1236 sanitas
1471 1180 1668 1243 cordis,
1701 1177 1931 1249 putredo
1961 1177 2165 1233 ossium
2191 1178 2330 1232 invi-

739 1274 826 1329 dia
859 1273 1042 1344 (Prov.
1072 1276 1207 1344 xw).

812 1366 892 1420 Ne
918 1366 1177 1422 comedas
1199 1381 1324 1421 cum
1349 1365 1572 1421 homine
1600 1365 1802 1429 invido,
1827 1380 1928 1418 nec
1955 1363 2230 1419 desideres
2250 1363 2331 1420 ci-

741 1459 844 1513 bos
893 1458 1009 1527 ejus
1043 1476 1054 1510 :
1086 1459 1341 1527 quoniam
1392 1458 1445 1510 in
1475 1455 1825 1512 similitudine
1873 1457 2029 1512 arioli
2060 1468 2114 1511 et
2144 1457 2331 1525 conje-

740 1552 908 1609 ctoris
933 1553 1165 1607 testimat
1191 1551 1334 1620 quod
1365 1552 1578 1620 ignorat
1608 1548 1802 1620 (Prov.
1825 1552 2006 1617 χχιιι).

815 1650 1054 1706 Comede
1083 1658 1138 1704 et
1164 1649 1306 1714 bibe,
1338 1649 1484 1704 dicet
1514 1649 1627 1713 tibi,
1653 1639 1714 1702 et
1743 1662 1893 1702 mens
1923 1649 2041 1715 ejus
2091 1661 2199 1701 non
2245 1652 2330 1700 est

743 1751 921 1798 tecum
954 1740 1098 1811 (Ibid
1107 1741 1168 1811 .).

817 1838 919 1905 Qui
945 1837 1048 1892 sibi
1068 1836 1292 1902 invidet,
1320 1835 1452 1890 nihil
1475 1843 1558 1890 est
1585 1834 1677 1890 illo
1709 1833 1939 1902 nequius
1967 1831 2161 1903 (Eccle.
2193 1835 2330 1903 xw).

1369 1941 1707 1982 AUGUSTINUS.

816 2021 1021 2076 Invidia
1051 2028 1278 2075 cunctas
1305 2021 1535 2074 virtutes
1565 2027 1910 2084 concremat;
1942 2032 2042 2087 per
2077 2017 2336 2074 invidiam

755 2111 1079 2184 prardicatur
1105 2111 1199 2166 tibi
1230 2110 1474 2166 Christus
1503 2111 1811 2165 crucifixus.

817 2201 1020 2256 invidia
1051 2207 1105 2256 et
1126 2200 1266 2255 livor
1294 2215 1457 2270 super
1486 2200 1668 2254 omnia
1697 2201 1971 2255 inebriant
2001 2201 2259 2255 animam.

822 2287 923 2344 Ubi
947 2299 1030 2344 est
1055 2289 1276 2357 invidia,
1304 2305 1314 2336 :
1341 2305 1454 2344 .nor
1479 2289 1834 2345 fraternitatis
1859 2305 1976 2345 esse
1999 2305 2108 2344 non
2133 2299 2336 2360 potest.

827 2383 930 2449 Qui
957 2383 1163 2437 invidet
1205 2398 1313 2437 non
1341 2392 1527 2436 amat:
1561 2391 1889 2452 prmceptum
1918 2382 2114 2438 diaboli
2144 2383 2198 2437 in
2242 2381 2335 2439 illo

752 2487 858 2544 est,
893 2480 1017 2548 quia
1049 2479 1295 2533 diabolus
1323 2479 1612 2534 invidendo
1642 2480 1859 2534 decidit.

824 2570 952 2626 ideo
997 2571 1342 2638 cognoscitur
1371 2572 1570 2628 invidia
1601 2588 1709 2629 non
1745 2589 1904 2644 posse
1947 2588 2066 2629 esse
2116 2574 2169 2628 in
2207 2574 2340 2630 cha-

749 2667 932 2724 ritate.

827 2756 932 2814 Per
960 2759 1212 2815 invidiam
1239 2760 1378 2815 enim
1409 2756 1654 2814 Christus
1684 2756 1974 2814 cruciﬁxus
1999 2767 2098 2814 est.

827 2850 952 2906 Ideo
978 2864 1156 2907 autem
1192 2853 1279 2921 qui
1306 2852 1507 2906 invidet
1537 2851 1688 2904 fratri
1718 2867 1835 2915 suo,
1877 2851 2139 2920 crucifigit
2179 2850 2334 2906 Chri-

753 2950 914 2998 stunt.

1373 3051 1724 3090 lllERONﬂlUS.

830 3124 1060 3193 Semper
1087 3127 1316 3181 virtutes
1347 3128 1589 3196 sequitur
1620 3127 1837 3181 invidia.

819 3217 1043 3288 Magnus
1073 3229 1156 3275 cst
1184 3222 1264 3275 vir
1287 3222 1381 3290 qui
1411 3219 1664 3274 invidiam
1697 3220 1999 3274 humilitate
2025 3228 2266 3290 superat.

1396 3327 1698 3366 AMBROSIUS.

828 3400 1046 3459 [nvidus
1068 3413 1150 3458 est
1180 3412 1328 3460 certe
1350 3405 1438 3474 qui
1474 3405 1600 3460 facit
1623 3406 1822 3460 bonum
1850 3420 2006 3459 suum
2034 3405 2089 3460 in
2111 3403 2344 3460 videndo

755 3493 1079 3564 supplicium
1109 3495 1362 3549 alienum.

1393 3604 1698 3644 CREGURIUS.

834 3679 982 3733 Mors
1013 3687 1358 3748 peccatorum
1395 3687 1477 3734 est
1516 3679 1755 3734 invidere
1796 3679 1846 3733 in
1897 3679 2015 3735 aliis
2059 3681 2347 3737 virtutibus

758 3771 986 3839 bonum,
1014 3771 1159 3840 quod
1192 3773 1292 3841 ipsi
1323 3772 1524 3827 habere
1553 3789 1657 3827 non
1689 3781 1966 3843 appetunt.

833 3866 934 3933 Qui
968 3867 1018 3920 in
1050 3883 1107 3921 se
1133 3867 1396 3922 donorum
1427 3869 1652 3934 gratiam
1681 3869 1899 3924 minime
1929 3880 2345 3938 recognoscant,

761 3960 966 4015 maiora
997 3961 1115 4014 aliis
1145 3977 1252 4016 non
1284 3959 1578 4016 invideant.

1426 4066 1678 4106 lSlDORI'S.

841 4145 990 4200 Unde
1020 4146 1193 4201 bonus
1223 4145 1458 4214 proficit,
1491 4145 1612 4199 inde.
1645 4144 1854 4200 invidus
1885 4146 2240 4201 contabescit.

835 4237 1048 4290 invidus
1087 4237 1383 4290 membrum
1414 4246 1496 4290 est
1525 4237 1745 4296 diaboli,
1791 4237 1942 4301 cuius
1974 4236 2171 4292 invidia
2203 4251 2349 4292 mors

767 4327 1010 4381 introivit
1039 4327 1087 4379 in
1113 4326 1301 4380 orbem
1329 4333 1610 4379 terrarum.

840 4419 987 4472 Multi
1016 4420 1186 4472 bonos
1214 4419 1406 4471 imitari
1439 4421 1646 4486 volunt,
1691 4430 1747 4474 et
1774 4421 1839 4474 de
1872 4421 2135 4476 bonorum
2170 4419 2349 4490 profe-

765 4511 939 4564 ctibus
971 4510 1180 4563 invidia}
1210 4509 1376 4563 livore
1399 4513 1699 4565 tabescunt.

1722 415 2146 473 itlfFENSUIlIS
2187 411 2722 471 LUCOCIAGENSIS
2762 414 3060 470 MONlCHl

739 542 878 603 lum,
909 545 964 590 et
992 533 1389 598 simulationes,
1423 543 1479 588 et
1512 548 1701 588 omnes
1731 532 2116 598 detractiones,
2154 539 2210 588 et
2242 533 2325 586 in-
2356 529 2403 589 Α

3081 548 3354 589 ιοεεηυε.

2510 621 2731 689 Difficile
2765 633 2846 678 cst
2879 625 2931 678 in
2963 627 3239 696 prosperis
3265 626 3467 682 invidia
3493 642 3698 688 carere.

3002 757 3286 814 CAPUT
3331 760 3498 817 XVI.

3068 873 3144 928 De
3171 876 3394 931 silentio.

3093 1011 3364 1053 CHRISTUS.

2506 1084 2689 1140 Bonus
2731 1086 2894 1140 homo
2925 1085 2994 1141 de
3036 1086 3180 1142 bono
3229 1090 3485 1146 thesauro
3527 1093 3735 1161 profert
3774 1095 3942 1164 bona,
3973 1110 4031 1154 et

2434 1177 2608 1233 malus
2636 1177 2801 1233 homo
2835 1177 2902 1233 de
2945 1178 3088 1234 malo
3117 1180 3371 1237 thesauro
3401 1183 3604 1252 profert
3634 1186 3774 1241 mala
3812 1185 4029 1256 (Matth.

2435 1269 2554 1336 ιιι).

2508 1360 2609 1426 Qui
2642 1375 2671 1414 a
2711 1371 3004 1434 semetipso
3029 1363 3292 1434 loquitur,
3320 1372 3544 1432 gloriam
3578 1384 3854 1439 propriam
3884 1387 4033 1440 qua:-

2438 1455 2507 1508 l‘it
2537 1454 2716 1524 (Joau.
2748 1459 2864 1525 vn).

3116 1565 3333 1605 PAULL‘S.

2515 1641 2762 1704 Veroosn,
2815 1640 2975 1696 otiosi
3019 1649 3074 1695 et
3118 1644 3350 1704 curiosi,
3399 1642 3685 1711 loquentes
3739 1646 3886 1714 quod
3931 1663 4039 1701 non

2441 1740 2657 1800 oportet
2684 1733 2733 1804 (I
2767 1733 2899 1788 Tim.
2934 1736 3008 1804 v).

2512 1821 2591 1876 Tu
2621 1833 2800 1880 autem
2848 1826 3071 1896 loquere
3100 1841 3218 1882 ante
3261 1827 3456 1883 decent
3503 1843 3690 1886 sanam
3735 1830 4040 1886 doctrinam

2365 1893 2415 1958 Β
2445 1912 2496 1983 (I
2532 1913 2665 1970 Tim.
2696 1919 2775 1986 ιι).

3095 2021 3337 2066 ελιοιοιι
3345 2052 3360 2068 .

2511 2103 2569 2156 In
2600 2099 2939 2170 multiloquio
2969 2107 3255 2169 peccatum
3284 2118 3392 2155 non
3423 2103 3598 2157 deerit
3629 2103 3813 2172 (Prov.
3841 2104 3921 2174 ι).

2511 2193 2614 2258 Qui
2653 2199 2834 2245 autem
2878 2191 3191 2246 moderatur
3235 2191 3372 2246 labia
3417 2209 3538 2257 sua,
3590 2195 4041 2262 prudentissimus

2439 2293 2519 2342 est
2550 2284 2731 2356 (Prov.
2771 2284 2924 2352 xvn).

2509 2377 2740 2446 Propter
2785 2385 3011 2447 peccata
3060 2377 3349 2434 labiorum.
3385 2380 3540 2435 ruina
3579 2383 3855 2452 proximat
3897 2383 4040 2438 mala

2441 2469 2623 2538 (Prov.
2655 2473 2776 2534 χιι).

2511 2562 2613 2628 Qui
2663 2561 2899 2616 custodit
2945 2578 3008 2618 os
3062 2579 3254 2628 suum,
3301 2565 3538 2620 custodit
3589 2568 3827 2621 animam
3881 2582 4041 2624 suam

2442 2653 2625 2725 (Prov.
2659 2656 2792 2722 ut).

2515 2746 2616 2813 Qui
2646 2755 2824 2800 autem
2854 2747 3282 2803 inconsmeratus
3308 2758 3391 2805 est
3419 2749 3485 2802 ad
3516 2749 3866 2819 loquendum,
3900 2767 4029 2807 sen-

2441 2840 2542 2894 tiet
2588 2840 2760 2905 mala,
2817 2840 2870 2894 in
2925 2841 3073 2896 omni
3128 2856 3296 2912 opere
3356 2843 3499 2896 bono
3545 2843 3649 2898 erit
3698 2844 4034 2900 abundantia

2445 2934 2624 3005 (Prov.
2647 2937 2785 3004 xm).

2517 3025 2617 3081 Ubi
2642 3035 2825 3082 autem
2855 3028 3018 3083 verba
3057 3037 3183 3084 sunt
3219 3028 3470 3098 plurima,
3502 3030 3576 3086 ibi
3605 3030 3866 3099 frequens
3913 3045 4040 3102 ege-

2444 3131 2557 3175 stas
2587 3121 2804 3192 (Ibid.).

2519 3213 2724 3282 Lingua
2756 3212 3053 3282 placabilis,
3084 3213 3286 3282 lignum
3315 3215 3458 3269 vitze.

2367 3262 2417 3326 Ω
2524 3304 2652 3372 Qua:
2679 3304 3033 3359 immoderata
3065 3314 3170 3370 est,
3200 3313 3448 3360 conteret
3477 3309 3724 3376 spiritum
3757 3306 3945 3371 (Prov.
3974 3303 4036 3378 ι).

2523 3396 2769 3451 llominis
2812 3403 2896 3451 est
2940 3397 3178 3450 animum
3224 3410 3548 3465 prmparare,
3597 3405 3651 3451 et
3700 3397 3913 3451 Domini
3942 3406 4036 3464 guo

2451 3491 2678 3544 bernare
2708 3488 2941 3556 linguam
2965 3503 3118 3542 suam
3148 3487 3327 3556 (Prov.
3362 3487 3493 3555 χιιι).

2522 3583 2788 3636 Voluntas
2834 3594 3019 3650 regum
3061 3579 3202 3634 labia
3245 3580 3433 3649 justa:
3483 3578 3572 3647 qui
3614 3593 3742 3632 vera
3783 3577 4036 3646 loquitur,

2451 3674 2690 3744 diligitur
2712 3673 2921 3744 (Ibid).

2524 3769 2624 3834 Qui
2655 3766 2900 3822 attonitis
2929 3764 3099 3821 oculis
3127 3764 3329 3832 cogitat
3367 3778 3558 3833 prava,
3602 3762 3865 3820 mordens
3907 3763 4039 3817 labia

2451 3877 2568 3926 sua,
2601 3859 2812 3932 perficit
2838 3859 3037 3914 malum
3069 3858 3248 3928 (Prov.
3282 3860 3432 3926 xvn).

2521 3955 2620 4021 Qui
2653 3954 2859 4009 exaltat
2889 3968 2984 4007 cor
3015 3965 3192 4015 suum,
3221 3949 3416 4018 quazrit
3439 3951 3649 4002 ruinam
3684 3949 3900 4019 (Ibid).

2523 4045 2627 4112 Qui
2673 4042 2988 4098 moderatur
3016 4056 3293 4098 sermones
3334 4055 3481 4101 suos,
3513 4039 3703 4093 doctus
3727 4050 3776 4093 et
3811 4041 4041 4109 prtnicns

2452 4147 2554 4204 cst,
2587 4146 2641 4192 et
2667 4135 2887 4207 pretiosi
2916 4134 3137 4204 spiritus
3164 4132 3247 4185 vir
3269 4129 3509 4185 eruditus
3542 4129 3757 4200 (ΜΔ).

2524 4228 2668 4283 Mors
2698 4235 2754 4282 et
2783 4227 2892 4281 vita
2923 4225 2978 4279 in
3005 4225 3253 4278 manibus
3283 4222 3477 4289 linguae

2525 4317 2657 4372 Cum
2692 4314 3156 4371 obsecrationibus
3186 4311 3421 4379 loquitur
3449 4325 3682 4380 pauper,
3709 4319 3764 4364 ct.
3793 4313 3944 4364 dives
3972 4310 4047 4365 aio

2451 4411 2652 4465 labitur
2678 4409 2868 4478 rigide.

2527 4504 2629 4571 Qui
2679 4512 2862 4557 autem
2919 4498 3220 4571 neglexerit
3262 4499 3377 4551 vias
3425 4511 3550 4551 suas
3633 4496 4050 4552 ntortiticabitur

842 4602 1118 4654 flebiliter
1148 4600 1465 4668 deplorandi
1497 4611 1620 4656 sunt
1649 4603 1736 4672 qui
1770 4604 1894 4657 odio
1925 4602 1976 4656 in
2011 4602 2229 4657 fratrem
2261 4610 2346 4657 ta-
2381 4634 2434 4692 υ
2460 4596 2640 4665 (Prov.
2671 4596 2747 4665 3t)-

769 4696 1010 4749 bescunt.

840 4786 1039 4839 invidia
1089 4800 1304 4839 sensum
1357 4785 1588 4853 mordet,
1634 4795 1873 4841 mentem
1922 4783 2117 4852 afﬁcit,
2169 4797 2355 4857 pectus

773 4881 895 4934 urit.

842 4972 1042 5028 invidia
1070 4985 1164 5027 cor
1192 4973 1425 5026 hominis
1449 4972 1598 5040 quasi
1628 4970 1868 5039 quaedam
1902 4974 2066 5041 pestis
2090 4973 2348 5027 depascit.

847 5065 1115 5118 Adversus
1147 5062 1396 5115 invidiam
1425 5062 1658 5116 Charitas
1688 5073 2039 5130 praeparetur.

848 5156 923 5209 De
947 5156 1088 5207 bone
1121 5155 1339 5206 alterius
1367 5169 1474 5205 non
1517 5152 1721 5216 doleas,
1753 5152 1818 5205 de
1849 5151 2068 5206 alterius
2101 5152 2357 5222 profecti-

777 5248 877 5303 bus
907 5262 1013 5300 non
1046 5246 1306 5299 tabescas.

848 5339 1054 5393 Nullius
1087 5336 1442 5405 prosperitate
1472 5337 1741 5386 .aeereris.

1436 5440 1699 5480 EUsEB'US.

847 5524 1065 5579 Invidia:
1095 5538 1246 5576 error
1286 5537 1392 5575 non
1442 5519 1614 5572 solum
1661 5517 1956 5586 religiosas,
1993 5521 2090 5570 sed
2133 5526 2186 5572 et
2229 5517 2352 5571 viles

781 5619 986 5672 animas
1017 5613 1280 5684 pervadit.

1446 5720 1688 5759 ΕΡΙΙΒΕΜ.

854 5802 1050 5856 Invidia
1076 5801 1216 5854 enim
1249 5798 1556 5854 manifestat
1597 5814 1694 5853 nos
1733 5797 2055 5852 charitatem
2091 5797 2180 5851 Dei
2213 5797 2359 5866 peni-

783 5904 868 5950 tus
898 5911 1005 5949 non
1034 5894 1250 5948 habere.

2536 4689 2698 4743 Labia
2746 4683 3177 4747 deosculabitur,
3236 4696 3326 4750 qui
3372 4688 3517 4736 recta
3561 4681 3723 4735 verba
3758 4680 4048 4751 respondet

2461 4781 2642 4851 (Prov.
2665 4779 2834 4845 χχιιι).

2530 4872 2632 4938 Qui
2672 4869 2907 4926 custodit
2932 4882 2995 4923 os
3023 4881 3198 4930 suum,
3231 4873 3286 4918 et
3315 4863 3550 4932 linguam
3593 4877 3772 4919 suam.
3814 4863 4049 4917 custodit

2460 4966 2527 5019 ab
2557 4961 2816 5032 angustiis
2844 4960 3078 5014 animam
3109 4971 3262 5012 suam
3297 4954 3480 5024 (Prov.
3513 4954 3646 5021 χχι).

3060 5064 3208 5104 JESUS
3234 5061 3436 5101 SIBACH.

2534 5148 2648 5202 Noli
2676 5146 2872 5201 citatus
2895 5157 3012 5198 esse
3039 5142 3091 5194 in
3125 5141 3303 5208 lingua
3331 5146 3444 5202 tua,
3467 5147 3522 5190 et.
3543 5135 3749 5190 inutilis
3779 5144 3832 5188 et
3861 5135 4046 5189 remis-

2462 5257 2553 5296 sus
2587 5240 2637 5292 in
2670 5235 2924 5304 Operibus
2954 5232 3056 5285 tuis
3088 5228 3256 5301 (Eccl.
3291 5230 3382 5296 tv).

2534 5332 2855 5397 Priusquam
2897 5323 3084 5378 audias
3131 5335 3198 5374 ne
3245 5319 3578 5387 respondeas
3616 5317 3870 5380 verbum,
3905 5326 3956 5369 et
4001 5334 4049 5368 ι-

2465 5425 2642 5480 medio
2673 5422 2946 5477 seniorum
2977 5432 3042 5471 ne
3067 5414 3292 5484 adiicias
3320 5411 3467 5480 loqui
3494 5409 3723 5481 (Ecclea.
3753 5413 3833 5477 ιι).

2539 5517 2735 5570 Beatus
2758 5513 2840 5566 vir
2868 5511 2962 5580 qui
2996 5524 3102 5563 non
3133 5516 3213 5561 est
3247 5506 3425 5575 lapsus
3448 5504 3617 5558 verbo
3638 5518 3705 5556 ex
3730 5520 3826 5556 ore
3858 5521 3976 5564 suo,
4009 5531 4012 5536 -
4040 5517 4049 5550 ι

2466 5621 2573 5659 non
2604 5613 2688 5658 est
2716 5600 3023 5656 stimulatus
3050 5599 3104 5652 in
3138 5596 3352 5650 tristitia
3382 5593 3562 5648 delicti
3593 5591 3792 5663 (Ercle.
3830 5609 3892 5661 1).

2539 5701 2844 5762 Antequam
2873 5690 3129 5759 loquaris,
3161 5687 3305 5742 disce
3336 5683 3533 5756 (Eccle.
3568 5683 3688 5750 xu).

2537 5789 2638 5856 Qui
2688 5786 2802 5842 odit
2842 5782 3247 5852 loquacitatem,
3294 5775 3590 5846 exstinguit
3618 5774 3884 5830 malitiam
3929 5772 4049 5844 (Ec-

2464 5885 2589 5941 cles.
2618 5879 2715 5951 ix).
