4194 6558
232 431 322 490 657

1522 424 2036 487 SCINTILLARUM
2075 430 2297 489 LIBER.

287 545 362 602 Ne
381 546 548 601 iteres
573 543 800 600 verbum
827 555 1058 614 nequam
1090 549 1146 598 et
1170 543 1387 612 durum,
1408 550 1464 599 et
1487 551 1599 599 non
1626 543 1806 598 immi-
1832 544 1887 604 Α
1985 545 2208 603 Brevem
2239 563 2545 606 sermonem
2571 551 2796 608 scientia
2824 553 2972 611 facit.

227 641 500 698 noraberis
521 637 692 712 (Eccl.
727 638 901 709 xvm).

290 734 389 789 Est
421 735 515 804 qui
563 733 764 787 labitur
807 734 860 786 in
896 730 1076 800 lingua
1105 744 1226 796 sua,
1271 730 1367 786 sed
1395 745 1502 785 non
1540 745 1603 786 ex
1630 744 1814 785 animo

223 830 438 900 (Ecclcs.
472 829 585 899 xv).

1989 639 2162 710 Loqui
2192 644 2420 699 multum
2446 646 2672 702 stultitia
2702 657 2802 704 est.

1989 734 2105 789 Vox
2136 735 2277 790 enim
2309 738 2610 809 insipientis
2638 741 2693 795 in
2736 742 3189 813 multipilcatione
3212 748 3504 808 aemuli.

1985 827 2200 888 Maneat
2227 831 2392 902 igitur
2437 833 2494 889 in
2544 837 2712 893 verbo
2756 851 3029 907 mensura,
3063 843 3122 895 in
3145 855 3399 898 somnone
3435 843 3507 898 sit

287 927 420 993 Quis
446 934 529 982 est
566 926 713 982 enim
754 929 845 996 qui
892 941 1001 981 non
1041 928 1332 995 deliquerit
1382 940 1435 979 ιιι
1481 927 1664 994 lingua
1711 939 1810 979 sua
1911 931 2132 980 statera.

223 1023 446 1095 (lbid.)?

287 1117 380 1172 Est
404 1118 496 1187 qui
527 1115 727 1172 emittit
765 1115 988 1170 verbum
1031 1129 1210 1176 suum,
1249 1123 1304 1169 et
1334 1128 1561 1170 narrans
1601 1115 1805 1168 verita-

219 1219 318 1266 tem
352 1207 580 1278 (Eccles.
611 1209 747 1278 nx).

284 1303 518 1360 Verbum
550 1319 782 1374 nequam
815 1302 1120 1358 immutabit
1149 1317 1243 1357 cor
1277 1299 1473 1371 (Eccle.
1507 1305 1692 1369 xxxv).

280 1398 371 1454 Est
414 1408 602 1454 tacens
631 1399 725 1468 qui
779 1397 1052 1453 invenitur
1080 1397 1333 1467 sapiens:
1383 1405 1435 1450 et
1471 1405 1552 1450 est
1590 1394 1802 1451 odibilis

215 1495 296 1563 qui
321 1507 524 1564 procax
553 1498 636 1546 est
666 1491 733 1545 ad
776 1491 1101 1560 loquendum
1135 1488 1331 1560 (Eccle.
1361 1494 1474 1560 xx).

277 1586 366 1642 Est
399 1596 582 1642 autem
630 1593 836 1653 iacens,
888 1601 994 1639 non
1029 1585 1232 1640 habens
1273 1600 1491 1639 sensum
1530 1583 1796 1653 loquelae;

213 1689 364 1737 etest
398 1691 583 1736 tacens
609 1680 789 1736 sciens
819 1688 1002 1749 aptum
1037 1688 1248 1748 tempus
1283 1678 1477 1747 (lict-le.
1518 1678 1630 1747 xx).

276 1772 449 1827 Homo
494 1772 713 1842 sapions
743 1771 945 1825 tacebit
976 1785 1146 1839 usque
1186 1771 1251 1824 ad
1286 1780 1518 1840 tempus,
1565 1771 1796 1825 lascivus

209 1876 378 1921 autem
422 1874 479 1920 et
507 1864 823 1936 imprudens
849 1880 954 1920 non
987 1866 1221 1920 servabit
1249 1873 1462 1936 tempus
1493 1866 1676 1930 (Prov.
1711 1865 1787 1933 ιι).

1980 1017 2208 1089 Scinper
2227 1021 2391 1077 verba
2417 1030 2506 1078 tua
2535 1024 2644 1080 sint
2665 1027 2964 1096 moderata,
2994 1030 3216 1085 modum
3239 1029 3500 1104 loquendi

1909 1126 2015 1166 non
2053 1115 2307 1167 transeas.

1980 1205 2108 1262 Plus
2149 1206 2309 1278 dilige
2348 1211 2537 1266 audire
2576 1221 2739 1282 Quam
2789 1215 3000 1282 dicere;
3035 1220 3153 1286 plus
3197 1217 3503 1274 amulum

1906 1313 2064 1368 quam
2082 1301 2252 1370 loqui.

1976 1392 2034 1449 1ιι
2068 1397 2333 1469 principio
2365 1402 2488 1457 audi
2516 1409 2571 1456 et
2592 1417 2840 1474 loquere.

1979 1485 2314 1546 Novissimus
2347 1489 2466 1548 finis
2490 1494 2605 1564 plus
2637 1495 2802 1549 habet
2830 1494 3076 1552 honoris.

1976 1578 2165 1636 Melior
2195 1591 2279 1637 est
2308 1584 2634 1640 novissimus
2659 1601 2839 1642 sermo
2863 1602 3026 1657 quam
3059 1586 3399 1659 principium.

2576 1696 2828 1736 BASILIUS.

1972 1767 2028 1823 ln
2059 1781 2328 1826 conventu
2358 1774 2466 1828 noli
2499 1776 2743 1845 proferre
2788 1792 3118 1844 sermonem,
3161 1778 3257 1834 sed
3283 1788 3494 1848 oppon-

1901 1871 2027 1917 tuna
2057 1865 2221 1919 verba
2252 1851 2545 1936 procedant
2573 1885 2638 1924 ex
2671 1885 2764 1925 ore
2796 1881 2907 1926 tuo.

272 1960 368 2024 Qui
404 1958 593 2012 multis
624 1959 796 2012 utitur
825 1958 1021 2026 verbis,
1056 1958 1199 2012 laedit
1228 1960 1462 2012 animam
1487 1974 1639 2013 suam
1667 1959 1764 2028 (Ec
1825 1929 1870 1989 Β
1969 1953 2104 2010 Cum
2135 1967 2498 2027 opportunum
2530 1969 2742 2031 tempus
2773 1964 3062 2030 inveneris,
3093 1965 3317 2034 loquere
3353 1972 3412 2018 ut
3441 1970 3493 2019 te

206 2051 292 2104 cie.
325 2052 497 2122 χχιχ).

267 2143 418 2198 Multi
451 2143 770 2199 ceciderunt
796 2143 851 2197 in
896 2157 992 2198 ore
1037 2144 1221 2213 gladii,
1270 2145 1364 2201 sed
1396 2162 1502 2200 non
1534 2146 1610 2200 sic
1639 2149 1787 2214 quasi

204 2238 287 2307 qui
316 2237 644 2292 interierunt
673 2251 770 2306 per
798 2236 1034 2306 linguam
1059 2254 1212 2293 suam
1244 2237 1472 2307 (Eccles.
1508 2245 1622 2304 xx).

263 2329 456 2398 Jugum
479 2329 627 2398 enim
643 2327 838 2399 linguae
854 2343 965 2383 sure
989 2328 1223 2384 ferreum
1242 2339 1347 2399 est,
1368 2332 1705 2385 etvinculum
1727 2333 1790 2384 il-

201 2420 292 2476 lius
319 2421 604 2476 vinculum
630 2437 834 2476 aereum
859 2429 942 2476 est
971 2420 1166 2489 (Εετιε.
1197 2426 1408 2492 xxvm).

263 2513 386 2583 Sepi
417 2529 580 2569 aures
602 2523 723 2568 tuas
753 2514 942 2584 spinis,
974 2523 1030 2569 et
1067 2516 1174 2569 noli
1208 2516 1394 2569 audire
1425 2516 1663 2583 linguam
1695 2534 1786 2572 ne-

197 2620 348 2678 quam
391 2607 608 2679 (Ibid)

259 2698 346 2755 Ori
374 2711 471 2756 tuo
500 2698 664 2755 facito
693 2701 851 2766 ostia,
886 2712 938 2756 et
961 2715 1112 2756 seras
1137 2700 1361 2756 auribus
1395 2702 1500 2756 tuis
1529 2701 1744 2774 (Ibid.).

258 2794 447 2850 Verbis
490 2795 596 2849 tuis
639 2793 803 2850 facito
833 2803 1108 2862 stateram,
1142 2804 1196 2850 et
1223 2795 1406 2852 frenos
1444 2797 1528 2851 ori
1572 2806 1666 2853 tuo
1697 2812 1784 2852 re«

192 2895 301 2944 ειυς
332 2886 554 2960 (Ibid).

253 2979 490 3036 Attende
519 2995 588 3035 ne
608 2978 749 3036 forte
775 2980 975 3037 labaris
998 2982 1049 3036 in
1075 2982 1275 3052 lingua,
1299 2991 1356 3038 et
1375 2983 1542 3038 cadas
1564 2983 1618 3037 in
1645 2999 1778 3039 con-

189 3080 364 3142 spectu
413 3072 763 3128 inimicorum
808 3073 1176 3129 insidiantium
1221 3076 1336 3141 tibi,
1389 3086 1443 3131 et
1486 3076 1577 3129 ﬁat
1619 3092 1778 3131 casus

191 3173 304 3220 tuus
329 3165 652 3222 insanabilis
679 3166 735 3220 in
763 3175 1013 3221 mortem.

249 3257 420 3328 Supra
449 3273 698 3314 mensam
723 3273 971 3328 magnam
998 3259 1222 3315 sedisti?
1247 3275 1354 3314 non
1385 3265 1596 3330 aperias
1618 3277 1779 3331 super

189 3345 318 3404 illam
340 3349 560 3406 faucem
590 3359 738 3405 tuam
765 3351 913 3420 prior
942 3350 1134 3421 (Eccle.
1171 3354 1342 3419 xxxi).

247 3444 606 3512 Adolescens,
638 3444 863 3513 loquere
894 3445 946 3498 in
971 3460 1135 3498 causa
1169 3453 1257 3498 tua
1288 3446 1378 3498 vix
1404 3461 1525 3500 cum
1553 3460 1774 3502 necesse

186 3535 357 3592 fuerit.
390 3535 450 3592 Si
476 3537 564 3591 bis
593 3537 962 3604 interrogatus
990 3536 1174 3599 fueris,
1206 3537 1405 3591 habeat
1432 3549 1593 3608 caput
1625 3548 1772 3593 tuum

183 3643 500 3700 responsum
535 3627 738 3700 (Eccle.
768 3628 962 3698 χχχιι).

246 3720 300 3777 1ιι
329 3722 520 3777 multis
551 3729 671 3776 esto
699 3721 854 3790 quasi
898 3720 1122 3787 inscius,
1156 3729 1212 3775 et
1253 3721 1374 3774 audi
1404 3729 1588 3777 tacens
1614 3723 1773 3778 simul

185 3824 231 3871 et
251 3830 497 3886 quarens
527 3813 693 3885 (Ibid.
711 3815 752 3882 ).

250 3906 346 3962 Ubi
370 3916 503 3964 sunt
531 3919 711 3972 senes,
737 3920 849 3960 nou
872 3905 1104 3960 multum
1134 3905 1390 3974 loquaris.

250 3997 343 4053 Ubi
386 3999 616 4054 auditus
659 4013 766 4052 non
797 4004 900 4062 est,
937 4012 1044 4051 non
1076 3996 1316 4050 eﬂundas
1358 4013 1684 4065 sermonem,
1718 4009 1772 4054 et

181 4092 486 4164 imperum
504 4091 626 4149 noli
654 4091 845 4149 extolli
874 4090 930 4146 in
961 4092 1246 4161 sapientia.

795 4198 1152 4239 IIIIONYIUS.

243 4281 421 4337 Discat
441 4277 744 4350 aliquando
768 4287 918 4333 recte
944 4292 1180 4343 cessare,
1209 4278 1301 4347 qui
1333 4294 1610 4349 nunquam
1640 4280 1770 4336 didi-

180 4374 244 4430 cit
271 4375 437 4445 loqui.

817 4477 1125 4518 LIBROSWS.

241 4560 330 4617 Est
369 4562 542 4617 homo
570 4557 665 4630 qui
694 4555 973 4611 siicntium-
1004 4555 1224 4612 ati‘ectat
1246 4555 1484 4625 quidem,
1525 4556 1620 4612 sed
1651 4557 1768 4627 ejus

179 4674 263 4715 cor
289 4661 518 4714 multum
547 4671 612 4712 se
631 4653 973 4711 condemnat.

241 4752 339 4808 Iste
364 4752 488 4807 talis
519 4749 754 4805 multum
783 4748 1041 4817 loquitur.

241 4843 304 4899 Et
329 4856 411 4901 εει
434 4845 580 4898 alius
610 4842 761 4911 quia
789 4854 948 4894 mane
987 4848 1156 4907 usque
1185 4837 1249 4891 ad
1280 4852 1562 4907 vesperum
1590 4852 1766 4907 loqui-

179 4947 275 5009 tur,
305 4950 358 4997 et
387 4956 513 4996 cum
545 4935 883 4993 discretione
913 4935 1182 4989 silentium
1213 4949 1470 4992 magnum
1510 4935 1763 4990 custodit.

817 5043 1126 5084 ϐιιεαοιιιυς.

241 5123 350 5182 Non
379 5124 624 5196 superbe
651 5121 771 5190 quis
801 5120 999 5173 audeat
1027 5119 1110 5173 vel
1137 5128 1489 5174 contemnere
1520 5119 1601 5174 vel
1626 5118 1769 5188 judi-

179 5232 290 5274 care
310 5219 451 5274 ouod
483 5231 600 5272 non
635 5212 907 5280 intelligit.

846 5319 1096 5359 lSlDOIUS.

245 5404 385 5460 Scito
435 5418 550 5474 quo
603 5409 856 5455 temnere
906 5396 1175 5465 loquaris,
1221 5396 1502 5453 considera
1551 5397 1769 5466 quando

180 5495 326 5552 dicas.

241 5589 502 5662 Tempore
523 5601 778 5656 congruo
800 5584 1024 5654 loquere
1048 5601 1062 5639 :
1086 5591 1333 5654 tempore
1354 5598 1594 5654 congruo
1621 5594 1758 5640 tare.

243 5682 348 5738 Non
389 5682 636 5754 loquaris
667 5678 769 5733 nisi
802 5677 1166 5746 interrogatus
1193 5677 1359 5732 fueris
1401 5695 1415 5731 :
1462 5693 1566 5732 non
1613 5677 1762 5734 dicas

181 5776 469 5846 priusquam
501 5774 736 5830 audias:
773 5771 1124 5840 interrogatio
1149 5785 1212 5825 os
1236 5778 1384 5824 tuum
1412 5772 1638 5840 aperiat.

245 5867 536 5938 Liuguosus
561 5869 732 5923 homo
759 5863 1040 5919 imperitus
1064 5871 1166 5931 est,
1199 5862 1418 5934 sapiens
1445 5864 1629 5934 paucis
1661 5865 1762 5920 uti-

180 5967 256 6014 tur
279 5962 464 6016 verbis.

1895 2049 2236 2107 audientibus
2257 2054 2483 2122 gratiam
2513 2056 2772 2123 praebeas.

2549 2149 2827 2202 ascanius.

1966 2231 2109 2285 Nihil
2141 2233 2363 2303 prodest
2396 2237 2438 2290 si
2484 2240 2535 2290 in
2569 2239 2904 2294 habitatione
2934 2240 3212 2295 silentium
3235 2239 3325 2306 sit,
3358 2247 3413 2294 et
3436 2240 3494 2294 iu

1890 2321 2315 2392 habitationibus
2353 2327 2603 2383 vitiorum
2638 2331 2899 2386 tumultus
2931 2341 2985 2387 et
3013 2331 3330 2388 colluctatio
3360 2347 3486 2402 pas-

1891 2431 2121 2471 SlOllUlll.

2434 2533 2502 2570 EX
2543 2533 2679 2572 VITIS
2721 2533 2952 2572 PATRUM.

1961 2604 2096 2659 Cum
2124 2606 2339 2664 silentio
2370 2617 2425 2665 et
2446 2611 2697 2664 oratione
2727 2624 2826 2678 age
2848 2611 2994 2680 quod
3018 2611 3130 2681 agis
3153 2611 3207 2666 in
3233 2610 3482 2667 veritate.

2429 2733 2694 2798 CAPUT
2764 2744 2948 2798 XVII.

2517 2854 2587 2908 De
2613 2856 2871 2924 superbia.

2535 2984 2806 3023 CHRISTUS.

1954 3058 2141 3116 Omnis
2170 3062 2261 3132 qui
2289 3077 2348 3119 se
2376 3065 2601 3128 exaltat,
2634 3065 3003 3120 humiliabitur
3030 3083 3042 3118 :
3078 3074 3133 3121 et
3162 3066 3252 3136 qui
3291 3079 3350 3122 se
3376 3064 3479 3120 liu-

1885 3152 2074 3217 miliat,
2109 3153 2457 3208 exaltabitur.

1960 3245 2115 3310 Quod
2159 3246 2465 3301 hominibus
2515 3248 2679 3302 altum
2723 3257 2827 3314 est,
2862 3251 3192 3308 abominatio
3223 3260 3306 3309 est
3335 3252 3476 3324 apud

1886 3338 2055 3393 [)emn
2084 3337 2233 3409 (Luc.
2269 3357 2379 3407 xxv,
2409 3343 2581 3410 mn).

2572 3451 2794 3492 PAULUS.

1955 3528 2073 3584 Noli
2101 3528 2267 3582 altum
2298 3543 2509 3596 sapere,
2541 3528 2636 3583 sed
2671 3531 2799 3586 time
2831 3529 3010 3601 (Rom.
3039 3530 3135 3602 xi).

1953 3618 2191 3675 Scientia
2221 3618 2392 3685 inﬂat,
2426 3622 2663 3676 charitas
2691 3621 2922 3678 aedificat
2953 3624 3000 3693 (l
3039 3624 3160 3678 Cor.
3191 3623 3328 3697 viil).

1953 3713 2203 3768 Charitas
2233 3727 2341 3767 non
2373 3712 2612 3767 inﬂatur.

2545 3820 2806 3862 SALOHON.

1947 3896 2339 3953 Contritionem
2371 3899 2630 3968 praecedit
2667 3900 2940 3971 superbia,
2993 3903 3048 3956 et
3089 3908 3219 3956 ante
3262 3902 3470 3956 ru'nam

1876 3992 2147 4048 exaltatur
2175 4008 2269 4047 cor
2297 3991 2482 4063 (Prov.
2514 3994 2666 4057 xvii).

2485 4100 2637 4139 JESUS
2666 4099 2872 4140 ειιιΑειι.

1946 4178 2167 4234 0dibilis
2214 4193 2399 4235 coram
2450 4180 2562 4236 Deo
2625 4190 2710 4238 est
2755 4191 2811 4234 et
2853 4181 3164 4237 hominibus
3217 4182 3470 4254 superbia

1875 4269 2040 4342 (Eccl.
2077 4271 2158 4343 ι).
2393 4322 2395 4324 .

1946 4366 2159 4421 Initium
2180 4367 2445 4437 superbiae
2459 4367 2711 4432 hominis,
2736 4376 3049 4437 apostatare
3069 4367 3224 4424 aDee
3253 4368 3464 4441 (κίειν.

1948 4461 2163 4515 Initium
2194 4461 2372 4516 omnis
2401 4461 2614 4531 peccati
2641 4469 2726 4516 est
2754 4462 3004 4530 superbia
3031 4460 3242 4532 (lbid.).

1946 4551 2185 4609 Perdidit
2213 4553 2355 4608 Deus
2376 4553 2692 4609 memoriam
2717 4553 3076 4623 superborum
3097 4553 3308 4622 (Ibid.).

1795 4678 1855 4741 Π
1945 4649 2062 4705 Non
2087 4657 2377 4705 est-creata
2405 4649 2716 4705 hominibus
2745 4650 2998 4720 superbia
3026 4650 3255 4722 (Ecclcs.
3287 4653 3427 4725 ain).

1946 4742 2048 4809 Qui
2080 4741 2317 4810 tetigerit
2353 4741 2551 4811 picem,
2601 4742 2970 4812 inquinabitnr
3018 4742 3091 4798 ab
3130 4759 3235 4811 ea;
3286 4754 3341 4800 et
3373 4746 3465 4817 Qui

1874 4832 2356 4890 communicarerit
2404 4833 2671 4902 superbo,
2723 4833 2910 4889 induet
2953 4835 3262 4905 superbiam
3313 4835 3464 4908 (Ec-

1873 4929 1964 4982 cle.
2007 4929 2081 4996 v).

1944 5018 2233 5073 Devoratio
2258 5018 2494 5088 pessima
2521 5016 2743 5086 superbi
2763 5017 2960 5086 Pingua.

1944 5109 2145 5163 Eifusio
2171 5110 2446 5179 sanguinis
2476 5109 2528 5162 in
2554 5109 2672 5163 rixa
2697 5110 3074 5179 superbort'im,
3107 5109 3264 5166 dolor
3281 5119 3466 5168 autem

1873 5202 2139 5258 consumit
2165 5201 2286 5256 illos
2315 5211 2605 5269 antequam
2632 5204 2928 5255 moriantur
2959 5199 3155 5273 (Eccle.
3189 5203 3378 5272 nni).

1943 5298 2094 5352 Sicut
2121 5311 2285 5366 capra
2328 5295 2598 5350 inducitur
2645 5296 2698 5350 in
2739 5295 3013 5364 laqueum,
3043 5295 3120 5350 sic
3163 5305 3219 5351 et
3261 5313 3459 5368 corpus

1869 5393 2223 5464 superborum
2257 5389 2454 5464 (Eccle.
2491 5390 2588 5460 ιι).

1942 5486 2058 5542 Non
2105 5493 2156 5540 te
2206 5483 2431 5539 extollas
2476 5483 2527 5537 in
2578 5482 2903 5551 cogitatione
2947 5497 3140 5538 ammte
3181 5490 3286 5538 tua
3322 5483 3459 5538 sicut

1871 5589 2076 5644 taurus,
2109 5591 2177 5631 ne
2225 5577 2364 5631 forte
2408 5575 2635 5630 eidatur
2675 5575 2844 5630 virtus
2894 5581 2985 5629 tua
3035 5589 3131 5644 per
3177 5575 3457 5631 stultitiam

1869 5673 2091 5727 (Ecclcs.
2127 5672 2219 5741 vr).

2495 5776 2836 5817 AUGUSTINUS.

1939 5859 2169 5915 Vitanda
2201 5865 2283 5913 est
2313 5855 2469 5912 nobis
2499 5855 2772 5925 superbia,
2803 5870 2923 5925 qua:
2952 5863 3007 5911 et
3037 5857 3259 5928 angelos
3287 5855 3454 5915 voluit

1870 5956 2138 6023 decipere,
2172 5963 2377 6020 quanto
2400 5950 2570 6017 magis
2597 5950 2844 6005 homines
2867 5950 3167 6018 dissipare?
