4194 6542
772 424 872 499 ab

1381 565 1727 608 ιιιειιοΝγιιυε.

840 654 934 710 Vir
980 650 1241 721 superbus
1297 662 1397 703 nec
1446 644 1808 707 decorahitur,
1864 654 1964 695 nec
2016 637 2349 692 voluntatem

769 757 920 805 suam
949 743 1196 817 perducit
1224 742 1295 797 ad
1324 739 1506 796 ﬁnem.

840 839 1030 895 Gravis
1056 838 1210 907 culpa
1238 844 1324 889 est
1350 832 1564 901 quando
1604 828 1670 883 ad
1720 825 2037 897 imperitiam
2081 829 2137 877 et
2175 818 2350 890 negli-

769 935 1004 1006 gentiam
1033 930 1299 1001 superbiae
1325 928 1529 983 crimen
1558 921 1826 979 accendit.

841 1025 982 1083 Nihil
1002 1024 1175 1094 magis
1191 1021 1524 1077 Christianus
1540 1016 1752 1074 studeat
1774 1015 1942 1068 vitare
1962 1025 2122 1081 quam
2147 1018 2355 1063 tumen-

771 1129 881 1176 tem
913 1126 968 1173 et
1006 1124 1243 1172 erectam
1274 1113 1561 1169 cervicem.
1590 1108 1687 1162 Dei
1710 1113 1897 1160 contra
1925 1118 1983 1157 se
2014 1100 2194 1156 odium
2226 1113 2354 1169 pro-

770 1221 1070 1271 vocantem.

1413 1290 1725 1334 Αιιιιιιυειυς.

844 1377 1104 1450 Superbia
1133 1390 1199 1431 ex
1227 1372 1431 1444 angelis
1458 1367 1723 1424 daemonia
1756 1364 1900 1419 fecit.

846 1448 1128 1525 Hu'militas
1173 1476 1354 1521 autem
1401 1462 1647 1518 homines
1676 1466 1892 1513 sanctos
1928 1452 2131 1520 angelis
2159 1448 2360 1507 similes

775 1563 970 1619 reddit.
1647 1606 1655 1612 .

846 1656 1087 1727 Superba
1116 1652 1365 1708 voluntas
1400 1648 1530 1704 facit
1558 1647 1650 1702 Dei
1681 1652 1947 1716 praecepta
1988 1651 2359 1704 contemnere,

776 1750 1047 1806 humilitas
1074 1746 1365 1802 custodire.

845 1839 1078 1911 Superbi
1099 1838 1324 1909 cupiunt
1344 1837 1398 1891 in
1422 1850 1481 1891 se
1505 1830 1799 1902 prmdicare
1817 1827 1962 1898 quod
1988 1842 2096 1881 non
2126 1824 2359 1911 faciunt;

1738 419 2162 481 DEF-ENSOIUS
2202 413 2739 474 LOCOCIAGENSIS
2787 413 3088 468 MONACHI

2376 543 2427 597 Α
2523 533 2820 590 Justiticata
2840 541 2925 588 est
2952 532 3217 605 sapientia
3244 545 3275 586 a
3304 529 3426 586 ﬁliis
3451 530 3562 585 suis
3588 528 3806 597 (Manli.
3832 536 3930 595 xi).

3933 405 4033 461 660

2523 627 2641 682 Filii
2665 626 2823 696 hujus
2852 627 3038 680 smr-nli
3067 625 3452 695 prudentiores
3478 622 3602 677 filiis
3629 621 3766 676 lucis
3791 621 3847 674 in
3870 631 4030 688 gene-

2450 722 2662 778 ratione
2689 731 2815 777 sunt
2841 736 2938 779 sua
2970 719 3124 790 (Luc.
3153 722 3265 790 xvi)

3138 848 3354 890 PAULUS.

2524 953 2640 1009 Non
2674 951 2792 1023 plus
2831 965 3049 1021 sapere,
3084 965 3244 1019 quam
3302 942 3519 1020 oportet
3558 962 3774 1017 sapere,
3825 966 3922 1003 seu
3949 962 4036 1004 sa.

2455 1062 2585 1119 pere
2614 1046 2680 1100 ad
2711 1045 3061 1101 sobrietatem
3095 1043 3275 1115 (Rom.
3303 1046 3416 1113 xu).

2526 1141 2702 1197 Nolite
2738 1141 3031 1211 prudentes
3093 1155 3211 1193 es5e
3260 1138 3401 1209 apud
3442 1139 3802 1208 vosmetipsos
3828 1135 4036 1204 (υἱώ).

2529 1235 2662 1302 Quia
2690 1234 2741 1287 in
2794 1234 2886 1289 Dei
2928 1234 3214 1304 sapientia,
3257 1250 3363 1287 non
3395 1232 3647 1300 cognovit
3676 1229 3911 1285 mundus
3951 1245 4044 1300 per

2457 1326 2776 1397 sapientiam
2813 1325 3004 1391 Deum,
3035 1325 3236 1395 placuit
3273 1324 3384 1379 Deo
3416 1340 3510 1395 per
3540 1323 3826 1378 stultitiam
3850 1324 4043 1392 [ιι-λιιι-

2458 1420 2688 1475 cationis
2709 1419 2887 1474 salvos
2916 1417 3095 1473 facere
3127 1417 3427 1473 credentes.

2530 1513 2798 1584 Sapientia
2850 1513 2995 1568 enim
3048 1513 3206 1582 hujus
3246 1510 3451 1573 mundi,
3510 1510 3737 1564 stultitia
3797 1519 3879 1563 est
3912 1510 4046 1575 ape!

2463 1607 2629 1662 Deum
2661 1605 2711 1673 (l
2741 1603 2862 1662 Cor.
2892 1608 2992 1663 ιιι).

3120 1736 3175 1772 ΒΛ
3186 1732 3380 1774 ιοιοΝ.

2534 1855 2734 1909 luelina
2765 1871 2860 1909 cor
2908 1863 3057 1909 tuum
3108 1853 3174 1906 ad
3212 1851 3642 1920 cognoscendam
3703 1852 4049 1922 prudentiam

776 1906 1005 1990 humiles
1019 1906 1557 2000 refugiuntquidquid
1575 1923 1702 1980 boni
1724 1928 2014 1992 operantur
2041 1906 2353 1986 agnoscere.
2388 1925 2435 1986 Β
2465 1948 2482 1997 ι

1409 2034 1723 2077 GREGORIUS.

847 2123 1195 2193 Nequaquam
1224 2117 1371 2171 valet
1405 2115 1619 2170 culmen
1658 2110 1975 2165 humilitatis
2019 2104 2229 2160 discere
2266 2115 2362 2173 qut

776 2217 831 2272 in
858 2213 1094 2271 minimis
1120 2211 1281 2266 rebus
1308 2225 1416 2264 non
1442 2205 1641 2262 desinit
1662 2201 1955 2273 superbire.

1438 2314 1607 2356 ISIDOR
1614 2314 1690 2352 US.

849 2400 1079 2454 Tantum
1108 2396 1336 2466 quisque
1376 2394 1438 2448 tit
1480 2390 1695 2449 veritati
1723 2388 1974 2453 vicinior,
2002 2393 2262 2454 quantutn
2301 2395 2362 2437 se

777 2505 898 2547 esse
919 2489 1131 2558 longius
1157 2503 1187 2541 a
1215 2484 1468 2557 superbia
1492 2482 1653 2538 fuerit
1674 2479 1981 2534 arbitratus.

808 2588 809 2591 ‘
835 2580 1153 2652 Superbiam
1170 2577 1370 2634 diaboli
1384 2576 1663 2631 imitantur
1674 2571 1913 2642 superbi,
1929 2570 2188 2625 adversus
2199 2582 2359 2638 quam

776 2676 1063 2748 opponitur
1102 2671 1379 2727 humilitas
1418 2666 1636 2732 Christi,
1665 2679 1772 2734 qua
1801 2662 2151 2717 humiliantur
2180 2661 2359 2716 electi.

849 2767 1230 2838 Principalium
1261 2764 1512 2819 vitiorum
1544 2760 1726 2829 regina
1758 2756 2006 2827 superbia
2030 2765 2131 2820 est,
2162 2764 2217 2809 et
2244 2770 2364 2810 0m-

778 2861 860 2917 nis
887 2874 1116 2931 peccans
1143 2856 1406 2925 superbus
1435 2862 1536 2907 est.

846 2948 1032 3006 Omnis
1061 2949 1311 3018 superbia
1344 2956 1550 3001 tantum
1596 2961 1647 2999 .n
1690 2959 1794 2997 imo
1821 2942 1984 3010 jacet,
2017 2949 2278 3010 quantum
2309 2939 2364 2993 in

777 3043 946 3099 altum
973 3057 1032 3097 se
1060 3042 1215 3109 erigit
1240 3059 1252 3093 :
1287 3048 1544 3107 tantoque
1575 3035 1890 3107 profundius
1918 3034 2134 3099 labitur,
2161 3041 2364 3103 quanto

778 3135 1045 3191 excelsius
1070 3135 1330 3188 elevatur.

853 3228 954 3294 Qui
994 3226 1138 3282 enim
1168 3241 1262 3297 per
1296 3240 1571 3295 propriam
1600 3224 1908 3293 superbiam
1957 3221 2238 3285 attollitur,
2273 3236 2366 3290 per

778 3322 875 3378 Dei
902 3320 1167 3391 justitiam
1194 3319 1501 3376 inclinatur.

851 3414 954 3481 Qui
979 3410 1232 3467 inflantur
1260 3411 1531 3481 superbia,
1561 3418 1723 3465 vento
1754 3417 2059 3479 pascuntur.

851 3507 1135 3577 Superbia,
1168 3506 1308 3559 sicut
1335 3504 1488 3571 origo
1532 3511 1613 3557 est
1648 3504 1889 3557 omnium
1939 3501 2245 3564 criminum,
2291 3502 2365 3554 ita

781 3609 838 3656 et
866 3599 1021 3653 ruina
1045 3605 1358 3652 cunctarum
1385 3597 1643 3649 virtutum
1670 3611 1684 3648 :
1715 3595 1828 3663 ipsa
1853 3594 1907 3647 in
1929 3603 2149 3660 peccato
2173 3591 2368 3661 prima,

783 3692 897 3761 ipsa
927 3699 1010 3745 est
1035 3689 1087 3743 in
1117 3687 1368 3743 conflictu
1398 3697 1691 3758 postrema.

856 3779 961 3846 Qui
992 3780 1059 3834 de
1089 3779 1341 3832 virtutum
1377 3776 1704 3847 profectibus
1733 3777 1970 3832 existunt
2007 3777 2243 3847 superbi,
2273 3792 2368 3831 ca-

785 3872 974 3927 dentes
1020 3870 1199 3925 carnis
1226 3870 1357 3923 vitio
1386 3869 1737 3923 humiliantur
1768 3877 1825 3922 ut
1856 3878 2157 3936 resurgant.

1322 3976 1393 4014 EX
1423 3976 1558 4012 Vl'l'lb
1588 3975 1827 4013 PATilUM.

859 4056 1088 4111 Fructus
1115 4054 1447 4125 putrefactus
1476 4054 1679 4107 inutilis
1708 4052 1977 4121 agricolae,
2009 4062 2062 4106 et
2091 4052 2258 4106 virtus
2282 4068 2367 4105 su-

786 4152 936 4221 perbi
962 4149 1166 4204 inutilis
1193 4148 1327 4202 Deo.

857 4245 1012 4299 Sicut
1037 4243 1181 4297 enim
1213 4241 1421 4311 pondus
1467 4238 1736 4295 fructuum
1780 4240 1975 4315 frangit
2019 4253 2247 4300 ramum,
2296 4239 2374 4294 sic

787 4336 1039 4408 superbia
1064 4334 1318 4390 decorem
1348 4334 1543 4402 frangit
1568 4333 1783 4388 animai.

863 4430 1052 4482 Anima
1091 4426 1308 4495 superbi
1333 4425 1721 4495 derelinquitur
1750 4441 1781 4479 a
1817 4425 1951 4491 Deo,
1997 4435 2053 4481 et
2092 4426 2151 4481 fit
2174 4426 2371 4482 damno-

790 4538 918 4578 num
948 4520 1289 4576 desiderium.

863 4615 1125 4686 Superbia
1153 4614 1220 4670 de
1248 4615 1399 4669 caelis
1425 4614 1673 4683 deposuit
1717 4616 2114 4683 archangelum,
2157 4626 2213 4670 et
2250 4627 2370 4671 tan-

792 4723 955 4781 quam
985 4708 1245 4777 fulgurem
1274 4706 1400 4761 fecit
1423 4706 1617 4763 cadere
1646 4723 1808 4777 super
1831 4717 2046 4762 terram.

865 4801 1150 4856 llumilitas
1178 4801 1452 4856 hominem
1482 4801 1657 4856 elevat
1695 4802 1747 4855 iu
1775 4803 1994 4869 cmlum,
2033 4809 2083 4856 et
2115 4818 2235 4856 cum
2278 4818 2375 4855 an-

794 4896 925 4965 gelis
955 4893 1122 4947 laetari
1150 4890 1296 4947 facit.

866 4988 987 5042 Noli
1027 5002 1123 5056 per
1151 4987 1454 5057 superbiam
1505 5001 1705 5056 negare
1750 4988 2084 5057 progeniem,
2133 4986 2376 5055 quamvis

796 5094 964 5148 egena
994 5080 1063 5135 sit
1086 5087 1139 5133 et
1184 5086 1237 5132 tu
1270 5079 1530 5148 locuples.
1560 5080 1653 5132 sed
1684 5079 1798 5148 ipse
1825 5080 2070 5146 cognitor
2092 5080 2375 5148 plasmavit

797 5179 1074 5240 utrosque.

1452 5257 1724 5296 ιοεεριιιι.

872 5332 1028 5400 Quod
1053 5334 1194 5388 enim
1224 5336 1488 5403 superbia:
1527 5346 1608 5389 est
1647 5336 1732 5389 vel
1774 5335 1957 5401 ruinae,
1999 5336 2106 5391 cito
2147 5336 2374 5401 labitur;

800 5424 946 5496 quod
973 5429 1177 5497 gratiae,
1206 5426 1299 5482 diu
1336 5436 1566 5482 tenetur.

1311 5559 1575 5616 CAPUT
1632 5560 1888 5634 xvut,

1397 5651 1473 5705 De
1496 5654 1766 5722 sapientia.

1451 5762 1717 5801 CHRISTUS.

880 5839 1067 5895 Estotc
1089 5854 1214 5906 ergo
1240 5839 1526 5909 prudentes
1554 5842 1686 5896 sicut
1712 5850 2010 5912 serpentes,
2035 5850 2088 5895 et
2108 5843 2377 5913 simplices

805 5932 945 5987 sicut
972 5930 1231 5987 columba:
1262 5931 1471 5997 (Matth.
1505 5936 1583 6005 x).

2387 3290 2438 3356 α

2402 4668 2459 4730 D

2538 2041 2593 2096 Si
2623 2042 2764 2096 enim
2786 2042 3106 2112 sapientiam
3129 2042 3483 2106 invocaveris,
3508 2049 3563 2096 ct
3586 2040 3935 2096 inclinaveri.
3964 2054 4050 2093 cor

2465 2147 2616 2191 tuum
2650 2135 2967 2204 prudentiae,
3002 2136 3045 2190 si
3092 2136 3369 2203 quaesieris
3401 2150 3519 2189 eam
3561 2133 3715 2204 quasi
3744 2133 4050 2203 pecuniam,

2466 2239 2519 2286 et
2567 2230 2706 2285 sicut
2734 2230 3014 2284 thesauros
3044 2227 3298 2284 effoderis
3329 2245 3450 2284 eam
3478 2247 3489 2281 :
3517 2237 3642 2283 tunc
3695 2228 3967 2297 intelliges
3993 2228 4051 2282 ti-

2465 2339 2672 2381 morem
2703 2323 2819 2389 Dei,
2851 2332 2905 2377 et
2933 2322 3213 2377 scientiam
3244 2321 3456 2377 Domini
3484 2320 3743 2376 invenies.

2538 2418 2794 2471 Dominus
2838 2416 2935 2470 dat
2975 2415 3317 2485 sapientiam,
3347 2422 3402 2469 et
3446 2428 3514 2468 ex
3546 2429 3642 2469 ore
3679 2411 3801 2481 ejus
3828 2410 4055 2468 scientia

2465 2523 2521 2568 et
2552 2509 2859 2580 prudentia.

2538 2603 2687 2657 Habe
2718 2601 2963 2655 fiduciam
3008 2600 3061 2654 in
3110 2598 3338 2654 Domino
3373 2615 3434 2651 ex
3469 2606 3585 2651 toto
3639 2596 3805 2652 corde
3848 2604 3967 2660 tuo,
4004 2605 4057 2651 et

2466 2715 2575 2755 non
2625 2696 2874 2751 innitaris
2923 2696 3219 2764 prudenti:~
3262 2702 3384 2758 tum,
3417 2707 3486 2748 ne
3531 2693 3608 2747 sis
3656 2693 3873 2762 sapiens
3916 2690 4057 2761 apud

2468 2790 2812 2859 temetipsum
2845 2786 3026 2858 (Prov.
3064 2789 3167 2856 ιιι).

2540 2884 2735 2938 Beatus
2762 2881 2926 2935 homo
2956 2880 3047 2949 qui
3075 2879 3278 2933 invenit
3315 2877 3660 2947 sapientiam.
3691 2882 3747 2931 et
3772 2875 3861 2931 cui
3892 2872 4059 2930 afﬂuit

2469 2973 2750 3045 prudentia
2776 2970 2987 3041 (Ibid.).

2542 3065 2729 3119 Melior
2768 3072 2852 3119 est
2899 3062 3040 3115 enim
3089 3061 3372 3128 acquisitio
3403 3060 3520 3129 eius
3557 3059 3933 3128 negotiatione
3971 3075 4059 3113 ar-

2469 3158 2614 3225 genti
2641 3167 2696 3211 et
2717 3156 2832 3211 auri
2861 3173 2873 3208 :
2902 3154 3055 3223 primi
3088 3163 3141 3207 et
3166 3153 3436 3222 purissimi
3459 3152 3665 3206 fruetus
3686 3151 3828 3219 ejus,
3862 3152 4059 3221 prezio-

2471 3253 2580 3306 sior
2609 3260 2695 3305 est
2723 3250 2926 3304 cunctis
2973 3249 3185 3317 opibus,
3218 3254 3272 3300 et
3298 3246 3476 3299 omnia
3527 3260 3646 3313 quae
3683 3244 4059 3298 desiderantur

2473 3346 2597 3399 huic
2630 3360 2735 3398 non
2767 3344 2957 3399 valent
2983 3341 3289 3411 comparari
3324 3339 3508 3409 (Prov.
3554 3355 3689 3405 vni).

2543 3434 2780 3489 Gloriam
2809 3434 3085 3503 sapientes
3114 3429 3488 3502 possidebunt,
3511 3438 3569 3486 et
3594 3430 3893 3485 stultorum
3916 3429 4059 3485 exal-

2476 3529 2605 3583 tatio
2635 3527 2924 3597 ignominia
2956 3526 3140 3595 (Prov.
3176 3524 3275 3594 ιιι).

2547 3619 2875 3689 Principium
2918 3617 3219 3688 sapientiae,
3279 3614 3494 3687 posside
3537 3614 3886 3684 sapientiam,
3918 3624 3975 3670 et
4009 3617 4061 3671 in

2476 3712 2620 3767 oiiiui
2647 3710 2990 3780 poSsessioue
3018 3717 3107 3763 tua
3132 3708 3352 3776 acquirc
3375 3705 3715 3776 prudentiam
3745 3705 3932 3775 (Prov.
3965 3710 4058 3762 ivi.

2548 3802 2740 3871 Arripe
2771 3801 2940 3863 illam,
2973 3807 3029 3853 et
3049 3797 3307 3853 exaltabit
3339 3806 3408 3852 te.

2542 3892 2948 3949 Gloriticaberis
2973 3892 3041 3947 ab
3094 3906 3158 3945 ea
3208 3905 3329 3945 cum
3360 3904 3478 3944 eam
3527 3889 3694 3944 fueris
3721 3889 4062 3959 amplexatus

2473 3987 2687 4058 una;

2548 4080 2705 4134 Dabit
2752 4078 2918 4148 capiti
2962 4088 3054 4133 tuo
3105 4084 3391 4145 augmenta
3420 4074 3735 4144 gratiarum.
3781 4082 3839 4129 et
3867 4089 4063 4130 corona

2477 4175 2672 4244 inclyta
2703 4180 2951 4243 proteget
2981 4182 3032 4226 te
3067 4170 3251 4242 (Prov.
3284 4170 3380 4240 tv).

2547 4263 2641 4318 Dic
2670 4264 2977 4334 sapientiae:
3022 4264 3190 4317 Soror
3235 4276 3352 4315 mea
3383 4275 3461 4325 es,
3515 4266 3571 4315 et
3597 4258 3945 4328 prudentiam
3972 4272 4064 4312 vo-

2475 4356 2590 4411 cavi
2617 4356 2846 4410 amicam
2868 4370 3042 4410 meam
3074 4353 3255 4423 (Prev.
3287 4352 3425 4423 vni).

2549 4445 2732 4499 Melior
2756 4452 2838 4499 est
2861 4444 3122 4514 sapientia
3143 4443 3355 4499 cunctis
3376 4443 3798 4513 pretiositsstmis,
3820 4452 3876 4498 et
3906 4456 4068 4499 omne

2482 4534 2844 4590 desiderabile
2873 4549 2982 4590 non
3012 4542 3192 4604 potest
3220 4534 3270 4589 ei
3297 4533 3623 4603 comparari.

2553 4629 2881 4698 Principium
2912 4628 3189 4697 sapientia:
3211 4628 3374 4683 timor
3404 4625 3638 4692 Domini,
3669 4636 3725 4682 et
3746 4635 4069 4683 sanctorum

2481 4723 2706 4777 scientia
2738 4723 2898 4775 timor
2922 4719 3133 4775 Domini
3167 4729 3331 4789 atque
3362 4718 3645 4789 prudentia
3678 4720 3862 4792 (Prov.
3891 4728 3971 4790 χ).

2549 4816 2778 4885 Sapiens
2827 4813 2993 4870 corde
3024 4820 3289 4884 praecepta
3337 4814 3579 4884 suscipit,
3612 4813 3811 4869 stultus
3838 4813 4071 4870 (abditur

2477 4908 2633 4963 labiis
2663 4905 2872 4977 (lbid.).

2552 4999 2607 5053 lu
2639 4999 2793 5053 labiis
2820 4998 3079 5069 sapientis
3107 4998 3377 5053 invenitur
3413 4997 3697 5068 sapientia.

2549 5090 2831 5161 Sapientes
2856 5090 3192 5145 abscondunt
3221 5090 3558 5161 sapientiam.

2551 5182 2622 5240 Os
2647 5195 2826 5241 autem
2857 5185 3003 5239 Sltlill
3029 5185 3329 5241 confusioni
3353 5186 3655 5254 proximum
3681 5192 3783 5241 est.

2553 5276 2715 5331 Labia
2751 5275 2880 5345 justi
2910 5277 3162 5330 erudiunt
3191 5276 3482 5345 plurimos:
3511 5277 3603 5345 qui
3634 5285 3813 5331 autem
3857 5278 4073 5337 indocti

2480 5380 2625 5436 sunt,
2660 5373 2714 5426 in
2751 5371 3004 5428 cordibus
3031 5376 3271 5439 egestate
3300 5371 3598 5424 morientur
3629 5369 3843 5441 (Ibid.).

2553 5466 2759 5534 Lingua
2789 5474 2968 5520 autem
2995 5464 3296 5535 sapientum
3323 5463 3524 5517 sanitas
3560 5472 3641 5517 cst
3664 5462 3847 5533 (Prov.
3870 5466 3993 5537 xu).

2554 5559 2665 5615 Lex
2691 5559 2949 5631 sapientis
2976 5558 3097 5614 fons
3119 5558 3263 5623 vitae,
3310 5567 3369 5610 ut
3396 5557 3629 5612 declinet
3673 5573 3704 5612 a
3729 5558 3887 5613 ruina
3914 5575 4073 5617 more

2482 5652 2550 5708 tis
2584 5650 2761 5723 (Prov.
2796 5652 2932 5719 xm).

2551 5742 2653 5810 Qui
2684 5758 2806 5798 cum
2828 5742 3157 5812 sapientibus
3181 5740 3440 5811 graditur,
3468 5755 3683 5810 sapiens
3702 5742 3828 5805 erit,
3854 5743 4073 5802 amicus.

2481 5837 2767 5892 stultorum
2793 5832 3056 5889 efficietur
3086 5832 3274 5888 similis
3298 5833 3394 5888 eis.

2551 5931 2776 5999 Sapiens
2804 5931 2976 5986 timet.
3009 5937 3062 5985 et
3092 5928 3379 5985 declinata
3404 5928 3548 5985 malo
3578 5926 3762 5993 (Prov.
3795 5934 3927 5985 xlvi.
