4194 6548
158 415 244 470 δη
1444 404 1952 464 SCIN'I‘ILLARUM
1994 408 2198 463 LIBER

3334 416 3440 470 642

217 527 429 583 Corona
451 527 758 596 sapientum
809 523 1011 579 divitiae
1040 537 1251 586 eorum,
1288 529 1343 577 et
1384 521 1744 592 imprudentia
1770 518 1826 582 Δ
1924 519 1981 576 Si
2013 520 2360 576 inclinaveris
2399 534 2585 576 aurem
2619 529 2798 577 tuam:
2828 523 3068 593 excipies
3101 523 3404 584 doctrinam
3431 548 3444 583 :

151 620 435 676 stultorum
460 620 702 672 l‘atuitas.

219 715 272 769 In
300 714 468 769 corde
507 711 788 784 prudentis
825 710 1116 780 requiescit
1157 709 1467 780 prudentia,
1497 708 1749 765 indoctus

149 825 366 882 quoque
397 809 693 864 erudietur.

216 904 382 958 Labia
442 903 746 973 sapientum
815 900 1243 955 disseminabunt
1292 897 1598 964 scientiam,
1650 911 1746 952 cor

148 999 436 1053 stultorum
468 995 734 1050 dissimile
761 994 885 1048 erit.

213 1093 322 1147 Cor
363 1091 622 1162 sapientis
669 1089 862 1160 quaerit
909 1088 1234 1152 doctrinam,
1262 1095 1317 1141 et
1361 1101 1423 1141 os
1451 1087 1741 1142 stultorum

146 1186 383 1256 pascitur
412 1181 677 1253 imperitia
707 1178 893 1249 (Prv.
929 1179 1065 1246 xVi).

213 1277 440 1333 Posside
490 1275 833 1346 sapientiam,
882 1273 1005 1341 quia
1055 1287 1189 1326 auro
1233 1271 1462 1325 melior:
1523 1270 1739 1338 acquire

144 1370 504 1445 prudentiam.
526 1369 650 1440 quia
681 1368 974 1438 pretiosior
1004 1376 1089 1420 est
1119 1366 1362 1434 argento.
1392 1364 1492 1430 Qui
1523 1363 1741 1431 sapiens

145 1467 304 1521 corde
360 1474 462 1529 est,
516 1462 878 1534 appellabitur
929 1460 1198 1530 prudens:
1250 1466 1305 1513 et
1332 1457 1422 1526 qui
1461 1456 1632 1510 dulcis
1657 1463 1740 1509 est

141 1562 380 1632 eloquio,
413 1560 621 1627 majora
662 1557 941 1628 percipiet.

209 1654 316 1709 Cor
340 1652 603 1722 sapientis
652 1649 834 1704 erudit
864 1664 926 1704 os
971 1662 1110 1717 ejus,
1156 1654 1211 1701 et
1239 1644 1394 1700 labiis
1422 1643 1561 1698 illius
1593 1640 1737 1695 addit

139 1747 364 1815 gratiam
397 1744 613 1815 (Ibid).

211 1839 366 1905 Aqua
399 1834 689 1906 profunda,
733 1848 896 1889 verna
930 1848 998 1887 ex
1036 1847 1131 1886 ore
1160 1835 1290 1897 viri;
1335 1839 1388 1886 et
1419 1839 1630 1884 torrens
1659 1841 1738 1882 re-

138 1931 387 1986 dundans
413 1930 534 1984 fons
560 1928 839 1998 sapientiae
866 1926 1044 1998 (Prov.
1082 1928 1254 1992 xvni).

205 2024 262 2078 In
299 2023 436 2078 facie
468 2021 753 2092 prudentis
781 2020 925 2075 lucet
956 2019 1223 2088 sapientia
1258 2018 1440 2082 (Prov.
1479 2017 1630 2088 xvn).

205 2117 358 2171 Oculi
395 2116 681 2170 stultorum
715 2116 767 2168 in
797 2113 992 2169 ﬁnibus
1025 2121 1180 2168 terra:
1210 2111 1389 2183 (Piov.
1423 2113 1556 2177 xix).

203 2210 403 2265 Custos
434 2212 734 2282 prudentia:
779 2210 1019 2265 inveniet
1051 2209 1192 2263 bona
1229 2207 1412 2273 (Prov.
1448 2211 1564 2273 xx).

208 2306 304 2361 Est
335 2307 480 2362 enim
513 2322 729 2361 aurum
777 2316 832 2360 et
881 2303 1169 2358 multitudo
1225 2317 1581 2370 gemmarum.
1637 2301 1737 2354 Vas

133 2411 318 2458 autem
348 2401 646 2472 pretiosum
682 2399 818 2452 labia
849 2397 1090 2452 scientiae
1121 2395 1332 2464 (Ibid).

216 2497 335 2550 Noli
367 2495 603 2550 vendere
653 2493 995 2564 sapientiam,
1030 2500 1084 2546 et
1111 2490 1434 2555 doctrinam,
1469 2496 1519 2540 :t
1550 2486 1737 2541 intelli-

132 2591 373 2661 gentiam
407 2586 589 2653 (Prov.
621 2589 797 2657 χχιιι).

206 2682 304 2737 Vir
333 2681 555 2751 sapiens
583 2679 737 2734 fortis
759 2688 840 2733 est
876 2677 1060 2749 (Prov.
1099 2676 1266 2746 xxiv).

200 2776 299 2831 Vir
326 2775 520 2830 doctus
548 2774 802 2829 robustus
849 2781 948 2837 est,
1010 2779 1063 2824 ct
1111 2769 1344 2823 validus:
1386 2782 1559 2836 neque
1615 2767 1733 2836 plus

129 2865 318 2941 sapias
336 2884 499 2939 quam
535 2883 760 2922 necesse
789 2875 893 2932 est,
925 2881 992 2919 ue
1022 2865 1376 2933 obstupescas
1408 2861 1623 2931 (Ibid).

198 2961 482 3033 Sapientia
511 2958 844 3016 confortabit
889 2957 1190 3027 sapientem
1244 2970 1405 3024 super
1433 2954 1728 3023 piiiicipcm

128 3058 321 3113 decem
349 3055 631 3111 civitatum
663 3050 888 3122 (Eccles.
921 3057 1037 3108 vn).

203 3152 385 3207 Verba
412 3148 722 3218 sapientum
752 3145 1045 3199 audiuntur
1076 3142 1128 3196 in
1157 3140 1392 3206 silentio,
1418 3139 1537 3209 plus
1567 3152 1726 3208 quam

129 3249 337 3304 clamor
365 3243 622 3316 principis
655 3242 796 3297 inter
824 3239 1016 3294 stultos
1044 3237 1265 3301 (ἤρειδε.
1294 3237 1392 3298 ιχ).

197 3338 399 3393 Melior
419 3345 503 3390 est
522 3333 786 3405 sapientia
821 3346 979 3400 quam
1011 3344 1158 3383 arma
1181 3327 1374 3382 bellica
1396 3324 1620 3394 (Eccies.
1645 3325 1725 3394 x).

201 3429 383 3483 Verba
415 3427 528 3482 oris
573 3425 832 3495 sapientis
877 3421 1070 3489 gratia,
1125 3427 1180 3474 et
1231 3417 1372 3474 labia
1433 3416 1731 3487 insipientis

127 3518 553 3591 praecipitabunt
573 3531 696 3571 eum
731 3512 944 3582 (Ibid).

727 3640 877 3681 IESUS
914 3640 1121 3679 SIRACH.

201 3725 390 3782 Omnis
423 3722 694 3794 sapientia
717 3736 744 3773 a
779 3717 1008 3774 Domino
1044 3717 1156 3770 Deo
1187 3724 1272 3771 est
1296 3715 1525 3786 (Eccles.
1556 3717 1619 3784 ι).

204 3820 436 3875 Dilectio
470 3817 562 3871 Dei
596 3812 934 3870 honorabilis
961 3812 1222 3881 sapientia
1257 3809 1478 3881 (Ibid).

196 3913 257 3968 In
289 3911 565 3967 thesauris
594 3909 896 3978 sapientiae,
923 3905 1228 3960 intellectus
1255 3913 1311 3958 et
1333 3904 1573 3960 scientia:
1605 3902 1731 3957 reli-

131 4007 302 4076 giosis
325 4004 546 4076 (Ibid).

200 4099 524 4154 Exsecratio
553 4104 734 4150 autem
772 4093 1152 4164 peccatoribus
1181 4093 1468 4160 sapientia.

195 4191 542 4258 Concupisce
597 4187 942 4256 sapientiam,
1021 4199 1282 4240 conserva
1341 4182 1626 4253 justitiam.
1675 4191 1729 4237 et

127 4287 268 4341 Deus
299 4283 569 4355 praebebit
598 4282 747 4335 illam
788 4281 880 4334 tibi
906 4277 1119 4342 (Ibid.).

195 4377 317 4432 Non
342 4376 489 4431 enim
517 4381 602 4428 est
630 4372 724 4427 tibi
759 4370 1124 4426 necessarium
1167 4383 1229 4423 ea
1267 4383 1388 4436 qua:
1415 4366 1729 4422 abscondita

123 4481 248 4524 sunt
287 4467 479 4522 videre
503 4465 678 4521 oculis
708 4464 815 4518 tuis
849 4462 1080 4535 (Eccles.
1107 4467 1207 4528 ιιι).

193 4560 307 4616 Cor
365 4559 628 4630 sapientis
683 4556 999 4624 intelligitur
1049 4556 1100 4609 in
1157 4557 1440 4624 sapientia,
1479 4561 1534 4606 et
1585 4554 1728 4606 auris

1853 621 1906 668 et
1936 614 1980 668 si
2003 613 2257 670 dilexeris
2279 614 2488 683 audire,
2519 616 2737 686 sapiens
2762 618 2876 673 eris
2905 616 3117 691 (Ibid.).

1921 706 2199 777 Sapientia
2250 708 2518 763 humiliati
2563 711 2825 766 exaltabit
2879 723 3040 783 caput
3068 714 3231 781 illius,
3284 725 3340 771 et
3389 715 3442 773 in

1848 801 2028 858 medio
2052 811 2362 871 magnatuin
2392 802 2678 860 considere
2705 804 2853 860 illum
2887 805 3049 862 faciet
3077 807 3304 879 (Eccles.
3340 811 3441 881 xi).

1919 898 2115 954 Beatus
2139 899 2222 953 vir
2249 899 2340 969 qui
2372 899 2425 954 in
2473 899 2741 971 sapientia
2770 916 2866 955 sua
2902 902 3224 966 morabitur,
3253 909 3310 957 et
3349 904 3443 972 qui

1848 992 1902 1046 in
1929 991 2138 1061 jiistitia
2168 1007 2266 1048 sua
2300 993 2683 1048 meditabatur.

1918 1086 2018 1153 Qui
2040 1087 2325 1142 continens
2347 1097 2428 1142 est
2446 1086 2687 1156 justitiae,
2709 1087 3080 1158 appreliendet
3101 1089 3440 1158 sapientiam,

1845 1188 1901 1233 et
1927 1179 2169 1233 obviabit
2196 1179 2268 1232 illi
2301 1179 2455 1248 quasi
2485 1189 2658 1234 mater
2681 1181 3036 1236 honoriﬁcata
3068 1181 3267 1251 (Eccle.
3300 1184 3415 1253 xv).

1915 1273 2030 1327 Non
2054 1282 2143 1326 ‘est
2167 1273 2402 1342 pretiosa
2428 1273 2544 1326 laus
2574 1273 2625 1325 in
2650 1288 2745 1327 ore
2769 1274 3094 1342 peccatoris,
3120 1274 3378 1343 quoniam
3410 1288 3442 1329 a

1844 1369 1956 1425 Deo
1984 1368 2225 1438 profecta
2247 1377 2329 1424 est
2353 1367 2619 1438 sapientia
2646 1366 2862 1438 (Ibid).

1916 1461 2206 1530 Sapientiae
2237 1460 2378 1515 enim
2421 1461 2617 1514 astabit
2642 1461 2774 1525 laus,
2811 1461 2938 1514 etin
2969 1476 3065 1516 ore
3113 1461 3254 1516 ﬁdeli
3286 1462 3440 1517 habi-

1845 1555 2000 1622 tabit,
2031 1567 2085 1608 et
2105 1553 2415 1609 dominator
2445 1555 2594 1608 dabit
2616 1569 2733 1608 eam
2768 1555 2860 1608 illi.

1915 1645 2101 1700 Omnis
2122 1648 2342 1700 haustus
2360 1646 2579 1716 agnovit
2595 1648 2936 1716 sapientiam.

1913 1742 2099 1798 Omnis
2153 1743 2415 1811 sapientia
2463 1753 2544 1796 est
2586 1743 2748 1796 timor
2782 1743 2894 1807 Dei,
2919 1722 2972 1796 et
3023 1743 3074 1796 in
3108 1742 3194 1796 illa
3248 1742 3439 1798 timere

1841 1838 2031 1902 Deum,
2059 1837 2108 1890 in
2134 1837 2278 1891 omni
2311 1835 2575 1905 sapientia
2599 1835 2882 1905 dispositio
2906 1835 3036 1903 legis
3061 1834 3434 1906 (Eccles.xix).

1764 1905 1809 1964 Β
1915 1930 2090 1985 Homo
2111 1929 2352 1999 prudens
2392 1926 2626 1997 placebit
2670 1928 3010 1997 uiagnatibus
3059 1905 3285 1996 (Εετιεε.
3315 1931 3434 1995 xx).

1916 2022 2108 2077 Melior
2129 2030 2220 2076 est
2256 2021 2420 2076 homo
2467 2019 2559 2089 qui
2607 2019 2863 2073 minuitur
2901 2019 3186 2089 sapientia,
3218 2027 3273 2073 et
3300 2014 3435 2074 deﬂ-

1840 2120 1990 2174 cicns
2019 2133 2180 2173 sensu
2236 2117 2289 2170 in
2321 2115 2516 2169 timore
2543 2114 2660 2180 Dei,
2690 2131 2852 2184 quam
2884 2115 2976 2184 qui
3007 2113 3245 2168 abundat
3271 2129 3432 2170 sensu

1840 2227 1895 2272 et
1919 2215 2310 2284 transgreditur
2339 2213 2514 2282 legem
2548 2211 2805 2266 Altissimi
2851 2209 3078 2280 (Eccles.
3108 2215 3242 2277 χιχ).

1910 2308 2142 2376 Sapiens
2175 2307 2227 2361 in
2252 2304 2433 2362 verbis
2463 2304 2700 2374 seipsum
2733 2302 3019 2358 amabilem
3043 2302 3172 2358 facit
3204 2300 3429 2373 (Ecrles.

1839 2403 1960 2471 xx).

1907 2497 2089 2550 Gratia
2121 2503 2305 2551 autem
2335 2503 2604 2548 .atuorum
2635 2491 2944 2547 eﬂ'unditur.

1912 2590 2192 2659 Sapientia
2225 2589 2516 2656 absconsa,
2546 2596 2600 2643 et
2623 2587 2912 2644 thesaurus
2941 2586 3162 2651 invisus,
3184 2602 3304 2657 quae
3326 2587 3430 2642 uti-

1838 2687 1958 2740 litas
1985 2687 2015 2738 ii
2067 2685 2312 2754 utrisque
2330 2685 2352 2737 ’ἶ

1905 2778 2300 2832 Oi-nauientum
2341 2792 2568 2833 aureum
2614 2775 2864 2846 prudenti
2895 2776 3162 2842 doctrina,
3195 2785 3250 2830 et
3278 2777 3431 2847 quasi

1835 2871 2106 2927 brachiale
2134 2871 2188 2925 in
2219 2871 2442 2926 brachio
2465 2869 2658 2924 dextro
2687 2867 2914 2938 (Eccles.
2940 2881 3075 2932 χχι).

1910 2964 2083 3020 Verba
2113 2971 2296 3020 autem
2345 2963 2693 3036 prudentium
2743 2971 2945 3017 statera
2983 2961 3428 3030 ponderabuntur

1836 3057 2053 3128 (Ibid).

1903 3150 2136 3217 Flagella
2185 3161 2241 3205 et
2291 3150 2538 3205 doctrina
2589 3151 2642 3205 in
2693 3150 2841 3206 omni
2881 3158 3122 3219 tempore
3168 3150 3427 3219 sapientia

1835 3243 2060 3316 (Eccles.
2093 3245 2248 3311 χχιι).
2853 3222 2857 3226 ”

1909 3337 2133 3406 Magnus
2160 3346 2244 3393 est
2291 3337 2382 3408 qui
2427 3337 2635 3392 invenit
2669 3337 2988 3407 sapientiam
3021 3349 3075 3393 et
3122 3340 3430 3408 scientiam,

1833 3431 1929 3487 sed
1954 3448 2059 3485 non
2092 3440 2175 3486 est
2201 3445 2364 3501 super
2393 3431 2671 3487 timentem
2703 3431 2873 3486 Deum
2902 3431 3129 3498 (an/es.
3161 3435 3336 3502 χχιιι).

1907 3523 2084 3579 Homo
2113 3533 2334 3580 sanctus
2382 3525 2435 3579 iii
2479 3526 2744 3594 sapientia
2797 3536 2978 3582 manet
3005 3527 3144 3584 sicut
3172 3529 3276 3595 sol,
3307 3544 3432 3588 nam

1833 3619 2028 3675 stultus
2064 3627 2126 3673 ut
2153 3620 2280 3674 luna
2317 3627 2557 3674 mutatur
2597 3619 2822 3690 (Ecclea.
2855 3623 3043 3692 xxvu).

1906 3713 2133 3783 Sapiens
2174 3728 2282 3768 non
2325 3712 2439 3768 odit
2490 3714 2745 3768 mandata
2804 3722 2859 3768 et
2907 3713 3145 3784 justitias
3200 3713 3428 3786 (Ecclcs.

1834 3808 2050 3878 χχχιιι).

1907 3901 2000 3955 Vir
2027 3901 2243 3971 sapiens
2268 3899 2481 3970 plebem
2509 3914 2664 3956 suam
2695 3899 2874 3955 erudit
2899 3899 3115 3970 (Ibid).

1908 3994 2186 4063 Sapientia
2237 3995 2290 4048 in
2348 4007 2445 4049 ore
2500 3993 2738 4050 ﬁdelium
2786 3993 3120 4054 nlantabitur
3176 3993 3427 4062 (Ecclea.

1839 4088 2061 4157 xxxvu).

1912 4181 2002 4235 Vir
2030 4181 2234 4250 peritus
2285 4180 2485 4236 multos
2532 4181 2732 4249 erudit,
2763 4192 2818 4237 et
2865 4182 3058 4237 animae
3103 4197 3214 4238 suae
3245 4183 3428 4241 suavis

1835 4281 1918 4327 est
1948 4269 2165 4341 (Ibid).

1908 4363 2001 4417 Vir
2029 4363 2246 4434 sapiens
2297 4364 2610 4436 implebitur
2648 4366 3055 4436 benedictione,
3112 4384 3327 4440 sapiens
3374 4369 3427 4425 in

1835 4461 2036 4531 populo
2085 4461 2425 4515 haereditabit
2479 4461 2763 4526 honorem,
2797 4471 2851 4518 et
2897 4479 3095 4520 nomen
3126 4463 3274 4520 illius
3322 4464 3428 4521 erit

1836 4571 1853 4602 \
1871 4554 2022 4609 ivens
2050 4552 2102 4608 in
2135 4563 2416 4609 aeternum.

123 4658 266 4710 bona
314 4657 502 4709 audiet
551 4668 671 4708 cum
723 4651 867 4706 omni
917 4649 1354 4718 concupiscentia
1406 4646 1724 4716 sapientiam
1753 4664 1807 4728 ι)
1905 4647 2233 4717 Sapientiam
2275 4647 2450 4704 scribe
2494 4649 2547 4703 in
2607 4657 2850 4720 tempore
2902 4651 3206 4713 vacuitatis,
3249 4659 3304 4704 et
3333 4651 3425 4720 qui

127 4749 352 4819 (ibid).

194 4842 433 4909 Sapiens
463 4853 560 4893 cor
589 4847 644 4891 et
684 4836 1021 4906 intelligibile
1072 4833 1311 4888 abstinet
1336 4847 1393 4886 se
1425 4847 1453 4884 a
1498 4839 1724 4885 'ieccato

124 4933 346 5003 (Ibid).

194 5027 481 5097 Sapientia
535 5023 656 5078 ﬂliis
717 5024 830 5079 suis
875 5023 1043 5076 vitam
1099 5021 1346 5090 inspirat.
1391 5027 1446 5073 et
1499 5016 1726 5087 suscipit

124 5121 483 5188 exquirentes
513 5131 573 5170 se
595 5115 770 5184 (Eccl.
805 5115 902 5183 Iv).

194 5213 300 5279 Qui
348 5211 669 5280 sapientiam
715 5208 908 5277 diligit,
949 5207 1119 5275 diligit
1159 5206 1363 5258 vitam:
1409 5206 1498 5274 qui
1529 5212 1723 5258 tenue-

125 5316 250 5361 runt
272 5305 622 5374 sapientiam,
646 5302 810 5356 vitam
842 5299 1231 5355 haereditabunt
1267 5296 1487 5369 (Ibid).

195 5397 254 5451 In
280 5398 464 5463 lingua
488 5394 634 5449 enim
663 5391 999 5461 dignoscitur
1023 5391 1287 5460 sapientia
1312 5388 1522 5457 (Ibid.).

195 5492 406 5548 Sensus
437 5497 494 5544 et
537 5487 762 5544 scientia
805 5495 861 5542 et
901 5485 1148 5542 doctrina
1197 5485 1250 5539 in
1279 5485 1445 5539 verbo
1486 5484 1727 5538 verita'ls

128 5583 346 5654 (Ibid).

198 5678 408 5745 Aspera
451 5683 538 5729 est
568 5687 792 5728 mimum
837 5672 1100 5741 sapientia
1143 5671 1375 5724 indoctis
1419 5669 1726 5726 hominibus

129 5769 360 5824 (Eccita.
393 5767 492 5838 vi).

202 5865 378 5919 Decor
409 5863 555 5919 enim
609 5861 736 5915 vitae
764 5866 848 5914 est
893 5859 946 5914 in
1001 5855 1286 5928 sapientia,
1329 5854 1539 5910 vincula
1589 5853 1727 5908 illius

131 5955 354 6013 inﬂatura
398 5954 662 6011 salutaris

1834 4742 2135 4797 minoratur
2221 4749 2387 4804 actu.
2475 4741 2797 4797 saoicntiam
2878 4743 3184 4810 oerciniet(
3217 4741 3421 4799 Eccles.

1831 4835 2077 4904 xxxvni).

1902 4929 2232 4999 Sapientiam
2263 4929 2504 4985 omnium
2533 4931 2878 5000 antiquorum
2910 4931 3161 5001 exquiret
3203 4933 3421 5003 sapiens

1832 5021 2054 5082 (Eccles.
2087 5023 2242 5087 xxx).
3385 5040 3390 5045 ·

1901 5113 2131 5182 Sapiens
2162 5114 2374 5168 occulta
2406 5116 2818 5183 proverbiorum
2845 5120 3111 5186 exquiret,
3135 5125 3191 5174 et
3218 5118 3271 5173 in
3299 5119 3423 5175 abs-

1829 5207 2057 5264 conditis
2087 5207 2466 5276 parabolarum
2496 5213 2906 5266 conversabitur
2926 5211 3135 5284 (Ibid).

1900 5298 2129 5369 Sapiens
2155 5299 2296 5354 bona
2319 5309 2376 5356 et
2395 5302 2537 5356 mala
2569 5302 2622 5356 in
2651 5304 2906 5358 omnibus
2927 5305 3158 5360 tentabit
3188 5303 3418 5375 (Eccles.

1828 5393 2000 5463 xxix).

2442 5501 2786 5544 AUGUSTINUS.

1900 5576 2054 5633 Docti
2085 5585 2145 5631 ut
2168 5575 2341 5632 stellas
2359 5577 2640 5647 fulgebunt
2669 5580 2939 5635 claritate.

1902 5669 2118 5725 Nutrire
2140 5670 2376 5724 animam
2407 5679 2551 5725 tuam
2599 5670 2923 5728 lectionibus
2965 5671 3180 5736 divinis,
3204 5686 3407 5744 prama-

1830 5761 1972 5818 rabis
1999 5761 2097 5816 tibi
2125 5775 2366 5817 mensam
2390 5762 2706 5833 spiritalem.

1903 5857 2000 5915 Ubi
2029 5859 2175 5915 enim
2207 5862 2467 5932 sapientis
2517 5863 2816 5934 possessio,
2857 5863 2930 5920 ibi
2975 5877 3130 5919 amor
3175 5862 3418 5922 mulieris

1828 5950 2150 6010 excluditur.
