4194 6550
698 443 703 447 ·
755 417 860 473 6ιῦ
1739 416 2157 474 DEFENSORIS
2198 412 2729 471 LOCOCIAGENSIS
2767 413 3067 469 MONACHI
3920 411 4025 464 ti“

1345 539 1698 580 nisnouvuus.
2353 528 2405 586 Α
2501 523 2610 580 Nec
2629 531 2715 580 est
2735 523 2951 580 beatum
2979 523 3148 579 multa
3164 526 3325 589 seire,
3349 525 3448 581 sed
3473 535 3554 581 est
3579 539 3834 594 magnum
3864 524 4028 580 beate

828 618 994 673 Multo
1023 617 1213 674 melius
1235 632 1358 673 vera
1381 620 1581 674 rustice
1606 634 1766 688 quam
1804 619 2011 676 diserte
2039 619 2170 676 falsa
2195 635 2321 690 pro-
2436 614 2638 670 vivere.

753 711 916 768 ferre.
2506 707 2655 763 Multi
2681 709 2852 764 Deum
2884 717 3112 764 noscunt
3141 724 3237 779 per
3273 710 3576 774 scientiam,
3622 725 3718 780 per
3747 709 4022 764 ειειίυ-,ιειιι

826 803 1109 872 Sapientes
1132 803 1310 857 niuali
1332 803 1452 858 ideo
1479 804 1782 873 Seripturas
1804 804 2108 874 despiciunt
2125 817 2328 865 sacras,
2437 809 2616 854 autem
2645 817 2753 856 non
2783 810 3132 856 veneramur.

757 896 882 966 quia
909 911 1001 951 eas
1031 912 1135 950 non
1165 911 1230 950 ex
1269 895 1549 965 majestate
1577 911 1852 962 sensuum,
1886 896 1980 952 sed
2029 911 2094 950 ex
2137 895 2334 949 verbo-
2507 890 2645 946 Nihil
2685 893 2951 962 sapientia
3002 893 3214 959 melius,
3270 895 3403 949 nihil
3456 896 3736 965 prudentia
3791 895 4023 961 dulcius,

759 1005 877 1045 rum
900 989 1144 1058 judicant
1172 989 1395 1044 vilitate.
2439 983 2570 1036 nihil
2594 984 2819 1038 scientia
2850 987 3088 1040 suavius.

1386 1095 1697 1135 cessemus.
2509 1077 2678 1132 Noxia
2707 1095 2811 1133 non
2835 1079 3086 1145 vitamus,
3120 1080 3219 1134 nisi
3245 1095 3341 1150 per
3366 1080 3706 1149 sapientiam.

831 1173 1104 1244 Sapientia
1136 1181 1220 1228 est
1249 1173 1438 1228 timere
1480 1173 1668 1237 Deum,
1715 1172 1986 1240 abnegare
2034 1181 2212 1225 antem
2252 1185 2338 1226 se-
2509 1171 2782 1242 Sapientia
2813 1172 2988 1227 dando
3031 1172 3228 1242 largior
3257 1171 3334 1237 lit,
3380 1173 3664 1227 retinendo
3695 1171 4024 1225 minoratur.

763 1269 936 1338 ipsum
959 1267 1181 1323 amatis.
2514 1261 2681 1332 Larga
2713 1263 3030 1319 redundatio
3061 1273 3145 1320 est
3187 1264 3434 1326 scientia,
3465 1273 3520 1318 et
3565 1263 3692 1317 dum
3744 1265 3867 1332 plus
3895 1277 4030 1317 con-

834 1359 1008 1414 Prima
1037 1360 1303 1429 sapientia
1332 1368 1414 1414 est
1441 1361 1612 1413 vitare
1639 1357 1867 1414 malum.
2441 1353 2627 1417 fertur,
2661 1355 2781 1425 plus
2811 1355 3134 1410 abundatur.

833 1452 1079 1507 Secunda
1099 1451 1366 1522 sapientia
1419 1461 1502 1505 est
1533 1453 1709 1504 facere
1738 1448 1961 1502 bonum.
3077 1464 3383 1504 crrnuaus.

839 1544 1088 1614 Quisquis
1110 1553 1290 1598 autem
1320 1543 1435 1596 vult
1463 1543 1644 1596 audita
1674 1539 1993 1610 intelligere,
2031 1539 2250 1596 festinet
2277 1551 2340 1593 ea
2513 1540 2794 1605 Quomodo
2824 1541 2966 1596 enim
3021 1542 3256 1611 sapiens,
3297 1541 3381 1596 vel
3428 1541 3638 1612 patiens
3668 1554 3792 1596 esse
3826 1548 4033 1610 potest,

762 1650 884 1708 qua:
907 1637 1015 1705 jam
1037 1636 1210 1704 potuit
1239 1635 1560 1703 intelligere,
1584 1634 1750 1703 Opere
1779 1633 2022 1703 implere.
2445 1634 2533 1704 qui
2563 1650 2662 1689 nec
2694 1633 3033 1704 sapientiam,
3065 1650 3164 1689 nec
3195 1636 3510 1704 patientiam
3535 1634 3698 1690 habet
3725 1637 3746 1686 ’ἐ

835 1725 985 1782 Scire
1009 1736 1207 1792 autem,
1238 1726 1348 1781 Deo
1376 1725 1679 1794 approbare
1705 1733 1806 1780 est.
2515 1724 2741 1795 Sapiens
2767 1725 2856 1780 ille
2877 1724 3071 1794 estqui
3101 1726 3316 1780 lminilis
3353 1733 3409 1781 et
3437 1727 3582 1780 mitis
3619 1734 3724 1781 est.

836 1817 1054 1873 Nescire
1079 1826 1281 1883 autem,
1322 1815 1635 1885 reprobare.

837 1857 1054 1873 ne“..-
1079 1857 1281 1883 ..........,
1323 1857 1635 1885 .ν,,.ν.,...ν.

837 1911 1128 1958 Serntura:
1171 1923 1338 1958 sacrm
1368 1907 1720 1958 intelligentia
1767 1907 1812 1958 si
1841 1906 1894 1958 iu
1939 1907 2148 1958 cunctis
2199 1915 2344 1958 esset
2373 1895 2424 1957 Β

1841 1906 1894 1958 in
1939 1907 2148 1958 cunctis
2199 1915 2344 1958 esset
2373 1895 2424 1957 Β
2985 1857 3250 1958 ϐἔρρτ
3418 1858 3481 1913 Χ⁶

837 1911 1128 1979 Scrptura:
1171 1923 1338 1964 saera:
1367 1907 1720 1976 intelligentia
1767 1907 1812 1962 si
1841 1906 1894 1961 iu
1939 1907 2148 1962 cunctis
2199 1915 2344 1962 esset
2373 1895 2424 1957 Β

1785 1907 1812 1962 si
1841 1906 1894 1961 in
1939 1907 2148 1962 cunctis
2199 1915 2344 1962 esset
2373 1895 2424 1957 Β
2987 1895 3114 2000 “‘l‘)‘
3222 1895 3240 1913 ι
3314 1895 3441 1961 «fa

1874 1999 1885 2004 ’
1935 1999 1945 2004 ‘
2034 2000 2062 2004 η
2161 2000 2172 2004 -
3100 1952 3441 2004 etmcnndta.

766 2013 976 2076 aperta,
1002 2003 1303 2068 vilesceret,
1327 2009 1382 2057 et
1405 2009 1614 2056 tantum
1638 2000 1842 2069 majore
1856 1999 2140 2054 dulcedine
2159 2000 2345 2055 inven-
3054 1999 3079 2000 ί

772 2105 826 2151 ta
857 2096 1048 2161 relicit,
1080 2103 1342 2163 quantum
1389 2092 1597 2162 majore
1647 2093 1833 2149 labore
1878 2090 2066 2160 fatigat
2113 2093 2346 2146 animam

768 2188 1016 2258 quaesita.

843 2284 945 2350 Qui
965 2285 1128 2339 verba
1155 2283 1251 2337 Dei
1279 2282 1446 2348 audit,
1478 2295 1693 2351 semper
1720 2279 1906 2336 oculos
1933 2280 2115 2334 cordis
2147 2295 2350 2350 ponere

2523 2131 2708 2186 Omnis
2735 2131 2826 2202 qui
2879 2133 3124 2188 irascitur
3171 2135 3318 2188 fratri
3359 2150 3479 2201 suo,
3512 2151 3636 2190 reus
3684 2136 3790 2190 erit
3834 2134 4042 2205 judicio

2455 2225 2667 2292 (Matth.
2705 2228 2780 2294 v).

772 2375 840 2431 ad
865 2376 1063 2429 exitum
1087 2375 1265 2438 debet,
1290 2384 1344 2428 et
1371 2375 1488 2428 sine
1513 2373 1814 2427 cessatione
1836 2371 2103 2436 meditari,
2137 2372 2351 2440 quando
2525 2415 2613 2468 Sol
2643 2429 2750 2468 non
2778 2413 2990 2470 occidat
3016 2339 3534 2485 SllpeprA:::::;'ulian'
3564 2425 3798 2471 veslram
3823 2416 4022 2490 (Ep/us

775 2483 799 2490 -
834 2469 1079 2490 -.....---..ε
1113 2469 1212 2490 -1...
1264 2477 1410 2490 --.-...
1470 2475 1627 2490 -n......
1660 2466 1720 2490 -.Ι
1751 2475 1945 2490 ..ηερ-..Α
1995 2466 2180 2490 ...η-,12η
2225 2482 2320 2490 ..η-

773 2483 805 2523 a
834 2469 1083 2538 praesenti
1113 2469 1218 2523 vita
1258 2477 1438 2532 exeat,
1468 2475 1630 2535 atque
1656 2466 1722 2520 ad
1749 2475 1950 2522 aeterna
1993 2466 2184 2533 gaudia
2223 2482 2350 2536 per-
2457 2457 2613 2574 MT"
2643 2457 2750 2468 ”“’”
2779 2457 2990 2470 "ww"
3016 2457 3168 2485 “’”⁵’”’
3573 2457 3798 2471 "mm"
3823 2457 4042 2490 ‘"'"""

774 2568 962 2632 “03‘”-
1560 2667 1565 2668 γ
1636 2667 1639 2668 ν
1730 2667 1735 2668 γ
1821 2666 1827 2668 _
2529 2596 2826 2652 lraseimini
2853 2607 2904 2652 et
2927 2598 3092 2653 nolite
3115 2615 3361 2668 peccare.

1235 2670 1303 2708 ΕΧ
1353 2669 1507 2706 ιδυκυ
1547 2666 1861 2706 ειεηεΝτιε.
3118 2666 3127 2668 “

3133 2706 3373 2744 JACOBUS.

847 2767 1033 2822 Μειίοτ
1077 2773 1160 2820 θδι
1185 2764 1446 2834 saPii?“lia
1495 2778 1654 2831 quam
1685 2763 1849 2824 “res,
1877 2767 1939 2816 ⁸⁸
1981 2759 2063 2814 νίν
2121 2756 2355 2827 prudens
2533 2782 2614 2837 Ira
2638 2799 2780 2837 enim
2805 2781 2902 2836 viri
2929 2781 3190 2852 justitiam
3219 2783 3308 2837 Dei
3343 2799 3448 2838 non
3473 2795 3726 2853 operatur
3752 2783 3962 2848 (Iacob.
3987 2785 4045 2855 ι).

777 2861 947 2928 magis
967 2874 1130 2928 quam
1161 2857 1331 2910 fortis.
3118 2891 3378 2929 summa.

852 2949 1133 3004 Multitudo
1155 2957 1332 3003 autem
1353 2947 1630 3016 sapienti-.e
1658 2946 1864 3002 sanitas
1891 2953 1976 3002 est
2003 2945 2154 3001 orbis
2181 2954 2346 2999 terra-
2534 2966 2734 3022 Fatuus
2762 2969 2943 3023 statim
2975 2967 3176 3022 indicat
3205 2969 3335 3022 im",
3369 2985 3518 3022 suam
3560 2969 3743 3039 (μνον,
3783 2977 3909 3031 xm.

777 3058 919 3098 mm-
2095 3094 2104 3105 -
2533 3059 2635 3126 Qui
2671 3070 2851 3116 autem
2881 3060 3179 3116 dissimulat
3207 3061 3476 3130 injuriam,
3504 3065 3728 3118 callidus
3757 3074 3846 3121 est
3873 3066 4050 3131 (Prov.

851 3138 1024 3190 Omne
1051 3151 1236 3190 aurum
1268 3135 1320 3189 in
1345 3137 1751 3204 comparatione
1778 3133 2057 3204 sapientia:
2081 3145 2246 3186 arena
2275 3137 2356 3184 est
2465 3154 2580 3224 Χη)⁸

782 3231 1001 3322 θκίῧυίίή
1232 3320 1240 3322 _
1456 3319 1463 3322 _
1524 3319 1536 3322 Α
1863 3320 1871 3322 _
1912 3320 1917 3322 _
2189 3318 2200 3322 _
2387 3259 2436 3322 α
2537 3245 2682 3300 l..ter
2703 3247 2966 3317 superbos
2994 3262 3209 3318 semper
3233 3247 3404 3316 iurgia
3439 3249 3765 3309 Stltitif’roz'.
3801 3254 3902 3322 ιη),

858 3321 1133 3376 Neminem
1157 3320 1302 3374 enim
1323 3319 1494 3387 diligit
1521 3319 1794 3382 Dominus,
1824 3320 1923 3374 nisi
1955 3333 2078 3374 eum
2111 3318 2204 3384 qui
2234 3332 2356 3371 eum

2538 3339 2637 3406 Qui
2667 3349 2847 3393 autem
2895 3348 3059 3409 agunt
3100 3349 3294 3394 cuneta
3331 3357 3454 3395 eum
3501 3343 3753 3406 consilio,
3801 3355 4050 3416 reguntur

784 3414 1049 3484 sapientia
1078 3412 1298 3467 habitat.

2467 3430 2726 3500 sapientia
2760 3430 2942 3498 (Prov.
2980 3431 3114 3496 xui).

1435 3522 1686 3562 ιεηνοκυδο
1778 3593 1792 3595 _
2544 3523 2839 3592 Responsio
2880 3523 3056 3577 mollis
3085 3522 3277 3592 frangit
3303 3524 3434 3576 iram
3469 3524 3648 3594 (P;ov.
3680 3532 3837 3595 xxv).

858 3596 1042 3650 omnis
1099 3597 1262 3651 homo
1290 3597 1383 3664 (ευί
1436 3597 1727 3653 εθεωίίίυίη
1773 3593 1941 3648 mm“
1991 3608 2206 3663 ⁸³9⁸⁸⁸³⁵
2259 3600 2361 3657 θδιν
2539 3616 2726 3670 Sermo
2757 3615 2922 3669 durus
2943 3617 3172 3670 suscitat
3202 3617 3434 3668 furorem
3470 3593 3679 3682 tlbid.)

789 3691 977 3745 beatus
999 3698 1098 3741 est.
2548 3708 2634 3759 \‘ir
2659 3707 2947 3762 iracundus
2973 3719 3231 3775 provocat
3262 3707 3406 3760 rixas
3431 3707 3646 3776 (lbid.).

867 3780 1028 3832 Beata
1068 3778 1197 3842 vita,
1235 3781 1467 3847 cognitio
1503 3778 1832 3840 Diviuitatis;
1860 3778 2027 3834 virtus
2075 3777 2199 3830 boni
2228 3789 2362 3830 one-

2275 3789 2362 3830 De‘
2542 3801 2640 3866 Qui
2666 3802 2880 3869 sapiens
2911 3809 3012 3862 cst,
3047 3801 3251 3867 mitigat
3278 3801 3566 3855 suseitatas
3589 3800 3775 3871 (Prov.
3815 3803 3931 3870 xv).

791 3871 866 3926 ris
892 3876 989 3924 est.

2534 3907 2610 3948 ne
2637 3900 2710 3949 sis
2736 3895 2894 3950 velox
2923 3897 2988 3948 ad
3023 3891 3378 3962 irascendum,
3399 3894 3522 3962 quia
3562 3893 3639 3946 ira
3665 3894 3715 3947 in
3747 3897 3870 3949 sinu
3895 3896 4038 3950 stulti

2464 3985 2752 4053 requiescit
2782 3984 3005 4050 (Ecl-les.
3036 3995 3168 4052 vm).

2538 4081 2760 4144 Semper
2783 4075 2955 4142 jurgia
2985 4075 3176 4142 qmerit
3221 4089 3412 4144 mams,
3443 4075 3665 4143 angelus
3709 4085 3893 4130 autem
3925 4095 4034 4130 en

2462 4168 2596 4223 delis
2625 4167 2861 4221 mittetur
2883 4175 3070 4220 contra
3099 4180 3220 4220 eum
3253 4163 3431 4233 (Prov.
3459 4169 3612 4234 xvn).

2536 4260 2682 4312 Sicut
2727 4258 2966 4312 fremitus
3013 4256 3205 4322 leonis,
3237 4256 3310 4309 ita
3360 4257 3436 4310 ira
3469 4257 3726 4325 regis;et
3767 4272 3926 4328 quasi
3958 4275 4044 4312 ros

2463 4361 2624 4418 super
2649 4355 2865 4410 terram,
2889 4350 2960 4400 ita
2992 4346 3228 4400 hilaritas
3248 4346 3362 4414 ejus
3387 4347 3571 4414 (Prov.
3596 4348 3732 4416 χιχ).

864 3959 1043 4015 Virtus
1071 3959 1197 4016 boni
1221 3973 1402 4028 operis
1423 3959 1625 4014 fruetus
1646 3960 1963 4014 azternitatis
1990 3968 2070 4014 est

865 4051 964 4114 Qui
1005 4049 1302 4106 seeumlum
1348 4051 1598 4104 saeculum
1663 4051 1874 4118 sapiens
1912 4061 2012 4114 est,
2069 4049 2358 4104 secundum

792 4143 956 4197 Deum
982 4144 1176 4197 stultus
1196 4151 1296 4196 est.

863 4233 1048 4286 Nullus
1093 4233 1409 4302 sapientiam
1460 4233 1556 4286 Dei
1595 4233 1749 4301 plene
1795 4233 2006 4302 recipit,
2036 4234 2255 4300 uisiqm
2301 4249 2360 4288 se

793 4324 860 4378 ab
890 4325 1034 4378 omni
1065 4324 1374 4378 abstrahere
1403 4325 1654 4380 vitiorum
1679 4341 1803 4380 cura
1835 4327 2130 4381 contendit.

862 4413 1011 4470 Tunc
1057 4423 1238 4469 autem
1288 4423 1434 4469 recte
1487 4414 1654 4471 Deum
1703 4418 2099 4485 cognoscimus,
2148 4417 2362 4485 quando

2531 4413 2761 4507 Spiritus
2789 4438 2888 4490 viri
2933 4445 3195 4492 sustentat
3240 4413 3658 4493 imbecillitatem
3680 4413 3858 4507 suam,
3882 4442 4039 4509 Spiri-

793 4523 913 4602 euf'}
943 4507 1180 4602 ξθτίθθίθ
1204 4506 1341 4562 δεῖτε
1373 4523 1470 4602 ⁸³9⁵
1495 4507 1815 4602 ¹Ϋ⁰¹¹θῧίξ¹¹¹¹¹⁵
2352 4601 2355 4602 ν
2467 4506 2586 4588 ιιιιιι
2607 4546 2737 4584 vero
2766 4529 2831 4582 ad
2873 4529 3215 4585 irascendum
3254 4529 3467 4587 facilem
3507 4532 3625 4601 quis
3653 4533 3856 4602 poterit
3885 4506 4043 4587 susti-

862 4596 1047 4651 Nullus
1076 4605 1260 4652 autem
1308 4597 1480 4666 major
1516 4599 1568 4652 in
1607 4599 1762 4669 culpa
1793 4607 1894 4665 est,
1918 4615 2074 4670 quam
2130 4600 2218 4654 ille
2273 4601 2363 4668 qni
2390 4631 2443 4691 Β
2469 4635 2600 4677 nere
2629 4619 2808 4689 (μνον,
2841 4621 3029 4686 xw")?

796 4691 961 4745 Deum
993 4691 1186 4744 nescit.

864 4781 1334 4850 lnvestigationem
1360 4783 1472 4836 veri
1516 4783 1803 4838 multorum
1849 4791 1928 4838 est
1977 4798 2236 4853 querere,
2269 4782 2364 4839 sed

797 4886 1089 4943 paucorum
1124 4871 1382 4926 invenire.

867 4962 1051 5016 Omnis
1079 4962 1341 5031 sapientia
1362 4972 1416 5017 et
1438 4972 1658 5020 scientia
1685 4980 1752 5021 ex
1770 4967 2078 5036 opinatione
2099 4968 2364 5023 consistit.

2536 4711 2618 4766 Ira
2648 4727 2753 4765 non
2803 4710 2965 4765 habet
3011 4711 3454 4778 misericordiam,
3486 4727 3586 4768 nec
3630 4728 3937 4783 trrumpens
3966 4713 4048 4769 fu-

2469 4821 2579 4861 I’OI'.

2543 4898 2804 4967 impetum
2873 4897 3129 4951 concitati
3194 4897 3411 4968 spiritus
3464 4897 3604 4952 ferre
3667 4912 3787 4965 quis
3846 4899 4049 4968 poterit

2473 4989 2654 5061 (Prov.
2688 4989 2893 5055 xxvn)?

869 5055 1056 5112 Melior
1097 5067 1179 5112 est
1209 5066 1387 5112 autem
1443 5073 1508 5112 ex
1550 5059 1771 5116 scientia
1826 5062 2064 5128 veniens,
2109 5078 2269 5131 quam
2299 5077 2365 5116 ex
2482 5055 2492 5061 ’
3055 5076 3204 5114 assus
3253 5075 3459 5116 smacn.

799 5149 1107 5218 opinatione
1128 5150 1413 5204 sententia.
2549 5155 2683 5209 Cum
2715 5153 2970 5208 iracundo
2997 5169 3103 5208 non
3132 5155 3298 5209 facias
3320 5156 3463 5209 rixas
3495 5152 3715 5218 (Eccita.
3751 5167 3850 5208 1x1.

870 5241 1000 5294 Nam
1033 5241 1120 5294 illa
1149 5253 1275 5294 vera
1307 5249 1405 5306 est,
1435 5241 1532 5295 ista
1564 5241 1744 5297 dubia.
2542 5245 2647 5301 Cor
2667 5246 2896 5300 hominis
2929 5246 3173 5300 immutat
3195 5247 3386 5302 faciem
3411 5248 3570 5310 illius,
3593 5247 3706 5302 sive
3736 5247 3788 5301 in
3821 5248 4047 5309 bonum,

871 5330 1272 5400 Simplicitatem
1295 5347 1414 5385 cum
1441 5333 1649 5400 ignavia
1679 5336 1862 5389 vocavi
1891 5335 2190 5389 stultitiam.
2469 5340 2582 5395 sive
2612 5340 2661 5392 in
2693 5338 2890 5392 malum
2924 5335 3152 5408 (Eccles.
3185 5340 3357 5407 xui).

869 5425 1276 5493 Simplicitatem
1321 5440 1441 5478 cum
1481 5427 1758 5495 prudentia
1804 5431 1985 5482 vocavi
2028 5429 2364 5498 sapientiam.
2542 5429 2833 5497 Vestigium
2863 5429 3039 5483 cordis
3087 5428 3232 5493 boni,
3263 5440 3317 5483 et
3344 5428 3532 5484 faciem
3587 5446 3804 5494 nonani,
3835 5431 4049 5487 dillieile

875 5516 1015 5570 Utile
1037 5525 1116 5569 cst
1150 5516 1314 5570 multa
1347 5518 1500 5582 seire,
1527 5527 1580 5572 et
1607 5529 1753 5574 recte
1775 5521 1974 5575 vivere.
2471 5528 2716 5582 invenies
2745 5536 2800 5581 et
2840 5541 2959 5582 cum
2994 5525 3174 5582 iahore
3204 5526 3414 5596 (lbid.).

872 5608 1024 5675 Quod
1059 5608 1103 5662 si
1147 5620 1432 5678 utrumque
1487 5627 1592 5664 non
1646 5614 1908 5680 valemus,
1961 5617 2151 5670 melius
2191 5625 2272 5670 est
2316 5625 2373 5671 ut
2545 5619 2662 5675 Non
2718 5629 2798 5675 est
2832 5628 2993 5690 caput
3045 5621 3272 5689 nequius
3325 5635 3484 5689 super
3529 5630 3690 5689 caput
3739 5621 3971 5684 colubri,
3999 5632 4050 5676 et

806 5701 938 5753 bene
957 5699 1167 5753 vivendi
1192 5701 1444 5768 studium,
1469 5717 1627 5772 quam
1649 5705 1812 5759 multa
1843 5707 2039 5762 sciendi
2059 5724 2366 5776 sequamur.
2475 5728 2581 5768 non
2605 5722 2686 5766 e-t
2711 5714 2784 5766 ira
2813 5728 2972 5780 super
3004 5713 3133 5766 iram
3167 5712 3362 5767 inimici
3396 5711 3618 5779 (Eccles.
3649 5717 3757 5782 xv).

876 5795 989 5848 Non
1015 5793 1155 5848 enim
1179 5795 1408 5864 pertinet
1436 5798 1500 5851 ad
1527 5797 1909 5854 beatitudinem
1942 5804 2367 5873 consequendam
2548 5803 2844 5858 Memorare
2892 5804 3094 5860 timoris
3134 5804 3246 5870 Dei,
3271 5813 3328 5858 et
3367 5819 3472 5858 non
3526 5805 3780 5862 irascaris
3803 5807 4046 5875 proximo

808 5887 900 5939 scit
923 5886 1030 5937 ntia
1063 5899 1258 5939 ruont.
2480 5896 2698 5966 (Eccles.
2736 5899 2937 5961 xmn).
