  <div class='ocr_page' id='page_1' title='image "/cluster/home/n/w/nwhite01/storage/ocr_20150623/88-89/uc1.31175000868714/328.png"; bbox 0 0 4194 6552; ppageno 0'>
   <div class='ocr_carea' id='block_1_1' title="bbox 172 382 276 440">
    <p class='ocr_par' dir='ltr' id='par_1_1' title="bbox 172 382 276 440">
     <span class='ocr_line' id='line_1_1' title="bbox 172 382 276 440; baseline -0.019 0"><span class='ocrx_word' id='word_1_1' title='bbox 172 382 276 440; x_wconf 69' lang='grc' dir='ltr'><strong>διε</strong></span> 
     </span>
    </p>
   </div>
   <div class='ocr_carea' id='block_1_2' title="bbox 166 586 1767 653">
    <p class='ocr_par' dir='ltr' id='par_1_2' title="bbox 166 586 1767 653">
     <span class='ocr_line' id='line_1_2' title="bbox 166 586 1767 653; baseline -0.001 -9"><span class='ocrx_word' id='word_1_2' title='bbox 166 596 220 645; x_wconf 89' lang='lat' dir='ltr'><strong>et</strong></span> <span class='ocrx_word' id='word_1_3' title='bbox 246 586 547 643; x_wconf 85' lang='lat' dir='ltr'><strong>secundum</strong></span> <span class='ocrx_word' id='word_1_4' title='bbox 574 586 808 643; x_wconf 72' lang='lat' dir='ltr'><strong>virtutes</strong></span> <span class='ocrx_word' id='word_1_5' title='bbox 849 587 1104 653; x_wconf 82' lang='lat' dir='ltr'><strong>hominis,</strong></span> <span class='ocrx_word' id='word_1_6' title='bbox 1155 588 1233 642; x_wconf 90' lang='lat' dir='ltr'><strong>sic</strong></span> <span class='ocrx_word' id='word_1_7' title='bbox 1282 586 1561 644; x_wconf 85' lang='lat' dir='ltr'><strong>iracundia</strong></span> <span class='ocrx_word' id='word_1_8' title='bbox 1617 587 1767 643; x_wconf 88' lang='lat' dir='ltr'><strong>illius</strong></span> 
     </span>
    </p>
   </div>
   <div class='ocr_carea' id='block_1_3' title="bbox 169 682 527 755">
    <p class='ocr_par' dir='ltr' id='par_1_3' title="bbox 169 682 527 755">
     <span class='ocr_line' id='line_1_3' title="bbox 169 682 527 755; baseline 0 -18"><span class='ocrx_word' id='word_1_9' title='bbox 169 683 266 737; x_wconf 89' lang='lat' dir='ltr'><strong>crit</strong></span> <span class='ocrx_word' id='word_1_10' title='bbox 310 682 527 755; x_wconf 54' lang='grc' dir='ltr'><strong>(Νῆα).</strong></span> 
     </span>
    </p>
   </div>
   <div class='ocr_carea' id='block_1_4' title="bbox 237 774 1199 832">
    <p class='ocr_par' dir='ltr' id='par_1_4' title="bbox 237 774 1199 832">
     <span class='ocr_line' id='line_1_4' title="bbox 237 774 1199 832; baseline 0 -3"><span class='ocrx_word' id='word_1_11' title='bbox 237 775 415 831; x_wconf 87' lang='lat' dir='ltr'><strong>Homo</strong></span> <span class='ocrx_word' id='word_1_12' title='bbox 445 774 735 832; x_wconf 88' lang='lat' dir='ltr'><strong>iracundus</strong></span> <span class='ocrx_word' id='word_1_13' title='bbox 764 774 1004 832; x_wconf 73' lang='lat' dir='ltr'><strong>incendit</strong></span> <span class='ocrx_word' id='word_1_14' title='bbox 1032 775 1199 830; x_wconf 35' lang='lat' dir='ltr'><strong>litem,</strong></span> 
     </span>
    </p>
   </div>
   <div class='ocr_carea' id='block_1_5' title="bbox 235 869 1766 941">
    <p class='ocr_par' dir='ltr' id='par_1_5' title="bbox 235 869 1766 941">
     <span class='ocr_line' id='line_1_5' title="bbox 235 869 1766 941; baseline 0.001 -18"><span class='ocrx_word' id='word_1_15' title='bbox 235 869 401 925; x_wconf 86' lang='lat' dir='ltr'><strong>Zelus</strong></span> <span class='ocrx_word' id='word_1_16' title='bbox 422 879 478 926; x_wconf 89' lang='lat' dir='ltr'><strong>et</strong></span> <span class='ocrx_word' id='word_1_17' title='bbox 518 870 796 928; x_wconf 84' lang='lat' dir='ltr'><strong>iracundia</strong></span> <span class='ocrx_word' id='word_1_18' title='bbox 844 871 1096 927; x_wconf 84' lang='lat' dir='ltr'><strong>minuunt</strong></span> <span class='ocrx_word' id='word_1_19' title='bbox 1134 869 1267 937; x_wconf 86' lang='lat' dir='ltr'><strong>dies,</strong></span> <span class='ocrx_word' id='word_1_20' title='bbox 1307 878 1364 927; x_wconf 90' lang='lat' dir='ltr'><strong>et</strong></span> <span class='ocrx_word' id='word_1_21' title='bbox 1392 879 1518 928; x_wconf 91' lang='lat' dir='ltr'><strong>ante</strong></span> <span class='ocrx_word' id='word_1_22' title='bbox 1552 877 1766 941; x_wconf 88' lang='lat' dir='ltr'><strong>tempus</strong></span> 
     </span>
    </p>
   </div>
   <div class='ocr_carea' id='block_1_6' title="bbox 168 964 957 1039">
    <p class='ocr_par' dir='ltr' id='par_1_6' title="bbox 168 964 957 1039">
     <span class='ocr_line' id='line_1_6' title="bbox 168 964 957 1039; baseline 0 -20"><span class='ocrx_word' id='word_1_23' title='bbox 168 964 232 1020; x_wconf 89' lang='lat' dir='ltr'><strong>ad</strong></span> <span class='ocrx_word' id='word_1_24' title='bbox 258 974 599 1023; x_wconf 84' lang='lat' dir='ltr'><strong>senectutem</strong></span> <span class='ocrx_word' id='word_1_25' title='bbox 629 966 957 1039; x_wconf 89' lang='lat' dir='ltr'><strong>producunt.</strong></span> 
     </span>
    </p>
   </div>
   <div class='ocr_carea' id='block_1_7' title="bbox 801 1098 1145 1140">
    <p class='ocr_par' dir='ltr' id='par_1_7' title="bbox 801 1098 1145 1140">
     <span class='ocr_line' id='line_1_7' title="bbox 801 1098 1145 1140; baseline 0.003 -2"><span class='ocrx_word' id='word_1_26' title='bbox 801 1098 1145 1140; x_wconf 74' lang='lat' dir='ltr'><strong>AUGUSTINUS.</strong></span> 
     </span>
    </p>
   </div>
   <div class='ocr_carea' id='block_1_8' title="bbox 235 1175 1767 1249">
    <p class='ocr_par' dir='ltr' id='par_1_8' title="bbox 235 1175 1767 1249">
     <span class='ocr_line' id='line_1_8' title="bbox 235 1175 1767 1249; baseline 0.001 -17"><span class='ocrx_word' id='word_1_27' title='bbox 235 1175 413 1233; x_wconf 84' lang='lat' dir='ltr'><strong>Furor</strong></span> <span class='ocrx_word' id='word_1_28' title='bbox 442 1178 709 1249; x_wconf 90' lang='lat' dir='ltr'><strong>incipiens</strong></span> <span class='ocrx_word' id='word_1_29' title='bbox 728 1178 809 1234; x_wconf 90' lang='lat' dir='ltr'><strong>ira</strong></span> <span class='ocrx_word' id='word_1_30' title='bbox 838 1186 945 1247; x_wconf 90' lang='lat' dir='ltr'><strong>est,</strong></span> <span class='ocrx_word' id='word_1_31' title='bbox 985 1188 1040 1234; x_wconf 91' lang='lat' dir='ltr'><strong>et</strong></span> <span class='ocrx_word' id='word_1_32' title='bbox 1077 1178 1296 1235; x_wconf 83' lang='lat' dir='ltr'><strong>fervens</strong></span> <span class='ocrx_word' id='word_1_33' title='bbox 1327 1179 1379 1234; x_wconf 93' lang='lat' dir='ltr'><strong>in</strong></span> <span class='ocrx_word' id='word_1_34' title='bbox 1412 1178 1594 1234; x_wconf 86' lang='lat' dir='ltr'><strong>animo</strong></span> <span class='ocrx_word' id='word_1_35' title='bbox 1627 1178 1767 1234; x_wconf 90' lang='lat' dir='ltr'><strong>indi-</strong></span> 
     </span>
    </p>
   </div>
   <div class='ocr_carea' id='block_1_9' title="bbox 166 1271 371 1339">
    <p class='ocr_par' dir='ltr' id='par_1_9' title="bbox 166 1271 371 1339">
     <span class='ocr_line' id='line_1_9' title="bbox 166 1271 371 1339; baseline -0.01 -14"><span class='ocrx_word' id='word_1_36' title='bbox 166 1271 371 1339; x_wconf 89' lang='lat' dir='ltr'><strong>gnatio.</strong></span> 
     </span>
    </p>
   </div>
   <div class='ocr_carea' id='block_1_10' title="bbox 236 1364 1765 1435">
    <p class='ocr_par' dir='ltr' id='par_1_10' title="bbox 236 1364 1765 1435">
     <span class='ocr_line' id='line_1_10' title="bbox 236 1364 1765 1435; baseline -0.001 -17"><span class='ocrx_word' id='word_1_37' title='bbox 236 1364 324 1420; x_wconf 91' lang='lat' dir='ltr'><strong>lra</strong></span> <span class='ocrx_word' id='word_1_38' title='bbox 350 1374 458 1435; x_wconf 89' lang='lat' dir='ltr'><strong>est,</strong></span> <span class='ocrx_word' id='word_1_39' title='bbox 515 1380 673 1434; x_wconf 63' lang='lat' dir='ltr'><strong>cuius</strong></span> <span class='ocrx_word' id='word_1_40' title='bbox 730 1367 1034 1421; x_wconf 86' lang='lat' dir='ltr'><strong>amaritqu</strong></span> <span class='ocrx_word' id='word_1_41' title='bbox 1064 1374 1117 1421; x_wconf 89' lang='lat' dir='ltr'><strong>et</strong></span> <span class='ocrx_word' id='word_1_42' title='bbox 1163 1364 1562 1434; x_wconf 13' lang='lat' dir='ltr'><strong>furor‘species</strong></span> <span class='ocrx_word' id='word_1_43' title='bbox 1617 1372 1765 1430; x_wconf 90' lang='lat' dir='ltr'><strong>sunt,</strong></span> 
     </span>
    </p>
   </div>
   <div class='ocr_carea' id='block_1_11' title="bbox 168 1456 1769 1530">
    <p class='ocr_par' dir='ltr' id='par_1_11' title="bbox 168 1456 1769 1530">
     <span class='ocr_line' id='line_1_11' title="bbox 168 1456 1769 1530; baseline -0.002 -16"><span class='ocrx_word' id='word_1_44' title='bbox 168 1474 293 1530; x_wconf 70' lang='lat' dir='ltr'><strong>quae</strong></span> <span class='ocrx_word' id='word_1_45' title='bbox 342 1458 529 1513; x_wconf 80' lang='lat' dir='ltr'><strong>furore</strong></span> <span class='ocrx_word' id='word_1_46' title='bbox 576 1458 846 1513; x_wconf 80' lang='lat' dir='ltr'><strong>exstincto</strong></span> <span class='ocrx_word' id='word_1_47' title='bbox 890 1457 1167 1513; x_wconf 80' lang='lat' dir='ltr'><strong>desiderat</strong></span> <span class='ocrx_word' id='word_1_48' title='bbox 1220 1456 1499 1523; x_wconf 79' lang='lat' dir='ltr'><strong>ultionem,</strong></span> <span class='ocrx_word' id='word_1_49' title='bbox 1547 1464 1602 1512; x_wconf 88' lang='lat' dir='ltr'><strong>et</strong></span> <span class='ocrx_word' id='word_1_50' title='bbox 1644 1471 1769 1512; x_wconf 91' lang='lat' dir='ltr'><strong>eum</strong></span> 
     </span>
    </p>
   </div>
   <div class='ocr_carea' id='block_1_12' title="bbox 168 1549 1225 1622">
    <p class='ocr_par' dir='ltr' id='par_1_12' title="bbox 168 1549 1225 1622">
     <span class='ocr_line' id='line_1_12' title="bbox 168 1549 1225 1622; baseline -0.004 -15"><span class='ocrx_word' id='word_1_51' title='bbox 168 1566 335 1622; x_wconf 86' lang='lat' dir='ltr'><strong>quem</strong></span> <span class='ocrx_word' id='word_1_52' title='bbox 359 1551 632 1621; x_wconf 85' lang='lat' dir='ltr'><strong>recepisse</strong></span> <span class='ocrx_word' id='word_1_53' title='bbox 661 1556 830 1617; x_wconf 78' lang='lat' dir='ltr'><strong>nutat,</strong></span> <span class='ocrx_word' id='word_1_54' title='bbox 864 1549 979 1604; x_wconf 90' lang='lat' dir='ltr'><strong>vult</strong></span> <span class='ocrx_word' id='word_1_55' title='bbox 1008 1549 1225 1605; x_wconf 64' lang='lat' dir='ltr'><strong>laedere.</strong></span> 
     </span>
    </p>
   </div>
   <div class='ocr_carea' id='block_1_13' title="bbox 808 1678 1121 1720">
    <p class='ocr_par' dir='ltr' id='par_1_13' title="bbox 808 1678 1121 1720">
     <span class='ocr_line' id='line_1_13' title="bbox 808 1678 1121 1720; baseline -0.006 0"><span class='ocrx_word' id='word_1_56' title='bbox 808 1678 1121 1720; x_wconf 76' lang='lat' dir='ltr'><strong>GBEGORIUS.</strong></span> 
     </span>
    </p>
   </div>
   <div class='ocr_carea' id='block_1_14' title="bbox 242 1776 1771 1834">
    <p class='ocr_par' dir='ltr' id='par_1_14' title="bbox 242 1776 1771 1834">
     <span class='ocr_line' id='line_1_14' title="bbox 242 1776 1771 1834; baseline 0 -1"><span class='ocrx_word' id='word_1_57' title='bbox 242 1778 375 1833; x_wconf 86' lang='lat' dir='ltr'><strong>Inde</strong></span> <span class='ocrx_word' id='word_1_58' title='bbox 402 1778 545 1833; x_wconf 91' lang='lat' dir='ltr'><strong>enim</strong></span> <span class='ocrx_word' id='word_1_59' title='bbox 586 1777 833 1834; x_wconf 86' lang='lat' dir='ltr'><strong>diabolus</strong></span> <span class='ocrx_word' id='word_1_60' title='bbox 865 1777 916 1831; x_wconf 94' lang='lat' dir='ltr'><strong>in</strong></span> <span class='ocrx_word' id='word_1_61' title='bbox 958 1776 1180 1833; x_wconf 87' lang='lat' dir='ltr'><strong>alterius</strong></span> <span class='ocrx_word' id='word_1_62' title='bbox 1209 1776 1377 1832; x_wconf 88' lang='lat' dir='ltr'><strong>corde</strong></span> <span class='ocrx_word' id='word_1_63' title='bbox 1406 1777 1536 1833; x_wconf 70' lang='lat' dir='ltr'><strong>rixa:</strong></span> <span class='ocrx_word' id='word_1_64' title='bbox 1565 1777 1771 1833; x_wconf 89' lang='lat' dir='ltr'><strong>malum</strong></span> 
     </span>
    </p>
   </div>
   <div class='ocr_carea' id='block_1_15' title="bbox 176 1869 1849 1939">
    <p class='ocr_par' dir='ltr' id='par_1_15' title="bbox 176 1869 1849 1939">
     <span class='ocr_line' id='line_1_15' title="bbox 176 1869 1849 1939; baseline -0.002 -10"><span class='ocrx_word' id='word_1_65' title='bbox 176 1873 318 1929; x_wconf 85' lang='lat' dir='ltr'><strong>solet</strong></span> <span class='ocrx_word' id='word_1_66' title='bbox 370 1871 685 1933; x_wconf 88' lang='lat' dir='ltr'><strong>immittere,</strong></span> <span class='ocrx_word' id='word_1_67' title='bbox 711 1870 855 1925; x_wconf 90' lang='lat' dir='ltr'><strong>unde</strong></span> <span class='ocrx_word' id='word_1_68' title='bbox 904 1869 1066 1923; x_wconf 89' lang='lat' dir='ltr'><strong>alium</strong></span> <span class='ocrx_word' id='word_1_69' title='bbox 1126 1869 1391 1939; x_wconf 84' lang='lat' dir='ltr'><strong>conspicit</strong></span> <span class='ocrx_word' id='word_1_70' title='bbox 1437 1869 1502 1921; x_wconf 87' lang='lat' dir='ltr'><strong>ad</strong></span> <span class='ocrx_word' id='word_1_71' title='bbox 1554 1870 1770 1939; x_wconf 76' lang='lat' dir='ltr'><strong>pictatis</strong></span> <span class='ocrx_word' id='word_1_72' title='bbox 1805 1875 1849 1936; x_wconf 82' lang='grc' dir='ltr'><strong>Β</strong></span> 
     </span>
    </p>
   </div>
   <div class='ocr_carea' id='block_1_16' title="bbox 174 1963 727 2037">
    <p class='ocr_par' dir='ltr' id='par_1_16' title="bbox 174 1963 727 2037">
     <span class='ocr_line' id='line_1_16' title="bbox 174 1963 727 2037; baseline -0.004 -18"><span class='ocrx_word' id='word_1_73' title='bbox 174 1964 454 2037; x_wconf 74' lang='lat' dir='ltr'><strong>negotium</strong></span> <span class='ocrx_word' id='word_1_74' title='bbox 482 1963 727 2018; x_wconf 83' lang='lat' dir='ltr'><strong>excitari.</strong></span> 
     </span>
    </p>
   </div>
   <div class='ocr_carea' id='block_1_17' title="bbox 244 2054 1768 2124">
    <p class='ocr_par' dir='ltr' id='par_1_17' title="bbox 244 2054 1768 2124">
     <span class='ocr_line' id='line_1_17' title="bbox 244 2054 1768 2124; baseline -0.002 -13"><span class='ocrx_word' id='word_1_75' title='bbox 244 2055 307 2111; x_wconf 91' lang='lat' dir='ltr'><strong>ln</strong></span> <span class='ocrx_word' id='word_1_76' title='bbox 335 2064 526 2112; x_wconf 90' lang='lat' dir='ltr'><strong>nostro</strong></span> <span class='ocrx_word' id='word_1_77' title='bbox 567 2055 709 2109; x_wconf 91' lang='lat' dir='ltr'><strong>enim</strong></span> <span class='ocrx_word' id='word_1_78' title='bbox 742 2054 886 2110; x_wconf 90' lang='lat' dir='ltr'><strong>bono</strong></span> <span class='ocrx_word' id='word_1_79' title='bbox 914 2069 1101 2124; x_wconf 91' lang='lat' dir='ltr'><strong>opere,</strong></span> <span class='ocrx_word' id='word_1_80' title='bbox 1151 2054 1444 2124; x_wconf 85' lang='lat' dir='ltr'><strong>aliquando</strong></span> <span class='ocrx_word' id='word_1_81' title='bbox 1472 2056 1768 2111; x_wconf 86' lang='lat' dir='ltr'><strong>cavendum</strong></span> 
     </span>
    </p>
   </div>
   <div class='ocr_carea' id='block_1_18' title="bbox 172 2148 1770 2220">
    <p class='ocr_par' dir='ltr' id='par_1_18' title="bbox 172 2148 1770 2220">
     <span class='ocr_line' id='line_1_18' title="bbox 172 2148 1770 2220; baseline -0.001 -15"><span class='ocrx_word' id='word_1_82' title='bbox 172 2158 255 2205; x_wconf 86' lang='lat' dir='ltr'><strong>est</strong></span> <span class='ocrx_word' id='word_1_83' title='bbox 282 2148 599 2205; x_wconf 82' lang='lat' dir='ltr'><strong>scandalum</strong></span> <span class='ocrx_word' id='word_1_84' title='bbox 652 2148 906 2219; x_wconf 78' lang='lat' dir='ltr'><strong>proximi.</strong></span> <span class='ocrx_word' id='word_1_85' title='bbox 965 2148 1257 2218; x_wconf 87' lang='lat' dir='ltr'><strong>aliquando</strong></span> <span class='ocrx_word' id='word_1_86' title='bbox 1309 2164 1440 2205; x_wconf 89' lang='lat' dir='ltr'><strong>vero</strong></span> <span class='ocrx_word' id='word_1_87' title='bbox 1471 2164 1570 2220; x_wconf 88' lang='lat' dir='ltr'><strong>pro</strong></span> <span class='ocrx_word' id='word_1_88' title='bbox 1604 2150 1770 2205; x_wconf 87' lang='lat' dir='ltr'><strong>nihilo</strong></span> 
     </span>
    </p>
   </div>
   <div class='ocr_carea' id='block_1_19' title="bbox 171 2240 561 2313">
    <p class='ocr_par' dir='ltr' id='par_1_19' title="bbox 171 2240 561 2313">
     <span class='ocr_line' id='line_1_19' title="bbox 171 2240 561 2313; baseline -0.008 -16"><span class='ocrx_word' id='word_1_89' title='bbox 171 2240 561 2313; x_wconf 89' lang='lat' dir='ltr'><strong>reputandum.</strong></span> 
     </span>
    </p>
   </div>
   <div class='ocr_carea' id='block_1_20' title="bbox 242 2332 1771 2402">
    <p class='ocr_par' dir='ltr' id='par_1_20' title="bbox 242 2332 1771 2402">
     <span class='ocr_line' id='line_1_20' title="bbox 242 2332 1771 2402; baseline 0 -16"><span class='ocrx_word' id='word_1_90' title='bbox 242 2333 521 2399; x_wconf 85' lang='lat' dir='ltr'><strong>Quantum</strong></span> <span class='ocrx_word' id='word_1_91' title='bbox 576 2333 721 2387; x_wconf 91' lang='lat' dir='ltr'><strong>enim</strong></span> <span class='ocrx_word' id='word_1_92' title='bbox 776 2334 892 2387; x_wconf 91' lang='lat' dir='ltr'><strong>sine</strong></span> <span class='ocrx_word' id='word_1_93' title='bbox 950 2340 1176 2402; x_wconf 47' lang='lat' dir='ltr'><strong>peccato</strong></span> <span class='ocrx_word' id='word_1_94' title='bbox 1230 2347 1539 2402; x_wconf 87' lang='lat' dir='ltr'><strong>possumus,</strong></span> <span class='ocrx_word' id='word_1_95' title='bbox 1601 2332 1771 2387; x_wconf 86' lang='lat' dir='ltr'><strong>vitare</strong></span> 
     </span>
    </p>
   </div>
   <div class='ocr_carea' id='block_1_21' title="bbox 172 2427 1193 2499">
    <p class='ocr_par' dir='ltr' id='par_1_21' title="bbox 172 2427 1193 2499">
     <span class='ocr_line' id='line_1_21' title="bbox 172 2427 1193 2499; baseline -0.002 -16"><span class='ocrx_word' id='word_1_96' title='bbox 172 2428 545 2499; x_wconf 83' lang='lat' dir='ltr'><strong>proximorum</strong></span> <span class='ocrx_word' id='word_1_97' title='bbox 575 2427 890 2484; x_wconf 85' lang='lat' dir='ltr'><strong>scandalum</strong></span> <span class='ocrx_word' id='word_1_98' title='bbox 914 2427 1193 2483; x_wconf 85' lang='lat' dir='ltr'><strong>debemus.</strong></span> 
     </span>
    </p>
   </div>
   <div class='ocr_carea' id='block_1_22' title="bbox 239 2520 1771 2587">
    <p class='ocr_par' dir='ltr' id='par_1_22' title="bbox 239 2520 1771 2587">
     <span class='ocr_line' id='line_1_22' title="bbox 239 2520 1771 2587; baseline -0.001 -12"><span class='ocrx_word' id='word_1_99' title='bbox 239 2520 297 2575; x_wconf 82' lang='lat' dir='ltr'><strong>Si</strong></span> <span class='ocrx_word' id='word_1_100' title='bbox 327 2529 511 2576; x_wconf 91' lang='lat' dir='ltr'><strong>autem</strong></span> <span class='ocrx_word' id='word_1_101' title='bbox 563 2521 630 2577; x_wconf 90' lang='lat' dir='ltr'><strong>de</strong></span> <span class='ocrx_word' id='word_1_102' title='bbox 659 2521 888 2577; x_wconf 84' lang='lat' dir='ltr'><strong>veritate</strong></span> <span class='ocrx_word' id='word_1_103' title='bbox 936 2521 1168 2577; x_wconf 84' lang='lat' dir='ltr'><strong>sumitur</strong></span> <span class='ocrx_word' id='word_1_104' title='bbox 1193 2522 1529 2587; x_wconf 84' lang='lat' dir='ltr'><strong>scandalum,</strong></span> <span class='ocrx_word' id='word_1_105' title='bbox 1587 2521 1771 2576; x_wconf 78' lang='lat' dir='ltr'><strong>utilius</strong></span> 
     </span>
    </p>
   </div>
   <div class='ocr_carea' id='block_1_23' title="bbox 170 2612 1770 2684">
    <p class='ocr_par' dir='ltr' id='par_1_23' title="bbox 170 2612 1770 2684">
     <span class='ocr_line' id='line_1_23' title="bbox 170 2612 1770 2684; baseline 0 -15"><span class='ocrx_word' id='word_1_106' title='bbox 170 2614 507 2684; x_wconf 88' lang='lat' dir='ltr'><strong>permittitur</strong></span> <span class='ocrx_word' id='word_1_107' title='bbox 547 2614 694 2671; x_wconf 89' lang='lat' dir='ltr'><strong>nasci</strong></span> <span class='ocrx_word' id='word_1_108' title='bbox 730 2612 1043 2670; x_wconf 87' lang='lat' dir='ltr'><strong>scandalqu</strong></span> <span class='ocrx_word' id='word_1_109' title='bbox 1070 2629 1234 2683; x_wconf 81' lang='lat' dir='ltr'><strong>quam</strong></span> <span class='ocrx_word' id='word_1_110' title='bbox 1264 2615 1465 2670; x_wconf 89' lang='lat' dir='ltr'><strong>veritas</strong></span> <span class='ocrx_word' id='word_1_111' title='bbox 1486 2614 1770 2684; x_wconf 87' lang='lat' dir='ltr'><strong>relinqua-</strong></span> 
     </span>
    </p>
   </div>
   <div class='ocr_carea' id='block_1_24' title="bbox 170 2711 275 2760">
    <p class='ocr_par' dir='ltr' id='par_1_24' title="bbox 170 2711 275 2760">
     <span class='ocr_line' id='line_1_24' title="bbox 170 2711 275 2760; baseline -0.01 0"><span class='ocrx_word' id='word_1_112' title='bbox 170 2711 275 2760; x_wconf 90' lang='lat' dir='ltr'><strong>tur.</strong></span> 
     </span>
    </p>
   </div>
   <div class='ocr_carea' id='block_1_25' title="bbox 767 2815 1121 2855">
    <p class='ocr_par' dir='ltr' id='par_1_25' title="bbox 767 2815 1121 2855">
     <span class='ocr_line' id='line_1_25' title="bbox 767 2815 1121 2855; baseline -0.003 -1"><span class='ocrx_word' id='word_1_113' title='bbox 767 2815 1121 2855; x_wconf 69' lang='lat' dir='ltr'><strong>HlEllONYHUS.</strong></span> 
     </span>
    </p>
   </div>
   <div class='ocr_carea' id='block_1_26' title="bbox 238 2890 1406 2961">
    <p class='ocr_par' dir='ltr' id='par_1_26' title="bbox 238 2890 1406 2961">
     <span class='ocr_line' id='line_1_26' title="bbox 238 2890 1406 2961; baseline 0.001 -17"><span class='ocrx_word' id='word_1_114' title='bbox 238 2890 295 2945; x_wconf 89' lang='lat' dir='ltr'><strong>Si</strong></span> <span class='ocrx_word' id='word_1_115' title='bbox 327 2898 382 2945; x_wconf 91' lang='lat' dir='ltr'><strong>te</strong></span> <span class='ocrx_word' id='word_1_116' title='bbox 412 2892 878 2961; x_wconf 71' lang='lat' dir='ltr'><strong>prmoccnpaverit</strong></span> <span class='ocrx_word' id='word_1_117' title='bbox 900 2892 997 2953; x_wconf 89' lang='lat' dir='ltr'><strong>ira,</strong></span> <span class='ocrx_word' id='word_1_118' title='bbox 1031 2891 1211 2959; x_wconf 85' lang='lat' dir='ltr'><strong>mitiga</strong></span> <span class='ocrx_word' id='word_1_119' title='bbox 1240 2892 1406 2946; x_wconf 86' lang='lat' dir='ltr'><strong>illam.</strong></span> 
     </span>
    </p>
   </div>
   <div class='ocr_carea' id='block_1_27' title="bbox 662 3018 1278 3059">
    <p class='ocr_par' dir='ltr' id='par_1_27' title="bbox 662 3018 1278 3059">
     <span class='ocr_line' id='line_1_27' title="bbox 662 3018 1278 3059; baseline 0 -3"><span class='ocrx_word' id='word_1_120' title='bbox 662 3019 729 3057; x_wconf 71' lang='lat' dir='ltr'><strong>EX</strong></span> <span class='ocrx_word' id='word_1_121' title='bbox 770 3018 925 3059; x_wconf 69' lang='grc' dir='ltr'><strong>ΜΒΝ)</strong></span> <span class='ocrx_word' id='word_1_122' title='bbox 963 3019 1278 3058; x_wconf 38' lang='lat' dir='ltr'><strong>CLEMENTI“.</strong></span> 
     </span>
    </p>
   </div>
   <div class='ocr_carea' id='block_1_28' title="bbox 236 3113 1769 3179">
    <p class='ocr_par' dir='ltr' id='par_1_28' title="bbox 236 3113 1769 3179">
     <span class='ocr_line' id='line_1_28' title="bbox 236 3113 1769 3179; baseline 0.001 -12"><span class='ocrx_word' id='word_1_123' title='bbox 236 3113 322 3169; x_wconf 89' lang='lat' dir='ltr'><strong>lra</strong></span> <span class='ocrx_word' id='word_1_124' title='bbox 359 3114 449 3169; x_wconf 88' lang='lat' dir='ltr'><strong>illa</strong></span> <span class='ocrx_word' id='word_1_125' title='bbox 482 3115 622 3168; x_wconf 87' lang='lat' dir='ltr'><strong>mala</strong></span> <span class='ocrx_word' id='word_1_126' title='bbox 672 3124 774 3177; x_wconf 89' lang='lat' dir='ltr'><strong>est,</strong></span> <span class='ocrx_word' id='word_1_127' title='bbox 800 3115 888 3169; x_wconf 88' lang='lat' dir='ltr'><strong>ubi</strong></span> <span class='ocrx_word' id='word_1_128' title='bbox 940 3124 1173 3169; x_wconf 81' lang='lat' dir='ltr'><strong>mentem</strong></span> <span class='ocrx_word' id='word_1_129' title='bbox 1223 3115 1419 3179; x_wconf 87' lang='lat' dir='ltr'><strong>turhat,</strong></span> <span class='ocrx_word' id='word_1_130' title='bbox 1454 3124 1511 3168; x_wconf 90' lang='lat' dir='ltr'><strong>nt</strong></span> <span class='ocrx_word' id='word_1_131' title='bbox 1562 3125 1769 3170; x_wconf 89' lang='lat' dir='ltr'><strong>rectum</strong></span> 
     </span>
    </p>
   </div>
   <div class='ocr_carea' id='block_1_29' title="bbox 165 3208 696 3275">
    <p class='ocr_par' dir='ltr' id='par_1_29' title="bbox 165 3208 696 3275">
     <span class='ocr_line' id='line_1_29' title="bbox 165 3208 696 3275; baseline -0.006 -12"><span class='ocrx_word' id='word_1_132' title='bbox 165 3208 456 3264; x_wconf 86' lang='lat' dir='ltr'><strong>consilium</strong></span> <span class='ocrx_word' id='word_1_133' title='bbox 489 3208 696 3275; x_wconf 85' lang='lat' dir='ltr'><strong>perdat.</strong></span> 
     </span>
    </p>
   </div>
   <div class='ocr_carea' id='block_1_30' title="bbox 240 3301 1770 3373">
    <p class='ocr_par' dir='ltr' id='par_1_30' title="bbox 240 3301 1770 3373">
     <span class='ocr_line' id='line_1_30' title="bbox 240 3301 1770 3373; baseline 0.003 -18"><span class='ocrx_word' id='word_1_134' title='bbox 240 3301 337 3356; x_wconf 91' lang='lat' dir='ltr'><strong>Illa</strong></span> <span class='ocrx_word' id='word_1_135' title='bbox 395 3316 529 3356; x_wconf 86' lang='lat' dir='ltr'><strong>vero</strong></span> <span class='ocrx_word' id='word_1_136' title='bbox 575 3301 655 3355; x_wconf 89' lang='lat' dir='ltr'><strong>ira</strong></span> <span class='ocrx_word' id='word_1_137' title='bbox 680 3314 800 3369; x_wconf 66' lang='lat' dir='ltr'><strong>quae</strong></span> <span class='ocrx_word' id='word_1_138' title='bbox 847 3316 1018 3357; x_wconf 60' lang='lat' dir='ltr'><strong>malos</strong></span> <span class='ocrx_word' id='word_1_139' title='bbox 1077 3302 1251 3373; x_wconf 82' lang='lat' dir='ltr'><strong>punit,</strong></span> <span class='ocrx_word' id='word_1_140' title='bbox 1310 3304 1770 3372; x_wconf 83' lang='lat' dir='ltr'><strong>perturbationem</strong></span> 
     </span>
    </p>
   </div>
   <div class='ocr_carea' id='block_1_31' title="bbox 170 3394 728 3451">
    <p class='ocr_par' dir='ltr' id='par_1_31' title="bbox 170 3394 728 3451">
     <span class='ocr_line' id='line_1_31' title="bbox 170 3394 728 3451; baseline -0.004 -2"><span class='ocrx_word' id='word_1_141' title='bbox 170 3396 377 3451; x_wconf 88' lang='lat' dir='ltr'><strong>mentis</strong></span> <span class='ocrx_word' id='word_1_142' title='bbox 405 3410 513 3449; x_wconf 93' lang='lat' dir='ltr'><strong>non</strong></span> <span class='ocrx_word' id='word_1_143' title='bbox 546 3394 728 3448; x_wconf 81' lang='lat' dir='ltr'><strong>infert.</strong></span> 
     </span>
    </p>
   </div>
   <div class='ocr_carea' id='block_1_32' title="bbox 236 3487 1773 3560">
    <p class='ocr_par' dir='ltr' id='par_1_32' title="bbox 236 3487 1773 3560">
     <span class='ocr_line' id='line_1_32' title="bbox 236 3487 1773 3560; baseline -0.001 -15"><span class='ocrx_word' id='word_1_144' title='bbox 236 3489 375 3545; x_wconf 67' lang='lat' dir='ltr'><strong>Haec</strong></span> <span class='ocrx_word' id='word_1_145' title='bbox 405 3498 490 3544; x_wconf 92' lang='lat' dir='ltr'><strong>est</strong></span> <span class='ocrx_word' id='word_1_146' title='bbox 529 3489 672 3543; x_wconf 91' lang='lat' dir='ltr'><strong>enim</strong></span> <span class='ocrx_word' id='word_1_147' title='bbox 698 3487 842 3555; x_wconf 88' lang='lat' dir='ltr'><strong>jnsta</strong></span> <span class='ocrx_word' id='word_1_148' title='bbox 873 3496 928 3542; x_wconf 89' lang='lat' dir='ltr'><strong>et</strong></span> <span class='ocrx_word' id='word_1_149' title='bbox 975 3503 1280 3544; x_wconf 82' lang='lat' dir='ltr'><strong>necessaria</strong></span> <span class='ocrx_word' id='word_1_150' title='bbox 1314 3490 1610 3557; x_wconf 85' lang='lat' dir='ltr'><strong>Iracundia,</strong></span> <span class='ocrx_word' id='word_1_151' title='bbox 1654 3506 1773 3560; x_wconf 73' lang='lat' dir='ltr'><strong>qua:</strong></span> 
     </span>
    </p>
   </div>
   <div class='ocr_carea' id='block_1_33' title="bbox 168 3583 1770 3656">
    <p class='ocr_par' dir='ltr' id='par_1_33' title="bbox 168 3583 1770 3656">
     <span class='ocr_line' id='line_1_33' title="bbox 168 3583 1770 3656; baseline 0.001 -20"><span class='ocrx_word' id='word_1_152' title='bbox 168 3585 551 3655; x_wconf 86' lang='lat' dir='ltr'><strong>unusquisque</strong></span> <span class='ocrx_word' id='word_1_153' title='bbox 592 3583 644 3637; x_wconf 91' lang='lat' dir='ltr'><strong>in</strong></span> <span class='ocrx_word' id='word_1_154' title='bbox 689 3583 754 3637; x_wconf 92' lang='lat' dir='ltr'><strong>iis</strong></span> <span class='ocrx_word' id='word_1_155' title='bbox 810 3583 861 3636; x_wconf 92' lang='lat' dir='ltr'><strong>in</strong></span> <span class='ocrx_word' id='word_1_156' title='bbox 910 3584 1106 3651; x_wconf 85' lang='lat' dir='ltr'><strong>quibus</strong></span> <span class='ocrx_word' id='word_1_157' title='bbox 1135 3583 1337 3638; x_wconf 89' lang='lat' dir='ltr'><strong>erravit</strong></span> <span class='ocrx_word' id='word_1_158' title='bbox 1386 3592 1442 3640; x_wconf 90' lang='lat' dir='ltr'><strong>et</strong></span> <span class='ocrx_word' id='word_1_159' title='bbox 1486 3598 1770 3656; x_wconf 89' lang='lat' dir='ltr'><strong>perperam</strong></span> 
     </span>
    </p>
   </div>
   <div class='ocr_carea' id='block_1_34' title="bbox 160 3674 1413 3747">
    <p class='ocr_par' dir='ltr' id='par_1_34' title="bbox 160 3674 1413 3747">
     <span class='ocr_line' id='line_1_34' title="bbox 160 3674 1413 3747; baseline -0.003 -14"><span class='ocrx_word' id='word_1_160' title='bbox 160 3679 360 3747; x_wconf 86' lang='lat' dir='ltr'><strong>gessit,</strong></span> <span class='ocrx_word' id='word_1_161' title='bbox 388 3676 705 3744; x_wconf 72' lang='lat' dir='ltr'><strong>indignatur</strong></span> <span class='ocrx_word' id='word_1_162' title='bbox 733 3682 789 3730; x_wconf 92' lang='lat' dir='ltr'><strong>et</strong></span> <span class='ocrx_word' id='word_1_163' title='bbox 811 3674 1159 3744; x_wconf 87' lang='lat' dir='ltr'><strong>semetipsum</strong></span> <span class='ocrx_word' id='word_1_164' title='bbox 1187 3676 1413 3730; x_wconf 84' lang='lat' dir='ltr'><strong>incusat.</strong></span> 
     </span>
    </p>
   </div>
   <div class='ocr_carea' id='block_1_35' title="bbox 712 3804 1224 3844">
    <p class='ocr_par' dir='ltr' id='par_1_35' title="bbox 712 3804 1224 3844">
     <span class='ocr_line' id='line_1_35' title="bbox 712 3804 1224 3844; baseline 0.002 -2"><span class='ocrx_word' id='word_1_165' title='bbox 712 3805 777 3843; x_wconf 66' lang='grc' dir='ltr'><strong>Εἰ</strong></span> <span class='ocrx_word' id='word_1_166' title='bbox 816 3804 954 3842; x_wconf 71' lang='grc' dir='ltr'>νιτιε</span> <span class='ocrx_word' id='word_1_167' title='bbox 993 3805 1224 3844; x_wconf 74' lang='lat' dir='ltr'><strong>I‘ATBUM.</strong></span> 
     </span>
    </p>
   </div>
   <div class='ocr_carea' id='block_1_36' title="bbox 234 3903 1771 3973">
    <p class='ocr_par' dir='ltr' id='par_1_36' title="bbox 234 3903 1771 3973">
     <span class='ocr_line' id='line_1_36' title="bbox 234 3903 1771 3973; baseline -0.001 -12"><span class='ocrx_word' id='word_1_168' title='bbox 234 3906 395 3961; x_wconf 87' lang='lat' dir='ltr'><strong>Oculi</strong></span> <span class='ocrx_word' id='word_1_169' title='bbox 458 3903 722 3969; x_wconf 89' lang='lat' dir='ltr'><strong>iracundi,</strong></span> <span class='ocrx_word' id='word_1_170' title='bbox 778 3903 1072 3959; x_wconf 88' lang='lat' dir='ltr'><strong>turbulenti</strong></span> <span class='ocrx_word' id='word_1_171' title='bbox 1103 3913 1160 3960; x_wconf 89' lang='lat' dir='ltr'><strong>ct</strong></span> <span class='ocrx_word' id='word_1_172' title='bbox 1187 3904 1488 3973; x_wconf 78' lang='lat' dir='ltr'><strong>sanguinei,</strong></span> <span class='ocrx_word' id='word_1_173' title='bbox 1517 3914 1642 3959; x_wconf 86' lang='lat' dir='ltr'><strong>sunt</strong></span> <span class='ocrx_word' id='word_1_174' title='bbox 1667 3908 1771 3960; x_wconf 90' lang='lat' dir='ltr'><strong>ira-</strong></span> 
     </span>
    </p>
   </div>
   <div class='ocr_carea' id='block_1_37' title="bbox 164 3997 766 4055">
    <p class='ocr_par' dir='ltr' id='par_1_37' title="bbox 164 3997 766 4055">
     <span class='ocr_line' id='line_1_37' title="bbox 164 3997 766 4055; baseline -0.008 0"><span class='ocrx_word' id='word_1_175' title='bbox 164 3999 325 4055; x_wconf 85' lang='lat' dir='ltr'><strong>eundi</strong></span> <span class='ocrx_word' id='word_1_176' title='bbox 356 3997 544 4055; x_wconf 90' lang='lat' dir='ltr'><strong>cordis</strong></span> <span class='ocrx_word' id='word_1_177' title='bbox 573 3997 766 4051; x_wconf 86' lang='lat' dir='ltr'><strong>nuntii.</strong></span> 
     </span>
    </p>
   </div>
   <div class='ocr_carea' id='block_1_38' title="bbox 234 4090 1769 4161">
    <p class='ocr_par' dir='ltr' id='par_1_38' title="bbox 234 4090 1769 4161">
     <span class='ocr_line' id='line_1_38' title="bbox 234 4090 1769 4161; baseline 0 -16"><span class='ocrx_word' id='word_1_178' title='bbox 234 4092 445 4161; x_wconf 82' lang='lat' dir='ltr'><strong>Vulpes</strong></span> <span class='ocrx_word' id='word_1_179' title='bbox 475 4090 744 4144; x_wconf 90' lang='lat' dir='ltr'><strong>inhabitat</strong></span> <span class='ocrx_word' id='word_1_180' title='bbox 770 4090 1002 4145; x_wconf 88' lang='lat' dir='ltr'><strong>animam</strong></span> <span class='ocrx_word' id='word_1_181' title='bbox 1027 4103 1147 4158; x_wconf 75' lang='lat' dir='ltr'><strong>qum</strong></span> <span class='ocrx_word' id='word_1_182' title='bbox 1191 4105 1398 4146; x_wconf 87' lang='lat' dir='ltr'><strong>memor</strong></span> <span class='ocrx_word' id='word_1_183' title='bbox 1420 4098 1503 4146; x_wconf 89' lang='lat' dir='ltr'><strong>est</strong></span> <span class='ocrx_word' id='word_1_184' title='bbox 1532 4090 1769 4158; x_wconf 65' lang='lat' dir='ltr'><strong>malitirc,</strong></span> 
     </span>
    </p>
   </div>
   <div class='ocr_carea' id='block_1_39' title="bbox 164 4180 1326 4241">
    <p class='ocr_par' dir='ltr' id='par_1_39' title="bbox 164 4180 1326 4241">
     <span class='ocr_line' id='line_1_39' title="bbox 164 4180 1326 4241; baseline -0.003 0"><span class='ocrx_word' id='word_1_185' title='bbox 164 4191 219 4241; x_wconf 82' lang='lat' dir='ltr'><strong>et</strong></span> <span class='ocrx_word' id='word_1_186' title='bbox 240 4183 440 4240; x_wconf 71' lang='lat' dir='ltr'><strong>bestia:</strong></span> <span class='ocrx_word' id='word_1_187' title='bbox 471 4182 674 4238; x_wconf 87' lang='lat' dir='ltr'><strong>cubant</strong></span> <span class='ocrx_word' id='word_1_188' title='bbox 714 4180 767 4236; x_wconf 94' lang='lat' dir='ltr'><strong>in</strong></span> <span class='ocrx_word' id='word_1_189' title='bbox 795 4182 1116 4236; x_wconf 86' lang='lat' dir='ltr'><strong>turbulentis</strong></span> <span class='ocrx_word' id='word_1_190' title='bbox 1143 4182 1326 4239; x_wconf 89' lang='lat' dir='ltr'><strong>corde.</strong></span> 
     </span>
    </p>
   </div>
   <div class='ocr_carea' id='block_1_40' title="bbox 229 4274 1771 4345">
    <p class='ocr_par' dir='ltr' id='par_1_40' title="bbox 229 4274 1771 4345">
     <span class='ocr_line' id='line_1_40' title="bbox 229 4274 1771 4345; baseline 0.002 -13"><span class='ocrx_word' id='word_1_191' title='bbox 229 4275 390 4333; x_wconf 85' lang='lat' dir='ltr'><strong>Sicut</strong></span> <span class='ocrx_word' id='word_1_192' title='bbox 420 4276 569 4331; x_wconf 88' lang='lat' dir='ltr'><strong>enim</strong></span> <span class='ocrx_word' id='word_1_193' title='bbox 606 4274 882 4345; x_wconf 88' lang='lat' dir='ltr'><strong>palearum</strong></span> <span class='ocrx_word' id='word_1_194' title='bbox 917 4274 1093 4331; x_wconf 76' lang='lat' dir='ltr'><strong>fumus</strong></span> <span class='ocrx_word' id='word_1_195' title='bbox 1112 4277 1407 4333; x_wconf 87' lang='lat' dir='ltr'><strong>conturbat</strong></span> <span class='ocrx_word' id='word_1_196' title='bbox 1429 4277 1664 4342; x_wconf 86' lang='lat' dir='ltr'><strong>oculum;</strong></span> <span class='ocrx_word' id='word_1_197' title='bbox 1692 4279 1771 4336; x_wconf 88' lang='lat' dir='ltr'><strong>sic</strong></span> 
     </span>
    </p>
   </div>
   <div class='ocr_carea' id='block_1_41' title="bbox 165 4366 1346 4437">
    <p class='ocr_par' dir='ltr' id='par_1_41' title="bbox 165 4366 1346 4437">
     <span class='ocr_line' id='line_1_41' title="bbox 165 4366 1346 4437; baseline -0.003 -11"><span class='ocrx_word' id='word_1_198' title='bbox 165 4368 433 4427; x_wconf 82' lang='lat' dir='ltr'><strong>memoria</strong></span> <span class='ocrx_word' id='word_1_199' title='bbox 468 4366 689 4421; x_wconf 74' lang='lat' dir='ltr'><strong>malitia:</strong></span> <span class='ocrx_word' id='word_1_200' title='bbox 720 4366 772 4421; x_wconf 93' lang='lat' dir='ltr'><strong>in</strong></span> <span class='ocrx_word' id='word_1_201' title='bbox 799 4375 1045 4437; x_wconf 89' lang='lat' dir='ltr'><strong>tempore</strong></span> <span class='ocrx_word' id='word_1_202' title='bbox 1067 4369 1346 4422; x_wconf 87' lang='lat' dir='ltr'><strong>orationis.</strong></span> 
     </span>
    </p>
   </div>
   <div class='ocr_carea' id='block_1_42' title="bbox 235 4459 1771 4531">
    <p class='ocr_par' dir='ltr' id='par_1_42' title="bbox 235 4459 1771 4531">
     <span class='ocr_line' id='line_1_42' title="bbox 235 4459 1771 4531; baseline -0.001 -14"><span class='ocrx_word' id='word_1_203' title='bbox 235 4460 494 4518; x_wconf 87' lang='lat' dir='ltr'><strong>Iracundi</strong></span> <span class='ocrx_word' id='word_1_204' title='bbox 520 4459 695 4515; x_wconf 89' lang='lat' dir='ltr'><strong>oratio</strong></span> <span class='ocrx_word' id='word_1_205' title='bbox 722 4459 1030 4515; x_wconf 91' lang='lat' dir='ltr'><strong>abominata</strong></span> <span class='ocrx_word' id='word_1_206' title='bbox 1062 4459 1434 4531; x_wconf 87' lang='lat' dir='ltr'><strong>thymiamata,</strong></span> <span class='ocrx_word' id='word_1_207' title='bbox 1456 4471 1510 4516; x_wconf 92' lang='lat' dir='ltr'><strong>et</strong></span> <span class='ocrx_word' id='word_1_208' title='bbox 1535 4463 1771 4531; x_wconf 87' lang='lat' dir='ltr'><strong>psalmo-</strong></span> 
     </span>
    </p>
   </div>
   <div class='ocr_carea' id='block_1_43' title="bbox 163 4548 1066 4609">
    <p class='ocr_par' dir='ltr' id='par_1_43' title="bbox 163 4548 1066 4609">
     <span class='ocr_line' id='line_1_43' title="bbox 163 4548 1066 4609; baseline -0.01 1"><span class='ocrx_word' id='word_1_209' title='bbox 163 4553 246 4609; x_wconf 89' lang='lat' dir='ltr'><strong>dia</strong></span> <span class='ocrx_word' id='word_1_210' title='bbox 273 4550 551 4609; x_wconf 88' lang='lat' dir='ltr'><strong>iracunda</strong></span> <span class='ocrx_word' id='word_1_211' title='bbox 581 4565 749 4605; x_wconf 89' lang='lat' dir='ltr'><strong>sonus</strong></span> <span class='ocrx_word' id='word_1_212' title='bbox 775 4548 1066 4604; x_wconf 87' lang='lat' dir='ltr'><strong>horribilis.</strong></span> 
     </span>
    </p>
   </div>
   <div class='ocr_carea' id='block_1_44' title="bbox 232 4640 1617 4709">
    <p class='ocr_par' dir='ltr' id='par_1_44' title="bbox 232 4640 1617 4709">
     <span class='ocr_line' id='line_1_44' title="bbox 232 4640 1617 4709; baseline -0.004 -9"><span class='ocrx_word' id='word_1_213' title='bbox 232 4646 425 4700; x_wconf 85' lang='lat' dir='ltr'><strong>Umnis</strong></span> <span class='ocrx_word' id='word_1_214' title='bbox 462 4643 609 4697; x_wconf 90' lang='lat' dir='ltr'><strong>enim</strong></span> <span class='ocrx_word' id='word_1_215' title='bbox 639 4640 767 4696; x_wconf 90' lang='lat' dir='ltr'><strong>boni</strong></span> <span class='ocrx_word' id='word_1_216' title='bbox 798 4640 1238 4709; x_wconf 88' lang='lat' dir='ltr'><strong>impedimentum</strong></span> <span class='ocrx_word' id='word_1_217' title='bbox 1271 4650 1353 4696; x_wconf 89' lang='lat' dir='ltr'><strong>est</strong></span> <span class='ocrx_word' id='word_1_218' title='bbox 1378 4641 1617 4695; x_wconf 83' lang='lat' dir='ltr'><strong>tristitia.</strong></span> 
     </span>
    </p>
   </div>
   <div class='ocr_carea' id='block_1_45' title="bbox 232 4732 1766 4795">
    <p class='ocr_par' dir='ltr' id='par_1_45' title="bbox 232 4732 1766 4795">
     <span class='ocr_line' id='line_1_45' title="bbox 232 4732 1766 4795; baseline -0.006 0"><span class='ocrx_word' id='word_1_219' title='bbox 232 4741 403 4795; x_wconf 74' lang='lat' dir='ltr'><strong>Nimis</strong></span> <span class='ocrx_word' id='word_1_220' title='bbox 429 4737 658 4791; x_wconf 90' lang='lat' dir='ltr'><strong>tristans</strong></span> <span class='ocrx_word' id='word_1_221' title='bbox 687 4735 849 4789; x_wconf 90' lang='lat' dir='ltr'><strong>homo</strong></span> <span class='ocrx_word' id='word_1_222' title='bbox 877 4748 983 4789; x_wconf 90' lang='lat' dir='ltr'><strong>non</strong></span> <span class='ocrx_word' id='word_1_223' title='bbox 1025 4741 1206 4788; x_wconf 85' lang='lat' dir='ltr'><strong>movet</strong></span> <span class='ocrx_word' id='word_1_224' title='bbox 1226 4748 1445 4790; x_wconf 89' lang='lat' dir='ltr'><strong>sensum</strong></span> <span class='ocrx_word' id='word_1_225' title='bbox 1474 4733 1542 4786; x_wconf 91' lang='lat' dir='ltr'><strong>ad</strong></span> <span class='ocrx_word' id='word_1_226' title='bbox 1571 4732 1766 4787; x_wconf 83' lang='lat' dir='ltr'><strong>divinae</strong></span> 
     </span>
    </p>
   </div>
   <div class='ocr_carea' id='block_1_46' title="bbox 165 4826 1768 4901">
    <p class='ocr_par' dir='ltr' id='par_1_46' title="bbox 165 4826 1768 4901">
     <span class='ocr_line' id='line_1_46' title="bbox 165 4826 1768 4901; baseline -0.006 -14"><span class='ocrx_word' id='word_1_227' title='bbox 165 4830 517 4901; x_wconf 79' lang='lat' dir='ltr'><strong>cogitationis</strong></span> <span class='ocrx_word' id='word_1_228' title='bbox 546 4828 819 4893; x_wconf 90' lang='lat' dir='ltr'><strong>intuitum,</strong></span> <span class='ocrx_word' id='word_1_229' title='bbox 850 4840 951 4882; x_wconf 87' lang='lat' dir='ltr'><strong>nec</strong></span> <span class='ocrx_word' id='word_1_230' title='bbox 998 4826 1300 4882; x_wconf 89' lang='lat' dir='ltr'><strong>orationem</strong></span> <span class='ocrx_word' id='word_1_231' title='bbox 1332 4826 1585 4881; x_wconf 89' lang='lat' dir='ltr'><strong>mundam</strong></span> <span class='ocrx_word' id='word_1_232' title='bbox 1610 4827 1768 4880; x_wconf 74' lang='lat' dir='ltr'><strong>emit-</strong></span> 
     </span>
    </p>
   </div>
   <div class='ocr_carea' id='block_1_47' title="bbox 167 4922 585 4995">
    <p class='ocr_par' dir='ltr' id='par_1_47' title="bbox 167 4922 585 4995">
     <span class='ocr_line' id='line_1_47' title="bbox 167 4922 585 4995; baseline -0.014 -14"><span class='ocrx_word' id='word_1_233' title='bbox 167 4934 241 4981; x_wconf 85' lang='lat' dir='ltr'><strong>tet</strong></span> <span class='ocrx_word' id='word_1_234' title='bbox 259 4922 585 4995; x_wconf 75' lang='lat' dir='ltr'><strong>aliquando.</strong></span> 
     </span>
    </p>
   </div>
   <div class='ocr_carea' id='block_1_48' title="bbox 235 5016 1767 5087">
    <p class='ocr_par' dir='ltr' id='par_1_48' title="bbox 235 5016 1767 5087">
     <span class='ocr_line' id='line_1_48' title="bbox 235 5016 1767 5087; baseline -0.002 -14"><span class='ocrx_word' id='word_1_235' title='bbox 235 5020 464 5075; x_wconf 84' lang='lat' dir='ltr'><strong>Vincula</strong></span> <span class='ocrx_word' id='word_1_236' title='bbox 500 5016 701 5087; x_wconf 90' lang='lat' dir='ltr'><strong>pedum</strong></span> <span class='ocrx_word' id='word_1_237' title='bbox 731 5016 1115 5086; x_wconf 86' lang='lat' dir='ltr'><strong>impedimenta</strong></span> <span class='ocrx_word' id='word_1_238' title='bbox 1164 5017 1417 5079; x_wconf 88' lang='lat' dir='ltr'><strong>cursoris,</strong></span> <span class='ocrx_word' id='word_1_239' title='bbox 1458 5023 1512 5069; x_wconf 91' lang='lat' dir='ltr'><strong>et</strong></span> <span class='ocrx_word' id='word_1_240' title='bbox 1554 5016 1767 5070; x_wconf 76' lang='lat' dir='ltr'><strong>tristitia</strong></span> 
     </span>
    </p>
   </div>
   <div class='ocr_carea' id='block_1_49' title="bbox 167 5106 1769 5182">
    <p class='ocr_par' dir='ltr' id='par_1_49' title="bbox 167 5106 1769 5182">
     <span class='ocr_line' id='line_1_49' title="bbox 167 5106 1769 5182; baseline -0.002 -16"><span class='ocrx_word' id='word_1_241' title='bbox 167 5112 619 5182; x_wconf 86' lang='lat' dir='ltr'><strong>impedimentum</strong></span> <span class='ocrx_word' id='word_1_242' title='bbox 648 5117 733 5163; x_wconf 88' lang='lat' dir='ltr'><strong>est</strong></span> <span class='ocrx_word' id='word_1_243' title='bbox 759 5106 955 5161; x_wconf 87' lang='lat' dir='ltr'><strong>visioni</strong></span> <span class='ocrx_word' id='word_1_244' title='bbox 997 5107 1191 5162; x_wconf 66' lang='lat' dir='ltr'><strong>divinae</strong></span> <span class='ocrx_word' id='word_1_245' title='bbox 1218 5126 1227 5161; x_wconf 95' lang='lat'>:</span> <span class='ocrx_word' id='word_1_246' title='bbox 1262 5111 1352 5178; x_wconf 91' lang='lat' dir='ltr'><strong>qui</strong></span> <span class='ocrx_word' id='word_1_247' title='bbox 1386 5108 1598 5162; x_wconf 86' lang='lat' dir='ltr'><strong>vinctus</strong></span> <span class='ocrx_word' id='word_1_248' title='bbox 1625 5116 1707 5161; x_wconf 90' lang='lat' dir='ltr'><strong>est</strong></span> <span class='ocrx_word' id='word_1_249' title='bbox 1739 5123 1769 5163; x_wconf 90' lang='lat' dir='ltr'><strong>a</strong></span> 
     </span>
    </p>
   </div>
   <div class='ocr_carea' id='block_1_50' title="bbox 167 5197 1420 5273">
    <p class='ocr_par' dir='ltr' id='par_1_50' title="bbox 167 5197 1420 5273">
     <span class='ocr_line' id='line_1_50' title="bbox 167 5197 1420 5273; baseline -0.005 -13"><span class='ocrx_word' id='word_1_250' title='bbox 167 5206 400 5273; x_wconf 87' lang='lat' dir='ltr'><strong>tristitia,</strong></span> <span class='ocrx_word' id='word_1_251' title='bbox 425 5203 545 5272; x_wconf 87' lang='lat' dir='ltr'><strong>jam</strong></span> <span class='ocrx_word' id='word_1_252' title='bbox 576 5207 864 5269; x_wconf 85' lang='lat' dir='ltr'><strong>superatus</strong></span> <span class='ocrx_word' id='word_1_253' title='bbox 893 5206 976 5251; x_wconf 90' lang='lat' dir='ltr'><strong>est</strong></span> <span class='ocrx_word' id='word_1_254' title='bbox 1004 5198 1072 5251; x_wconf 92' lang='lat' dir='ltr'><strong>ab</strong></span> <span class='ocrx_word' id='word_1_255' title='bbox 1103 5197 1220 5252; x_wconf 88' lang='lat' dir='ltr'><strong>aliis</strong></span> <span class='ocrx_word' id='word_1_256' title='bbox 1257 5199 1420 5254; x_wconf 86' lang='lat' dir='ltr'><strong>vitiis.</strong></span> 
     </span>
    </p>
   </div>
   <div class='ocr_carea' id='block_1_51' title="bbox 235 5291 1769 5357">
    <p class='ocr_par' dir='ltr' id='par_1_51' title="bbox 235 5291 1769 5357">
     <span class='ocr_line' id='line_1_51' title="bbox 235 5291 1769 5357; baseline -0.005 -4"><span class='ocrx_word' id='word_1_257' title='bbox 235 5297 444 5352; x_wconf 84' lang='lat' dir='ltr'><strong>Ventus</strong></span> <span class='ocrx_word' id='word_1_258' title='bbox 466 5291 837 5348; x_wconf 88' lang='lat' dir='ltr'><strong>validissimus</strong></span> <span class='ocrx_word' id='word_1_259' title='bbox 860 5306 967 5344; x_wconf 91' lang='lat' dir='ltr'><strong>non</strong></span> <span class='ocrx_word' id='word_1_260' title='bbox 993 5297 1175 5344; x_wconf 88' lang='lat' dir='ltr'><strong>movet</strong></span> <span class='ocrx_word' id='word_1_261' title='bbox 1197 5301 1423 5357; x_wconf 88' lang='lat' dir='ltr'><strong>turrem,</strong></span> <span class='ocrx_word' id='word_1_262' title='bbox 1452 5301 1506 5345; x_wconf 91' lang='lat' dir='ltr'><strong>et</strong></span> <span class='ocrx_word' id='word_1_263' title='bbox 1534 5291 1769 5346; x_wconf 83' lang='lat' dir='ltr'><strong>animam</strong></span> 
     </span>
    </p>
   </div>
   <div class='ocr_carea' id='block_1_52' title="bbox 169 5383 1096 5452">
    <p class='ocr_par' dir='ltr' id='par_1_52' title="bbox 169 5383 1096 5452">
     <span class='ocr_line' id='line_1_52' title="bbox 169 5383 1096 5452; baseline -0.01 -6"><span class='ocrx_word' id='word_1_264' title='bbox 169 5394 277 5446; x_wconf 13' lang='lat' dir='ltr'><strong>sint:</strong></span> <span class='ocrx_word' id='word_1_265' title='bbox 305 5383 382 5445; x_wconf 72' lang='lat' dir='ltr'><strong>ira</strong></span> <span class='ocrx_word' id='word_1_266' title='bbox 412 5406 526 5445; x_wconf 90' lang='lat' dir='ltr'><strong>non</strong></span> <span class='ocrx_word' id='word_1_267' title='bbox 559 5394 748 5443; x_wconf 83' lang='lat' dir='ltr'><strong>movet</strong></span> <span class='ocrx_word' id='word_1_268' title='bbox 775 5384 1096 5452; x_wconf 78' lang='lat' dir='ltr'><strong>indignatio.</strong></span> 
     </span>
    </p>
   </div>
   <div class='ocr_carea' id='block_1_53' title="bbox 240 5476 1771 5554">
    <p class='ocr_par' dir='ltr' id='par_1_53' title="bbox 240 5476 1771 5554">
     <span class='ocr_line' id='line_1_53' title="bbox 240 5476 1771 5554; baseline -0.006 -13"><span class='ocrx_word' id='word_1_269' title='bbox 240 5488 390 5554; x_wconf 81' lang='lat' dir='ltr'><strong>Aqua</strong></span> <span class='ocrx_word' id='word_1_270' title='bbox 419 5488 680 5538; x_wconf 88' lang='lat' dir='ltr'><strong>movetur</strong></span> <span class='ocrx_word' id='word_1_271' title='bbox 711 5492 808 5548; x_wconf 90' lang='lat' dir='ltr'><strong>per</strong></span> <span class='ocrx_word' id='word_1_272' title='bbox 836 5476 1122 5531; x_wconf 83' lang='lat' dir='ltr'><strong>violentias</strong></span> <span class='ocrx_word' id='word_1_273' title='bbox 1143 5484 1451 5542; x_wconf 89' lang='lat' dir='ltr'><strong>ventorum,</strong></span> <span class='ocrx_word' id='word_1_274' title='bbox 1480 5484 1535 5531; x_wconf 90' lang='lat' dir='ltr'><strong>et</strong></span> <span class='ocrx_word' id='word_1_275' title='bbox 1557 5476 1771 5533; x_wconf 89' lang='lat' dir='ltr'><strong>iracun-</strong></span> 
     </span>
    </p>
   </div>
   <div class='ocr_carea' id='block_1_54' title="bbox 171 5565 1487 5636">
    <p class='ocr_par' dir='ltr' id='par_1_54' title="bbox 171 5565 1487 5636">
     <span class='ocr_line' id='line_1_54' title="bbox 171 5565 1487 5636; baseline -0.008 -4"><span class='ocrx_word' id='word_1_276' title='bbox 171 5577 264 5632; x_wconf 89' lang='lat' dir='ltr'><strong>dus</strong></span> <span class='ocrx_word' id='word_1_277' title='bbox 292 5574 659 5632; x_wconf 87' lang='lat' dir='ltr'><strong>conturbatur</strong></span> <span class='ocrx_word' id='word_1_278' title='bbox 691 5583 721 5621; x_wconf 90' lang='lat' dir='ltr'><strong>a</strong></span> <span class='ocrx_word' id='word_1_279' title='bbox 754 5566 1165 5636; x_wconf 82' lang='lat' dir='ltr'><strong>cogitationibus</strong></span> <span class='ocrx_word' id='word_1_280' title='bbox 1199 5565 1487 5622; x_wconf 89' lang='lat' dir='ltr'><strong>iracundis.</strong></span> 
     </span>
    </p>
   </div>
   <div class='ocr_carea' id='block_1_55' title="bbox 239 5659 1768 5737">
    <p class='ocr_par' dir='ltr' id='par_1_55' title="bbox 239 5659 1768 5737">
     <span class='ocr_line' id='line_1_55' title="bbox 239 5659 1768 5737; baseline -0.009 -12"><span class='ocrx_word' id='word_1_281' title='bbox 239 5667 341 5737; x_wconf 86' lang='lat' dir='ltr'><strong>Qui</strong></span> <span class='ocrx_word' id='word_1_282' title='bbox 372 5668 619 5736; x_wconf 87' lang='lat' dir='ltr'><strong>linguam</strong></span> <span class='ocrx_word' id='word_1_283' title='bbox 650 5676 804 5716; x_wconf 88' lang='lat' dir='ltr'><strong>suam</strong></span> <span class='ocrx_word' id='word_1_284' title='bbox 850 5674 957 5714; x_wconf 90' lang='lat' dir='ltr'><strong>non</strong></span> <span class='ocrx_word' id='word_1_285' title='bbox 1011 5659 1246 5713; x_wconf 87' lang='lat' dir='ltr'><strong>tenuerit</strong></span> <span class='ocrx_word' id='word_1_286' title='bbox 1294 5660 1346 5713; x_wconf 93' lang='lat' dir='ltr'><strong>in</strong></span> <span class='ocrx_word' id='word_1_287' title='bbox 1378 5668 1623 5731; x_wconf 86' lang='lat' dir='ltr'><strong>tempore</strong></span> <span class='ocrx_word' id='word_1_288' title='bbox 1654 5664 1768 5727; x_wconf 70' lang='lat' dir='ltr'><strong>im,</strong></span> 
     </span>
    </p>
   </div>
   <div class='ocr_carea' id='block_1_56' title="bbox 175 5751 1768 5834">
    <p class='ocr_par' dir='ltr' id='par_1_56' title="bbox 175 5751 1768 5834">
     <span class='ocr_line' id='line_1_56' title="bbox 175 5751 1768 5834; baseline -0.006 -15"><span class='ocrx_word' id='word_1_289' title='bbox 175 5761 607 5834; x_wconf 64' lang='lat' dir='ltr'><strong>nec‘passionetn</strong></span> <span class='ocrx_word' id='word_1_290' title='bbox 640 5753 824 5810; x_wconf 89' lang='lat' dir='ltr'><strong>carnis</strong></span> <span class='ocrx_word' id='word_1_291' title='bbox 838 5767 947 5807; x_wconf 66' lang='lat' dir='ltr'><strong>sua:</strong></span> <span class='ocrx_word' id='word_1_292' title='bbox 972 5751 1171 5822; x_wconf 81' lang='lat' dir='ltr'><strong>poterit</strong></span> <span class='ocrx_word' id='word_1_293' title='bbox 1192 5752 1404 5820; x_wconf 87' lang='lat' dir='ltr'><strong>aliquan</strong></span> <span class='ocrx_word' id='word_1_294' title='bbox 1428 5754 1477 5808; x_wconf 69' lang='lat' dir='ltr'><strong>Eo</strong></span> <span class='ocrx_word' id='word_1_295' title='bbox 1509 5755 1768 5809; x_wconf 81' lang='lat' dir='ltr'><strong>retinere.</strong></span> 
     </span>
    </p>
   </div>
   <div class='ocr_carea' id='block_1_57' title="bbox 238 5846 1771 5918">
    <p class='ocr_par' dir='ltr' id='par_1_57' title="bbox 238 5846 1771 5918">
     <span class='ocr_line' id='line_1_57' title="bbox 238 5846 1771 5918; baseline -0.007 -3"><span class='ocrx_word' id='word_1_296' title='bbox 238 5858 389 5915; x_wconf 66' lang='lat' dir='ltr'><strong>Sicut</strong></span> <span class='ocrx_word' id='word_1_297' title='bbox 420 5855 639 5911; x_wconf 79' lang='lat' dir='ltr'><strong>Africus</strong></span> <span class='ocrx_word' id='word_1_298' title='bbox 669 5857 862 5905; x_wconf 90' lang='lat' dir='ltr'><strong>ventus</strong></span> <span class='ocrx_word' id='word_1_299' title='bbox 907 5848 959 5903; x_wconf 92' lang='lat' dir='ltr'><strong>in</strong></span> <span class='ocrx_word' id='word_1_300' title='bbox 1011 5846 1206 5918; x_wconf 85' lang='lat' dir='ltr'><strong>pelago</strong></span> <span class='ocrx_word' id='word_1_301' title='bbox 1275 5848 1349 5903; x_wconf 87' lang='lat' dir='ltr'><strong>ita</strong></span> <span class='ocrx_word' id='word_1_302' title='bbox 1391 5846 1543 5904; x_wconf 82' lang='lat' dir='ltr'><strong>furor</strong></span> <span class='ocrx_word' id='word_1_303' title='bbox 1575 5850 1671 5903; x_wconf 85' lang='lat' dir='ltr'><strong>viri</strong></span> <span class='ocrx_word' id='word_1_304' title='bbox 1718 5851 1771 5905; x_wconf 90' lang='lat' dir='ltr'><strong>in</strong></span> 
     </span>
    </p>
   </div>
   <div class='ocr_carea' id='block_1_58' title="bbox 178 5953 347 6007">
    <p class='ocr_par' dir='ltr' id='par_1_58' title="bbox 178 5953 347 6007">
     <span class='ocr_line' id='line_1_58' title="bbox 178 5953 347 6007; baseline -0.012 1"><span class='ocrx_word' id='word_1_305' title='bbox 178 5953 347 6007; x_wconf 83' lang='lat' dir='ltr'><strong>corde.</strong></span> 
     </span>
    </p>
   </div>
   <div class='ocr_carea' id='block_1_59' title="bbox 1458 377 2242 439">
    <p class='ocr_par' dir='ltr' id='par_1_59' title="bbox 1458 377 2242 439">
     <span class='ocr_line' id='line_1_59' title="bbox 1458 377 2242 439; baseline -0.005 1"><span class='ocrx_word' id='word_1_306' title='bbox 1458 380 1809 439; x_wconf 77' lang='lat' dir='ltr'><strong>SC‘lNTILLA</strong></span> <span class='ocrx_word' id='word_1_307' title='bbox 1820 379 1961 438; x_wconf 83' lang='lat' dir='ltr'><strong>RUM</strong></span> <span class='ocrx_word' id='word_1_308' title='bbox 2019 377 2242 436; x_wconf 79' lang='lat' dir='ltr'><strong>LIBER.</strong></span> 
     </span>
    </p>
   </div>
   <div class='ocr_carea' id='block_1_60' title="bbox 236 491 1847 565">
    <p class='ocr_par' dir='ltr' id='par_1_60' title="bbox 236 491 1847 565">
     <span class='ocr_line' id='line_1_60' title="bbox 236 491 1847 565; baseline -0.002 -14"><span class='ocrx_word' id='word_1_309' title='bbox 236 493 549 551; x_wconf 78' lang='lat' dir='ltr'><strong>Secundum</strong></span> <span class='ocrx_word' id='word_1_310' title='bbox 572 494 721 550; x_wconf 90' lang='lat' dir='ltr'><strong>enim</strong></span> <span class='ocrx_word' id='word_1_311' title='bbox 749 493 897 563; x_wconf 84' lang='lat' dir='ltr'><strong>ligna</strong></span> <span class='ocrx_word' id='word_1_312' title='bbox 931 491 1116 565; x_wconf 73' lang='lat' dir='ltr'><strong>sylvas,</strong></span> <span class='ocrx_word' id='word_1_313' title='bbox 1148 495 1225 551; x_wconf 90' lang='lat' dir='ltr'><strong>sic</strong></span> <span class='ocrx_word' id='word_1_314' title='bbox 1250 494 1388 564; x_wconf 86' lang='lat' dir='ltr'><strong>ignis</strong></span> <span class='ocrx_word' id='word_1_315' title='bbox 1425 494 1761 559; x_wconf 78' lang='lat' dir='ltr'><strong>exardescit;</strong></span> <span class='ocrx_word' id='word_1_316' title='bbox 1794 499 1847 557; x_wconf 84' lang='grc' dir='ltr'><strong>Α</strong></span> 
     </span>
    </p>
   </div>
   <div class='ocr_carea' id='block_1_61' title="bbox 3364 386 3472 447">
    <p class='ocr_par' dir='ltr' id='par_1_61' title="bbox 3364 386 3472 447">
     <span class='ocr_line' id='line_1_61' title="bbox 3364 386 3472 447; baseline 0.046 -6"><span class='ocrx_word' id='word_1_317' title='bbox 3364 386 3472 447; x_wconf 71' lang='lat'><strong>646</strong></span> 
     </span>
    </p>
   </div>
   <div class='ocr_carea' id='block_1_62' title="bbox 2472 512 2849 571">
    <p class='ocr_par' dir='ltr' id='par_1_62' title="bbox 2472 512 2849 571">
     <span class='ocr_line' id='line_1_62' title="bbox 2472 512 2849 571; baseline 0 0"><span class='ocrx_word' id='word_1_318' title='bbox 2472 512 2703 571; x_wconf 79' lang='lat' dir='ltr'><strong>CAPUT</strong></span> <span class='ocrx_word' id='word_1_319' title='bbox 2730 513 2849 571; x_wconf 80' lang='lat' dir='ltr'><strong>XX.</strong></span> 
     </span>
    </p>
   </div>
   <div class='ocr_carea' id='block_1_63' title="bbox 2412 626 2924 699">
    <p class='ocr_par' dir='ltr' id='par_1_63' title="bbox 2412 626 2924 699">
     <span class='ocr_line' id='line_1_63' title="bbox 2412 626 2924 699; baseline 0.01 -20"><span class='ocrx_word' id='word_1_320' title='bbox 2412 626 2491 682; x_wconf 87' lang='lat' dir='ltr'><strong>De</strong></span> <span class='ocrx_word' id='word_1_321' title='bbox 2548 642 2683 681; x_wconf 84' lang='lat' dir='ltr'><strong>vana</strong></span> <span class='ocrx_word' id='word_1_322' title='bbox 2733 628 2924 699; x_wconf 78' lang='lat' dir='ltr'><strong>gloria.</strong></span> 
     </span>
    </p>
   </div>
   <div class='ocr_carea' id='block_1_64' title="bbox 2535 775 2809 818">
    <p class='ocr_par' dir='ltr' id='par_1_64' title="bbox 2535 775 2809 818">
     <span class='ocr_line' id='line_1_64' title="bbox 2535 775 2809 818; baseline 0 0"><span class='ocrx_word' id='word_1_323' title='bbox 2535 775 2809 818; x_wconf 73' lang='lat' dir='ltr'><strong>CHRISTUS.</strong></span> 
     </span>
    </p>
   </div>
   <div class='ocr_carea' id='block_1_65' title="bbox 1943 847 3471 918">
    <p class='ocr_par' dir='ltr' id='par_1_65' title="bbox 1943 847 3471 918">
     <span class='ocr_line' id='line_1_65' title="bbox 1943 847 3471 918; baseline 0.011 -17"><span class='ocrx_word' id='word_1_324' title='bbox 1943 848 2219 906; x_wconf 80' lang='lat' dir='ltr'><strong>Attendite</strong></span> <span class='ocrx_word' id='word_1_325' title='bbox 2246 863 2316 904; x_wconf 91' lang='lat' dir='ltr'><strong>ne</strong></span> <span class='ocrx_word' id='word_1_326' title='bbox 2344 847 2550 907; x_wconf 80' lang='lat' dir='ltr'><strong>faciatis</strong></span> <span class='ocrx_word' id='word_1_327' title='bbox 2583 852 2842 917; x_wconf 86' lang='lat' dir='ltr'><strong>iustitiam</strong></span> <span class='ocrx_word' id='word_1_328' title='bbox 2872 863 3107 912; x_wconf 86' lang='lat' dir='ltr'><strong>vestram</strong></span> <span class='ocrx_word' id='word_1_329' title='bbox 3134 872 3319 914; x_wconf 83' lang='lat' dir='ltr'><strong>coram</strong></span> <span class='ocrx_word' id='word_1_330' title='bbox 3372 861 3471 918; x_wconf 89' lang='lat' dir='ltr'><strong>ho-</strong></span> 
     </span>
    </p>
   </div>
   <div class='ocr_carea' id='block_1_66' title="bbox 1872 942 3125 1021">
    <p class='ocr_par' dir='ltr' id='par_1_66' title="bbox 1872 942 3125 1021">
     <span class='ocr_line' id='line_1_66' title="bbox 1872 942 3125 1021; baseline 0.008 -25"><span class='ocrx_word' id='word_1_331' title='bbox 1872 942 2132 1011; x_wconf 86' lang='lat' dir='ltr'><strong>minibus,</strong></span> <span class='ocrx_word' id='word_1_332' title='bbox 2163 950 2224 998; x_wconf 92' lang='lat' dir='ltr'><strong>ut</strong></span> <span class='ocrx_word' id='word_1_333' title='bbox 2250 942 2540 998; x_wconf 87' lang='lat' dir='ltr'><strong>videamini</strong></span> <span class='ocrx_word' id='word_1_334' title='bbox 2569 945 2637 1000; x_wconf 90' lang='lat' dir='ltr'><strong>ab</strong></span> <span class='ocrx_word' id='word_1_335' title='bbox 2664 947 2746 1003; x_wconf 90' lang='lat' dir='ltr'><strong>eis</strong></span> <span class='ocrx_word' id='word_1_336' title='bbox 2774 945 2995 1017; x_wconf 77' lang='lat' dir='ltr'><strong>(Matth.</strong></span> <span class='ocrx_word' id='word_1_337' title='bbox 3028 952 3125 1021; x_wconf 79' lang='lat' dir='ltr'><strong>vr).</strong></span> 
     </span>
    </p>
   </div>
   <div class='ocr_carea' id='block_1_67' title="bbox 1944 1034 3470 1113">
    <p class='ocr_par' dir='ltr' id='par_1_67' title="bbox 1944 1034 3470 1113">
     <span class='ocr_line' id='line_1_67' title="bbox 1944 1034 3470 1113; baseline 0.011 -21"><span class='ocrx_word' id='word_1_338' title='bbox 1944 1034 2196 1113; x_wconf 86' lang='lat' dir='ltr'><strong>Alioquin</strong></span> <span class='ocrx_word' id='word_1_339' title='bbox 2240 1036 2548 1093; x_wconf 85' lang='lat' dir='ltr'><strong>mercedem</strong></span> <span class='ocrx_word' id='word_1_340' title='bbox 2580 1054 2687 1092; x_wconf 91' lang='lat' dir='ltr'><strong>non</strong></span> <span class='ocrx_word' id='word_1_341' title='bbox 2743 1037 3016 1100; x_wconf 86' lang='lat' dir='ltr'><strong>habebitis</strong></span> <span class='ocrx_word' id='word_1_342' title='bbox 3061 1045 3205 1113; x_wconf 88' lang='lat' dir='ltr'><strong>apud</strong></span> <span class='ocrx_word' id='word_1_343' title='bbox 3250 1044 3470 1108; x_wconf 81' lang='lat' dir='ltr'><strong>Patrem</strong></span> 
     </span>
    </p>
   </div>
   <div class='ocr_carea' id='block_1_68' title="bbox 1874 1133 2357 1205">
    <p class='ocr_par' dir='ltr' id='par_1_68' title="bbox 1874 1133 2357 1205">
     <span class='ocr_line' id='line_1_68' title="bbox 1874 1133 2357 1205; baseline 0.008 -20"><span class='ocrx_word' id='word_1_344' title='bbox 1874 1138 2115 1190; x_wconf 82' lang='lat' dir='ltr'><strong>vestrum</strong></span> <span class='ocrx_word' id='word_1_345' title='bbox 2145 1133 2357 1205; x_wconf 78' lang='lat' dir='ltr'><strong>(lbid.).</strong></span> 
     </span>
    </p>
   </div>
   <div class='ocr_carea' id='block_1_69' title="bbox 2561 1245 2779 1288">
    <p class='ocr_par' dir='ltr' id='par_1_69' title="bbox 2561 1245 2779 1288">
     <span class='ocr_line' id='line_1_69' title="bbox 2561 1245 2779 1288; baseline 0.014 -3"><span class='ocrx_word' id='word_1_346' title='bbox 2561 1245 2779 1288; x_wconf 75' lang='grc' dir='ltr'><strong>ρΑυιυε.</strong></span> 
     </span>
    </p>
   </div>
   <div class='ocr_carea' id='block_1_70' title="bbox 1948 1322 3307 1401">
    <p class='ocr_par' dir='ltr' id='par_1_70' title="bbox 1948 1322 3307 1401">
     <span class='ocr_line' id='line_1_70' title="bbox 1948 1322 3307 1401; baseline 0.004 -23"><span class='ocrx_word' id='word_1_347' title='bbox 1948 1322 2046 1388; x_wconf 86' lang='lat' dir='ltr'><strong>Qui</strong></span> <span class='ocrx_word' id='word_1_348' title='bbox 2074 1322 2355 1392; x_wconf 85' lang='lat' dir='ltr'><strong>gloriatur,</strong></span> <span class='ocrx_word' id='word_1_349' title='bbox 2386 1323 2438 1380; x_wconf 94' lang='lat' dir='ltr'><strong>in</strong></span> <span class='ocrx_word' id='word_1_350' title='bbox 2464 1323 2694 1381; x_wconf 92' lang='lat' dir='ltr'><strong>Domino</strong></span> <span class='ocrx_word' id='word_1_351' title='bbox 2725 1326 3058 1401; x_wconf 64' lang='lat' dir='ltr'><strong>glorietur”</strong></span> <span class='ocrx_word' id='word_1_352' title='bbox 3092 1329 3212 1388; x_wconf 88' lang='lat' dir='ltr'><strong>Cor.</strong></span> <span class='ocrx_word' id='word_1_353' title='bbox 3244 1329 3307 1401; x_wconf 92' lang='lat' dir='ltr'><strong>I).</strong></span> 
     </span>
    </p>
   </div>
   <div class='ocr_carea' id='block_1_71' title="bbox 2537 1432 2805 1474">
    <p class='ocr_par' dir='ltr' id='par_1_71' title="bbox 2537 1432 2805 1474">
     <span class='ocr_line' id='line_1_71' title="bbox 2537 1432 2805 1474; baseline 0.011 -3"><span class='ocrx_word' id='word_1_354' title='bbox 2537 1432 2784 1474; x_wconf 72' lang='lat' dir='ltr'><strong>SALOMON</strong></span> <span class='ocrx_word' id='word_1_355' title='bbox 2793 1460 2805 1473; x_wconf 83' lang='lat'><strong>.</strong></span> 
     </span>
    </p>
   </div>
   <div class='ocr_carea' id='block_1_72' title="bbox 1948 1505 3474 1588">
    <p class='ocr_par' dir='ltr' id='par_1_72' title="bbox 1948 1505 3474 1588">
     <span class='ocr_line' id='line_1_72' title="bbox 1948 1505 3474 1588; baseline 0.01 -29"><span class='ocrx_word' id='word_1_356' title='bbox 1948 1505 2026 1560; x_wconf 85' lang='lat' dir='ltr'><strong>Ne</strong></span> <span class='ocrx_word' id='word_1_357' title='bbox 2051 1505 2298 1574; x_wconf 81' lang='lat' dir='ltr'><strong>glorieris</strong></span> <span class='ocrx_word' id='word_1_358' title='bbox 2340 1507 2391 1561; x_wconf 93' lang='lat' dir='ltr'><strong>in</strong></span> <span class='ocrx_word' id='word_1_359' title='bbox 2436 1510 2770 1579; x_wconf 86' lang='lat' dir='ltr'><strong>crastinum,</strong></span> <span class='ocrx_word' id='word_1_360' title='bbox 2802 1513 3060 1582; x_wconf 86' lang='lat' dir='ltr'><strong>ignorans</strong></span> <span class='ocrx_word' id='word_1_361' title='bbox 3109 1516 3236 1583; x_wconf 80' lang='lat' dir='ltr'><strong>quid</strong></span> <span class='ocrx_word' id='word_1_362' title='bbox 3281 1532 3474 1588; x_wconf 86' lang='lat' dir='ltr'><strong>super-</strong></span> 
     </span>
    </p>
   </div>
   <div class='ocr_carea' id='block_1_73' title="bbox 1877 1595 2883 1671">
    <p class='ocr_par' dir='ltr' id='par_1_73' title="bbox 1877 1595 2883 1671">
     <span class='ocr_line' id='line_1_73' title="bbox 1877 1595 2883 1671; baseline 0.006 -22"><span class='ocrx_word' id='word_1_363' title='bbox 1877 1603 2104 1652; x_wconf 88' lang='lat' dir='ltr'><strong>ventura</strong></span> <span class='ocrx_word' id='word_1_364' title='bbox 2133 1595 2310 1666; x_wconf 89' lang='lat' dir='ltr'><strong>pariat</strong></span> <span class='ocrx_word' id='word_1_365' title='bbox 2337 1595 2452 1652; x_wconf 85' lang='lat' dir='ltr'><strong>dies</strong></span> <span class='ocrx_word' id='word_1_366' title='bbox 2482 1597 2664 1666; x_wconf 80' lang='lat' dir='ltr'><strong>(Prov.</strong></span> <span class='ocrx_word' id='word_1_367' title='bbox 2693 1602 2883 1671; x_wconf 78' lang='lat' dir='ltr'><strong>xxvn).</strong></span> 
     </span>
    </p>
   </div>
   <div class='ocr_carea' id='block_1_74' title="bbox 1951 1686 3476 1769">
    <p class='ocr_par' dir='ltr' id='par_1_74' title="bbox 1951 1686 3476 1769">
     <span class='ocr_line' id='line_1_74' title="bbox 1951 1686 3476 1769; baseline 0.012 -29"><span class='ocrx_word' id='word_1_368' title='bbox 1951 1686 2154 1741; x_wconf 91' lang='lat' dir='ltr'><strong>Laudet</strong></span> <span class='ocrx_word' id='word_1_369' title='bbox 2183 1694 2235 1742; x_wconf 91' lang='lat' dir='ltr'><strong>te</strong></span> <span class='ocrx_word' id='word_1_370' title='bbox 2262 1688 2492 1757; x_wconf 91' lang='lat' dir='ltr'><strong>alienus,</strong></span> <span class='ocrx_word' id='word_1_371' title='bbox 2525 1699 2581 1745; x_wconf 90' lang='lat' dir='ltr'><strong>et</strong></span> <span class='ocrx_word' id='word_1_372' title='bbox 2612 1708 2721 1747; x_wconf 92' lang='lat' dir='ltr'><strong>non</strong></span> <span class='ocrx_word' id='word_1_373' title='bbox 2749 1708 2811 1749; x_wconf 93' lang='lat' dir='ltr'><strong>os</strong></span> <span class='ocrx_word' id='word_1_374' title='bbox 2843 1702 2992 1752; x_wconf 89' lang='lat' dir='ltr'><strong>tuum</strong></span> <span class='ocrx_word' id='word_1_375' title='bbox 3020 1714 3034 1763; x_wconf 91' lang='lat'><strong>;</strong></span> <span class='ocrx_word' id='word_1_376' title='bbox 3068 1707 3388 1769; x_wconf 77' lang='lat' dir='ltr'><strong>extraneos,</strong></span> <span class='ocrx_word' id='word_1_377' title='bbox 3420 1712 3476 1759; x_wconf 83' lang='lat' dir='ltr'><strong>et</strong></span> 
     </span>
    </p>
   </div>
   <div class='ocr_carea' id='block_1_75' title="bbox 1880 1780 2509 1853">
    <p class='ocr_par' dir='ltr' id='par_1_75' title="bbox 1880 1780 2509 1853">
     <span class='ocr_line' id='line_1_75' title="bbox 1880 1780 2509 1853; baseline 0.006 -18"><span class='ocrx_word' id='word_1_378' title='bbox 1880 1795 1988 1837; x_wconf 89' lang='lat' dir='ltr'><strong>non</strong></span> <span class='ocrx_word' id='word_1_379' title='bbox 2014 1780 2159 1839; x_wconf 89' lang='lat' dir='ltr'><strong>labia</strong></span> <span class='ocrx_word' id='word_1_380' title='bbox 2183 1789 2273 1837; x_wconf 91' lang='lat' dir='ltr'><strong>tua</strong></span> <span class='ocrx_word' id='word_1_381' title='bbox 2295 1781 2509 1853; x_wconf 55' lang='grc' dir='ltr'><strong>(ΝΜ).</strong></span> 
     </span>
    </p>
   </div>
   <div class='ocr_carea' id='block_1_76' title="bbox 2482 1892 2881 1938">
    <p class='ocr_par' dir='ltr' id='par_1_76' title="bbox 2482 1892 2881 1938">
     <span class='ocr_line' id='line_1_76' title="bbox 2482 1892 2881 1938; baseline 0.015 -6"><span class='ocrx_word' id='word_1_382' title='bbox 2482 1892 2634 1934; x_wconf 78' lang='lat' dir='ltr'><strong>JESUS</strong></span> <span class='ocrx_word' id='word_1_383' title='bbox 2670 1892 2881 1938; x_wconf 65' lang='lat' dir='ltr'><strong>BIBACU.</strong></span> 
     </span>
    </p>
   </div>
   <div class='ocr_carea' id='block_1_77' title="bbox 1946 1967 3446 2049">
    <p class='ocr_par' dir='ltr' id='par_1_77' title="bbox 1946 1967 3446 2049">
     <span class='ocr_line' id='line_1_77' title="bbox 1946 1967 3446 2049; baseline 0.011 -29"><span class='ocrx_word' id='word_1_384' title='bbox 1946 1967 2065 2021; x_wconf 84' lang='lat' dir='ltr'><strong>Noli</strong></span> <span class='ocrx_word' id='word_1_385' title='bbox 2122 1976 2176 2023; x_wconf 88' lang='lat' dir='ltr'><strong>te</strong></span> <span class='ocrx_word' id='word_1_386' title='bbox 2223 1968 2483 2024; x_wconf 87' lang='lat' dir='ltr'><strong>extollere</strong></span> <span class='ocrx_word' id='word_1_387' title='bbox 2528 1970 2580 2024; x_wconf 92' lang='lat' dir='ltr'><strong>in</strong></span> <span class='ocrx_word' id='word_1_388' title='bbox 2642 1969 2895 2028; x_wconf 79' lang='lat' dir='ltr'><strong>faciendo</strong></span> <span class='ocrx_word' id='word_1_389' title='bbox 2946 1990 3114 2045; x_wconf 86' lang='lat' dir='ltr'><strong>opere</strong></span> <span class='ocrx_word' id='word_1_390' title='bbox 3175 1986 3267 2033; x_wconf 89' lang='lat' dir='ltr'><strong>tuo</strong></span> <span class='ocrx_word' id='word_1_391' title='bbox 3324 1980 3446 2049; x_wconf 86' lang='lat' dir='ltr'><strong>(Ec</strong></span> 
     </span>
    </p>
   </div>
   <div class='ocr_carea' id='block_1_78' title="bbox 1875 2056 2106 2126">
    <p class='ocr_par' dir='ltr' id='par_1_78' title="bbox 1875 2056 2106 2126">
     <span class='ocr_line' id='line_1_78' title="bbox 1875 2056 2106 2126; baseline 0.009 -15"><span class='ocrx_word' id='word_1_392' title='bbox 1875 2056 1998 2113; x_wconf 66' lang='grc' dir='ltr'><strong>διεδ.</strong></span> <span class='ocrx_word' id='word_1_393' title='bbox 2042 2058 2106 2126; x_wconf 85' lang='grc' dir='ltr'><strong>ι).</strong></span> 
     </span>
    </p>
   </div>
   <div class='ocr_carea' id='block_1_79' title="bbox 1946 2150 3477 2232">
    <p class='ocr_par' dir='ltr' id='par_1_79' title="bbox 1946 2150 3477 2232">
     <span class='ocr_line' id='line_1_79' title="bbox 1946 2150 3477 2232; baseline 0.01 -28"><span class='ocrx_word' id='word_1_394' title='bbox 1946 2150 2125 2205; x_wconf 83' lang='lat' dir='ltr'><strong>Nolite</strong></span> <span class='ocrx_word' id='word_1_395' title='bbox 2153 2166 2394 2220; x_wconf 72' lang='lat' dir='ltr'><strong>quzrrerc</strong></span> <span class='ocrx_word' id='word_1_396' title='bbox 2424 2153 2491 2207; x_wconf 92' lang='lat' dir='ltr'><strong>ab</strong></span> <span class='ocrx_word' id='word_1_397' title='bbox 2522 2154 2743 2210; x_wconf 88' lang='lat' dir='ltr'><strong>homine</strong></span> <span class='ocrx_word' id='word_1_398' title='bbox 2771 2157 3051 2224; x_wconf 87' lang='lat' dir='ltr'><strong>ducatum,</strong></span> <span class='ocrx_word' id='word_1_399' title='bbox 3088 2174 3265 2231; x_wconf 85' lang='lat' dir='ltr'><strong>neque</strong></span> <span class='ocrx_word' id='word_1_400' title='bbox 3295 2176 3323 2216; x_wconf 89' lang='lat' dir='ltr'><strong>a</strong></span> <span class='ocrx_word' id='word_1_401' title='bbox 3347 2176 3477 2232; x_wconf 81' lang='lat' dir='ltr'><strong>rege</strong></span> 
     </span>
    </p>
   </div>
   <div class='ocr_carea' id='block_1_80' title="bbox 1876 2244 2849 2319">
    <p class='ocr_par' dir='ltr' id='par_1_80' title="bbox 1876 2244 2849 2319">
     <span class='ocr_line' id='line_1_80' title="bbox 1876 2244 2849 2319; baseline 0.004 -20"><span class='ocrx_word' id='word_1_402' title='bbox 1876 2244 2191 2300; x_wconf 87' lang='lat' dir='ltr'><strong>cathedram</strong></span> <span class='ocrx_word' id='word_1_403' title='bbox 2222 2244 2447 2301; x_wconf 85' lang='lat' dir='ltr'><strong>honoris</strong></span> <span class='ocrx_word' id='word_1_404' title='bbox 2480 2244 2707 2317; x_wconf 81' lang='lat' dir='ltr'><strong>(Eccles.</strong></span> <span class='ocrx_word' id='word_1_405' title='bbox 2732 2248 2849 2319; x_wconf 87' lang='lat' dir='ltr'><strong>vn).</strong></span> 
     </span>
    </p>
   </div>
   <div class='ocr_carea' id='block_1_81' title="bbox 1947 2336 3478 2416">
    <p class='ocr_par' dir='ltr' id='par_1_81' title="bbox 1947 2336 3478 2416">
     <span class='ocr_line' id='line_1_81' title="bbox 1947 2336 3478 2416; baseline 0.009 -27"><span class='ocrx_word' id='word_1_406' title='bbox 1947 2338 2063 2389; x_wconf 67' lang='lat' dir='ltr'><strong>Non</strong></span> <span class='ocrx_word' id='word_1_407' title='bbox 2093 2336 2278 2391; x_wconf 90' lang='lat' dir='ltr'><strong>laudes</strong></span> <span class='ocrx_word' id='word_1_408' title='bbox 2302 2337 2475 2391; x_wconf 88' lang='lat' dir='ltr'><strong>virum</strong></span> <span class='ocrx_word' id='word_1_409' title='bbox 2500 2338 2551 2393; x_wconf 90' lang='lat' dir='ltr'><strong>in</strong></span> <span class='ocrx_word' id='word_1_410' title='bbox 2575 2340 2757 2407; x_wconf 86' lang='lat' dir='ltr'><strong>specie</strong></span> <span class='ocrx_word' id='word_1_411' title='bbox 2785 2356 2901 2406; x_wconf 89' lang='lat' dir='ltr'><strong>sua,</strong></span> <span class='ocrx_word' id='word_1_412' title='bbox 2925 2356 3100 2413; x_wconf 81' lang='lat' dir='ltr'><strong>neque</strong></span> <span class='ocrx_word' id='word_1_413' title='bbox 3127 2358 3355 2416; x_wconf 76' lang='lat' dir='ltr'><strong>spernas</strong></span> <span class='ocrx_word' id='word_1_414' title='bbox 3377 2362 3478 2403; x_wconf 78' lang='lat' dir='ltr'><strong>no-</strong></span> 
     </span>
    </p>
   </div>
   <div class='ocr_carea' id='block_1_82' title="bbox 1878 2426 2819 2501">
    <p class='ocr_par' dir='ltr' id='par_1_82' title="bbox 1878 2426 2819 2501">
     <span class='ocr_line' id='line_1_82' title="bbox 1878 2426 2819 2501; baseline 0.006 -22"><span class='ocrx_word' id='word_1_415' title='bbox 1878 2427 2077 2480; x_wconf 85' lang='lat' dir='ltr'><strong>minem</strong></span> <span class='ocrx_word' id='word_1_416' title='bbox 2108 2426 2163 2480; x_wconf 90' lang='lat' dir='ltr'><strong>in</strong></span> <span class='ocrx_word' id='word_1_417' title='bbox 2187 2428 2305 2481; x_wconf 89' lang='lat' dir='ltr'><strong>visu</strong></span> <span class='ocrx_word' id='word_1_418' title='bbox 2335 2442 2433 2482; x_wconf 89' lang='lat' dir='ltr'><strong>suo</strong></span> <span class='ocrx_word' id='word_1_419' title='bbox 2465 2427 2693 2501; x_wconf 78' lang='lat' dir='ltr'><strong>(Eccles.</strong></span> <span class='ocrx_word' id='word_1_420' title='bbox 2724 2431 2819 2501; x_wconf 75' lang='lat' dir='ltr'><strong>st).</strong></span> 
     </span>
    </p>
   </div>
   <div class='ocr_carea' id='block_1_83' title="bbox 1948 2517 3477 2597">
    <p class='ocr_par' dir='ltr' id='par_1_83' title="bbox 1948 2517 3477 2597">
     <span class='ocr_line' id='line_1_83' title="bbox 1948 2517 3477 2597; baseline 0.011 -26"><span class='ocrx_word' id='word_1_421' title='bbox 1948 2518 2065 2573; x_wconf 87' lang='lat' dir='ltr'><strong>Non</strong></span> <span class='ocrx_word' id='word_1_422' title='bbox 2094 2527 2146 2573; x_wconf 91' lang='lat' dir='ltr'><strong>te</strong></span> <span class='ocrx_word' id='word_1_423' title='bbox 2172 2517 2441 2587; x_wconf 87' lang='lat' dir='ltr'><strong>justitices</strong></span> <span class='ocrx_word' id='word_1_424' title='bbox 2469 2529 2597 2576; x_wconf 88' lang='lat' dir='ltr'><strong>ante</strong></span> <span class='ocrx_word' id='word_1_425' title='bbox 2628 2521 2937 2589; x_wconf 88' lang='lat' dir='ltr'><strong>Dominum,</strong></span> <span class='ocrx_word' id='word_1_426' title='bbox 2969 2540 3230 2597; x_wconf 82' lang='lat' dir='ltr'><strong>quoniam</strong></span> <span class='ocrx_word' id='word_1_427' title='bbox 3264 2531 3477 2594; x_wconf 77' lang='lat' dir='ltr'><strong>agnitor</strong></span> 
     </span>
    </p>
   </div>
   <div class='ocr_carea' id='block_1_84' title="bbox 1876 2609 2688 2684">
    <p class='ocr_par' dir='ltr' id='par_1_84' title="bbox 1876 2609 2688 2684">
     <span class='ocr_line' id='line_1_84' title="bbox 1876 2609 2688 2684; baseline 0.006 -19"><span class='ocrx_word' id='word_1_428' title='bbox 1876 2610 2055 2666; x_wconf 88' lang='lat' dir='ltr'><strong>cordis</strong></span> <span class='ocrx_word' id='word_1_429' title='bbox 2079 2610 2196 2680; x_wconf 91' lang='lat' dir='ltr'><strong>ipse</strong></span> <span class='ocrx_word' id='word_1_430' title='bbox 2217 2619 2301 2665; x_wconf 92' lang='lat' dir='ltr'><strong>est</strong></span> <span class='ocrx_word' id='word_1_431' title='bbox 2320 2609 2546 2682; x_wconf 68' lang='lat' dir='ltr'><strong>(Eccles.</strong></span> <span class='ocrx_word' id='word_1_432' title='bbox 2572 2614 2688 2684; x_wconf 88' lang='lat' dir='ltr'><strong>vu).</strong></span> 
     </span>
    </p>
   </div>
   <div class='ocr_carea' id='block_1_85' title="bbox 1949 2701 3475 2776">
    <p class='ocr_par' dir='ltr' id='par_1_85' title="bbox 1949 2701 3475 2776">
     <span class='ocr_line' id='line_1_85' title="bbox 1949 2701 3475 2776; baseline 0.012 -21"><span class='ocrx_word' id='word_1_433' title='bbox 1949 2701 2004 2755; x_wconf 92' lang='lat' dir='ltr'><strong>ln</strong></span> <span class='ocrx_word' id='word_1_434' title='bbox 2036 2702 2234 2756; x_wconf 82' lang='lat' dir='ltr'><strong>vestitu</strong></span> <span class='ocrx_word' id='word_1_435' title='bbox 2263 2717 2331 2757; x_wconf 92' lang='lat' dir='ltr'><strong>ne</strong></span> <span class='ocrx_word' id='word_1_436' title='bbox 2351 2703 2603 2771; x_wconf 82' lang='lat' dir='ltr'><strong>glorieris</strong></span> <span class='ocrx_word' id='word_1_437' title='bbox 2628 2722 2893 2776; x_wconf 89' lang='lat' dir='ltr'><strong>unquam,</strong></span> <span class='ocrx_word' id='word_1_438' title='bbox 2919 2725 3022 2768; x_wconf 91' lang='lat' dir='ltr'><strong>nec</strong></span> <span class='ocrx_word' id='word_1_439' title='bbox 3049 2712 3105 2768; x_wconf 92' lang='lat' dir='ltr'><strong>in</strong></span> <span class='ocrx_word' id='word_1_440' title='bbox 3134 2712 3226 2770; x_wconf 90' lang='lat' dir='ltr'><strong>die</strong></span> <span class='ocrx_word' id='word_1_441' title='bbox 3248 2714 3475 2773; x_wconf 87' lang='lat' dir='ltr'><strong>honoris</strong></span> 
     </span>
    </p>
   </div>
   <div class='ocr_carea' id='block_1_86' title="bbox 1877 2793 2506 2864">
    <p class='ocr_par' dir='ltr' id='par_1_86' title="bbox 1877 2793 2506 2864">
     <span class='ocr_line' id='line_1_86' title="bbox 1877 2793 2506 2864; baseline 0 -17"><span class='ocrx_word' id='word_1_442' title='bbox 1877 2794 1953 2848; x_wconf 92' lang='lat' dir='ltr'><strong>tui</strong></span> <span class='ocrx_word' id='word_1_443' title='bbox 1978 2793 2258 2849; x_wconf 90' lang='lat' dir='ltr'><strong>extollaris</strong></span> <span class='ocrx_word' id='word_1_444' title='bbox 2290 2793 2506 2864; x_wconf 79' lang='lat' dir='ltr'><strong>(lbid.).</strong></span> 
     </span>
    </p>
   </div>
   <div class='ocr_carea' id='block_1_87' title="bbox 1949 2887 3470 2968">
    <p class='ocr_par' dir='ltr' id='par_1_87' title="bbox 1949 2887 3470 2968">
     <span class='ocr_line' id='line_1_87' title="bbox 1949 2887 3470 2968; baseline 0.009 -29"><span class='ocrx_word' id='word_1_445' title='bbox 1949 2887 2090 2941; x_wconf 85' lang='lat' dir='ltr'><strong>Ante</strong></span> <span class='ocrx_word' id='word_1_446' title='bbox 2120 2895 2353 2941; x_wconf 90' lang='lat' dir='ltr'><strong>mortem</strong></span> <span class='ocrx_word' id='word_1_447' title='bbox 2393 2903 2500 2943; x_wconf 92' lang='lat' dir='ltr'><strong>non</strong></span> <span class='ocrx_word' id='word_1_448' title='bbox 2550 2891 2736 2947; x_wconf 68' lang='lat' dir='ltr'><strong>.andes</strong></span> <span class='ocrx_word' id='word_1_449' title='bbox 2779 2893 3054 2950; x_wconf 90' lang='lat' dir='ltr'><strong>nominem</strong></span> <span class='ocrx_word' id='word_1_450' title='bbox 3098 2911 3427 2968; x_wconf 88' lang='lat' dir='ltr'><strong>quemquam</strong></span> <span class='ocrx_word' id='word_1_451' title='bbox 3455 2943 3470 2966; x_wconf 97' lang='lat'><strong>,</strong></span> 
     </span>
    </p>
   </div>
   <div class='ocr_carea' id='block_1_88' title="bbox 1876 2976 3320 3057">
    <p class='ocr_par' dir='ltr' id='par_1_88' title="bbox 1876 2976 3320 3057">
     <span class='ocr_line' id='line_1_88' title="bbox 1876 2976 3320 3057; baseline 0.008 -26"><span class='ocrx_word' id='word_1_452' title='bbox 1876 2976 2132 3045; x_wconf 84' lang='lat' dir='ltr'><strong>quoniam</strong></span> <span class='ocrx_word' id='word_1_453' title='bbox 2156 2981 2207 3031; x_wconf 89' lang='lat' dir='ltr'><strong>in</strong></span> <span class='ocrx_word' id='word_1_454' title='bbox 2240 2976 2362 3033; x_wconf 85' lang='lat' dir='ltr'><strong>tiliis</strong></span> <span class='ocrx_word' id='word_1_455' title='bbox 2392 2979 2503 3035; x_wconf 90' lang='lat' dir='ltr'><strong>suis</strong></span> <span class='ocrx_word' id='word_1_456' title='bbox 2526 2982 2841 3049; x_wconf 85' lang='lat' dir='ltr'><strong>agnoscitur</strong></span> <span class='ocrx_word' id='word_1_457' title='bbox 2862 2984 2943 3039; x_wconf 89' lang='lat' dir='ltr'><strong>vir</strong></span> <span class='ocrx_word' id='word_1_458' title='bbox 2967 2984 3192 3052; x_wconf 66' lang='lat' dir='ltr'><strong>(Ecclus.</strong></span> <span class='ocrx_word' id='word_1_459' title='bbox 3221 2990 3320 3057; x_wconf 73' lang='lat' dir='ltr'><strong>xu).</strong></span> 
     </span>
    </p>
   </div>
   <div class='ocr_carea' id='block_1_89' title="bbox 1950 3066 3473 3149">
    <p class='ocr_par' dir='ltr' id='par_1_89' title="bbox 1950 3066 3473 3149">
     <span class='ocr_line' id='line_1_89' title="bbox 1950 3066 3473 3149; baseline 0.011 -30"><span class='ocrx_word' id='word_1_460' title='bbox 1950 3066 2002 3119; x_wconf 94' lang='lat' dir='ltr'><strong>In</strong></span> <span class='ocrx_word' id='word_1_461' title='bbox 2054 3068 2296 3123; x_wconf 90' lang='lat' dir='ltr'><strong>vanitate</strong></span> <span class='ocrx_word' id='word_1_462' title='bbox 2343 3071 2766 3140; x_wconf 86' lang='lat' dir='ltr'><strong>apprehenditur</strong></span> <span class='ocrx_word' id='word_1_463' title='bbox 2805 3084 3062 3145; x_wconf 87' lang='lat' dir='ltr'><strong>peccator</strong></span> <span class='ocrx_word' id='word_1_464' title='bbox 3109 3089 3164 3134; x_wconf 89' lang='lat' dir='ltr'><strong>et</strong></span> <span class='ocrx_word' id='word_1_465' title='bbox 3208 3080 3473 3149; x_wconf 78' lang='lat' dir='ltr'><strong>superbus</strong></span> 
     </span>
    </p>
   </div>
   <div class='ocr_carea' id='block_1_90' title="bbox 1880 3157 2312 3232">
    <p class='ocr_par' dir='ltr' id='par_1_90' title="bbox 1880 3157 2312 3232">
     <span class='ocr_line' id='line_1_90' title="bbox 1880 3157 2312 3232; baseline 0.016 -21"><span class='ocrx_word' id='word_1_466' title='bbox 1880 3157 2105 3227; x_wconf 73' lang='lat' dir='ltr'><strong>(Eccles.</strong></span> <span class='ocrx_word' id='word_1_467' title='bbox 2138 3163 2312 3232; x_wconf 75' lang='lat' dir='ltr'><strong>XXIII).</strong></span> 
     </span>
    </p>
   </div>
   <div class='ocr_carea' id='block_1_91' title="bbox 1798 3255 3468 3339">
    <p class='ocr_par' dir='ltr' id='par_1_91' title="bbox 1798 3255 3468 3339">
     <span class='ocr_line' id='line_1_91' title="bbox 1798 3255 3468 3339; baseline 0.01 -32"><span class='ocrx_word' id='word_1_468' title='bbox 1798 3268 1845 3331; x_wconf 77' lang='grc' dir='ltr'>ο</span> <span class='ocrx_word' id='word_1_469' title='bbox 1949 3255 2091 3309; x_wconf 83' lang='lat' dir='ltr'><strong>Ante</strong></span> <span class='ocrx_word' id='word_1_470' title='bbox 2111 3271 2418 3313; x_wconf 91' lang='lat' dir='ltr'><strong>sermonem</strong></span> <span class='ocrx_word' id='word_1_471' title='bbox 2451 3273 2561 3313; x_wconf 91' lang='lat' dir='ltr'><strong>non</strong></span> <span class='ocrx_word' id='word_1_472' title='bbox 2594 3259 2783 3316; x_wconf 80' lang='lat' dir='ltr'><strong>laudes</strong></span> <span class='ocrx_word' id='word_1_473' title='bbox 2813 3262 2986 3318; x_wconf 87' lang='lat' dir='ltr'><strong>virum</strong></span> <span class='ocrx_word' id='word_1_474' title='bbox 3018 3262 3245 3334; x_wconf 74' lang='lat' dir='ltr'><strong>(Eccles.</strong></span> <span class='ocrx_word' id='word_1_475' title='bbox 3280 3270 3468 3339; x_wconf 67' lang='grc' dir='ltr'><strong>κείνη).</strong></span> 
     </span>
    </p>
   </div>
   <div class='ocr_carea' id='block_1_92' title="bbox 1949 3342 3170 3421">
    <p class='ocr_par' dir='ltr' id='par_1_92' title="bbox 1949 3342 3170 3421">
     <span class='ocr_line' id='line_1_92' title="bbox 1949 3342 3170 3421; baseline 0.011 -24"><span class='ocrx_word' id='word_1_476' title='bbox 1949 3342 2073 3400; x_wconf 79' lang='lat' dir='ltr'><strong>llaec</strong></span> <span class='ocrx_word' id='word_1_477' title='bbox 2100 3346 2244 3400; x_wconf 90' lang='lat' dir='ltr'><strong>enim</strong></span> <span class='ocrx_word' id='word_1_478' title='bbox 2275 3348 2503 3404; x_wconf 91' lang='lat' dir='ltr'><strong>tentatio</strong></span> <span class='ocrx_word' id='word_1_479' title='bbox 2533 3359 2617 3405; x_wconf 89' lang='lat' dir='ltr'><strong>est</strong></span> <span class='ocrx_word' id='word_1_480' title='bbox 2648 3352 2925 3407; x_wconf 89' lang='lat' dir='ltr'><strong>hominum</strong></span> <span class='ocrx_word' id='word_1_481' title='bbox 2959 3352 3120 3421; x_wconf 79' lang='lat' dir='ltr'><strong>(Ibid.</strong></span> <span class='ocrx_word' id='word_1_482' title='bbox 3132 3361 3170 3421; x_wconf 83' lang='lat'><strong>).</strong></span> 
     </span>
    </p>
   </div>
   <div class='ocr_carea' id='block_1_93' title="bbox 1951 3436 3467 3517">
    <p class='ocr_par' dir='ltr' id='par_1_93' title="bbox 1951 3436 3467 3517">
     <span class='ocr_line' id='line_1_93' title="bbox 1951 3436 3467 3517; baseline 0.01 -27"><span class='ocrx_word' id='word_1_483' title='bbox 1951 3436 2123 3492; x_wconf 81' lang='lat' dir='ltr'><strong>Penes</strong></span> <span class='ocrx_word' id='word_1_484' title='bbox 2153 3452 2337 3505; x_wconf 86' lang='lat' dir='ltr'><strong>regem</strong></span> <span class='ocrx_word' id='word_1_485' title='bbox 2368 3439 2477 3494; x_wconf 92' lang='lat' dir='ltr'><strong>noli</strong></span> <span class='ocrx_word' id='word_1_486' title='bbox 2501 3441 2640 3496; x_wconf 88' lang='lat' dir='ltr'><strong>velle</strong></span> <span class='ocrx_word' id='word_1_487' title='bbox 2668 3442 2839 3498; x_wconf 88' lang='lat' dir='ltr'><strong>videri</strong></span> <span class='ocrx_word' id='word_1_488' title='bbox 2856 3446 3073 3517; x_wconf 84' lang='lat' dir='ltr'><strong>sapiens</strong></span> <span class='ocrx_word' id='word_1_489' title='bbox 3097 3448 3115 3516; x_wconf 93' lang='lat'><strong>(</strong></span> <span class='ocrx_word' id='word_1_490' title='bbox 3126 3447 3321 3502; x_wconf 70' lang='lat' dir='ltr'><strong>Eccles.</strong></span> <span class='ocrx_word' id='word_1_491' title='bbox 3354 3450 3467 3517; x_wconf 88' lang='lat' dir='ltr'><strong>vn).</strong></span> 
     </span>
    </p>
   </div>
   <div class='ocr_carea' id='block_1_94' title="bbox 1949 3526 3473 3608">
    <p class='ocr_par' dir='ltr' id='par_1_94' title="bbox 1949 3526 3473 3608">
     <span class='ocr_line' id='line_1_94' title="bbox 1949 3526 3473 3608; baseline 0.009 -28"><span class='ocrx_word' id='word_1_492' title='bbox 1949 3526 2145 3583; x_wconf 87' lang='lat' dir='ltr'><strong>Curam</strong></span> <span class='ocrx_word' id='word_1_493' title='bbox 2176 3528 2313 3584; x_wconf 87' lang='lat' dir='ltr'><strong>habe</strong></span> <span class='ocrx_word' id='word_1_494' title='bbox 2344 3528 2414 3584; x_wconf 92' lang='lat' dir='ltr'><strong>de</strong></span> <span class='ocrx_word' id='word_1_495' title='bbox 2467 3529 2611 3585; x_wconf 90' lang='lat' dir='ltr'><strong>bono</strong></span> <span class='ocrx_word' id='word_1_496' title='bbox 2660 3534 2908 3598; x_wconf 87' lang='lat' dir='ltr'><strong>nomine,</strong></span> <span class='ocrx_word' id='word_1_497' title='bbox 2956 3537 3059 3591; x_wconf 91' lang='lat' dir='ltr'><strong>hoc</strong></span> <span class='ocrx_word' id='word_1_498' title='bbox 3102 3537 3248 3592; x_wconf 89' lang='lat' dir='ltr'><strong>enim</strong></span> <span class='ocrx_word' id='word_1_499' title='bbox 3301 3541 3473 3608; x_wconf 88' lang='lat' dir='ltr'><strong>magis</strong></span> 
     </span>
    </p>
   </div>
   <div class='ocr_carea' id='block_1_95' title="bbox 1875 3621 3473 3703">
    <p class='ocr_par' dir='ltr' id='par_1_95' title="bbox 1875 3621 3473 3703">
     <span class='ocr_line' id='line_1_95' title="bbox 1875 3621 3473 3703; baseline 0.008 -28"><span class='ocrx_word' id='word_1_500' title='bbox 1875 3621 2120 3693; x_wconf 86' lang='lat' dir='ltr'><strong>proderit</strong></span> <span class='ocrx_word' id='word_1_501' title='bbox 2147 3622 2267 3690; x_wconf 89' lang='lat' dir='ltr'><strong>tibi,</strong></span> <span class='ocrx_word' id='word_1_502' title='bbox 2296 3638 2457 3693; x_wconf 89' lang='lat' dir='ltr'><strong>quam</strong></span> <span class='ocrx_word' id='word_1_503' title='bbox 2486 3624 2635 3679; x_wconf 92' lang='lat' dir='ltr'><strong>mille</strong></span> <span class='ocrx_word' id='word_1_504' title='bbox 2687 3625 2928 3683; x_wconf 88' lang='lat' dir='ltr'><strong>thesauri</strong></span> <span class='ocrx_word' id='word_1_505' title='bbox 2958 3630 3136 3700; x_wconf 88' lang='lat' dir='ltr'><strong>magni</strong></span> <span class='ocrx_word' id='word_1_506' title='bbox 3165 3639 3223 3686; x_wconf 90' lang='lat' dir='ltr'><strong>et</strong></span> <span class='ocrx_word' id='word_1_507' title='bbox 3250 3633 3473 3703; x_wconf 81' lang='lat' dir='ltr'><strong>pretiosi</strong></span> 
     </span>
    </p>
   </div>
   <div class='ocr_carea' id='block_1_96' title="bbox 1877 3713 2265 3784">
    <p class='ocr_par' dir='ltr' id='par_1_96' title="bbox 1877 3713 2265 3784">
     <span class='ocr_line' id='line_1_96' title="bbox 1877 3713 2265 3784; baseline 0.005 -16"><span class='ocrx_word' id='word_1_508' title='bbox 1877 3713 2103 3784; x_wconf 77' lang='lat' dir='ltr'><strong>(Ecclcs.</strong></span> <span class='ocrx_word' id='word_1_509' title='bbox 2131 3714 2265 3782; x_wconf 81' lang='lat' dir='ltr'><strong>xu).</strong></span> 
     </span>
    </p>
   </div>
   <div class='ocr_carea' id='block_1_97' title="bbox 1950 3808 3471 3878">
    <p class='ocr_par' dir='ltr' id='par_1_97' title="bbox 1950 3808 3471 3878">
     <span class='ocr_line' id='line_1_97' title="bbox 1950 3808 3471 3878; baseline 0.009 -18"><span class='ocrx_word' id='word_1_510' title='bbox 1950 3809 2108 3862; x_wconf 80' lang='lat' dir='ltr'><strong>Bonae</strong></span> <span class='ocrx_word' id='word_1_511' title='bbox 2138 3808 2258 3862; x_wconf 70' lang='lat' dir='ltr'><strong>vita:</strong></span> <span class='ocrx_word' id='word_1_512' title='bbox 2285 3824 2544 3865; x_wconf 86' lang='lat' dir='ltr'><strong>numerus</strong></span> <span class='ocrx_word' id='word_1_513' title='bbox 2572 3810 2808 3878; x_wconf 88' lang='lat' dir='ltr'><strong>dierum,</strong></span> <span class='ocrx_word' id='word_1_514' title='bbox 2840 3813 3042 3869; x_wconf 90' lang='lat' dir='ltr'><strong>bonum</strong></span> <span class='ocrx_word' id='word_1_515' title='bbox 3059 3824 3244 3871; x_wconf 88' lang='lat' dir='ltr'><strong>autem</strong></span> <span class='ocrx_word' id='word_1_516' title='bbox 3270 3831 3471 3873; x_wconf 90' lang='lat' dir='ltr'><strong>nomen</strong></span> 
     </span>
    </p>
   </div>
   <div class='ocr_carea' id='block_1_98' title="bbox 1875 3900 2610 3969">
    <p class='ocr_par' dir='ltr' id='par_1_98' title="bbox 1875 3900 2610 3969">
     <span class='ocr_line' id='line_1_98' title="bbox 1875 3900 2610 3969; baseline 0.005 -15"><span class='ocrx_word' id='word_1_517' title='bbox 1875 3900 2214 3969; x_wconf 73' lang='lat' dir='ltr'><strong>permanebit</strong></span> <span class='ocrx_word' id='word_1_518' title='bbox 2242 3903 2295 3955; x_wconf 94' lang='lat' dir='ltr'><strong>in</strong></span> <span class='ocrx_word' id='word_1_519' title='bbox 2324 3910 2610 3958; x_wconf 62' lang='lat' dir='ltr'><strong>aeternum.</strong></span> 
     </span>
    </p>
   </div>
   <div class='ocr_carea' id='block_1_99' title="bbox 2489 4012 2848 4054">
    <p class='ocr_par' dir='ltr' id='par_1_99' title="bbox 2489 4012 2848 4054">
     <span class='ocr_line' id='line_1_99' title="bbox 2489 4012 2848 4054; baseline 0.006 -2"><span class='ocrx_word' id='word_1_520' title='bbox 2489 4012 2686 4053; x_wconf 63' lang='grc' dir='ltr'><strong>111811οΝ</strong></span> <span class='ocrx_word' id='word_1_521' title='bbox 2695 4013 2848 4054; x_wconf 75' lang='lat' dir='ltr'><strong>YIUS.</strong></span> 
     </span>
    </p>
   </div>
   <div class='ocr_carea' id='block_1_100' title="bbox 1945 4086 3471 4168">
    <p class='ocr_par' dir='ltr' id='par_1_100' title="bbox 1945 4086 3471 4168">
     <span class='ocr_line' id='line_1_100' title="bbox 1945 4086 3471 4168; baseline 0.007 -26"><span class='ocrx_word' id='word_1_522' title='bbox 1945 4086 2061 4142; x_wconf 87' lang='lat' dir='ltr'><strong>Non</strong></span> <span class='ocrx_word' id='word_1_523' title='bbox 2083 4102 2295 4157; x_wconf 68' lang='lat' dir='ltr'><strong>qumras</strong></span> <span class='ocrx_word' id='word_1_524' title='bbox 2321 4089 2584 4158; x_wconf 87' lang='lat' dir='ltr'><strong>gloriam,</strong></span> <span class='ocrx_word' id='word_1_525' title='bbox 2620 4097 2675 4145; x_wconf 93' lang='lat' dir='ltr'><strong>et</strong></span> <span class='ocrx_word' id='word_1_526' title='bbox 2712 4098 2823 4146; x_wconf 85' lang='lat' dir='ltr'><strong>non</strong></span> <span class='ocrx_word' id='word_1_527' title='bbox 2868 4089 3081 4149; x_wconf 89' lang='lat' dir='ltr'><strong>dolebis</strong></span> <span class='ocrx_word' id='word_1_528' title='bbox 3120 4108 3242 4150; x_wconf 91' lang='lat' dir='ltr'><strong>cum</strong></span> <span class='ocrx_word' id='word_1_529' title='bbox 3290 4094 3471 4168; x_wconf 79' lang='lat' dir='ltr'><strong>inglo-</strong></span> 
     </span>
    </p>
   </div>
   <div class='ocr_carea' id='block_1_101' title="bbox 1874 4180 2262 4236">
    <p class='ocr_par' dir='ltr' id='par_1_101' title="bbox 1874 4180 2262 4236">
     <span class='ocr_line' id='line_1_101' title="bbox 1874 4180 2262 4236; baseline 0 -1"><span class='ocrx_word' id='word_1_530' title='bbox 1874 4180 2047 4236; x_wconf 74' lang='lat' dir='ltr'><strong>riosus</strong></span> <span class='ocrx_word' id='word_1_531' title='bbox 2076 4180 2262 4235; x_wconf 75' lang='lat' dir='ltr'><strong>fueris.</strong></span> 
     </span>
    </p>
   </div>
   <div class='ocr_carea' id='block_1_102' title="bbox 1946 4272 3470 4347">
    <p class='ocr_par' dir='ltr' id='par_1_102' title="bbox 1946 4272 3470 4347">
     <span class='ocr_line' id='line_1_102' title="bbox 1946 4272 3470 4347; baseline 0.007 -21"><span class='ocrx_word' id='word_1_532' title='bbox 1946 4272 2049 4340; x_wconf 87' lang='lat' dir='ltr'><strong>Qui</strong></span> <span class='ocrx_word' id='word_1_533' title='bbox 2072 4272 2281 4327; x_wconf 90' lang='lat' dir='ltr'><strong>laudari</strong></span> <span class='ocrx_word' id='word_1_534' title='bbox 2314 4289 2422 4328; x_wconf 91' lang='lat' dir='ltr'><strong>non</strong></span> <span class='ocrx_word' id='word_1_535' title='bbox 2462 4276 2693 4347; x_wconf 90' lang='lat' dir='ltr'><strong>appetit,</strong></span> <span class='ocrx_word' id='word_1_536' title='bbox 2727 4290 2828 4332; x_wconf 90' lang='lat' dir='ltr'><strong>nec</strong></span> <span class='ocrx_word' id='word_1_537' title='bbox 2870 4279 3256 4335; x_wconf 86' lang='lat' dir='ltr'><strong>contumeliam</strong></span> <span class='ocrx_word' id='word_1_538' title='bbox 3285 4280 3470 4336; x_wconf 90' lang='lat' dir='ltr'><strong>sentit.</strong></span> 
     </span>
    </p>
   </div>
   <div class='ocr_carea' id='block_1_103' title="bbox 1948 4367 3469 4444">
    <p class='ocr_par' dir='ltr' id='par_1_103' title="bbox 1948 4367 3469 4444">
     <span class='ocr_line' id='line_1_103' title="bbox 1948 4367 3469 4444; baseline 0.006 -24"><span class='ocrx_word' id='word_1_539' title='bbox 1948 4368 2061 4422; x_wconf 86' lang='lat' dir='ltr'><strong>Non</strong></span> <span class='ocrx_word' id='word_1_540' title='bbox 2109 4367 2231 4423; x_wconf 91' lang='lat' dir='ltr'><strong>ideo</strong></span> <span class='ocrx_word' id='word_1_541' title='bbox 2264 4376 2319 4423; x_wconf 90' lang='lat' dir='ltr'><strong>te</strong></span> <span class='ocrx_word' id='word_1_542' title='bbox 2348 4367 2548 4424; x_wconf 88' lang='lat' dir='ltr'><strong>bonum</strong></span> <span class='ocrx_word' id='word_1_543' title='bbox 2580 4370 2836 4437; x_wconf 66' lang='lat' dir='ltr'><strong>aestimes,</strong></span> <span class='ocrx_word' id='word_1_544' title='bbox 2868 4372 2913 4427; x_wconf 90' lang='lat' dir='ltr'><strong>si</strong></span> <span class='ocrx_word' id='word_1_545' title='bbox 2942 4372 3119 4429; x_wconf 71' lang='lat' dir='ltr'><strong>bonus</strong></span> <span class='ocrx_word' id='word_1_546' title='bbox 3142 4372 3469 4444; x_wconf 66' lang='lat' dir='ltr'><strong>prmdiceris.</strong></span> 
     </span>
    </p>
   </div>
   <div class='ocr_carea' id='block_1_104' title="bbox 1946 4456 3474 4534">
    <p class='ocr_par' dir='ltr' id='par_1_104' title="bbox 1946 4456 3474 4534">
     <span class='ocr_line' id='line_1_104' title="bbox 1946 4456 3474 4534; baseline 0.007 -24"><span class='ocrx_word' id='word_1_547' title='bbox 1946 4456 2115 4512; x_wconf 87' lang='lat' dir='ltr'><strong>Nemo</strong></span> <span class='ocrx_word' id='word_1_548' title='bbox 2137 4458 2308 4526; x_wconf 87' lang='lat' dir='ltr'><strong>magis</strong></span> <span class='ocrx_word' id='word_1_549' title='bbox 2336 4458 2477 4513; x_wconf 89' lang='lat' dir='ltr'><strong>scire</strong></span> <span class='ocrx_word' id='word_1_550' title='bbox 2501 4462 2787 4529; x_wconf 87' lang='lat' dir='ltr'><strong>potestqui</strong></span> <span class='ocrx_word' id='word_1_551' title='bbox 2814 4463 2906 4527; x_wconf 91' lang='lat' dir='ltr'><strong>sis,</strong></span> <span class='ocrx_word' id='word_1_552' title='bbox 2932 4463 3072 4518; x_wconf 91' lang='lat' dir='ltr'><strong>sicut</strong></span> <span class='ocrx_word' id='word_1_553' title='bbox 3117 4473 3174 4518; x_wconf 90' lang='lat' dir='ltr'><strong>tn</strong></span> <span class='ocrx_word' id='word_1_554' title='bbox 3202 4464 3292 4534; x_wconf 90' lang='lat' dir='ltr'><strong>qui</strong></span> <span class='ocrx_word' id='word_1_555' title='bbox 3340 4479 3474 4521; x_wconf 88' lang='lat' dir='ltr'><strong>con-</strong></span> 
     </span>
    </p>
   </div>
   <div class='ocr_carea' id='block_1_105' title="bbox 1875 4549 2260 4605">
    <p class='ocr_par' dir='ltr' id='par_1_105' title="bbox 1875 4549 2260 4605">
     <span class='ocr_line' id='line_1_105' title="bbox 1875 4549 2260 4605; baseline -0.005 0"><span class='ocrx_word' id='word_1_556' title='bbox 1875 4550 2019 4605; x_wconf 89' lang='lat' dir='ltr'><strong>scius</strong></span> <span class='ocrx_word' id='word_1_557' title='bbox 2052 4549 2150 4604; x_wconf 90' lang='lat' dir='ltr'><strong>tibi</strong></span> <span class='ocrx_word' id='word_1_558' title='bbox 2180 4564 2260 4605; x_wconf 91' lang='lat' dir='ltr'><strong>es.</strong></span> 
     </span>
    </p>
   </div>
   <div class='ocr_carea' id='block_1_106' title="bbox 1804 4640 3472 4715">
    <p class='ocr_par' dir='ltr' id='par_1_106' title="bbox 1804 4640 3472 4715">
     <span class='ocr_line' id='line_1_106' title="bbox 1804 4640 3472 4715; baseline 0.007 -21"><span class='ocrx_word' id='word_1_559' title='bbox 1804 4656 1851 4714; x_wconf 76' lang='grc' dir='ltr'>ι)</span> <span class='ocrx_word' id='word_1_560' title='bbox 1946 4640 2084 4707; x_wconf 84' lang='lat' dir='ltr'><strong>Quid</strong></span> <span class='ocrx_word' id='word_1_561' title='bbox 2115 4641 2260 4696; x_wconf 91' lang='lat' dir='ltr'><strong>enim</strong></span> <span class='ocrx_word' id='word_1_562' title='bbox 2290 4642 2384 4697; x_wconf 89' lang='lat' dir='ltr'><strong>tibi</strong></span> <span class='ocrx_word' id='word_1_563' title='bbox 2437 4644 2664 4713; x_wconf 86' lang='lat' dir='ltr'><strong>prodest</strong></span> <span class='ocrx_word' id='word_1_564' title='bbox 2700 4643 2826 4699; x_wconf 84' lang='lat' dir='ltr'><strong>dum</strong></span> <span class='ocrx_word' id='word_1_565' title='bbox 2874 4646 3047 4701; x_wconf 90' lang='lat' dir='ltr'><strong>malus</strong></span> <span class='ocrx_word' id='word_1_566' title='bbox 3088 4661 3169 4715; x_wconf 84' lang='lat' dir='ltr'><strong>es,</strong></span> <span class='ocrx_word' id='word_1_567' title='bbox 3201 4649 3246 4701; x_wconf 90' lang='lat' dir='ltr'><strong>si</strong></span> <span class='ocrx_word' id='word_1_568' title='bbox 3294 4649 3472 4705; x_wconf 88' lang='lat' dir='ltr'><strong>bonus</strong></span> 
     </span>
    </p>
   </div>
   <div class='ocr_carea' id='block_1_107' title="bbox 1876 4732 2216 4804">
    <p class='ocr_par' dir='ltr' id='par_1_107' title="bbox 1876 4732 2216 4804">
     <span class='ocr_line' id='line_1_107' title="bbox 1876 4732 2216 4804; baseline -0.006 -17"><span class='ocrx_word' id='word_1_569' title='bbox 1876 4733 2180 4804; x_wconf 65' lang='lat' dir='ltr'><strong>praediceris</strong></span> <span class='ocrx_word' id='word_1_570' title='bbox 2194 4732 2216 4785; x_wconf 87' lang='lat'><strong>?</strong></span> 
     </span>
    </p>
   </div>
   <div class='ocr_carea' id='block_1_108' title="bbox 1943 4829 3469 4896">
    <p class='ocr_par' dir='ltr' id='par_1_108' title="bbox 1943 4829 3469 4896">
     <span class='ocr_line' id='line_1_108' title="bbox 1943 4829 3469 4896; baseline 0.007 -14"><span class='ocrx_word' id='word_1_571' title='bbox 1943 4829 2085 4883; x_wconf 77' lang='lat' dir='ltr'><strong>Cave</strong></span> <span class='ocrx_word' id='word_1_572' title='bbox 2114 4843 2182 4884; x_wconf 91' lang='lat' dir='ltr'><strong>ne</strong></span> <span class='ocrx_word' id='word_1_573' title='bbox 2209 4829 2533 4884; x_wconf 84' lang='lat' dir='ltr'><strong>rumusculis</strong></span> <span class='ocrx_word' id='word_1_574' title='bbox 2558 4829 2832 4884; x_wconf 86' lang='lat' dir='ltr'><strong>hominum</strong></span> <span class='ocrx_word' id='word_1_575' title='bbox 2870 4830 3117 4896; x_wconf 87' lang='lat' dir='ltr'><strong>eleveris,</strong></span> <span class='ocrx_word' id='word_1_576' title='bbox 3145 4849 3210 4888; x_wconf 88' lang='lat' dir='ltr'><strong>ne</strong></span> <span class='ocrx_word' id='word_1_577' title='bbox 3233 4831 3469 4893; x_wconf 78' lang='lat' dir='ltr'><strong>oﬂ&#39;ensus</strong></span> 
     </span>
    </p>
   </div>
   <div class='ocr_carea' id='block_1_109' title="bbox 1877 4922 2894 4992">
    <p class='ocr_par' dir='ltr' id='par_1_109' title="bbox 1877 4922 2894 4992">
     <span class='ocr_line' id='line_1_109' title="bbox 1877 4922 2894 4992; baseline 0.003 -17"><span class='ocrx_word' id='word_1_578' title='bbox 1877 4922 2004 4987; x_wconf 86' lang='lat' dir='ltr'><strong>Deo,</strong></span> <span class='ocrx_word' id='word_1_579' title='bbox 2037 4923 2360 4992; x_wconf 90' lang='lat' dir='ltr'><strong>populorum</strong></span> <span class='ocrx_word' id='word_1_580' title='bbox 2393 4922 2578 4978; x_wconf 90' lang='lat' dir='ltr'><strong>laudes</strong></span> <span class='ocrx_word' id='word_1_581' title='bbox 2606 4923 2894 4979; x_wconf 89' lang='lat' dir='ltr'><strong>comedas.</strong></span> 
     </span>
    </p>
   </div>
   <div class='ocr_carea' id='block_1_110' title="bbox 2514 5029 2828 5071">
    <p class='ocr_par' dir='ltr' id='par_1_110' title="bbox 2514 5029 2828 5071">
     <span class='ocr_line' id='line_1_110' title="bbox 2514 5029 2828 5071; baseline 0 -1"><span class='ocrx_word' id='word_1_582' title='bbox 2514 5029 2806 5071; x_wconf 74' lang='lat' dir='ltr'><strong>GREGORIUS</strong></span> <span class='ocrx_word' id='word_1_583' title='bbox 2817 5057 2828 5070; x_wconf 94' lang='lat'><strong>.</strong></span> 
     </span>
    </p>
   </div>
   <div class='ocr_carea' id='block_1_111' title="bbox 1945 5107 3464 5176">
    <p class='ocr_par' dir='ltr' id='par_1_111' title="bbox 1945 5107 3464 5176">
     <span class='ocr_line' id='line_1_111' title="bbox 1945 5107 3464 5176; baseline 0.002 -14"><span class='ocrx_word' id='word_1_584' title='bbox 1945 5108 2129 5162; x_wconf 86' lang='lat' dir='ltr'><strong>Sancti</strong></span> <span class='ocrx_word' id='word_1_585' title='bbox 2175 5123 2283 5163; x_wconf 92' lang='lat' dir='ltr'><strong>non</strong></span> <span class='ocrx_word' id='word_1_586' title='bbox 2324 5107 2501 5162; x_wconf 90' lang='lat' dir='ltr'><strong>solum</strong></span> <span class='ocrx_word' id='word_1_587' title='bbox 2547 5108 2773 5176; x_wconf 88' lang='lat' dir='ltr'><strong>gloriam</strong></span> <span class='ocrx_word' id='word_1_588' title='bbox 2826 5121 2986 5176; x_wconf 84' lang='lat' dir='ltr'><strong>supra</strong></span> <span class='ocrx_word' id='word_1_589' title='bbox 3042 5110 3261 5164; x_wconf 89' lang='lat' dir='ltr'><strong>modum</strong></span> <span class='ocrx_word' id='word_1_590' title='bbox 3309 5126 3464 5165; x_wconf 89' lang='lat' dir='ltr'><strong>suum</strong></span> 
     </span>
    </p>
   </div>
   <div class='ocr_carea' id='block_1_112' title="bbox 1876 5198 3465 5273">
    <p class='ocr_par' dir='ltr' id='par_1_112' title="bbox 1876 5198 3465 5273">
     <span class='ocr_line' id='line_1_112' title="bbox 1876 5198 3465 5273; baseline 0.001 -19"><span class='ocrx_word' id='word_1_591' title='bbox 1876 5198 2092 5254; x_wconf 90' lang='lat' dir='ltr'><strong>omnino</strong></span> <span class='ocrx_word' id='word_1_592' title='bbox 2126 5214 2234 5254; x_wconf 91' lang='lat' dir='ltr'><strong>non</strong></span> <span class='ocrx_word' id='word_1_593' title='bbox 2266 5206 2552 5268; x_wconf 86' lang='lat' dir='ltr'><strong>appetunt,</strong></span> <span class='ocrx_word' id='word_1_594' title='bbox 2603 5199 2697 5254; x_wconf 87' lang='lat' dir='ltr'><strong>sed</strong></span> <span class='ocrx_word' id='word_1_595' title='bbox 2749 5199 2915 5252; x_wconf 86' lang='lat' dir='ltr'><strong>etiam</strong></span> <span class='ocrx_word' id='word_1_596' title='bbox 2967 5199 3071 5255; x_wconf 91' lang='lat' dir='ltr'><strong>hoc</strong></span> <span class='ocrx_word' id='word_1_597' title='bbox 3122 5200 3295 5273; x_wconf 90' lang='lat' dir='ltr'><strong>ipsum</strong></span> <span class='ocrx_word' id='word_1_598' title='bbox 3321 5201 3465 5258; x_wconf 78' lang='lat' dir='ltr'><strong>refu-</strong></span> 
     </span>
    </p>
   </div>
   <div class='ocr_carea' id='block_1_113' title="bbox 1874 5289 2739 5362">
    <p class='ocr_par' dir='ltr' id='par_1_113' title="bbox 1874 5289 2739 5362">
     <span class='ocr_line' id='line_1_113' title="bbox 1874 5289 2739 5362; baseline -0.005 -15"><span class='ocrx_word' id='word_1_599' title='bbox 1874 5293 2023 5362; x_wconf 84' lang='lat' dir='ltr'><strong>giunt</strong></span> <span class='ocrx_word' id='word_1_600' title='bbox 2047 5291 2189 5359; x_wconf 89' lang='lat' dir='ltr'><strong>quod</strong></span> <span class='ocrx_word' id='word_1_601' title='bbox 2229 5306 2288 5346; x_wconf 91' lang='lat' dir='ltr'><strong>se</strong></span> <span class='ocrx_word' id='word_1_602' title='bbox 2318 5290 2517 5345; x_wconf 90' lang='lat' dir='ltr'><strong>habere</strong></span> <span class='ocrx_word' id='word_1_603' title='bbox 2545 5289 2739 5346; x_wconf 91' lang='lat' dir='ltr'><strong>sciunt.</strong></span> 
     </span>
    </p>
   </div>
   <div class='ocr_carea' id='block_1_114' title="bbox 1946 5382 3463 5451">
    <p class='ocr_par' dir='ltr' id='par_1_114' title="bbox 1946 5382 3463 5451">
     <span class='ocr_line' id='line_1_114' title="bbox 1946 5382 3463 5451; baseline 0 -14"><span class='ocrx_word' id='word_1_604' title='bbox 1946 5383 2096 5438; x_wconf 76' lang='lat' dir='ltr'><strong>&#39;I‘unc</strong></span> <span class='ocrx_word' id='word_1_605' title='bbox 2124 5383 2389 5437; x_wconf 84' lang='lat' dir='ltr'><strong>veraciter</strong></span> <span class='ocrx_word' id='word_1_606' title='bbox 2422 5382 2527 5437; x_wconf 93' lang='lat' dir='ltr'><strong>hoc</strong></span> <span class='ocrx_word' id='word_1_607' title='bbox 2574 5382 2720 5451; x_wconf 88' lang='lat' dir='ltr'><strong>quod</strong></span> <span class='ocrx_word' id='word_1_608' title='bbox 2762 5382 2874 5451; x_wconf 86' lang='lat' dir='ltr'><strong>agit</strong></span> <span class='ocrx_word' id='word_1_609' title='bbox 2924 5382 3086 5437; x_wconf 81' lang='lat' dir='ltr'><strong>homo</strong></span> <span class='ocrx_word' id='word_1_610' title='bbox 3116 5382 3317 5438; x_wconf 90' lang='lat' dir='ltr'><strong>bonum</strong></span> <span class='ocrx_word' id='word_1_611' title='bbox 3360 5391 3463 5449; x_wconf 86' lang='lat' dir='ltr'><strong>cst,</strong></span> 
     </span>
    </p>
   </div>
   <div class='ocr_carea' id='block_1_115' title="bbox 1875 5474 3109 5550">
    <p class='ocr_par' dir='ltr' id='par_1_115' title="bbox 1875 5474 3109 5550">
     <span class='ocr_line' id='line_1_115' title="bbox 1875 5474 3109 5550; baseline -0.002 -18"><span class='ocrx_word' id='word_1_612' title='bbox 1875 5476 2090 5550; x_wconf 89' lang='lat' dir='ltr'><strong>quando</strong></span> <span class='ocrx_word' id='word_1_613' title='bbox 2121 5476 2171 5531; x_wconf 92' lang='lat' dir='ltr'><strong>ei</strong></span> <span class='ocrx_word' id='word_1_614' title='bbox 2201 5477 2419 5547; x_wconf 88' lang='lat' dir='ltr'><strong>placere</strong></span> <span class='ocrx_word' id='word_1_615' title='bbox 2448 5474 2787 5545; x_wconf 88' lang='lat' dir='ltr'><strong>concupiscit</strong></span> <span class='ocrx_word' id='word_1_616' title='bbox 2817 5491 2845 5529; x_wconf 93' lang='lat' dir='ltr'><strong>a</strong></span> <span class='ocrx_word' id='word_1_617' title='bbox 2868 5491 2976 5545; x_wconf 90' lang='lat' dir='ltr'><strong>quo</strong></span> <span class='ocrx_word' id='word_1_618' title='bbox 3008 5483 3109 5530; x_wconf 80' lang='lat' dir='ltr'><strong>est.</strong></span> 
     </span>
    </p>
   </div>
   <div class='ocr_carea' id='block_1_116' title="bbox 1947 5566 3467 5637">
    <p class='ocr_par' dir='ltr' id='par_1_116' title="bbox 1947 5566 3467 5637">
     <span class='ocr_line' id='line_1_116' title="bbox 1947 5566 3467 5637; baseline -0.001 -14"><span class='ocrx_word' id='word_1_619' title='bbox 1947 5569 2047 5635; x_wconf 91' lang='lat' dir='ltr'><strong>Qui</strong></span> <span class='ocrx_word' id='word_1_620' title='bbox 2076 5569 2274 5624; x_wconf 89' lang='lat' dir='ltr'><strong>bonum</strong></span> <span class='ocrx_word' id='word_1_621' title='bbox 2301 5581 2463 5637; x_wconf 89' lang='lat' dir='ltr'><strong>agere</strong></span> <span class='ocrx_word' id='word_1_622' title='bbox 2488 5566 2717 5635; x_wconf 89' lang='lat' dir='ltr'><strong>videtur,</strong></span> <span class='ocrx_word' id='word_1_623' title='bbox 2744 5576 2800 5623; x_wconf 87' lang='lat' dir='ltr'><strong>et</strong></span> <span class='ocrx_word' id='word_1_624' title='bbox 2829 5582 2922 5636; x_wconf 86' lang='lat' dir='ltr'><strong>per</strong></span> <span class='ocrx_word' id='word_1_625' title='bbox 2952 5566 3055 5622; x_wconf 86' lang='lat' dir='ltr'><strong>hoc</strong></span> <span class='ocrx_word' id='word_1_626' title='bbox 3078 5582 3184 5621; x_wconf 93' lang='lat' dir='ltr'><strong>non</strong></span> <span class='ocrx_word' id='word_1_627' title='bbox 3211 5566 3338 5630; x_wconf 90' lang='lat' dir='ltr'><strong>Deo,</strong></span> <span class='ocrx_word' id='word_1_628' title='bbox 3374 5566 3467 5621; x_wconf 86' lang='lat' dir='ltr'><strong>scd</strong></span> 
     </span>
    </p>
   </div>
   <div class='ocr_carea' id='block_1_117' title="bbox 1878 5657 3315 5729">
    <p class='ocr_par' dir='ltr' id='par_1_117' title="bbox 1878 5657 3315 5729">
     <span class='ocr_line' id='line_1_117' title="bbox 1878 5657 3315 5729; baseline -0.004 -12"><span class='ocrx_word' id='word_1_629' title='bbox 1878 5660 2181 5717; x_wconf 84' lang='lat' dir='ltr'><strong>hominibus</strong></span> <span class='ocrx_word' id='word_1_630' title='bbox 2214 5659 2428 5729; x_wconf 88' lang='lat' dir='ltr'><strong>placere</strong></span> <span class='ocrx_word' id='word_1_631' title='bbox 2459 5657 2751 5721; x_wconf 87' lang='lat' dir='ltr'><strong>desiderat,</strong></span> <span class='ocrx_word' id='word_1_632' title='bbox 2779 5659 2830 5711; x_wconf 92' lang='lat' dir='ltr'><strong>in</strong></span> <span class='ocrx_word' id='word_1_633' title='bbox 2862 5674 3058 5712; x_wconf 89' lang='lat' dir='ltr'><strong>vanum</strong></span> <span class='ocrx_word' id='word_1_634' title='bbox 3085 5659 3315 5713; x_wconf 78' lang='lat' dir='ltr'><strong>laborat.</strong></span> 
     </span>
    </p>
   </div>
   <div class='ocr_carea' id='block_1_118' title="bbox 1949 5748 3467 5821">
    <p class='ocr_par' dir='ltr' id='par_1_118' title="bbox 1949 5748 3467 5821">
     <span class='ocr_line' id='line_1_118' title="bbox 1949 5748 3467 5821; baseline -0.002 -16"><span class='ocrx_word' id='word_1_635' title='bbox 1949 5751 2168 5821; x_wconf 84' lang='lat' dir='ltr'><strong>Magnus</strong></span> <span class='ocrx_word' id='word_1_636' title='bbox 2198 5763 2327 5820; x_wconf 90' lang='lat' dir='ltr'><strong>ergo</strong></span> <span class='ocrx_word' id='word_1_637' title='bbox 2357 5749 2725 5819; x_wconf 86' lang='lat' dir='ltr'><strong>unusquisque</strong></span> <span class='ocrx_word' id='word_1_638' title='bbox 2754 5763 2874 5804; x_wconf 87' lang='lat' dir='ltr'><strong>esse</strong></span> <span class='ocrx_word' id='word_1_639' title='bbox 2894 5749 3135 5813; x_wconf 87' lang='lat' dir='ltr'><strong>studeat,</strong></span> <span class='ocrx_word' id='word_1_640' title='bbox 3167 5748 3262 5802; x_wconf 79' lang='lat' dir='ltr'><strong>sed</strong></span> <span class='ocrx_word' id='word_1_641' title='bbox 3286 5757 3467 5802; x_wconf 85' lang='lat' dir='ltr'><strong>tamen</strong></span> 
     </span>
    </p>
   </div>
   <div class='ocr_carea' id='block_1_119' title="bbox 1878 5839 3463 5915">
    <p class='ocr_par' dir='ltr' id='par_1_119' title="bbox 1878 5839 3463 5915">
     <span class='ocr_line' id='line_1_119' title="bbox 1878 5839 3463 5915; baseline -0.003 -15"><span class='ocrx_word' id='word_1_642' title='bbox 1878 5847 2057 5915; x_wconf 85' lang='lat' dir='ltr'><strong>aliquo</strong></span> <span class='ocrx_word' id='word_1_643' title='bbox 2080 5845 2241 5900; x_wconf 86' lang='lat' dir='ltr'><strong>modo</strong></span> <span class='ocrx_word' id='word_1_644' title='bbox 2266 5858 2385 5899; x_wconf 86' lang='lat' dir='ltr'><strong>esse</strong></span> <span class='ocrx_word' id='word_1_645' title='bbox 2413 5858 2472 5897; x_wconf 89' lang='lat' dir='ltr'><strong>se</strong></span> <span class='ocrx_word' id='word_1_646' title='bbox 2495 5842 2719 5901; x_wconf 79' lang='lat' dir='ltr'><strong>nesciat.</strong></span> <span class='ocrx_word' id='word_1_647' title='bbox 2753 5857 2820 5896; x_wconf 88' lang='lat' dir='ltr'><strong>nc</strong></span> <span class='ocrx_word' id='word_1_648' title='bbox 2842 5841 2965 5895; x_wconf 88' lang='lat' dir='ltr'><strong>dum</strong></span> <span class='ocrx_word' id='word_1_649' title='bbox 2994 5840 3036 5894; x_wconf 92' lang='lat' dir='ltr'><strong>si</strong></span> <span class='ocrx_word' id='word_1_650' title='bbox 3068 5839 3170 5895; x_wconf 89' lang='lat' dir='ltr'><strong>sibi</strong></span> <span class='ocrx_word' id='word_1_651' title='bbox 3199 5840 3463 5911; x_wconf 75' lang='lat' dir='ltr'><strong>magnitu~</strong></span> 
     </span>
    </p>
   </div>
   <div class='ocr_carea' id='block_1_120' title="bbox 1878 5936 2899 6007">
    <p class='ocr_par' dir='ltr' id='par_1_120' title="bbox 1878 5936 2899 6007">
     <span class='ocr_line' id='line_1_120' title="bbox 1878 5936 2899 6007; baseline -0.01 -11"><span class='ocrx_word' id='word_1_652' title='bbox 1878 5940 2057 5996; x_wconf 90' lang='lat' dir='ltr'><strong>dinem</strong></span> <span class='ocrx_word' id='word_1_653' title='bbox 2087 5946 2402 6007; x_wconf 79' lang='lat' dir='ltr'><strong>arroganter</strong></span> <span class='ocrx_word' id='word_1_654' title='bbox 2433 5936 2641 6004; x_wconf 87' lang='lat' dir='ltr'><strong>tribuit,</strong></span> <span class='ocrx_word' id='word_1_655' title='bbox 2670 5936 2899 5990; x_wconf 86' lang='lat' dir='ltr'><strong>amittat.</strong></span> 
     </span>
    </p>
   </div>
  </div>
