4194 6562
764 438 860 494 641

837 548 985 601 Bono
1009 543 1158 612 operi
1187 544 1311 596 dum
1339 539 1454 598 laus
1479 539 1708 594 humana
1737 535 1940 592 obviat.
1975 541 2182 588 mentes
2210 544 2340 600 ope-
2373 531 2426 591 Α

760 647 947 694 rantes
968 635 1237 692 immutat.

835 730 939 787 Per
967 730 1072 786 hoc
1109 727 1254 799 quod
1279 726 1486 797 agimus
1511 766 1526 792 ,
1558 723 1743 780 laudes
1785 721 2022 776 exterius
2062 733 2168 772 non
2198 729 2345 785 quae-

760 839 960 880 ramus.

837 915 928 970 Sic
958 923 1135 968 autem
1157 913 1228 968 sit
1252 925 1388 982 opus
1417 910 1468 964 in
1500 907 1716 979 publico
1743 946 1757 972 ,
1789 913 2055 975 quatenus
2085 901 2138 954 in
2167 906 2344 954 tenta-

767 1008 917 1063 tione
945 1013 1164 1060 maneat
1194 1005 1245 1058 in
1273 1002 1506 1059 occulto.

833 1098 936 1165 Qui
967 1100 1110 1154 enim
1141 1107 1363 1166 accepta
1407 1095 1646 1164 qualibet
1681 1094 1877 1161 gratia,
1907 1105 2056 1144 vanis
2093 1101 2204 1141 suis
2235 1100 2345 1139 tau-

764 1194 922 1269 dibus
943 1195 1172 1249 nitorem
1203 1191 1385 1261 gloria:
1413 1188 1666 1255 offerunt,
1697 1185 1850 1255 quasi
1875 1185 2054 1240 oleum
2085 1179 2342 1234 vendunt.

837 1285 1134 1356 lmpinguat
1181 1293 1342 1355 caput
1381 1285 1503 1338 oleo
1551 1280 1874 1351 peccatoris,
1921 1295 2042 1335 eum
2082 1274 2348 1332 demulcet

764 1388 999 1436 mentem
1033 1380 1182 1436 favor
1211 1378 1558 1435 adulationis.

1426 1486 1679 1525 ISIDORUS.

837 1570 937 1634 QUI
987 1568 1389 1636 eleemosynam
1421 1580 1570 1618 vana:
1601 1563 1783 1632 gloria:
1805 1577 1870 1616 ex
1901 1576 2062 1616 causa
2090 1559 2346 1629 impertit,

767 1677 835 1716 ex
855 1660 1054 1716 virtute
1088 1659 1273 1713 vitium
1299 1657 1446 1709 facit.

837 1752 938 1818 Qui
966 1750 1180 1818 aliquod
1209 1749 1409 1802 donum
1436 1746 1527 1800 Dei
1559 1743 1701 1813 quod
1733 1744 1950 1807 meruit,
1977 1745 2028 1796 in
2061 1757 2210 1796 suam
2238 1742 2348 1794 lau-

766 1845 888 1901 dem
912 1844 1197 1910 convertit,
1222 1844 1413 1904 procul
1433 1841 1596 1898 dubio
1621 1839 1869 1893 virtutem
1889 1839 1938 1892 in
1964 1839 2151 1893 vitium
2172 1847 2350 1892 trans-

769 1937 892 1993 fert.

839 2031 954 2086 Non
982 2030 1218 2086 declinat
1261 2030 1329 2083 ad
1377 2030 1654 2085 dexteram
1692 2029 1784 2097 qui
1819 2043 1924 2081 non
1967 2025 2087 2089 sibi,
2122 2023 2216 2078 sed
2242 2022 2352 2077 Deo

767 2125 953 2179 tribuit
982 2125 1122 2178 bona
1144 2138 1263 2193 quae
1295 2122 1421 2191 agit.

837 2217 967 2272 inde
997 2233 1054 2273 se
1079 2219 1321 2273 nonnulli
1343 2234 1460 2274 esse
1488 2218 1662 2287 justos
1682 2216 1981 2280 confidunt,
2013 2213 2152 2268 unde
2180 2212 2350 2267 maxi-

767 2326 855 2365 me
883 2311 1257 2379 reprobantur.

843 2402 1068 2456 Amator
1089 2417 1240 2456 vanae
1278 2403 1479 2470 gloriae,
1519 2404 1657 2456 unde
1679 2417 1893 2470 semper
1927 2402 2094 2470 possit
2119 2401 2352 2465 taudari,

770 2509 930 2564 agere
953 2510 1057 2550 non
1078 2495 1326 2563 quiescit.

843 2585 937 2642 Ille
967 2596 1148 2642 autem
1197 2589 1356 2642 debet
1393 2590 1666 2652 publicare
1705 2590 1906 2643 bonum
1939 2589 2082 2658 quod
2104 2590 2232 2656 agit,
2265 2586 2356 2655 qui

773 2677 1011 2748 perfecta
1043 2679 1343 2734 humilitate
1381 2678 1656 2744 fundatus,
1702 2680 1843 2734 nulla
1883 2680 2116 2734 elatione
2145 2679 2357 2733 contin-

771 2771 936 2840 gitur.

841 2866 975 2920 Cum
1007 2866 1148 2921 enim
1180 2882 1339 2921 causa
1369 2869 1640 2933 iactantiae
1679 2883 1880 2936 pauper
1909 2869 2166 2935 pascitur,
2196 2867 2357 2919 etiam

774 2957 950 3026 ipsum
981 2973 1116 3027 opus
1146 2957 1196 3012 in
1231 2967 1507 3026 peccaturo
1538 2959 1891 3012 convertitur.

847 3050 1113 3105 Fraudem
1164 3052 1391 3106 facimus
1433 3051 1564 3116 Deo,
1621 3052 1833 3120 quioties
1898 3050 1964 3104 de
2005 3051 2149 3104 bono
2197 3065 2363 3120 opere

773 3153 960 3199 nostro
991 3146 1371 3212 nosmetipsos,
1407 3161 1512 3199 non
1545 3145 1711 3200 Deum
1737 3145 2030 3201 laudamus.

848 3235 1252 3291 Prudentissimi
1281 3245 1461 3292 autem
1492 3238 1588 3291 viri
1618 3238 1847 3292 solerter
1871 3237 2126 3292 discretio
2152 3235 2363 3306 prospi-

775 3331 868 3396 cit,
935 3344 1003 3384 ne
1060 3329 1258 3385 bonum
1317 3332 1744 3400 intemperanter
1778 3339 1921 3399 agat,
1969 3340 2022 3385 et
2064 3330 2132 3385 de
2169 3330 2366 3384 virtute

778 3425 834 3481 in
867 3424 1055 3480 vitium
1086 3433 1348 3480 transeat.

1296 3535 1365 3574 EX
1412 3535 1549 3575 VlTlS
1597 3535 1829 3575 PATRl'I.

854 3615 1000 3672 Vana
1029 3615 1198 3685 gloria
1222 3614 1407 3668 vitium
1440 3623 1542 3677 est,
1570 3612 1686 3668 sine
1735 3614 1944 3667 ratione
1974 3621 2027 3667 et
2048 3613 2193 3668 omni
2225 3613 2369 3668 bono

779 3711 971 3769 inserit
1002 3725 1080 3764 se.

855 3801 1013 3872 Lapis
1043 3801 1270 3857 emissus
1312 3817 1415 3854 non
1443 3800 1618 3870 pergit
1648 3799 1712 3854 ad
1743 3799 1960 3864 rmlum,
1987 3811 2039 3855 et
2064 3810 2236 3855 oratio
2265 3801 2368 3854 ho-

783 3894 942 3949 minis
963 3894 1065 3949 sibi
1097 3893 1362 3964 placentis
1391 3909 1497 3948 non
1529 3891 1771 3947 ascendit
1802 3894 1867 3945 ad
1898 3894 2110 3947 coelum.

851 3985 972 4041 Noli
998 3985 1268 4056 applicare
1284 3993 1548 4039 secretam
1577 3984 1974 4046 abstinentiam,
1998 4001 2170 4054 neque
2191 3996 2371 4040 osten-

783 4077 881 4132 das
909 4093 1029 4133 eam
1056 4080 1209 4148 quasi
1239 4077 1291 4131 iu
1331 4078 1551 4143 lumine,
1584 4078 1805 4132 testibus
1839 4078 2047 4133 multis:
2089 4091 2145 4134 ut
2173 4081 2262 4133 (ιιιί
2291 4081 2372 4135 vi-

782 4171 874 4226 det
899 4170 950 4223 in
981 4170 1252 4224 absconso
1285 4169 1463 4233 Pater,
1488 4169 1677 4223 reddat
1709 4170 1803 4224 tibi
1835 4170 1887 4224 in
1919 4170 2118 4239 palam.

858 4264 973 4317 Non
1011 4263 1205 4336 perdas
1256 4262 1471 4317 labores
1515 4271 1736 4333 propter
1784 4263 2074 4318 humanam
2125 4264 2371 4332 gloriam,

786 4372 958 4426 neque
989 4357 1223 4408 futuram
1253 4363 1510 4410 aeternam
1542 4354 1769 4422 gloriam
1795 4357 1976 4412 tradas
2005 4371 2103 4426 pro
2131 4373 2294 4427 parva
2320 4364 2374 4412 et

785 4448 1072 4513 temporali
1105 4447 1298 4515 gloria.

860 4539 1044 4593 Gloria
1069 4538 1211 4593 enim
1244 4538 1475 4591 humana
1505 4538 1558 4592 in
1587 4537 1860 4607 pulverem
1885 4540 2165 4609 redigitur,
2193 4551 2248 4595 et.
2281 4543 2376 4594 ho-

789 4651 889 4692 nor
919 4635 1035 4703 ejus
1064 4632 1422 4700 exstinguitur
1451 4647 1613 4702 super
1636 4644 1854 4687 terram.

859 4729 1041 4785 Gloria
1067 4735 1248 4782 autem
1279 4725 1538 4780 virtutum
1571 4726 1838 4793 glorilieat
1866 4727 1918 4779 in
1943 4727 2155 4780 saecula.

1375 4861 1600 4915 CAPUT
1644 4860 1782 4915 XXI.

1473 4975 1840 5043 fornicatione.

1454 5100 1727 5140 CHRISTUS.

871 5183 989 5236 Sint
1018 5179 1182 5234 lumbi
1234 5178 1392 5231 vestri
1434 5177 1728 5246 prarcineti,
1762 5185 1816 5230 et
1847 5175 2078 5230 lucernze
2130 5177 2384 5231 ardentes

802 5274 855 5328 in
888 5271 1133 5326 manibus
1154 5269 1345 5323 vestris
1377 5265 1525 5338 (Luc.
1562 5270 1680 5334 xu).

1471 5375 1695 5430 vernus.

876 5457 1046 5526 Iniqui
1077 5456 1428 5516 luxuriantes,
1471 5451 1658 5506 oculos
1703 5449 1964 5503 habentes
2003 5450 2190 5518 plenos
2228 5449 2388 5504 adul—

805 5549 962 5614 terio,
997 5557 1052 5602 et
1081 5545 1386 5602 incessabili
1407 5543 1605 5599 delicto
1628 5541 1680 5612 (I
1719 5541 1834 5597 Pet.
1869 5543 1951 5609 ιι).

1493 5653 1716 5693 ΡΑυιιιε.

1746 419 2167 476 DEFENSORIS
2211 411 2747 471 LOCOCIAGENSIS
2788 407 3091 465 MONACHI

3933 399 4032 454 ΜΘ

2524 524 2899 578 Fornicatores
2948 521 3089 576 enim
3146 525 3200 574 et
3256 516 3528 572 adulteros
3568 509 3835 582 iudicabit
3895 507 4034 565 Deus

2449 616 2634 690 (Hebr.
2665 613 2803 684 xm).

3103 719 3161 758 SA
3168 715 3343 756 LOION
3353 741 3364 753 .

2518 804 2692 859 Fovea
2725 802 2870 858 enim
2908 797 3171 870 profunda
3202 804 3284 850 est
3312 794 3588 857 meretrix,
3621 799 3676 846 et
3700 797 3901 861 puteus
3941 802 4030 842 an-

2446 905 2636 967 gustus
2664 895 2858 950 aliena.
2903 890 3189 946 Insidiatur
3228 888 3280 942 in
3313 889 3394 940 via
3445 886 3596 955 quasi
3627 883 3788 948 latro,
3822 889 3879 936 et
3899 894 4033 948 quos

2451 988 2700 1045 incautos
2728 987 2892 1053 videt,
2909 983 3163 1040 interficit
3192 980 3374 1053 (Prov.
3410 980 3583 1048 xxiii).

3044 1092 3196 1132 JEbUS
3243 1091 3446 1130 ειιυιωι.

2520 1176 2633 1231 Non
2664 1177 2760 1232 des
2788 1173 3000 1230 mulieri
3041 1181 3367 1244 potestatem
3410 1169 3602 1223 animm
3635 1174 3762 1228 tuae,
3797 1178 3904 1220 nec
3956 1163 4035 1218 iu-

2450 1268 2724 1338 grediatur
2754 1269 2805 1322 iu
2830 1267 3028 1321 virtute
3067 1276 3174 1330 tua,
3211 1272 3264 1318 et
3296 1260 3644 1316 confundaiis
3672 1257 3908 1331 (Eccles.
3948 1256 4040 1324 tx).

2524 1360 2798 1432 Virginem
2847 1375 2951 1415 non
3001 1356 3328 1426 conspicias,
3371 1369 3436 1409 ne
3469 1353 3607 1409 forte
3659 1348 4045 1407 Scandalizeris

2455 1459 2505 1512 in
2535 1457 2732 1513 decore
2760 1457 2902 1513 illius
2935 1454 3154 1525 (Ιὸἱά.).

2528 1551 2748 1619 Propter
2782 1563 2933 1618 spem
2965 1545 3207 1601 mulieris
3237 1543 3389 1597 multi
3423 1541 3726 1612 perierunt,
3756 1547 3812 1593 et
3841 1551 3914 1593 ex
3947 1536 4044 1590 hac

2455 1644 2888 1714 concupiscentia
2919 1643 3073 1712 quasi
3106 1639 3245 1708 ignis
3269 1635 3572 1692 exardescit
3604 1633 3655 1705 (1
3667 1633 3827 1699 bid.).

2529 1739 2628 1805 Qui
2680 1753 2737 1792 se
2781 1737 2954 1806 jungit
3003 1732 3325 1789 fornicariis.
3382 1730 3486 1785 erit
3517 1743 3752 1796 nequam
3786 1726 3805 1795 (
3837 1723 4040 1778 Eccles.

2460 1832 2593 1899 nx).

2388 1908 2432 1966 Β
2530 1925 2652 1979 Post
2683 1921 3150 1991 concupiscentias
3182 1927 3300 1974 tuas
3331 1931 3441 1972 non
3478 1931 3591 1978 eas,
3627 1923 3683 1969 et
3710 1931 3738 1966 a
3771 1913 4051 1966 voluntate

2461 2029 2550 2074 tua
2575 2025 2820 2072 avertere
2846 2017 3070 2085 (ficales.
3109 2013 3278 2080 xvui).

2530 2112 2631 2178 Qui
2663 2121 2811 2166 tenet
2840 2110 3120 2164 mulierem
3153 2122 3407 2176 nequam,
3439 2104 3594 2174 quasi
3622 2103 3716 2174 qui
3745 2099 4052 2172 apprehen-

2460 2207 2540 2262 dit
2567 2208 2910 2276 scorpionem
2944 2202 3170 2273 (Eccles.
3207 2207 3376 2268 xxvu).

2532 2301 2679 2356 Sicut
2710 2300 2791 2355 sol
2821 2299 3002 2354 oriens
3031 2295 3232 2350 mundo
3262 2296 3314 2348 in
3343 2290 3617 2347 altissitnis
3654 2289 3769 2351 Dei,
3824 2287 3905 2342 sic
3935 2300 4051 2338 mu—

2461 2394 2607 2450 lieris
2628 2395 2780 2448 home
2803 2393 3010 2461 species
3025 2391 3077 2444 in
3095 2395 3474 2444 ornamentum
3487 2384 3681 2438 domus
3699 2381 3818 2449 ejus
3836 2383 3852 2446 (
3867 2379 3999 2432 Ibid.
4013 2379 4051 2447 ).

2532 2487 2779 2557 Nequitia
2807 2484 3045 2539 mulieris
3072 2482 3322 2536 immutat
3351 2478 3543 2532 faciem
3571 2475 3708 2543 ejuS,
3729 2482 3788 2528 et
3809 2473 4055 2528 obcaeca-

2462 2582 2536 2636 vit
2564 2581 2772 2635 vultum
2800 2578 2918 2647 ejus
2951 2587 3206 2646 tanquam
3234 2589 3387 2628 ursus
3421 2571 3646 2633 (Eccles.
3677 2569 3829 2634 xxv).

2539 2671 2846 2727 Fornicatio
2878 2667 3118 2723 mulieris
3177 2667 3228 2719 in
3285 2663 3608 2719 excellentia
3660 2660 3975 2723 oculorum,
4008 2664 4062 2710 et

2467 2765 2516 2819 in
2546 2762 2815 2834 palpebris
2842 2759 2982 2815 illius
3005 2757 3314 2828 agnoscitur
3339 2753 3562 2826 (Eccles.
3596 2767 3765 2816 xxv1_.=.

3082 2863 3426 2904 AUttl’STINL'S.

2538 2947 2590 3001 Si
2619 2961 2804 2999 νιιίιιιι
2852 2953 2934 3000 est
2964 2942 3105 3012 quod
3143 2944 3191 2995 in
3245 2950 3297 2994 te
3347 2939 3501 3006 vivit,
3556 2935 3852 2992 foruicatio
3904 2936 3960 2990 in
4008 2943 4065 2990 te

2467 3048 2674 3095 mortua
2710 3048 2808 3093 est.

3062 3142 3415 3183 lliERONHilJS.

2545 3226 2633 3282 Va:
2678 3227 2778 3278 illis
2827 3239 2917 3291 qui
2966 3231 3089 3276 tuuc
3127 3221 3434 3275 habuerunt
3464 3218 3755 3273 terminum
3814 3217 4061 3279 luxuriae,

2470 3319 2682 3389 quando
2713 3319 2851 3371 vitae.

2543 3411 2778 3464 Luxuria
2811 3409 3028 3463 inimica
3061 3408 3197 3476 Deo,
3230 3407 3461 3478 perditio
3506 3414 3745 3476 paternae.
3779 3403 4060 3459 haeredita-

2472 3501 2558 3563 tis,
2594 3501 2677 3555 vel
2701 3499 3030 3555 substantiae.

2542 3589 2850 3646 Fornicatio
2899 3605 3005 3644 non
3050 3590 3222 3644 solum
3256 3589 3645 3644 conscientiam
3695 3585 4067 3648 fornicatoris,

2472 3685 2651 3739 sedet
2691 3698 2892 3754 corpus
2945 3683 3181 3737 maculat
3263 3683 3404 3738 inter
3448 3683 3636 3752 epulas
3687 3689 3743 3736 et
3796 3680 4077 3736 illecebras

2473 3780 2835 3848 voluptatum.

2547 3867 2715 3922 Etiam
2749 3873 2950 3924 ferreas
2971 3877 3184 3925 mentes
3205 3867 3372 3922 libido
3393 3867 3598 3922 domat.

2549 3960 2770 4015 Difiicile
2798 3962 2939 4014 enim
2971 3960 3111 4014 inter
3138 3961 3356 4015 delicias
3387 3967 3633 4014 servatur
3660 3959 3947 4028 pudicitia.

2547 4051 2675 4106 Sine
2706 4052 2905 4106 Cerere
2934 4059 2989 4106 et
3015 4049 3210 4105 Libero
3243 4050 3401 4118 friget
3430 4049 3632 4104 Venus.

2552 4145 2650 4211 Qui
2683 4145 2977 4199 luxuriatur
3024 4146 3196 4210 vivus,
3243 4155 3488 4200 mortuus
3533 4152 3619 4200 est
3647 4162 3660 4198 :
3688 4158 3822 4214 ergo
3866 4145 3961 4214 qui
3999 4145 4081 4198 in-

2479 4241 2718 4298 ebriatur
2768 4249 3010 4296 mortuus
3033 4247 3090 4293 et
3115 4238 3362 4308 sepultus
3384 4247 3487 4294 est.

3106 4347 3420 4386 GBEGURIUS.

2555 4425 2705 4482 Unde
2732 4425 2985 4479 satietate
3010 4433 3202 4479 venter
3231 4424 3560 4491 extenditur,
3595 4423 3719 4478 inde
3749 4425 3932 4480 aculei
3962 4425 4086 4480 libi-

2478 4523 2618 4578 dinis
2647 4525 2970 4576 excitantur.

2411 4645 2456 4702 D
3142 4627 3401 4667 sBlDOM'S.

2551 4706 2862 4761 Fornicatio
2885 4719 3062 4760 carnis
3092 4703 3413 4758 adulterium
3439 4713 3536 4760 est.

2552 4798 2860 4854 Fornicatio
2884 4797 3076 4851 anima:
3098 4797 3330 4852 servitus
3360 4797 3644 4852 idolorum.

2556 4891 2786 4946 Luxuria
2814 4905 2944 4944 vero
2992 4890 3170 4944 carnis
3199 4887 3320 4943 ideo
3349 4888 3603 4943 notabilis
3626 4889 3947 4948 hominibus
3975 4905 4084 4953 est,

2483 4985 2736 5056 quoniam
2767 4983 2948 5036 statim
2983 4997 3078 5051 per
3106 4996 3165 5036 se
3196 4981 3385 5050 turpis.

2555 5077 2705 5129 Sicut
2735 5089 2831 5142 per
2861 5073 3170 5143 superbiam
3199 5073 3395 5128 mentis
3416 5073 3523 5128 itur
3557 5074 3610 5129 in
3637 5077 4096 5145 prostitutionem

2484 5179 2749 5240 corrupta:
2775 5168 3028 5232 libidinis,
3064 5168 3135 5220 ita
3162 5181 3258 5237 per
3297 5167 3654 5222 humilitatem
3679 5172 3889 5224 mentis
3909 5173 4099 5226 salva-

2484 5265 2628 5319 bitur
2654 5264 2871 5317 castitas
2909 5261 3104 5315 carnis.

2559 5353 2937 5423 Principaliter
2974 5353 3057 5407 bis
3103 5352 3316 5408 duobus
3356 5353 3497 5408 vitiis
3544 5354 3793 5411 diabolus
3838 5358 4100 5418 humano

2489 5451 2677 5520 generi
2699 5449 3030 5514 dominatur,
3056 5447 3107 5502 id
3136 5456 3237 5514 est,
3271 5450 3520 5519 superbia
3561 5452 3757 5507 mentis
3787 5461 3845 5506 et
3876 5455 4103 5512 luxuria

2490 5545 2687 5600 carnis.

2563 5637 2664 5691 Per
2688 5637 2802 5692 haec
2830 5636 2974 5691 enim
3005 5635 3113 5690 duo
3147 5635 3273 5689 vitia
3294 5635 3539 5690 diabolus
3578 5636 3880 5692 humanum
3923 5658 4110 5706 genus

882 5733 1068 5802 Fugite
1121 5729 1557 5794 fornicationem,
1615 5730 1835 5784 fratres:
1887 5744 2046 5784 omne
2109 5740 2389 5798 peccatum
2493 5729 2751 5799 possidet,
2780 5729 2908 5784 dum
2951 5736 3191 5783 mentem
3231 5729 3282 5781 in
3313 5728 3620 5798 superbiam
3667 5731 3850 5798 erigit,
3884 5734 3978 5789 vel
4007 5749 4112 5805 per

811 5826 1169 5896 quodcunque
1196 5825 1387 5879 fecerit
1416 5824 1603 5889 homo,
1627 5833 1780 5879 extra
1811 5841 2007 5894 corpus
2028 5832 2109 5878 est
2138 5842 2150 5886 ;
2175 5826 2264 5895 qui
2297 5839 2392 5878 au-

813 5925 922 5973 tem
975 5917 1271 5974 fornicatur
1300 5917 1355 5973 in
1390 5931 1591 5985 corpus
1627 5931 1804 5977 suum.
1835 5926 2023 5980 peccat
2057 5915 2108 5985 (I
2139 5916 2256 5972 Cor.
2291 5919 2387 5980 vi).

2496 5823 2758 5876 luxuriam
2787 5835 3006 5876 car-nem
3031 5821 3344 5891 corrumpit.

2573 5915 2747 5968 Prima
2787 5912 3158 5968 fornicationis
3189 5914 3468 5968 oculorum
3505 5913 3609 5970 tela
3657 5923 3805 5981 sunt,
3852 5919 4111 5975 secunda
