  <div class='ocr_page' id='page_1' title='image "/cluster/home/n/w/nwhite01/storage/ocr_20150623/88-89/uc1.31175000868714/330.png"; bbox 0 0 4194 6560; ppageno 0'>
   <div class='ocr_carea' id='block_1_1' title="bbox 127 419 228 476">
    <p class='ocr_par' dir='ltr' id='par_1_1' title="bbox 127 419 228 476">
     <span class='ocr_line' id='line_1_1' title="bbox 127 419 228 476; baseline 0.01 -2"><span class='ocrx_word' id='word_1_1' title='bbox 127 419 228 476; x_wconf 70' lang='grc'><strong>649</strong></span> 
     </span>
    </p>
   </div>
   <div class='ocr_carea' id='block_1_2' title="bbox 1424 408 2208 467">
    <p class='ocr_par' dir='ltr' id='par_1_2' title="bbox 1424 408 2208 467">
     <span class='ocr_line' id='line_1_2' title="bbox 1424 408 2208 467; baseline -0.004 0"><span class='ocrx_word' id='word_1_2' title='bbox 1424 408 1944 467; x_wconf 58' lang='grc' dir='ltr'><strong>δςιΝΤιιιιΑικυΜ</strong></span> <span class='ocrx_word' id='word_1_3' title='bbox 1989 408 2208 464; x_wconf 73' lang='lat' dir='ltr'><strong>LIBER.</strong></span> 
     </span>
    </p>
   </div>
   <div class='ocr_carea' id='block_1_3' title="bbox 3310 407 3415 464">
    <p class='ocr_par' dir='ltr' id='par_1_3' title="bbox 3310 407 3415 464">
     <span class='ocr_line' id='line_1_3' title="bbox 3310 407 3415 464; baseline 0.01 -2"><span class='ocrx_word' id='word_1_4' title='bbox 3310 407 3415 464; x_wconf 81' lang='lat'><strong>650</strong></span> 
     </span>
    </p>
   </div>
   <div class='ocr_carea' id='block_1_4' title="bbox 127 522 3409 602">
    <p class='ocr_par' dir='ltr' id='par_1_4' title="bbox 127 522 3409 602">
     <span class='ocr_line' id='line_1_4' title="bbox 127 522 3409 602; baseline -0.004 -11"><span class='ocrx_word' id='word_1_5' title='bbox 127 536 414 591; x_wconf 77' lang='lat' dir='ltr'><strong>verborum</strong></span> <span class='ocrx_word' id='word_1_6' title='bbox 467 531 564 590; x_wconf 86' lang='lat' dir='ltr'><strong>sed</strong></span> <span class='ocrx_word' id='word_1_7' title='bbox 591 532 686 602; x_wconf 84' lang='lat' dir='ltr'><strong>qui</strong></span> <span class='ocrx_word' id='word_1_8' title='bbox 716 545 826 587; x_wconf 90' lang='lat' dir='ltr'><strong>non</strong></span> <span class='ocrx_word' id='word_1_9' title='bbox 866 527 1077 600; x_wconf 91' lang='lat' dir='ltr'><strong>capitur</strong></span> <span class='ocrx_word' id='word_1_10' title='bbox 1101 527 1290 595; x_wconf 92' lang='lat' dir='ltr'><strong>oculis,</strong></span> <span class='ocrx_word' id='word_1_11' title='bbox 1333 535 1513 598; x_wconf 93' lang='lat' dir='ltr'><strong>potest</strong></span> <span class='ocrx_word' id='word_1_12' title='bbox 1542 524 1719 582; x_wconf 78' lang='lat' dir='ltr'><strong>verbis</strong></span> <span class='ocrx_word' id='word_1_13' title='bbox 1746 525 1800 584; x_wconf 72' lang='grc' dir='ltr'><strong>Δ</strong></span> <span class='ocrx_word' id='word_1_14' title='bbox 1897 525 1993 579; x_wconf 89' lang='lat' dir='ltr'><strong>Sta</strong></span> <span class='ocrx_word' id='word_1_15' title='bbox 2025 525 2078 579; x_wconf 90' lang='lat' dir='ltr'><strong>in</strong></span> <span class='ocrx_word' id='word_1_16' title='bbox 2110 530 2436 579; x_wconf 83' lang='lat' dir='ltr'><strong>testamento</strong></span> <span class='ocrx_word' id='word_1_17' title='bbox 2476 527 2590 587; x_wconf 91' lang='lat' dir='ltr'><strong>tuo,</strong></span> <span class='ocrx_word' id='word_1_18' title='bbox 2623 530 2676 577; x_wconf 92' lang='lat' dir='ltr'><strong>et</strong></span> <span class='ocrx_word' id='word_1_19' title='bbox 2706 522 2757 577; x_wconf 91' lang='lat' dir='ltr'><strong>in</strong></span> <span class='ocrx_word' id='word_1_20' title='bbox 2785 522 2879 578; x_wconf 91' lang='lat' dir='ltr'><strong>illo</strong></span> <span class='ocrx_word' id='word_1_21' title='bbox 2903 522 3235 592; x_wconf 76' lang='lat' dir='ltr'><strong>colloquare,</strong></span> <span class='ocrx_word' id='word_1_22' title='bbox 3268 531 3322 577; x_wconf 90' lang='lat' dir='ltr'><strong>et</strong></span> <span class='ocrx_word' id='word_1_23' title='bbox 3353 522 3409 578; x_wconf 92' lang='lat' dir='ltr'><strong>in</strong></span> 
     </span>
    </p>
   </div>
   <div class='ocr_carea' id='block_1_5' title="bbox 127 637 402 684">
    <p class='ocr_par' dir='ltr' id='par_1_5' title="bbox 127 637 402 684">
     <span class='ocr_line' id='line_1_5' title="bbox 127 637 402 684; baseline -0.011 0"><span class='ocrx_word' id='word_1_24' title='bbox 127 637 402 684; x_wconf 84' lang='lat' dir='ltr'><strong>resistere.</strong></span> 
     </span>
    </p>
   </div>
   <div class='ocr_carea' id='block_1_6' title="bbox 197 712 1725 786">
    <p class='ocr_par' dir='ltr' id='par_1_6' title="bbox 197 712 1725 786">
     <span class='ocr_line' id='line_1_6' title="bbox 197 712 1725 786; baseline -0.005 -12"><span class='ocrx_word' id='word_1_25' title='bbox 197 719 301 786; x_wconf 84' lang='lat' dir='ltr'><strong>Qui</strong></span> <span class='ocrx_word' id='word_1_26' title='bbox 331 718 750 774; x_wconf 75' lang='lat' dir='ltr'><strong>delectationem</strong></span> <span class='ocrx_word' id='word_1_27' title='bbox 792 716 1032 771; x_wconf 80' lang='lat' dir='ltr'><strong>refrenat</strong></span> <span class='ocrx_word' id='word_1_28' title='bbox 1078 713 1380 770; x_wconf 62' lang='lat' dir='ltr'><strong>libidinosa:</strong></span> <span class='ocrx_word' id='word_1_29' title='bbox 1421 712 1725 783; x_wconf 82' lang='lat' dir='ltr'><strong>suggestio-</strong></span> 
     </span>
    </p>
   </div>
   <div class='ocr_carea' id='block_1_7' title="bbox 125 806 1310 877">
    <p class='ocr_par' dir='ltr' id='par_1_7' title="bbox 125 806 1310 877">
     <span class='ocr_line' id='line_1_7' title="bbox 125 806 1310 877; baseline -0.005 -11"><span class='ocrx_word' id='word_1_30' title='bbox 125 813 227 877; x_wconf 90' lang='lat' dir='ltr'><strong>nis,</strong></span> <span class='ocrx_word' id='word_1_31' title='bbox 261 826 370 866; x_wconf 87' lang='lat' dir='ltr'><strong>non</strong></span> <span class='ocrx_word' id='word_1_32' title='bbox 390 810 580 864; x_wconf 80' lang='lat' dir='ltr'><strong>transit</strong></span> <span class='ocrx_word' id='word_1_33' title='bbox 607 810 674 864; x_wconf 88' lang='lat' dir='ltr'><strong>ad</strong></span> <span class='ocrx_word' id='word_1_34' title='bbox 705 823 1033 864; x_wconf 86' lang='lat' dir='ltr'><strong>consensum</strong></span> <span class='ocrx_word' id='word_1_35' title='bbox 1055 806 1310 861; x_wconf 78' lang='lat' dir='ltr'><strong>libidinis.</strong></span> 
     </span>
    </p>
   </div>
   <div class='ocr_carea' id='block_1_8' title="bbox 197 900 1723 972">
    <p class='ocr_par' dir='ltr' id='par_1_8' title="bbox 197 900 1723 972">
     <span class='ocr_line' id='line_1_8' title="bbox 197 900 1723 972; baseline -0.005 -14"><span class='ocrx_word' id='word_1_36' title='bbox 197 903 322 959; x_wconf 88' lang='lat' dir='ltr'><strong>Cito</strong></span> <span class='ocrx_word' id='word_1_37' title='bbox 352 903 496 958; x_wconf 90' lang='lat' dir='ltr'><strong>enim</strong></span> <span class='ocrx_word' id='word_1_38' title='bbox 526 902 731 958; x_wconf 82' lang='lat' dir='ltr'><strong>resistit</strong></span> <span class='ocrx_word' id='word_1_39' title='bbox 779 902 952 972; x_wconf 88' lang='lat' dir='ltr'><strong>operi,</strong></span> <span class='ocrx_word' id='word_1_40' title='bbox 999 901 1088 970; x_wconf 92' lang='lat' dir='ltr'><strong>qui</strong></span> <span class='ocrx_word' id='word_1_41' title='bbox 1119 900 1359 954; x_wconf 90' lang='lat' dir='ltr'><strong>titillanti</strong></span> <span class='ocrx_word' id='word_1_42' title='bbox 1398 912 1723 956; x_wconf 81' lang='lat' dir='ltr'><strong>consensum</strong></span> 
     </span>
    </p>
   </div>
   <div class='ocr_carea' id='block_1_9' title="bbox 127 994 1040 1052">
    <p class='ocr_par' dir='ltr' id='par_1_9' title="bbox 127 994 1040 1052">
     <span class='ocr_line' id='line_1_9' title="bbox 127 994 1040 1052; baseline -0.003 -1"><span class='ocrx_word' id='word_1_43' title='bbox 127 1013 233 1052; x_wconf 90' lang='lat' dir='ltr'><strong>non</strong></span> <span class='ocrx_word' id='word_1_44' title='bbox 258 995 643 1052; x_wconf 84' lang='lat' dir='ltr'><strong>accommodat</strong></span> <span class='ocrx_word' id='word_1_45' title='bbox 671 994 1040 1050; x_wconf 86' lang='lat' dir='ltr'><strong>delectationi.</strong></span> 
     </span>
    </p>
   </div>
   <div class='ocr_carea' id='block_1_10' title="bbox 195 1083 1724 1160">
    <p class='ocr_par' dir='ltr' id='par_1_10' title="bbox 195 1083 1724 1160">
     <span class='ocr_line' id='line_1_10' title="bbox 195 1083 1724 1160; baseline -0.003 -16"><span class='ocrx_word' id='word_1_46' title='bbox 195 1089 252 1144; x_wconf 88' lang='lat' dir='ltr'><strong>Si</strong></span> <span class='ocrx_word' id='word_1_47' title='bbox 301 1091 420 1160; x_wconf 87' lang='lat' dir='ltr'><strong>plus</strong></span> <span class='ocrx_word' id='word_1_48' title='bbox 459 1088 698 1145; x_wconf 84' lang='lat' dir='ltr'><strong>oblectat</strong></span> <span class='ocrx_word' id='word_1_49' title='bbox 747 1095 984 1142; x_wconf 87' lang='lat' dir='ltr'><strong>mentem</strong></span> <span class='ocrx_word' id='word_1_50' title='bbox 1013 1087 1310 1142; x_wconf 79' lang='lat' dir='ltr'><strong>delectatio</strong></span> <span class='ocrx_word' id='word_1_51' title='bbox 1355 1083 1724 1142; x_wconf 81' lang='lat' dir='ltr'><strong>fornicationis</strong></span> 
     </span>
    </p>
   </div>
   <div class='ocr_carea' id='block_1_11' title="bbox 124 1179 1728 1253">
    <p class='ocr_par' dir='ltr' id='par_1_11' title="bbox 124 1179 1728 1253">
     <span class='ocr_line' id='line_1_11' title="bbox 124 1179 1728 1253; baseline -0.002 -17"><span class='ocrx_word' id='word_1_52' title='bbox 124 1198 290 1253; x_wconf 91' lang='lat' dir='ltr'><strong>quam</strong></span> <span class='ocrx_word' id='word_1_53' title='bbox 331 1198 488 1238; x_wconf 91' lang='lat' dir='ltr'><strong>amor</strong></span> <span class='ocrx_word' id='word_1_54' title='bbox 527 1182 810 1248; x_wconf 86' lang='lat' dir='ltr'><strong>castitatis,</strong></span> <span class='ocrx_word' id='word_1_55' title='bbox 858 1180 1034 1236; x_wconf 90' lang='lat' dir='ltr'><strong>adhuc</strong></span> <span class='ocrx_word' id='word_1_56' title='bbox 1079 1181 1132 1235; x_wconf 93' lang='lat' dir='ltr'><strong>in</strong></span> <span class='ocrx_word' id='word_1_57' title='bbox 1178 1179 1400 1237; x_wconf 87' lang='lat' dir='ltr'><strong>homine</strong></span> <span class='ocrx_word' id='word_1_58' title='bbox 1443 1186 1728 1249; x_wconf 89' lang='lat' dir='ltr'><strong>peccatum</strong></span> 
     </span>
    </p>
   </div>
   <div class='ocr_carea' id='block_1_12' title="bbox 124 1284 340 1345">
    <p class='ocr_par' dir='ltr' id='par_1_12' title="bbox 124 1284 340 1345">
     <span class='ocr_line' id='line_1_12' title="bbox 124 1284 340 1345; baseline 0 -15"><span class='ocrx_word' id='word_1_59' title='bbox 124 1284 340 1345; x_wconf 76' lang='lat' dir='ltr'><strong>regnat.</strong></span> 
     </span>
    </p>
   </div>
   <div class='ocr_carea' id='block_1_13' title="bbox 195 1364 1725 1437">
    <p class='ocr_par' dir='ltr' id='par_1_13' title="bbox 195 1364 1725 1437">
     <span class='ocr_line' id='line_1_13' title="bbox 195 1364 1725 1437; baseline -0.002 -16"><span class='ocrx_word' id='word_1_60' title='bbox 195 1369 362 1422; x_wconf 74' lang='lat' dir='ltr'><strong>Lerte</strong></span> <span class='ocrx_word' id='word_1_61' title='bbox 407 1367 452 1422; x_wconf 92' lang='lat' dir='ltr'><strong>si</strong></span> <span class='ocrx_word' id='word_1_62' title='bbox 481 1367 712 1437; x_wconf 85' lang='lat' dir='ltr'><strong>amplius</strong></span> <span class='ocrx_word' id='word_1_63' title='bbox 741 1366 975 1422; x_wconf 88' lang='lat' dir='ltr'><strong>delectat</strong></span> <span class='ocrx_word' id='word_1_64' title='bbox 1015 1364 1359 1436; x_wconf 89' lang='lat' dir='ltr'><strong>pulchritudo</strong></span> <span class='ocrx_word' id='word_1_65' title='bbox 1390 1364 1591 1419; x_wconf 62' lang='lat' dir='ltr'><strong>intimae</strong></span> <span class='ocrx_word' id='word_1_66' title='bbox 1635 1380 1725 1418; x_wconf 82' lang='lat' dir='ltr'><strong>ca-</strong></span> 
     </span>
    </p>
   </div>
   <div class='ocr_carea' id='block_1_14' title="bbox 123 1458 1722 1530">
    <p class='ocr_par' dir='ltr' id='par_1_14' title="bbox 123 1458 1722 1530">
     <span class='ocr_line' id='line_1_14' title="bbox 123 1458 1722 1530; baseline -0.004 -13"><span class='ocrx_word' id='word_1_67' title='bbox 123 1461 347 1526; x_wconf 81' lang='lat' dir='ltr'><strong>stitatis,</strong></span> <span class='ocrx_word' id='word_1_68' title='bbox 368 1461 479 1529; x_wconf 84' lang='lat' dir='ltr'><strong>jam</strong></span> <span class='ocrx_word' id='word_1_69' title='bbox 503 1476 611 1514; x_wconf 91' lang='lat' dir='ltr'><strong>non</strong></span> <span class='ocrx_word' id='word_1_70' title='bbox 636 1472 824 1529; x_wconf 77' lang='lat' dir='ltr'><strong>regnat</strong></span> <span class='ocrx_word' id='word_1_71' title='bbox 845 1469 1152 1530; x_wconf 88' lang='lat' dir='ltr'><strong>peccatum,</strong></span> <span class='ocrx_word' id='word_1_72' title='bbox 1175 1460 1268 1515; x_wconf 87' lang='lat' dir='ltr'><strong>sed</strong></span> <span class='ocrx_word' id='word_1_73' title='bbox 1291 1458 1722 1528; x_wconf 89' lang='lat' dir='ltr'><strong>regnatjustitia.</strong></span> 
     </span>
    </p>
   </div>
   <div class='ocr_carea' id='block_1_15' title="bbox 197 1553 1726 1625">
    <p class='ocr_par' dir='ltr' id='par_1_15' title="bbox 197 1553 1726 1625">
     <span class='ocr_line' id='line_1_15' title="bbox 197 1553 1726 1625; baseline -0.003 -15"><span class='ocrx_word' id='word_1_74' title='bbox 197 1555 392 1612; x_wconf 91' lang='lat' dir='ltr'><strong>Omnis</strong></span> <span class='ocrx_word' id='word_1_75' title='bbox 441 1556 716 1612; x_wconf 90' lang='lat' dir='ltr'><strong>immunda</strong></span> <span class='ocrx_word' id='word_1_76' title='bbox 762 1555 1012 1625; x_wconf 88' lang='lat' dir='ltr'><strong>pollutio,</strong></span> <span class='ocrx_word' id='word_1_77' title='bbox 1061 1554 1346 1610; x_wconf 84' lang='lat' dir='ltr'><strong>fornicatio</strong></span> <span class='ocrx_word' id='word_1_78' title='bbox 1376 1553 1607 1608; x_wconf 87' lang='lat' dir='ltr'><strong>dicitur:</strong></span> <span class='ocrx_word' id='word_1_79' title='bbox 1659 1567 1726 1607; x_wconf 86' lang='lat' dir='ltr'><strong>ex</strong></span> 
     </span>
    </p>
   </div>
   <div class='ocr_carea' id='block_1_16' title="bbox 128 1643 1727 1714">
    <p class='ocr_par' dir='ltr' id='par_1_16' title="bbox 128 1643 1727 1714">
     <span class='ocr_line' id='line_1_16' title="bbox 128 1643 1727 1714; baseline -0.004 -12"><span class='ocrx_word' id='word_1_80' title='bbox 128 1649 502 1704; x_wconf 82' lang='lat' dir='ltr'><strong>delectatione</strong></span> <span class='ocrx_word' id='word_1_81' title='bbox 545 1649 689 1703; x_wconf 90' lang='lat' dir='ltr'><strong>enim</strong></span> <span class='ocrx_word' id='word_1_82' title='bbox 738 1646 1036 1702; x_wconf 84' lang='lat' dir='ltr'><strong>fornicandi</strong></span> <span class='ocrx_word' id='word_1_83' title='bbox 1085 1646 1228 1699; x_wconf 89' lang='lat' dir='ltr'><strong>varia</strong></span> <span class='ocrx_word' id='word_1_84' title='bbox 1260 1646 1548 1714; x_wconf 84' lang='lat' dir='ltr'><strong>gignuntur</strong></span> <span class='ocrx_word' id='word_1_85' title='bbox 1576 1643 1727 1712; x_wconf 79' lang='lat' dir='ltr'><strong>ﬂagi-</strong></span> 
     </span>
    </p>
   </div>
   <div class='ocr_carea' id='block_1_17' title="bbox 125 1736 1728 1810">
    <p class='ocr_par' dir='ltr' id='par_1_17' title="bbox 125 1736 1728 1810">
     <span class='ocr_line' id='line_1_17' title="bbox 125 1736 1728 1810; baseline -0.004 -16"><span class='ocrx_word' id='word_1_86' title='bbox 125 1742 218 1806; x_wconf 87' lang='lat' dir='ltr'><strong>tia,</strong></span> <span class='ocrx_word' id='word_1_87' title='bbox 251 1741 451 1810; x_wconf 87' lang='lat' dir='ltr'><strong>quibus</strong></span> <span class='ocrx_word' id='word_1_88' title='bbox 480 1753 706 1810; x_wconf 82' lang='lat' dir='ltr'><strong>regnum</strong></span> <span class='ocrx_word' id='word_1_89' title='bbox 735 1737 833 1795; x_wconf 89' lang='lat' dir='ltr'><strong>Dei</strong></span> <span class='ocrx_word' id='word_1_90' title='bbox 852 1738 1138 1803; x_wconf 85' lang='lat' dir='ltr'><strong>clauditur,</strong></span> <span class='ocrx_word' id='word_1_91' title='bbox 1167 1745 1222 1793; x_wconf 86' lang='lat' dir='ltr'><strong>et</strong></span> <span class='ocrx_word' id='word_1_92' title='bbox 1251 1736 1414 1792; x_wconf 88' lang='lat' dir='ltr'><strong>homo</strong></span> <span class='ocrx_word' id='word_1_93' title='bbox 1445 1743 1728 1806; x_wconf 85' lang='lat' dir='ltr'><strong>separatur</strong></span> 
     </span>
    </p>
   </div>
   <div class='ocr_carea' id='block_1_18' title="bbox 125 1836 318 1890">
    <p class='ocr_par' dir='ltr' id='par_1_18' title="bbox 125 1836 318 1890">
     <span class='ocr_line' id='line_1_18' title="bbox 125 1836 318 1890; baseline 0.005 -1"><span class='ocrx_word' id='word_1_94' title='bbox 125 1852 154 1889; x_wconf 88' lang='lat' dir='ltr'><strong>a</strong></span> <span class='ocrx_word' id='word_1_95' title='bbox 181 1836 318 1890; x_wconf 91' lang='lat' dir='ltr'><strong>Deo.</strong></span> 
     </span>
    </p>
   </div>
   <div class='ocr_carea' id='block_1_19' title="bbox 195 1922 1726 1994">
    <p class='ocr_par' dir='ltr' id='par_1_19' title="bbox 195 1922 1726 1994">
     <span class='ocr_line' id='line_1_19' title="bbox 195 1922 1726 1994; baseline -0.001 -14"><span class='ocrx_word' id='word_1_96' title='bbox 195 1927 513 1982; x_wconf 88' lang='lat' dir='ltr'><strong>Fornicatio</strong></span> <span class='ocrx_word' id='word_1_97' title='bbox 559 1927 779 1982; x_wconf 82' lang='lat' dir='ltr'><strong>maximi</strong></span> <span class='ocrx_word' id='word_1_98' title='bbox 821 1935 905 1981; x_wconf 91' lang='lat' dir='ltr'><strong>est</strong></span> <span class='ocrx_word' id='word_1_99' title='bbox 951 1924 1194 1990; x_wconf 75' lang='lat' dir='ltr'><strong>sceleris,</strong></span> <span class='ocrx_word' id='word_1_100' title='bbox 1243 1923 1370 1994; x_wconf 87' lang='lat' dir='ltr'><strong>quia</strong></span> <span class='ocrx_word' id='word_1_101' title='bbox 1418 1938 1516 1993; x_wconf 89' lang='lat' dir='ltr'><strong>per</strong></span> <span class='ocrx_word' id='word_1_102' title='bbox 1550 1922 1726 1978; x_wconf 90' lang='lat' dir='ltr'><strong>carnis</strong></span> 
     </span>
    </p>
   </div>
   <div class='ocr_carea' id='block_1_20' title="bbox 124 2020 1728 2093">
    <p class='ocr_par' dir='ltr' id='par_1_20' title="bbox 124 2020 1728 2093">
     <span class='ocr_line' id='line_1_20' title="bbox 124 2020 1728 2093; baseline -0.003 -15"><span class='ocrx_word' id='word_1_103' title='bbox 124 2024 529 2078; x_wconf 86' lang='lat' dir='ltr'><strong>immunditiam</strong></span> <span class='ocrx_word' id='word_1_104' title='bbox 569 2023 830 2093; x_wconf 91' lang='lat' dir='ltr'><strong>templum</strong></span> <span class='ocrx_word' id='word_1_105' title='bbox 862 2021 958 2076; x_wconf 88' lang='lat' dir='ltr'><strong>Dei</strong></span> <span class='ocrx_word' id='word_1_106' title='bbox 1007 2022 1192 2083; x_wconf 88' lang='lat' dir='ltr'><strong>violat,</strong></span> <span class='ocrx_word' id='word_1_107' title='bbox 1236 2029 1290 2075; x_wconf 92' lang='lat' dir='ltr'><strong>et</strong></span> <span class='ocrx_word' id='word_1_108' title='bbox 1327 2020 1521 2075; x_wconf 83' lang='lat' dir='ltr'><strong>tollens</strong></span> <span class='ocrx_word' id='word_1_109' title='bbox 1556 2034 1728 2074; x_wconf 88' lang='lat' dir='ltr'><strong>mem-</strong></span> 
     </span>
    </p>
   </div>
   <div class='ocr_carea' id='block_1_21' title="bbox 123 2112 1261 2178">
    <p class='ocr_par' dir='ltr' id='par_1_21' title="bbox 123 2112 1261 2178">
     <span class='ocr_line' id='line_1_21' title="bbox 123 2112 1261 2178; baseline -0.003 -9"><span class='ocrx_word' id='word_1_110' title='bbox 123 2116 219 2169; x_wconf 89' lang='lat' dir='ltr'><strong>bra</strong></span> <span class='ocrx_word' id='word_1_111' title='bbox 251 2116 473 2178; x_wconf 88' lang='lat' dir='ltr'><strong>Christi,</strong></span> <span class='ocrx_word' id='word_1_112' title='bbox 511 2116 638 2170; x_wconf 85' lang='lat' dir='ltr'><strong>facit</strong></span> <span class='ocrx_word' id='word_1_113' title='bbox 665 2115 908 2171; x_wconf 86' lang='lat' dir='ltr'><strong>membra</strong></span> <span class='ocrx_word' id='word_1_114' title='bbox 938 2112 1261 2168; x_wconf 88' lang='lat' dir='ltr'><strong>meretricis.</strong></span> 
     </span>
    </p>
   </div>
   <div class='ocr_carea' id='block_1_22' title="bbox 195 2203 1725 2278">
    <p class='ocr_par' dir='ltr' id='par_1_22' title="bbox 195 2203 1725 2278">
     <span class='ocr_line' id='line_1_22' title="bbox 195 2203 1725 2278; baseline -0.006 -15"><span class='ocrx_word' id='word_1_115' title='bbox 195 2209 506 2265; x_wconf 80' lang='lat' dir='ltr'><strong>Luxuriosa</strong></span> <span class='ocrx_word' id='word_1_116' title='bbox 567 2225 800 2278; x_wconf 89' lang='lat' dir='ltr'><strong>namque</strong></span> <span class='ocrx_word' id='word_1_117' title='bbox 858 2211 964 2262; x_wconf 85' lang='lat' dir='ltr'><strong>vita</strong></span> <span class='ocrx_word' id='word_1_118' title='bbox 1026 2222 1243 2262; x_wconf 90' lang='lat' dir='ltr'><strong>carnem</strong></span> <span class='ocrx_word' id='word_1_119' title='bbox 1300 2206 1410 2260; x_wconf 87' lang='lat' dir='ltr'><strong>cito</strong></span> <span class='ocrx_word' id='word_1_120' title='bbox 1459 2203 1725 2268; x_wconf 85' lang='lat' dir='ltr'><strong>debilitat,</strong></span> 
     </span>
    </p>
   </div>
   <div class='ocr_carea' id='block_1_23' title="bbox 121 2300 1401 2372">
    <p class='ocr_par' dir='ltr' id='par_1_23' title="bbox 121 2300 1401 2372">
     <span class='ocr_line' id='line_1_23' title="bbox 121 2300 1401 2372; baseline -0.003 -18"><span class='ocrx_word' id='word_1_121' title='bbox 121 2302 470 2372; x_wconf 85' lang='lat' dir='ltr'><strong>fractamque</strong></span> <span class='ocrx_word' id='word_1_122' title='bbox 494 2302 746 2357; x_wconf 89' lang='lat' dir='ltr'><strong>celeriter</strong></span> <span class='ocrx_word' id='word_1_123' title='bbox 769 2302 920 2356; x_wconf 91' lang='lat' dir='ltr'><strong>ducit</strong></span> <span class='ocrx_word' id='word_1_124' title='bbox 947 2300 1012 2354; x_wconf 89' lang='lat' dir='ltr'><strong>ad</strong></span> <span class='ocrx_word' id='word_1_125' title='bbox 1043 2307 1401 2355; x_wconf 90' lang='lat' dir='ltr'><strong>senectutem.</strong></span> 
     </span>
    </p>
   </div>
   <div class='ocr_carea' id='block_1_24' title="bbox 190 2385 1726 2461">
    <p class='ocr_par' dir='ltr' id='par_1_24' title="bbox 190 2385 1726 2461">
     <span class='ocr_line' id='line_1_24' title="bbox 190 2385 1726 2461; baseline -0.005 -14"><span class='ocrx_word' id='word_1_126' title='bbox 190 2391 462 2447; x_wconf 89' lang='lat' dir='ltr'><strong>Omnibus</strong></span> <span class='ocrx_word' id='word_1_127' title='bbox 488 2393 724 2461; x_wconf 84' lang='lat' dir='ltr'><strong>peccatis</strong></span> <span class='ocrx_word' id='word_1_128' title='bbox 752 2391 1038 2448; x_wconf 88' lang='lat' dir='ltr'><strong>fornicatio</strong></span> <span class='ocrx_word' id='word_1_129' title='bbox 1084 2394 1254 2460; x_wconf 85' lang='lat' dir='ltr'><strong>major</strong></span> <span class='ocrx_word' id='word_1_130' title='bbox 1275 2397 1378 2456; x_wconf 83' lang='lat' dir='ltr'><strong>est,</strong></span> <span class='ocrx_word' id='word_1_131' title='bbox 1409 2387 1534 2455; x_wconf 86' lang='lat' dir='ltr'><strong>quia</strong></span> <span class='ocrx_word' id='word_1_132' title='bbox 1558 2385 1726 2442; x_wconf 83' lang='lat' dir='ltr'><strong>forni-</strong></span> 
     </span>
    </p>
   </div>
   <div class='ocr_carea' id='block_1_25' title="bbox 122 2485 760 2541">
    <p class='ocr_par' dir='ltr' id='par_1_25' title="bbox 122 2485 760 2541">
     <span class='ocr_line' id='line_1_25' title="bbox 122 2485 760 2541; baseline -0.003 0"><span class='ocrx_word' id='word_1_133' title='bbox 122 2488 270 2541; x_wconf 88' lang='lat' dir='ltr'><strong>catio</strong></span> <span class='ocrx_word' id='word_1_134' title='bbox 296 2485 575 2540; x_wconf 86' lang='lat' dir='ltr'><strong>antecedit</strong></span> <span class='ocrx_word' id='word_1_135' title='bbox 599 2485 760 2539; x_wconf 89' lang='lat' dir='ltr'><strong>mala.</strong></span> 
     </span>
    </p>
   </div>
   <div class='ocr_carea' id='block_1_26' title="bbox 195 2572 1729 2647">
    <p class='ocr_par' dir='ltr' id='par_1_26' title="bbox 195 2572 1729 2647">
     <span class='ocr_line' id='line_1_26' title="bbox 195 2572 1729 2647; baseline -0.001 -17"><span class='ocrx_word' id='word_1_136' title='bbox 195 2577 397 2631; x_wconf 83' lang='lat' dir='ltr'><strong>Melius</strong></span> <span class='ocrx_word' id='word_1_137' title='bbox 427 2588 508 2632; x_wconf 90' lang='lat' dir='ltr'><strong>est</strong></span> <span class='ocrx_word' id='word_1_138' title='bbox 538 2577 681 2632; x_wconf 91' lang='lat' dir='ltr'><strong>enim</strong></span> <span class='ocrx_word' id='word_1_139' title='bbox 712 2575 850 2632; x_wconf 90' lang='lat' dir='ltr'><strong>mori</strong></span> <span class='ocrx_word' id='word_1_140' title='bbox 881 2591 1042 2647; x_wconf 90' lang='lat' dir='ltr'><strong>quam</strong></span> <span class='ocrx_word' id='word_1_141' title='bbox 1075 2574 1350 2638; x_wconf 89' lang='lat' dir='ltr'><strong>fornicari,</strong></span> <span class='ocrx_word' id='word_1_142' title='bbox 1381 2573 1465 2630; x_wconf 91' lang='lat' dir='ltr'><strong>vel</strong></span> <span class='ocrx_word' id='word_1_143' title='bbox 1508 2572 1729 2629; x_wconf 84' lang='lat' dir='ltr'><strong>.ibidine</strong></span> 
     </span>
    </p>
   </div>
   <div class='ocr_carea' id='block_1_27' title="bbox 123 2667 418 2721">
    <p class='ocr_par' dir='ltr' id='par_1_27' title="bbox 123 2667 418 2721">
     <span class='ocr_line' id='line_1_27' title="bbox 123 2667 418 2721; baseline -0.007 0"><span class='ocrx_word' id='word_1_144' title='bbox 123 2667 418 2721; x_wconf 87' lang='lat' dir='ltr'><strong>maculari.</strong></span> 
     </span>
    </p>
   </div>
   <div class='ocr_carea' id='block_1_28' title="bbox 198 2756 1323 2825">
    <p class='ocr_par' dir='ltr' id='par_1_28' title="bbox 198 2756 1323 2825">
     <span class='ocr_line' id='line_1_28' title="bbox 198 2756 1323 2825; baseline -0.002 -11"><span class='ocrx_word' id='word_1_145' title='bbox 198 2759 398 2814; x_wconf 88' lang='lat' dir='ltr'><strong>Libido</strong></span> <span class='ocrx_word' id='word_1_146' title='bbox 431 2760 484 2814; x_wconf 92' lang='lat' dir='ltr'><strong>in</strong></span> <span class='ocrx_word' id='word_1_147' title='bbox 510 2759 779 2815; x_wconf 87' lang='lat' dir='ltr'><strong>infernum</strong></span> <span class='ocrx_word' id='word_1_148' title='bbox 810 2758 1084 2815; x_wconf 85' lang='lat' dir='ltr'><strong>hominem</strong></span> <span class='ocrx_word' id='word_1_149' title='bbox 1109 2756 1323 2825; x_wconf 81' lang='lat' dir='ltr'><strong>mergit.</strong></span> 
     </span>
    </p>
   </div>
   <div class='ocr_carea' id='block_1_29' title="bbox 195 2851 1312 2908">
    <p class='ocr_par' dir='ltr' id='par_1_29' title="bbox 195 2851 1312 2908">
     <span class='ocr_line' id='line_1_29' title="bbox 195 2851 1312 2908; baseline -0.004 -1"><span class='ocrx_word' id='word_1_150' title='bbox 195 2853 399 2908; x_wconf 86' lang='lat' dir='ltr'><strong>Libido</strong></span> <span class='ocrx_word' id='word_1_151' title='bbox 425 2854 478 2907; x_wconf 93' lang='lat' dir='ltr'><strong>in</strong></span> <span class='ocrx_word' id='word_1_152' title='bbox 509 2852 794 2907; x_wconf 86' lang='lat' dir='ltr'><strong>Tartarum</strong></span> <span class='ocrx_word' id='word_1_153' title='bbox 819 2853 1092 2907; x_wconf 88' lang='lat' dir='ltr'><strong>hominem</strong></span> <span class='ocrx_word' id='word_1_154' title='bbox 1124 2851 1312 2905; x_wconf 89' lang='lat' dir='ltr'><strong>mittit.</strong></span> 
     </span>
    </p>
   </div>
   <div class='ocr_carea' id='block_1_30' title="bbox 193 2940 1537 3014">
    <p class='ocr_par' dir='ltr' id='par_1_30' title="bbox 193 2940 1537 3014">
     <span class='ocr_line' id='line_1_30' title="bbox 193 2940 1537 3014; baseline -0.003 -16"><span class='ocrx_word' id='word_1_155' title='bbox 193 2943 434 2999; x_wconf 81' lang='lat' dir='ltr'><strong>Gravius</strong></span> <span class='ocrx_word' id='word_1_156' title='bbox 461 2944 624 3000; x_wconf 88' lang='lat' dir='ltr'><strong>libido</strong></span> <span class='ocrx_word' id='word_1_157' title='bbox 653 2945 762 2999; x_wconf 91' lang='lat' dir='ltr'><strong>urit</strong></span> <span class='ocrx_word' id='word_1_158' title='bbox 787 2959 946 3014; x_wconf 90' lang='lat' dir='ltr'><strong>quem</strong></span> <span class='ocrx_word' id='word_1_159' title='bbox 978 2945 1221 2999; x_wconf 84' lang='lat' dir='ltr'><strong>occisum</strong></span> <span class='ocrx_word' id='word_1_160' title='bbox 1253 2940 1537 2997; x_wconf 79' lang='lat' dir='ltr'><strong>invenerit.</strong></span> 
     </span>
    </p>
   </div>
   <div class='ocr_carea' id='block_1_31' title="bbox 193 3033 1730 3106">
    <p class='ocr_par' dir='ltr' id='par_1_31' title="bbox 193 3033 1730 3106">
     <span class='ocr_line' id='line_1_31' title="bbox 193 3033 1730 3106; baseline -0.001 -16"><span class='ocrx_word' id='word_1_161' title='bbox 193 3036 416 3106; x_wconf 88' lang='lat' dir='ltr'><strong>Corpus</strong></span> <span class='ocrx_word' id='word_1_162' title='bbox 453 3037 597 3092; x_wconf 85' lang='lat' dir='ltr'><strong>enim</strong></span> <span class='ocrx_word' id='word_1_163' title='bbox 625 3037 814 3092; x_wconf 90' lang='lat' dir='ltr'><strong>labore</strong></span> <span class='ocrx_word' id='word_1_164' title='bbox 866 3037 1146 3105; x_wconf 84' lang='lat' dir='ltr'><strong>fatigatum</strong></span> <span class='ocrx_word' id='word_1_165' title='bbox 1199 3035 1376 3089; x_wconf 87' lang='lat' dir='ltr'><strong>minus</strong></span> <span class='ocrx_word' id='word_1_166' title='bbox 1425 3033 1730 3090; x_wconf 72' lang='lat' dir='ltr'><strong>delectatur</strong></span> 
     </span>
    </p>
   </div>
   <div class='ocr_carea' id='block_1_32' title="bbox 119 3124 365 3196">
    <p class='ocr_par' dir='ltr' id='par_1_32' title="bbox 119 3124 365 3196">
     <span class='ocr_line' id='line_1_32' title="bbox 119 3124 365 3196; baseline 0.008 -17"><span class='ocrx_word' id='word_1_167' title='bbox 119 3124 365 3196; x_wconf 79' lang='lat' dir='ltr'><strong>ﬂagitio.</strong></span> 
     </span>
    </p>
   </div>
   <div class='ocr_carea' id='block_1_33' title="bbox 193 3217 1422 3292">
    <p class='ocr_par' dir='ltr' id='par_1_33' title="bbox 193 3217 1422 3292">
     <span class='ocr_line' id='line_1_33' title="bbox 193 3217 1422 3292; baseline 0.001 -19"><span class='ocrx_word' id='word_1_168' title='bbox 193 3217 326 3274; x_wconf 91' lang='lat' dir='ltr'><strong>Otio</strong></span> <span class='ocrx_word' id='word_1_169' title='bbox 358 3219 504 3274; x_wconf 92' lang='lat' dir='ltr'><strong>enim</strong></span> <span class='ocrx_word' id='word_1_170' title='bbox 531 3218 740 3288; x_wconf 89' lang='lat' dir='ltr'><strong>dedito,</strong></span> <span class='ocrx_word' id='word_1_171' title='bbox 772 3219 881 3276; x_wconf 91' lang='lat' dir='ltr'><strong>cito</strong></span> <span class='ocrx_word' id='word_1_172' title='bbox 909 3220 1122 3276; x_wconf 87' lang='lat' dir='ltr'><strong>luxuria</strong></span> <span class='ocrx_word' id='word_1_173' title='bbox 1156 3220 1422 3292; x_wconf 81' lang='lat' dir='ltr'><strong>subrepit.</strong></span> 
     </span>
    </p>
   </div>
   <div class='ocr_carea' id='block_1_34' title="bbox 196 3313 1245 3385">
    <p class='ocr_par' dir='ltr' id='par_1_34' title="bbox 196 3313 1245 3385">
     <span class='ocr_line' id='line_1_34' title="bbox 196 3313 1245 3385; baseline -0.004 -17"><span class='ocrx_word' id='word_1_174' title='bbox 196 3313 418 3369; x_wconf 82' lang='lat' dir='ltr'><strong>Vacans</strong></span> <span class='ocrx_word' id='word_1_175' title='bbox 447 3313 556 3369; x_wconf 93' lang='lat' dir='ltr'><strong>cito</strong></span> <span class='ocrx_word' id='word_1_176' title='bbox 583 3314 799 3369; x_wconf 87' lang='lat' dir='ltr'><strong>luxuria</strong></span> <span class='ocrx_word' id='word_1_177' title='bbox 821 3322 1245 3385; x_wconf 56' lang='lat' dir='ltr'><strong>praeoccupatum</strong></span> 
     </span>
    </p>
   </div>
   <div class='ocr_carea' id='block_1_35' title="bbox 791 3423 1080 3463">
    <p class='ocr_par' dir='ltr' id='par_1_35' title="bbox 791 3423 1080 3463">
     <span class='ocr_line' id='line_1_35' title="bbox 791 3423 1080 3463; baseline 0 0"><span class='ocrx_word' id='word_1_178' title='bbox 791 3423 1080 3463; x_wconf 66' lang='grc' dir='ltr'><strong>οιεΑηιυς.</strong></span> 
     </span>
    </p>
   </div>
   <div class='ocr_carea' id='block_1_36' title="bbox 192 3495 1732 3570">
    <p class='ocr_par' dir='ltr' id='par_1_36' title="bbox 192 3495 1732 3570">
     <span class='ocr_line' id='line_1_36' title="bbox 192 3495 1732 3570; baseline 0.003 -19"><span class='ocrx_word' id='word_1_179' title='bbox 192 3495 407 3552; x_wconf 87' lang='lat' dir='ltr'><strong>Contra</strong></span> <span class='ocrx_word' id='word_1_180' title='bbox 433 3498 639 3568; x_wconf 85' lang='lat' dir='ltr'><strong>reliqua</strong></span> <span class='ocrx_word' id='word_1_181' title='bbox 671 3499 800 3554; x_wconf 88' lang='lat' dir='ltr'><strong>vitia</strong></span> <span class='ocrx_word' id='word_1_182' title='bbox 823 3508 1040 3570; x_wconf 91' lang='lat' dir='ltr'><strong>oportet</strong></span> <span class='ocrx_word' id='word_1_183' title='bbox 1063 3515 1164 3555; x_wconf 91' lang='lat' dir='ltr'><strong>nos</strong></span> <span class='ocrx_word' id='word_1_184' title='bbox 1196 3497 1343 3555; x_wconf 91' lang='lat' dir='ltr'><strong>omni</strong></span> <span class='ocrx_word' id='word_1_185' title='bbox 1373 3497 1574 3555; x_wconf 89' lang='lat' dir='ltr'><strong>virtute</strong></span> <span class='ocrx_word' id='word_1_186' title='bbox 1598 3502 1732 3555; x_wconf 82' lang='lat' dir='ltr'><strong>reei-</strong></span> 
     </span>
    </p>
   </div>
   <div class='ocr_carea' id='block_1_37' title="bbox 118 3591 1730 3665">
    <p class='ocr_par' dir='ltr' id='par_1_37' title="bbox 118 3591 1730 3665">
     <span class='ocr_line' id='line_1_37' title="bbox 118 3591 1730 3665; baseline 0.004 -23"><span class='ocrx_word' id='word_1_187' title='bbox 118 3597 276 3643; x_wconf 87' lang='lat' dir='ltr'><strong>stere</strong></span> <span class='ocrx_word' id='word_1_188' title='bbox 299 3611 310 3642; x_wconf 90' lang='lat'>:</span> <span class='ocrx_word' id='word_1_189' title='bbox 337 3599 531 3645; x_wconf 87' lang='lat' dir='ltr'><strong>contra</strong></span> <span class='ocrx_word' id='word_1_190' title='bbox 554 3591 834 3646; x_wconf 90' lang='lat' dir='ltr'><strong>libidinem</strong></span> <span class='ocrx_word' id='word_1_191' title='bbox 867 3607 996 3648; x_wconf 91' lang='lat' dir='ltr'><strong>vero</strong></span> <span class='ocrx_word' id='word_1_192' title='bbox 1026 3607 1136 3648; x_wconf 89' lang='lat' dir='ltr'><strong>non</strong></span> <span class='ocrx_word' id='word_1_193' title='bbox 1160 3592 1381 3663; x_wconf 86' lang='lat' dir='ltr'><strong>expedit</strong></span> <span class='ocrx_word' id='word_1_194' title='bbox 1404 3606 1730 3665; x_wconf 80' lang='lat' dir='ltr'><strong>repugnare,</strong></span> 
     </span>
    </p>
   </div>
   <div class='ocr_carea' id='block_1_38' title="bbox 119 3678 474 3750">
    <p class='ocr_par' dir='ltr' id='par_1_38' title="bbox 119 3678 474 3750">
     <span class='ocr_line' id='line_1_38' title="bbox 119 3678 474 3750; baseline 0 -16"><span class='ocrx_word' id='word_1_195' title='bbox 119 3679 223 3736; x_wconf 76' lang='lat' dir='ltr'><strong>sed</strong></span> <span class='ocrx_word' id='word_1_196' title='bbox 257 3678 474 3750; x_wconf 87' lang='lat' dir='ltr'><strong>fugere.</strong></span> 
     </span>
    </p>
   </div>
   <div class='ocr_carea' id='block_1_39' title="bbox 670 3787 1187 3830">
    <p class='ocr_par' dir='ltr' id='par_1_39' title="bbox 670 3787 1187 3830">
     <span class='ocr_line' id='line_1_39' title="bbox 670 3787 1187 3830; baseline -0.004 -2"><span class='ocrx_word' id='word_1_197' title='bbox 670 3790 739 3828; x_wconf 70' lang='lat' dir='ltr'><strong>EX</strong></span> <span class='ocrx_word' id='word_1_198' title='bbox 777 3789 916 3830; x_wconf 76' lang='lat' dir='ltr'><strong>VITIS</strong></span> <span class='ocrx_word' id='word_1_199' title='bbox 956 3787 1187 3828; x_wconf 74' lang='lat' dir='ltr'><strong>PATRUH.</strong></span> 
     </span>
    </p>
   </div>
   <div class='ocr_carea' id='block_1_40' title="bbox 195 3865 1734 3935">
    <p class='ocr_par' dir='ltr' id='par_1_40' title="bbox 195 3865 1734 3935">
     <span class='ocr_line' id='line_1_40' title="bbox 195 3865 1734 3935; baseline 0.001 -14"><span class='ocrx_word' id='word_1_200' title='bbox 195 3865 443 3924; x_wconf 84' lang='lat' dir='ltr'><strong>Castitas</strong></span> <span class='ocrx_word' id='word_1_201' title='bbox 476 3867 645 3935; x_wconf 78' lang='lat' dir='ltr'><strong>gignit</strong></span> <span class='ocrx_word' id='word_1_202' title='bbox 685 3866 1090 3930; x_wconf 83' lang='lat' dir='ltr'><strong>abstinentiam,</strong></span> <span class='ocrx_word' id='word_1_203' title='bbox 1139 3865 1517 3935; x_wconf 78' lang='lat' dir='ltr'><strong>gastrimargia</strong></span> <span class='ocrx_word' id='word_1_204' title='bbox 1552 3873 1734 3923; x_wconf 86' lang='lat' dir='ltr'><strong>autem</strong></span> 
     </span>
    </p>
   </div>
   <div class='ocr_carea' id='block_1_41' title="bbox 118 3959 874 4014">
    <p class='ocr_par' dir='ltr' id='par_1_41' title="bbox 118 3959 874 4014">
     <span class='ocr_line' id='line_1_41' title="bbox 118 3959 874 4014; baseline -0.004 0"><span class='ocrx_word' id='word_1_205' title='bbox 118 3968 306 4014; x_wconf 84' lang='lat' dir='ltr'><strong>mater</strong></span> <span class='ocrx_word' id='word_1_206' title='bbox 328 3969 415 4014; x_wconf 87' lang='lat' dir='ltr'><strong>est</strong></span> <span class='ocrx_word' id='word_1_207' title='bbox 446 3959 874 4014; x_wconf 70' lang='lat' dir='ltr'><strong>incontinentim.</strong></span> 
     </span>
    </p>
   </div>
   <div class='ocr_carea' id='block_1_42' title="bbox 199 4055 1733 4126">
    <p class='ocr_par' dir='ltr' id='par_1_42' title="bbox 199 4055 1733 4126">
     <span class='ocr_line' id='line_1_42' title="bbox 199 4055 1733 4126; baseline 0.002 -18"><span class='ocrx_word' id='word_1_208' title='bbox 199 4055 407 4110; x_wconf 75' lang='lat' dir='ltr'><strong>Viridis</strong></span> <span class='ocrx_word' id='word_1_209' title='bbox 447 4055 613 4110; x_wconf 88' lang='lat' dir='ltr'><strong>herba</strong></span> <span class='ocrx_word' id='word_1_210' title='bbox 647 4070 818 4126; x_wconf 89' lang='lat' dir='ltr'><strong>prope</strong></span> <span class='ocrx_word' id='word_1_211' title='bbox 853 4070 1048 4126; x_wconf 87' lang='lat' dir='ltr'><strong>aquam</strong></span> <span class='ocrx_word' id='word_1_212' title='bbox 1092 4070 1344 4123; x_wconf 89' lang='lat' dir='ltr'><strong>nascens,</strong></span> <span class='ocrx_word' id='word_1_213' title='bbox 1374 4065 1428 4112; x_wconf 93' lang='lat' dir='ltr'><strong>et</strong></span> <span class='ocrx_word' id='word_1_214' title='bbox 1455 4057 1642 4113; x_wconf 85' lang='lat' dir='ltr'><strong>vitium</strong></span> <span class='ocrx_word' id='word_1_215' title='bbox 1672 4055 1733 4111; x_wconf 76' lang='lat' dir='ltr'><strong>li—</strong></span> 
     </span>
    </p>
   </div>
   <div class='ocr_carea' id='block_1_43' title="bbox 118 4146 1171 4203">
    <p class='ocr_par' dir='ltr' id='par_1_43' title="bbox 118 4146 1171 4203">
     <span class='ocr_line' id='line_1_43' title="bbox 118 4146 1171 4203; baseline 0.003 -3"><span class='ocrx_word' id='word_1_216' title='bbox 118 4146 329 4201; x_wconf 87' lang='lat' dir='ltr'><strong>bidinis</strong></span> <span class='ocrx_word' id='word_1_217' title='bbox 351 4147 406 4201; x_wconf 88' lang='lat' dir='ltr'><strong>in</strong></span> <span class='ocrx_word' id='word_1_218' title='bbox 437 4147 834 4203; x_wconf 88' lang='lat' dir='ltr'><strong>visitationibus</strong></span> <span class='ocrx_word' id='word_1_219' title='bbox 865 4149 1171 4203; x_wconf 89' lang='lat' dir='ltr'><strong>mulierum.</strong></span> 
     </span>
    </p>
   </div>
   <div class='ocr_carea' id='block_1_44' title="bbox 197 4237 1734 4312">
    <p class='ocr_par' dir='ltr' id='par_1_44' title="bbox 197 4237 1734 4312">
     <span class='ocr_line' id='line_1_44' title="bbox 197 4237 1734 4312; baseline 0.005 -22"><span class='ocrx_word' id='word_1_220' title='bbox 197 4237 375 4308; x_wconf 79' lang='lat' dir='ltr'><strong>Magis</strong></span> <span class='ocrx_word' id='word_1_221' title='bbox 421 4239 742 4308; x_wconf 80' lang='lat' dir='ltr'><strong>approxima</strong></span> <span class='ocrx_word' id='word_1_222' title='bbox 789 4239 897 4307; x_wconf 88' lang='lat' dir='ltr'><strong>igni</strong></span> <span class='ocrx_word' id='word_1_223' title='bbox 929 4239 1143 4294; x_wconf 90' lang='lat' dir='ltr'><strong>ardenti</strong></span> <span class='ocrx_word' id='word_1_224' title='bbox 1182 4256 1345 4311; x_wconf 87' lang='lat' dir='ltr'><strong>quam</strong></span> <span class='ocrx_word' id='word_1_225' title='bbox 1393 4241 1606 4300; x_wconf 89' lang='lat' dir='ltr'><strong>mulieri</strong></span> <span class='ocrx_word' id='word_1_226' title='bbox 1646 4243 1734 4312; x_wconf 86' lang='lat' dir='ltr'><strong>ju-</strong></span> 
     </span>
    </p>
   </div>
   <div class='ocr_carea' id='block_1_45' title="bbox 122 4330 1029 4400">
    <p class='ocr_par' dir='ltr' id='par_1_45' title="bbox 122 4330 1029 4400">
     <span class='ocr_line' id='line_1_45' title="bbox 122 4330 1029 4400; baseline 0.007 -19"><span class='ocrx_word' id='word_1_227' title='bbox 122 4331 278 4393; x_wconf 74' lang='lat' dir='ltr'><strong>veni,</strong></span> <span class='ocrx_word' id='word_1_228' title='bbox 311 4345 438 4385; x_wconf 86' lang='lat' dir='ltr'><strong>cuni</strong></span> <span class='ocrx_word' id='word_1_229' title='bbox 464 4339 519 4384; x_wconf 92' lang='lat' dir='ltr'><strong>et</strong></span> <span class='ocrx_word' id='word_1_230' title='bbox 552 4331 666 4399; x_wconf 89' lang='lat' dir='ltr'><strong>ipse</strong></span> <span class='ocrx_word' id='word_1_231' title='bbox 695 4331 770 4385; x_wconf 90' lang='lat' dir='ltr'><strong>sis</strong></span> <span class='ocrx_word' id='word_1_232' title='bbox 795 4330 1029 4400; x_wconf 87' lang='lat' dir='ltr'><strong>juvenis.</strong></span> 
     </span>
    </p>
   </div>
   <div class='ocr_carea' id='block_1_46' title="bbox 201 4421 1732 4497">
    <p class='ocr_par' dir='ltr' id='par_1_46' title="bbox 201 4421 1732 4497">
     <span class='ocr_line' id='line_1_46' title="bbox 201 4421 1732 4497; baseline 0.006 -22"><span class='ocrx_word' id='word_1_233' title='bbox 201 4421 348 4476; x_wconf 75' lang='lat' dir='ltr'><strong>Nihil</strong></span> <span class='ocrx_word' id='word_1_234' title='bbox 379 4423 524 4478; x_wconf 88' lang='lat' dir='ltr'><strong>enim</strong></span> <span class='ocrx_word' id='word_1_235' title='bbox 560 4423 704 4478; x_wconf 90' lang='lat' dir='ltr'><strong>valet</strong></span> <span class='ocrx_word' id='word_1_236' title='bbox 735 4439 858 4479; x_wconf 90' lang='lat' dir='ltr'><strong>eum</strong></span> <span class='ocrx_word' id='word_1_237' title='bbox 892 4426 1152 4480; x_wconf 89' lang='lat' dir='ltr'><strong>mundum</strong></span> <span class='ocrx_word' id='word_1_238' title='bbox 1194 4440 1314 4484; x_wconf 82' lang='lat' dir='ltr'><strong>esse</strong></span> <span class='ocrx_word' id='word_1_239' title='bbox 1342 4441 1599 4497; x_wconf 86' lang='lat' dir='ltr'><strong>corpore,</strong></span> <span class='ocrx_word' id='word_1_240' title='bbox 1641 4428 1732 4497; x_wconf 88' lang='lat' dir='ltr'><strong>qui</strong></span> 
     </span>
    </p>
   </div>
   <div class='ocr_carea' id='block_1_47' title="bbox 121 4513 714 4581">
    <p class='ocr_par' dir='ltr' id='par_1_47' title="bbox 121 4513 714 4581">
     <span class='ocr_line' id='line_1_47' title="bbox 121 4513 714 4581; baseline 0.007 -15"><span class='ocrx_word' id='word_1_241' title='bbox 121 4513 373 4581; x_wconf 87' lang='lat' dir='ltr'><strong>pollutus</strong></span> <span class='ocrx_word' id='word_1_242' title='bbox 398 4523 480 4569; x_wconf 88' lang='lat' dir='ltr'><strong>est</strong></span> <span class='ocrx_word' id='word_1_243' title='bbox 510 4524 714 4570; x_wconf 81' lang='lat' dir='ltr'><strong>mente.</strong></span> 
     </span>
    </p>
   </div>
   <div class='ocr_carea' id='block_1_48' title="bbox 1760 1893 1807 1954">
    <p class='ocr_par' dir='ltr' id='par_1_48' title="bbox 1760 1893 1807 1954">
     <span class='ocr_line' id='line_1_48' title="bbox 1760 1893 1807 1954; baseline 0 0"><span class='ocrx_word' id='word_1_244' title='bbox 1760 1893 1807 1954; x_wconf 83' lang='grc' dir='ltr'><strong>Β</strong></span> 
     </span>
    </p>
   </div>
   <div class='ocr_carea' id='block_1_49' title="bbox 1827 615 3343 689">
    <p class='ocr_par' dir='ltr' id='par_1_49' title="bbox 1827 615 3343 689">
     <span class='ocr_line' id='line_1_49' title="bbox 1827 615 3343 689; baseline -0.003 -15"><span class='ocrx_word' id='word_1_245' title='bbox 1827 632 1995 689; x_wconf 87' lang='lat' dir='ltr'><strong>opere</strong></span> <span class='ocrx_word' id='word_1_246' title='bbox 2024 616 2401 674; x_wconf 76' lang='lat' dir='ltr'><strong>mandaturum</strong></span> <span class='ocrx_word' id='word_1_247' title='bbox 2433 615 2647 670; x_wconf 80' lang='lat' dir='ltr'><strong>tuorum</strong></span> <span class='ocrx_word' id='word_1_248' title='bbox 2681 627 2958 672; x_wconf 84' lang='lat' dir='ltr'><strong>veterasce</strong></span> <span class='ocrx_word' id='word_1_249' title='bbox 2989 615 3219 680; x_wconf 73' lang='lat' dir='ltr'><strong>(Eccles.</strong></span> <span class='ocrx_word' id='word_1_250' title='bbox 3247 616 3343 685; x_wconf 76' lang='grc' dir='ltr'><strong>ιι).</strong></span> 
     </span>
    </p>
   </div>
   <div class='ocr_carea' id='block_1_50' title="bbox 2443 724 2796 764">
    <p class='ocr_par' dir='ltr' id='par_1_50' title="bbox 2443 724 2796 764">
     <span class='ocr_line' id='line_1_50' title="bbox 2443 724 2796 764; baseline 0.003 -2"><span class='ocrx_word' id='word_1_251' title='bbox 2443 724 2796 764; x_wconf 56' lang='grc' dir='ltr'><strong>ιιιιςῐιυκγιιυε.</strong></span> 
     </span>
    </p>
   </div>
   <div class='ocr_carea' id='block_1_51' title="bbox 1902 799 3423 874">
    <p class='ocr_par' dir='ltr' id='par_1_51' title="bbox 1902 799 3423 874">
     <span class='ocr_line' id='line_1_51' title="bbox 1902 799 3423 874; baseline -0.001 -15"><span class='ocrx_word' id='word_1_252' title='bbox 1902 802 2017 859; x_wconf 72' lang='lat' dir='ltr'><strong>Non</strong></span> <span class='ocrx_word' id='word_1_253' title='bbox 2039 811 2351 872; x_wconf 65' lang='lat' dir='ltr'><strong>quaeruntur</strong></span> <span class='ocrx_word' id='word_1_254' title='bbox 2378 804 2429 857; x_wconf 93' lang='lat' dir='ltr'><strong>in</strong></span> <span class='ocrx_word' id='word_1_255' title='bbox 2457 801 2775 856; x_wconf 80' lang='lat' dir='ltr'><strong>Christianis</strong></span> <span class='ocrx_word' id='word_1_256' title='bbox 2793 801 2963 867; x_wconf 88' lang='lat' dir='ltr'><strong>initia,</strong></span> <span class='ocrx_word' id='word_1_257' title='bbox 2989 800 3082 856; x_wconf 85' lang='lat' dir='ltr'><strong>sed</strong></span> <span class='ocrx_word' id='word_1_258' title='bbox 3106 799 3259 868; x_wconf 83' lang='lat' dir='ltr'><strong>ﬁnis;</strong></span> <span class='ocrx_word' id='word_1_259' title='bbox 3291 801 3423 874; x_wconf 82' lang='lat' dir='ltr'><strong>quia</strong></span> 
     </span>
    </p>
   </div>
   <div class='ocr_carea' id='block_1_52' title="bbox 1828 895 2914 967">
    <p class='ocr_par' dir='ltr' id='par_1_52' title="bbox 1828 895 2914 967">
     <span class='ocr_line' id='line_1_52' title="bbox 1828 895 2914 967; baseline -0.004 -14"><span class='ocrx_word' id='word_1_260' title='bbox 1828 898 2028 953; x_wconf 85' lang='lat' dir='ltr'><strong>Paulus</strong></span> <span class='ocrx_word' id='word_1_261' title='bbox 2050 898 2189 952; x_wconf 90' lang='lat' dir='ltr'><strong>male</strong></span> <span class='ocrx_word' id='word_1_262' title='bbox 2219 899 2403 967; x_wconf 67' lang='lat' dir='ltr'><strong>cmpit,</strong></span> <span class='ocrx_word' id='word_1_263' title='bbox 2433 896 2526 952; x_wconf 85' lang='lat' dir='ltr'><strong>sed</strong></span> <span class='ocrx_word' id='word_1_264' title='bbox 2556 899 2693 952; x_wconf 90' lang='lat' dir='ltr'><strong>bene</strong></span> <span class='ocrx_word' id='word_1_265' title='bbox 2723 895 2914 951; x_wconf 91' lang='lat' dir='ltr'><strong>ﬁnivit.</strong></span> 
     </span>
    </p>
   </div>
   <div class='ocr_carea' id='block_1_53' title="bbox 1899 991 3419 1064">
    <p class='ocr_par' dir='ltr' id='par_1_53' title="bbox 1899 991 3419 1064">
     <span class='ocr_line' id='line_1_53' title="bbox 1899 991 3419 1064; baseline 0.001 -16"><span class='ocrx_word' id='word_1_266' title='bbox 1899 993 2047 1048; x_wconf 73' lang='lat' dir='ltr'><strong>Judae</strong></span> <span class='ocrx_word' id='word_1_267' title='bbox 2074 994 2361 1048; x_wconf 88' lang='lat' dir='ltr'><strong>laudantur</strong></span> <span class='ocrx_word' id='word_1_268' title='bbox 2383 993 2638 1060; x_wconf 83' lang='lat' dir='ltr'><strong>exordia;</strong></span> <span class='ocrx_word' id='word_1_269' title='bbox 2670 991 2766 1049; x_wconf 90' lang='lat' dir='ltr'><strong>sed</strong></span> <span class='ocrx_word' id='word_1_270' title='bbox 2792 992 2913 1048; x_wconf 90' lang='lat' dir='ltr'><strong>ﬁnis</strong></span> <span class='ocrx_word' id='word_1_271' title='bbox 2933 992 3252 1064; x_wconf 89' lang='lat' dir='ltr'><strong>perditionis</strong></span> <span class='ocrx_word' id='word_1_272' title='bbox 3266 992 3419 1049; x_wconf 82' lang='lat' dir='ltr'><strong>dam-</strong></span> 
     </span>
    </p>
   </div>
   <div class='ocr_carea' id='block_1_54' title="bbox 1829 1096 2007 1142">
    <p class='ocr_par' dir='ltr' id='par_1_54' title="bbox 1829 1096 2007 1142">
     <span class='ocr_line' id='line_1_54' title="bbox 1829 1096 2007 1142; baseline -0.006 -1"><span class='ocrx_word' id='word_1_273' title='bbox 1829 1096 2007 1142; x_wconf 87' lang='lat' dir='ltr'><strong>natur.</strong></span> 
     </span>
    </p>
   </div>
   <div class='ocr_carea' id='block_1_55' title="bbox 1903 1177 3423 1251">
    <p class='ocr_par' dir='ltr' id='par_1_55' title="bbox 1903 1177 3423 1251">
     <span class='ocr_line' id='line_1_55' title="bbox 1903 1177 3423 1251; baseline 0.002 -18"><span class='ocrx_word' id='word_1_274' title='bbox 1903 1177 2147 1251; x_wconf 68' lang='lat' dir='ltr'><strong>Cmpisse</strong></span> <span class='ocrx_word' id='word_1_275' title='bbox 2178 1177 2470 1234; x_wconf 76' lang='lat' dir='ltr'><strong>multarunt</strong></span> <span class='ocrx_word' id='word_1_276' title='bbox 2495 1184 2596 1244; x_wconf 90' lang='lat' dir='ltr'><strong>est,</strong></span> <span class='ocrx_word' id='word_1_277' title='bbox 2632 1178 2698 1232; x_wconf 89' lang='lat' dir='ltr'><strong>ad</strong></span> <span class='ocrx_word' id='word_1_278' title='bbox 2728 1178 2939 1236; x_wconf 88' lang='lat' dir='ltr'><strong>culmen</strong></span> <span class='ocrx_word' id='word_1_279' title='bbox 2970 1178 3186 1235; x_wconf 82' lang='lat' dir='ltr'><strong>venisse</strong></span> <span class='ocrx_word' id='word_1_280' title='bbox 3213 1192 3423 1249; x_wconf 87' lang='lat' dir='ltr'><strong>pauco-</strong></span> 
     </span>
    </p>
   </div>
   <div class='ocr_carea' id='block_1_56' title="bbox 1833 1286 1974 1330">
    <p class='ocr_par' dir='ltr' id='par_1_56' title="bbox 1833 1286 1974 1330">
     <span class='ocr_line' id='line_1_56' title="bbox 1833 1286 1974 1330; baseline -0.014 0"><span class='ocrx_word' id='word_1_281' title='bbox 1833 1286 1974 1330; x_wconf 75' lang='lat' dir='ltr'><strong>?um.</strong></span> 
     </span>
    </p>
   </div>
   <div class='ocr_carea' id='block_1_57' title="bbox 2461 1358 2772 1400">
    <p class='ocr_par' dir='ltr' id='par_1_57' title="bbox 2461 1358 2772 1400">
     <span class='ocr_line' id='line_1_57' title="bbox 2461 1358 2772 1400; baseline -0.016 0"><span class='ocrx_word' id='word_1_282' title='bbox 2461 1358 2772 1400; x_wconf 77' lang='lat' dir='ltr'><strong>GREGORIUS.</strong></span> 
     </span>
    </p>
   </div>
   <div class='ocr_carea' id='block_1_58' title="bbox 1905 1436 3020 1506">
    <p class='ocr_par' dir='ltr' id='par_1_58' title="bbox 1905 1436 3020 1506">
     <span class='ocr_line' id='line_1_58' title="bbox 1905 1436 3020 1506; baseline 0 -16"><span class='ocrx_word' id='word_1_283' title='bbox 1905 1436 2083 1490; x_wconf 81' lang='lat' dir='ltr'><strong>Virtus</strong></span> <span class='ocrx_word' id='word_1_284' title='bbox 2112 1437 2238 1492; x_wconf 86' lang='lat' dir='ltr'><strong>boni</strong></span> <span class='ocrx_word' id='word_1_285' title='bbox 2277 1437 2457 1506; x_wconf 91' lang='lat' dir='ltr'><strong>operis</strong></span> <span class='ocrx_word' id='word_1_286' title='bbox 2484 1437 2888 1506; x_wconf 86' lang='lat' dir='ltr'><strong>perseverantia</strong></span> <span class='ocrx_word' id='word_1_287' title='bbox 2919 1446 3020 1493; x_wconf 90' lang='lat' dir='ltr'><strong>est.</strong></span> 
     </span>
    </p>
   </div>
   <div class='ocr_carea' id='block_1_59' title="bbox 1904 1529 3428 1602">
    <p class='ocr_par' dir='ltr' id='par_1_59' title="bbox 1904 1529 3428 1602">
     <span class='ocr_line' id='line_1_59' title="bbox 1904 1529 3428 1602; baseline 0.002 -19"><span class='ocrx_word' id='word_1_288' title='bbox 1904 1529 2181 1588; x_wconf 87' lang='lat' dir='ltr'><strong>Incassum</strong></span> <span class='ocrx_word' id='word_1_289' title='bbox 2213 1533 2414 1602; x_wconf 91' lang='lat' dir='ltr'><strong>quippe</strong></span> <span class='ocrx_word' id='word_1_290' title='bbox 2453 1532 2653 1588; x_wconf 87' lang='lat' dir='ltr'><strong>bonum</strong></span> <span class='ocrx_word' id='word_1_291' title='bbox 2697 1534 2875 1602; x_wconf 82' lang='lat' dir='ltr'><strong>agitur</strong></span> <span class='ocrx_word' id='word_1_292' title='bbox 2903 1534 2948 1589; x_wconf 89' lang='lat' dir='ltr'><strong>si</strong></span> <span class='ocrx_word' id='word_1_293' title='bbox 2977 1541 3104 1588; x_wconf 87' lang='lat' dir='ltr'><strong>ante</strong></span> <span class='ocrx_word' id='word_1_294' title='bbox 3136 1530 3428 1588; x_wconf 90' lang='lat' dir='ltr'><strong>terminum</strong></span> 
     </span>
    </p>
   </div>
   <div class='ocr_carea' id='block_1_60' title="bbox 1833 1624 2288 1680">
    <p class='ocr_par' dir='ltr' id='par_1_60' title="bbox 1833 1624 2288 1680">
     <span class='ocr_line' id='line_1_60' title="bbox 1833 1624 2288 1680; baseline 0.007 -3"><span class='ocrx_word' id='word_1_295' title='bbox 1833 1624 1955 1678; x_wconf 81' lang='lat' dir='ltr'><strong>vitae</strong></span> <span class='ocrx_word' id='word_1_296' title='bbox 1986 1625 2288 1680; x_wconf 91' lang='lat' dir='ltr'><strong>deseratur.</strong></span> 
     </span>
    </p>
   </div>
   <div class='ocr_carea' id='block_1_61' title="bbox 1906 1715 3425 1788">
    <p class='ocr_par' dir='ltr' id='par_1_61' title="bbox 1906 1715 3425 1788">
     <span class='ocr_line' id='line_1_61' title="bbox 1906 1715 3425 1788; baseline 0.004 -20"><span class='ocrx_word' id='word_1_297' title='bbox 1906 1715 1998 1769; x_wconf 92' lang='lat' dir='ltr'><strong>Ille</strong></span> <span class='ocrx_word' id='word_1_298' title='bbox 2031 1717 2168 1772; x_wconf 92' lang='lat' dir='ltr'><strong>bene</strong></span> <span class='ocrx_word' id='word_1_299' title='bbox 2201 1716 2443 1771; x_wconf 90' lang='lat' dir='ltr'><strong>immolat</strong></span> <span class='ocrx_word' id='word_1_300' title='bbox 2488 1723 2578 1786; x_wconf 88' lang='lat' dir='ltr'><strong>qui</strong></span> <span class='ocrx_word' id='word_1_301' title='bbox 2610 1718 2936 1773; x_wconf 85' lang='lat' dir='ltr'><strong>sacrificium</strong></span> <span class='ocrx_word' id='word_1_302' title='bbox 2965 1719 3092 1773; x_wconf 91' lang='lat' dir='ltr'><strong>boni</strong></span> <span class='ocrx_word' id='word_1_303' title='bbox 3124 1720 3304 1788; x_wconf 82' lang='lat' dir='ltr'><strong>operis</strong></span> <span class='ocrx_word' id='word_1_304' title='bbox 3333 1733 3425 1775; x_wconf 81' lang='lat' dir='ltr'><strong>us-</strong></span> 
     </span>
    </p>
   </div>
   <div class='ocr_carea' id='block_1_62' title="bbox 1832 1807 2975 1878">
    <p class='ocr_par' dir='ltr' id='par_1_62' title="bbox 1832 1807 2975 1878">
     <span class='ocr_line' id='line_1_62' title="bbox 1832 1807 2975 1878; baseline 0.004 -20"><span class='ocrx_word' id='word_1_305' title='bbox 1832 1820 1938 1875; x_wconf 88' lang='lat' dir='ltr'><strong>que</strong></span> <span class='ocrx_word' id='word_1_306' title='bbox 1967 1807 2018 1861; x_wconf 91' lang='lat' dir='ltr'><strong>in</strong></span> <span class='ocrx_word' id='word_1_307' title='bbox 2050 1807 2210 1864; x_wconf 86' lang='lat' dir='ltr'><strong>linem</strong></span> <span class='ocrx_word' id='word_1_308' title='bbox 2234 1807 2423 1863; x_wconf 68' lang='lat' dir='ltr'><strong>debitae</strong></span> <span class='ocrx_word' id='word_1_309' title='bbox 2451 1808 2701 1878; x_wconf 90' lang='lat' dir='ltr'><strong>producit</strong></span> <span class='ocrx_word' id='word_1_310' title='bbox 2731 1810 2975 1866; x_wconf 89' lang='lat' dir='ltr'><strong>actionis.</strong></span> 
     </span>
    </p>
   </div>
   <div class='ocr_carea' id='block_1_63' title="bbox 2485 1915 2741 1953">
    <p class='ocr_par' dir='ltr' id='par_1_63' title="bbox 2485 1915 2741 1953">
     <span class='ocr_line' id='line_1_63' title="bbox 2485 1915 2741 1953; baseline -0.008 0"><span class='ocrx_word' id='word_1_311' title='bbox 2485 1915 2741 1953; x_wconf 76' lang='lat' dir='ltr'><strong>ISIDORUS.</strong></span> 
     </span>
    </p>
   </div>
   <div class='ocr_carea' id='block_1_64' title="bbox 1905 1989 3425 2065">
    <p class='ocr_par' dir='ltr' id='par_1_64' title="bbox 1905 1989 3425 2065">
     <span class='ocr_line' id='line_1_64' title="bbox 1905 1989 3425 2065; baseline 0.004 -22"><span class='ocrx_word' id='word_1_312' title='bbox 1905 1989 2056 2046; x_wconf 86' lang='lat' dir='ltr'><strong>Tunc</strong></span> <span class='ocrx_word' id='word_1_313' title='bbox 2082 1993 2223 2045; x_wconf 91' lang='lat' dir='ltr'><strong>enim</strong></span> <span class='ocrx_word' id='word_1_314' title='bbox 2251 1991 2430 2061; x_wconf 89' lang='lat' dir='ltr'><strong>placet</strong></span> <span class='ocrx_word' id='word_1_315' title='bbox 2460 1992 2570 2046; x_wconf 92' lang='lat' dir='ltr'><strong>Deo</strong></span> <span class='ocrx_word' id='word_1_316' title='bbox 2599 1999 2778 2046; x_wconf 62' lang='lat' dir='ltr'><strong>nostrn</strong></span> <span class='ocrx_word' id='word_1_317' title='bbox 2811 1995 3172 2060; x_wconf 86' lang='lat' dir='ltr'><strong>conversatio,</strong></span> <span class='ocrx_word' id='word_1_318' title='bbox 3206 1995 3425 2065; x_wconf 89' lang='lat' dir='ltr'><strong>quando</strong></span> 
     </span>
    </p>
   </div>
   <div class='ocr_carea' id='block_1_65' title="bbox 1832 2079 3421 2157">
    <p class='ocr_par' dir='ltr' id='par_1_65' title="bbox 1832 2079 3421 2157">
     <span class='ocr_line' id='line_1_65' title="bbox 1832 2079 3421 2157; baseline 0.004 -21"><span class='ocrx_word' id='word_1_319' title='bbox 1832 2079 2032 2136; x_wconf 87' lang='lat' dir='ltr'><strong>bonum</strong></span> <span class='ocrx_word' id='word_1_320' title='bbox 2064 2085 2207 2155; x_wconf 92' lang='lat' dir='ltr'><strong>quod</strong></span> <span class='ocrx_word' id='word_1_321' title='bbox 2257 2084 2573 2139; x_wconf 89' lang='lat' dir='ltr'><strong>inchoamus</strong></span> <span class='ocrx_word' id='word_1_322' title='bbox 2615 2088 3152 2155; x_wconf 73' lang='lat' dir='ltr'><strong>perseverantissime</strong></span> <span class='ocrx_word' id='word_1_323' title='bbox 3182 2088 3421 2157; x_wconf 62' lang='lat' dir='ltr'><strong>compleo</strong></span> 
     </span>
    </p>
   </div>
   <div class='ocr_carea' id='block_1_66' title="bbox 1830 2190 1968 2229">
    <p class='ocr_par' dir='ltr' id='par_1_66' title="bbox 1830 2190 1968 2229">
     <span class='ocr_line' id='line_1_66' title="bbox 1830 2190 1968 2229; baseline -0.007 -1"><span class='ocrx_word' id='word_1_324' title='bbox 1830 2190 1968 2229; x_wconf 79' lang='lat' dir='ltr'><strong>IDUS.</strong></span> 
     </span>
    </p>
   </div>
   <div class='ocr_carea' id='block_1_67' title="bbox 1904 2266 3424 2340">
    <p class='ocr_par' dir='ltr' id='par_1_67' title="bbox 1904 2266 3424 2340">
     <span class='ocr_line' id='line_1_67' title="bbox 1904 2266 3424 2340; baseline 0.005 -20"><span class='ocrx_word' id='word_1_325' title='bbox 1904 2266 2109 2322; x_wconf 88' lang='lat' dir='ltr'><strong>Bonum</strong></span> <span class='ocrx_word' id='word_1_326' title='bbox 2137 2277 2221 2324; x_wconf 87' lang='lat' dir='ltr'><strong>est</strong></span> <span class='ocrx_word' id='word_1_327' title='bbox 2245 2286 2373 2340; x_wconf 88' lang='lat' dir='ltr'><strong>ergo</strong></span> <span class='ocrx_word' id='word_1_328' title='bbox 2401 2286 2508 2325; x_wconf 88' lang='lat' dir='ltr'><strong>non</strong></span> <span class='ocrx_word' id='word_1_329' title='bbox 2535 2271 2786 2339; x_wconf 81' lang='lat' dir='ltr'><strong>coepisse,</strong></span> <span class='ocrx_word' id='word_1_330' title='bbox 2820 2278 2915 2325; x_wconf 78' lang='lat' dir='ltr'><strong>sed</strong></span> <span class='ocrx_word' id='word_1_331' title='bbox 2945 2271 3234 2340; x_wconf 82' lang='lat' dir='ltr'><strong>perfecisse</strong></span> <span class='ocrx_word' id='word_1_332' title='bbox 3251 2271 3424 2327; x_wconf 83' lang='lat' dir='ltr'><strong>virtus</strong></span> 
     </span>
    </p>
   </div>
   <div class='ocr_carea' id='block_1_68' title="bbox 1829 2369 1935 2417">
    <p class='ocr_par' dir='ltr' id='par_1_68' title="bbox 1829 2369 1935 2417">
     <span class='ocr_line' id='line_1_68' title="bbox 1829 2369 1935 2417; baseline 0 -2"><span class='ocrx_word' id='word_1_333' title='bbox 1829 2369 1935 2417; x_wconf 67' lang='grc' dir='ltr'><strong>εει.</strong></span> 
     </span>
    </p>
   </div>
   <div class='ocr_carea' id='block_1_69' title="bbox 1911 2451 3420 2526">
    <p class='ocr_par' dir='ltr' id='par_1_69' title="bbox 1911 2451 3420 2526">
     <span class='ocr_line' id='line_1_69' title="bbox 1911 2451 3420 2526; baseline 0.004 -21"><span class='ocrx_word' id='word_1_334' title='bbox 1911 2451 2028 2509; x_wconf 79' lang='lat' dir='ltr'><strong>Non</strong></span> <span class='ocrx_word' id='word_1_335' title='bbox 2061 2453 2437 2509; x_wconf 82' lang='lat' dir='ltr'><strong>inchoantibus</strong></span> <span class='ocrx_word' id='word_1_336' title='bbox 2467 2453 2745 2524; x_wconf 71' lang='lat' dir='ltr'><strong>prmmium</strong></span> <span class='ocrx_word' id='word_1_337' title='bbox 2775 2453 3127 2523; x_wconf 89' lang='lat' dir='ltr'><strong>promittitur,</strong></span> <span class='ocrx_word' id='word_1_338' title='bbox 3170 2456 3264 2511; x_wconf 89' lang='lat' dir='ltr'><strong>sed</strong></span> <span class='ocrx_word' id='word_1_339' title='bbox 3295 2471 3420 2526; x_wconf 81' lang='lat' dir='ltr'><strong>per-</strong></span> 
     </span>
    </p>
   </div>
   <div class='ocr_carea' id='block_1_70' title="bbox 1829 2548 2413 2606">
    <p class='ocr_par' dir='ltr' id='par_1_70' title="bbox 1829 2548 2413 2606">
     <span class='ocr_line' id='line_1_70' title="bbox 1829 2548 2413 2606; baseline -0.009 -1"><span class='ocrx_word' id='word_1_340' title='bbox 1829 2548 2206 2606; x_wconf 79' lang='lat' dir='ltr'><strong>severantibus</strong></span> <span class='ocrx_word' id='word_1_341' title='bbox 2235 2548 2413 2601; x_wconf 90' lang='lat' dir='ltr'><strong>datur.</strong></span> 
     </span>
    </p>
   </div>
   <div class='ocr_carea' id='block_1_71' title="bbox 1904 2641 3426 2714">
    <p class='ocr_par' dir='ltr' id='par_1_71' title="bbox 1904 2641 3426 2714">
     <span class='ocr_line' id='line_1_71' title="bbox 1904 2641 3426 2714; baseline 0 -18"><span class='ocrx_word' id='word_1_342' title='bbox 1904 2641 2025 2696; x_wconf 91' lang='lat' dir='ltr'><strong>Sen.</strong></span> <span class='ocrx_word' id='word_1_343' title='bbox 2075 2657 2132 2696; x_wconf 90' lang='lat' dir='ltr'><strong>er</strong></span> <span class='ocrx_word' id='word_1_344' title='bbox 2160 2641 2212 2694; x_wconf 90' lang='lat' dir='ltr'><strong>in</strong></span> <span class='ocrx_word' id='word_1_345' title='bbox 2243 2642 2352 2694; x_wconf 87' lang='lat' dir='ltr'><strong>vita</strong></span> <span class='ocrx_word' id='word_1_346' title='bbox 2381 2641 2615 2696; x_wconf 90' lang='lat' dir='ltr'><strong>hominis</strong></span> <span class='ocrx_word' id='word_1_347' title='bbox 2648 2641 2766 2696; x_wconf 86' lang='lat' dir='ltr'><strong>linis</strong></span> <span class='ocrx_word' id='word_1_348' title='bbox 2796 2641 3118 2714; x_wconf 66' lang='lat' dir='ltr'><strong>quaerendus</strong></span> <span class='ocrx_word' id='word_1_349' title='bbox 3149 2652 3264 2697; x_wconf 87' lang='lat' dir='ltr'><strong>est:</strong></span> <span class='ocrx_word' id='word_1_350' title='bbox 3300 2643 3426 2711; x_wconf 90' lang='lat' dir='ltr'><strong>quia</strong></span> 
     </span>
    </p>
   </div>
   <div class='ocr_carea' id='block_1_72' title="bbox 1834 2734 3428 2805">
    <p class='ocr_par' dir='ltr' id='par_1_72' title="bbox 1834 2734 3428 2805">
     <span class='ocr_line' id='line_1_72' title="bbox 1834 2734 3428 2805; baseline 0 -14"><span class='ocrx_word' id='word_1_351' title='bbox 1834 2751 1945 2791; x_wconf 93' lang='lat' dir='ltr'><strong>non</strong></span> <span class='ocrx_word' id='word_1_352' title='bbox 1978 2734 2194 2803; x_wconf 89' lang='lat' dir='ltr'><strong>respicit</strong></span> <span class='ocrx_word' id='word_1_353' title='bbox 2222 2735 2410 2804; x_wconf 89' lang='lat' dir='ltr'><strong>quales</strong></span> <span class='ocrx_word' id='word_1_354' title='bbox 2439 2744 2598 2789; x_wconf 88' lang='lat' dir='ltr'><strong>antea</strong></span> <span class='ocrx_word' id='word_1_355' title='bbox 2630 2735 2888 2791; x_wconf 85' lang='lat' dir='ltr'><strong>fuerimus</strong></span> <span class='ocrx_word' id='word_1_356' title='bbox 2919 2734 3082 2802; x_wconf 90' lang='lat' dir='ltr'><strong>Deus,</strong></span> <span class='ocrx_word' id='word_1_357' title='bbox 3113 2737 3206 2792; x_wconf 89' lang='lat' dir='ltr'><strong>sed</strong></span> <span class='ocrx_word' id='word_1_358' title='bbox 3235 2737 3428 2805; x_wconf 81' lang='lat' dir='ltr'><strong>quales</strong></span> 
     </span>
    </p>
   </div>
   <div class='ocr_carea' id='block_1_73' title="bbox 1833 2825 2719 2881">
    <p class='ocr_par' dir='ltr' id='par_1_73' title="bbox 1833 2825 2719 2881">
     <span class='ocr_line' id='line_1_73' title="bbox 1833 2825 2719 2881; baseline -0.005 0"><span class='ocrx_word' id='word_1_359' title='bbox 1833 2826 1974 2881; x_wconf 87' lang='lat' dir='ltr'><strong>circa</strong></span> <span class='ocrx_word' id='word_1_360' title='bbox 2001 2826 2158 2880; x_wconf 88' lang='lat' dir='ltr'><strong>linem</strong></span> <span class='ocrx_word' id='word_1_361' title='bbox 2184 2825 2304 2878; x_wconf 70' lang='lat' dir='ltr'><strong>vitm</strong></span> <span class='ocrx_word' id='word_1_362' title='bbox 2334 2826 2719 2880; x_wconf 83' lang='lat' dir='ltr'><strong>exstiterimus.</strong></span> 
     </span>
    </p>
   </div>
   <div class='ocr_carea' id='block_1_74' title="bbox 1908 2911 3429 2984">
    <p class='ocr_par' dir='ltr' id='par_1_74' title="bbox 1908 2911 3429 2984">
     <span class='ocr_line' id='line_1_74' title="bbox 1908 2911 3429 2984; baseline 0.003 -15"><span class='ocrx_word' id='word_1_363' title='bbox 1908 2913 2353 2984; x_wconf 87' lang='lat' dir='ltr'><strong>Unumquemque</strong></span> <span class='ocrx_word' id='word_1_364' title='bbox 2404 2911 2546 2970; x_wconf 85' lang='lat' dir='ltr'><strong>enim</strong></span> <span class='ocrx_word' id='word_1_365' title='bbox 2592 2914 2734 2971; x_wconf 90' lang='lat' dir='ltr'><strong>Deus</strong></span> <span class='ocrx_word' id='word_1_366' title='bbox 2765 2917 2832 2973; x_wconf 91' lang='lat' dir='ltr'><strong>de</strong></span> <span class='ocrx_word' id='word_1_367' title='bbox 2878 2932 2978 2974; x_wconf 80' lang='lat' dir='ltr'><strong>suo</strong></span> <span class='ocrx_word' id='word_1_368' title='bbox 3024 2916 3151 2984; x_wconf 88' lang='lat' dir='ltr'><strong>ﬁne,</strong></span> <span class='ocrx_word' id='word_1_369' title='bbox 3208 2933 3316 2973; x_wconf 91' lang='lat' dir='ltr'><strong>non</strong></span> <span class='ocrx_word' id='word_1_370' title='bbox 3360 2921 3429 2974; x_wconf 87' lang='lat' dir='ltr'><strong>de</strong></span> 
     </span>
    </p>
   </div>
   <div class='ocr_carea' id='block_1_75' title="bbox 1831 3008 2487 3079">
    <p class='ocr_par' dir='ltr' id='par_1_75' title="bbox 1831 3008 2487 3079">
     <span class='ocr_line' id='line_1_75' title="bbox 1831 3008 2487 3079; baseline 0 -17"><span class='ocrx_word' id='word_1_371' title='bbox 1831 3009 1944 3068; x_wconf 81' lang='lat' dir='ltr'><strong>vita</strong></span> <span class='ocrx_word' id='word_1_372' title='bbox 1969 3009 2238 3079; x_wconf 56' lang='lat' dir='ltr'><strong>praeterita</strong></span> <span class='ocrx_word' id='word_1_373' title='bbox 2265 3008 2487 3076; x_wconf 68' lang='lat' dir='ltr'><strong>iudicat.</strong></span> 
     </span>
    </p>
   </div>
   <div class='ocr_carea' id='block_1_76' title="bbox 2472 3117 2784 3160">
    <p class='ocr_par' dir='ltr' id='par_1_76' title="bbox 2472 3117 2784 3160">
     <span class='ocr_line' id='line_1_76' title="bbox 2472 3117 2784 3160; baseline -0.01 0"><span class='ocrx_word' id='word_1_374' title='bbox 2472 3117 2784 3160; x_wconf 69' lang='lat' dir='ltr'><strong>CYPRIANI&#39;S.</strong></span> 
     </span>
    </p>
   </div>
   <div class='ocr_carea' id='block_1_77' title="bbox 1905 3192 3427 3267">
    <p class='ocr_par' dir='ltr' id='par_1_77' title="bbox 1905 3192 3427 3267">
     <span class='ocr_line' id='line_1_77' title="bbox 1905 3192 3427 3267; baseline 0.002 -21"><span class='ocrx_word' id='word_1_375' title='bbox 1905 3192 1983 3247; x_wconf 88' lang='lat' dir='ltr'><strong>Ex</strong></span> <span class='ocrx_word' id='word_1_376' title='bbox 2031 3195 2134 3247; x_wconf 90' lang='lat' dir='ltr'><strong>line</strong></span> <span class='ocrx_word' id='word_1_377' title='bbox 2181 3195 2321 3247; x_wconf 88' lang='lat' dir='ltr'><strong>enim</strong></span> <span class='ocrx_word' id='word_1_378' title='bbox 2371 3210 2471 3249; x_wconf 91' lang='lat' dir='ltr'><strong>suo</strong></span> <span class='ocrx_word' id='word_1_379' title='bbox 2524 3196 2894 3267; x_wconf 83' lang='lat' dir='ltr'><strong>unusquisque</strong></span> <span class='ocrx_word' id='word_1_380' title='bbox 2937 3206 3029 3250; x_wconf 87' lang='lat' dir='ltr'><strong>aut</strong></span> <span class='ocrx_word' id='word_1_381' title='bbox 3080 3195 3427 3266; x_wconf 83' lang='lat' dir='ltr'><strong>justiticatur,</strong></span> 
     </span>
    </p>
   </div>
   <div class='ocr_carea' id='block_1_78' title="bbox 1757 3271 2364 3341">
    <p class='ocr_par' dir='ltr' id='par_1_78' title="bbox 1757 3271 2364 3341">
     <span class='ocr_line' id='line_1_78' title="bbox 1757 3271 2364 3341; baseline 0.003 -4"><span class='ocrx_word' id='word_1_382' title='bbox 1757 3271 1801 3337; x_wconf 85' lang='lat' dir='ltr'><strong>C</strong></span> <span class='ocrx_word' id='word_1_383' title='bbox 1840 3293 1931 3341; x_wconf 90' lang='lat' dir='ltr'><strong>aut</strong></span> <span class='ocrx_word' id='word_1_384' title='bbox 1955 3285 2364 3341; x_wconf 88' lang='lat' dir='ltr'><strong>condemnatur.</strong></span> 
     </span>
    </p>
   </div>
   <div class='ocr_carea' id='block_1_79' title="bbox 2372 3401 2848 3458">
    <p class='ocr_par' dir='ltr' id='par_1_79' title="bbox 2372 3401 2848 3458">
     <span class='ocr_line' id='line_1_79' title="bbox 2372 3401 2848 3458; baseline -0.002 0"><span class='ocrx_word' id='word_1_385' title='bbox 2372 3401 2639 3458; x_wconf 79' lang='lat' dir='ltr'><strong>CAPUT</strong></span> <span class='ocrx_word' id='word_1_386' title='bbox 2681 3401 2848 3457; x_wconf 80' lang='lat' dir='ltr'>XXIII</span> 
     </span>
    </p>
   </div>
   <div class='ocr_carea' id='block_1_80' title="bbox 2428 3496 2829 3551">
    <p class='ocr_par' dir='ltr' id='par_1_80' title="bbox 2428 3496 2829 3551">
     <span class='ocr_line' id='line_1_80' title="bbox 2428 3496 2829 3551; baseline 0 -2"><span class='ocrx_word' id='word_1_387' title='bbox 2428 3496 2506 3551; x_wconf 90' lang='lat' dir='ltr'><strong>De</strong></span> <span class='ocrx_word' id='word_1_388' title='bbox 2531 3499 2829 3550; x_wconf 80' lang='lat' dir='ltr'><strong>securitate.</strong></span> 
     </span>
    </p>
   </div>
   <div class='ocr_carea' id='block_1_81' title="bbox 2499 3626 2774 3665">
    <p class='ocr_par' dir='ltr' id='par_1_81' title="bbox 2499 3626 2774 3665">
     <span class='ocr_line' id='line_1_81' title="bbox 2499 3626 2774 3665; baseline 0 -2"><span class='ocrx_word' id='word_1_389' title='bbox 2499 3626 2774 3665; x_wconf 74' lang='lat' dir='ltr'><strong>CHRISTUS.</strong></span> 
     </span>
    </p>
   </div>
   <div class='ocr_carea' id='block_1_82' title="bbox 1908 3700 3429 3772">
    <p class='ocr_par' dir='ltr' id='par_1_82' title="bbox 1908 3700 3429 3772">
     <span class='ocr_line' id='line_1_82' title="bbox 1908 3700 3429 3772; baseline 0.003 -16"><span class='ocrx_word' id='word_1_390' title='bbox 1908 3700 2138 3772; x_wconf 81' lang='lat' dir='ltr'><strong>Vigilate</strong></span> <span class='ocrx_word' id='word_1_391' title='bbox 2189 3713 2337 3770; x_wconf 82' lang='lat' dir='ltr'><strong>ergo,</strong></span> <span class='ocrx_word' id='word_1_392' title='bbox 2399 3701 2520 3768; x_wconf 88' lang='lat' dir='ltr'><strong>quia</strong></span> <span class='ocrx_word' id='word_1_393' title='bbox 2571 3701 2790 3755; x_wconf 87' lang='lat' dir='ltr'><strong>nescitis</strong></span> <span class='ocrx_word' id='word_1_394' title='bbox 2820 3716 2926 3770; x_wconf 85' lang='lat' dir='ltr'><strong>qua</strong></span> <span class='ocrx_word' id='word_1_395' title='bbox 2971 3703 3104 3756; x_wconf 90' lang='lat' dir='ltr'><strong>hora</strong></span> <span class='ocrx_word' id='word_1_396' title='bbox 3172 3703 3429 3762; x_wconf 79' lang='lat' dir='ltr'><strong>Dominus</strong></span> 
     </span>
    </p>
   </div>
   <div class='ocr_carea' id='block_1_83' title="bbox 1839 3791 2873 3861">
    <p class='ocr_par' dir='ltr' id='par_1_83' title="bbox 1839 3791 2873 3861">
     <span class='ocr_line' id='line_1_83' title="bbox 1839 3791 2873 3861; baseline -0.001 -14"><span class='ocrx_word' id='word_1_397' title='bbox 1839 3802 2022 3852; x_wconf 81' lang='lat' dir='ltr'><strong>vester</strong></span> <span class='ocrx_word' id='word_1_398' title='bbox 2047 3802 2312 3847; x_wconf 82' lang='lat' dir='ltr'><strong>venturus</strong></span> <span class='ocrx_word' id='word_1_399' title='bbox 2345 3801 2423 3847; x_wconf 80' lang='lat' dir='ltr'><strong>est</strong></span> <span class='ocrx_word' id='word_1_400' title='bbox 2453 3791 2669 3861; x_wconf 79' lang='lat' dir='ltr'><strong>(Matth.</strong></span> <span class='ocrx_word' id='word_1_401' title='bbox 2703 3794 2873 3859; x_wconf 78' lang='lat' dir='ltr'><strong>xxn&#39;).</strong></span> 
     </span>
    </p>
   </div>
   <div class='ocr_carea' id='block_1_84' title="bbox 1910 3883 2982 3955">
    <p class='ocr_par' dir='ltr' id='par_1_84' title="bbox 1910 3883 2982 3955">
     <span class='ocr_line' id='line_1_84' title="bbox 1910 3883 2982 3955; baseline 0 -16"><span class='ocrx_word' id='word_1_402' title='bbox 1910 3883 2170 3940; x_wconf 76' lang='lat' dir='ltr'><strong>Omnibus</strong></span> <span class='ocrx_word' id='word_1_403' title='bbox 2199 3883 2345 3950; x_wconf 90' lang='lat' dir='ltr'><strong>dico,</strong></span> <span class='ocrx_word' id='word_1_404' title='bbox 2370 3883 2586 3952; x_wconf 81' lang='lat' dir='ltr'><strong>vigilate</strong></span> <span class='ocrx_word' id='word_1_405' title='bbox 2617 3883 2810 3954; x_wconf 82' lang='lat' dir='ltr'><strong>(Marc.</strong></span> <span class='ocrx_word' id='word_1_406' title='bbox 2847 3885 2982 3955; x_wconf 85' lang='lat' dir='ltr'><strong>xm).</strong></span> 
     </span>
    </p>
   </div>
   <div class='ocr_carea' id='block_1_85' title="bbox 2524 3995 2746 4032">
    <p class='ocr_par' dir='ltr' id='par_1_85' title="bbox 2524 3995 2746 4032">
     <span class='ocr_line' id='line_1_85' title="bbox 2524 3995 2746 4032; baseline 0 -1"><span class='ocrx_word' id='word_1_407' title='bbox 2524 3995 2746 4032; x_wconf 76' lang='lat' dir='ltr'><strong>PETRI&#39;S.</strong></span> 
     </span>
    </p>
   </div>
   <div class='ocr_carea' id='block_1_86' title="bbox 1911 4069 3430 4142">
    <p class='ocr_par' dir='ltr' id='par_1_86' title="bbox 1911 4069 3430 4142">
     <span class='ocr_line' id='line_1_86' title="bbox 1911 4069 3430 4142; baseline 0.005 -19"><span class='ocrx_word' id='word_1_408' title='bbox 1911 4069 2100 4124; x_wconf 81' lang='lat' dir='ltr'><strong>Estote</strong></span> <span class='ocrx_word' id='word_1_409' title='bbox 2129 4070 2309 4139; x_wconf 86' lang='lat' dir='ltr'><strong>itaque</strong></span> <span class='ocrx_word' id='word_1_410' title='bbox 2339 4069 2652 4142; x_wconf 79' lang='lat' dir='ltr'><strong>prudentes,</strong></span> <span class='ocrx_word' id='word_1_411' title='bbox 2679 4083 2730 4126; x_wconf 91' lang='lat' dir='ltr'><strong>et</strong></span> <span class='ocrx_word' id='word_1_412' title='bbox 2765 4071 2978 4140; x_wconf 76' lang='lat' dir='ltr'><strong>vigilate</strong></span> <span class='ocrx_word' id='word_1_413' title='bbox 3007 4071 3058 4125; x_wconf 93' lang='lat' dir='ltr'><strong>in</strong></span> <span class='ocrx_word' id='word_1_414' title='bbox 3090 4073 3430 4131; x_wconf 71' lang='lat' dir='ltr'><strong>orationibus</strong></span> 
     </span>
    </p>
   </div>
   <div class='ocr_carea' id='block_1_87' title="bbox 1841 4159 2209 4231">
    <p class='ocr_par' dir='ltr' id='par_1_87' title="bbox 1841 4159 2209 4231">
     <span class='ocr_line' id='line_1_87' title="bbox 1841 4159 2209 4231; baseline -0.003 -19"><span class='ocrx_word' id='word_1_415' title='bbox 1841 4160 1890 4230; x_wconf 88' lang='lat' dir='ltr'><strong>(I</strong></span> <span class='ocrx_word' id='word_1_416' title='bbox 1933 4159 2078 4214; x_wconf 84' lang='lat' dir='ltr'><strong>I’etr.</strong></span> <span class='ocrx_word' id='word_1_417' title='bbox 2111 4160 2209 4231; x_wconf 86' lang='lat' dir='ltr'><strong>iv).</strong></span> 
     </span>
    </p>
   </div>
   <div class='ocr_carea' id='block_1_88' title="bbox 2519 4266 2736 4307">
    <p class='ocr_par' dir='ltr' id='par_1_88' title="bbox 2519 4266 2736 4307">
     <span class='ocr_line' id='line_1_88' title="bbox 2519 4266 2736 4307; baseline 0 0"><span class='ocrx_word' id='word_1_418' title='bbox 2519 4266 2598 4307; x_wconf 71' lang='lat' dir='ltr'><strong>PA!</strong></span> <span class='ocrx_word' id='word_1_419' title='bbox 2621 4269 2736 4307; x_wconf 75' lang='lat' dir='ltr'><strong>LUS.</strong></span> 
     </span>
    </p>
   </div>
   <div class='ocr_carea' id='block_1_89' title="bbox 1909 4343 3426 4418">
    <p class='ocr_par' dir='ltr' id='par_1_89' title="bbox 1909 4343 3426 4418">
     <span class='ocr_line' id='line_1_89' title="bbox 1909 4343 3426 4418; baseline 0.002 -17"><span class='ocrx_word' id='word_1_420' title='bbox 1909 4343 2043 4402; x_wconf 89' lang='lat' dir='ltr'><strong>Cum</strong></span> <span class='ocrx_word' id='word_1_421' title='bbox 2093 4343 2234 4398; x_wconf 88' lang='lat' dir='ltr'><strong>enim</strong></span> <span class='ocrx_word' id='word_1_422' title='bbox 2291 4343 2526 4398; x_wconf 81' lang='lat' dir='ltr'><strong>dixerint</strong></span> <span class='ocrx_word' id='word_1_423' title='bbox 2577 4345 2843 4413; x_wconf 87' lang='lat' dir='ltr'><strong>homines,</strong></span> <span class='ocrx_word' id='word_1_424' title='bbox 2884 4345 2995 4398; x_wconf 87' lang='lat' dir='ltr'><strong>Pax</strong></span> <span class='ocrx_word' id='word_1_425' title='bbox 3045 4355 3099 4401; x_wconf 86' lang='lat' dir='ltr'><strong>et</strong></span> <span class='ocrx_word' id='word_1_426' title='bbox 3138 4349 3426 4418; x_wconf 87' lang='lat' dir='ltr'><strong>securitas,</strong></span> 
     </span>
    </p>
   </div>
   <div class='ocr_carea' id='block_1_90' title="bbox 1839 4437 3425 4513">
    <p class='ocr_par' dir='ltr' id='par_1_90' title="bbox 1839 4437 3425 4513">
     <span class='ocr_line' id='line_1_90' title="bbox 1839 4437 3425 4513; baseline 0.003 -21"><span class='ocrx_word' id='word_1_427' title='bbox 1839 4446 1966 4494; x_wconf 89' lang='lat' dir='ltr'><strong>tunc</strong></span> <span class='ocrx_word' id='word_1_428' title='bbox 1989 4438 2302 4509; x_wconf 89' lang='lat' dir='ltr'><strong>repentinus</strong></span> <span class='ocrx_word' id='word_1_429' title='bbox 2325 4437 2402 4492; x_wconf 90' lang='lat' dir='ltr'><strong>eis</strong></span> <span class='ocrx_word' id='word_1_430' title='bbox 2421 4440 2765 4506; x_wconf 85' lang='lat' dir='ltr'><strong>superveniet</strong></span> <span class='ocrx_word' id='word_1_431' title='bbox 2795 4440 3041 4494; x_wconf 89' lang='lat' dir='ltr'><strong>interitus</strong></span> <span class='ocrx_word' id='word_1_432' title='bbox 3064 4440 3112 4511; x_wconf 92' lang='grc' dir='ltr'><strong>(Ι</strong></span> <span class='ocrx_word' id='word_1_433' title='bbox 3143 4440 3322 4497; x_wconf 77' lang='lat' dir='ltr'><strong>Thess.</strong></span> <span class='ocrx_word' id='word_1_434' title='bbox 3347 4446 3425 4513; x_wconf 73' lang='grc' dir='ltr'><strong>κ).</strong></span> 
     </span>
    </p>
   </div>
   <div class='ocr_carea' id='block_1_91' title="bbox 2450 4547 2802 4586">
    <p class='ocr_par' dir='ltr' id='par_1_91' title="bbox 2450 4547 2802 4586">
     <span class='ocr_line' id='line_1_91' title="bbox 2450 4547 2802 4586; baseline 0.003 -3"><span class='ocrx_word' id='word_1_435' title='bbox 2450 4547 2802 4586; x_wconf 68' lang='grc' dir='ltr'><strong>ΙΙΙΚΒΟΝΥΜυδο</strong></span> 
     </span>
    </p>
   </div>
   <div class='ocr_carea' id='block_1_92' title="bbox 202 4603 3426 4718">
    <p class='ocr_par' dir='ltr' id='par_1_92' title="bbox 202 4603 3426 4718">
     <span class='ocr_line' id='line_1_92' title="bbox 202 4603 3426 4718; baseline 0.005 -62"><span class='ocrx_word' id='word_1_436' title='bbox 202 4603 319 4659; x_wconf 77' lang='lat' dir='ltr'><strong>Non</strong></span> <span class='ocrx_word' id='word_1_437' title='bbox 351 4606 495 4659; x_wconf 86' lang='lat' dir='ltr'><strong>enim</strong></span> <span class='ocrx_word' id='word_1_438' title='bbox 543 4613 711 4661; x_wconf 77' lang='lat' dir='ltr'><strong>aestus</strong></span> <span class='ocrx_word' id='word_1_439' title='bbox 741 4606 970 4718; x_wconf 60' lang='lat' dir='ltr'><strong>homiLnis</strong></span> <span class='ocrx_word' id='word_1_440' title='bbox 989 4607 1317 4718; x_wconf 37' lang='lat' dir='ltr'><strong>ldeclinabit,</strong></span> <span class='ocrx_word' id='word_1_441' title='bbox 1362 4610 1464 4665; x_wconf 91' lang='lat' dir='ltr'><strong>nisi</strong></span> <span class='ocrx_word' id='word_1_442' title='bbox 1491 4612 1583 4681; x_wconf 91' lang='lat' dir='ltr'><strong>qui</strong></span> <span class='ocrx_word' id='word_1_443' title='bbox 1613 4626 1732 4668; x_wconf 83' lang='lat' dir='ltr'><strong>ani-</strong></span> <span class='ocrx_word' id='word_1_444' title='bbox 1759 4653 1815 4718; x_wconf 74' lang='lat' dir='ltr'><strong>D</strong></span> <span class='ocrx_word' id='word_1_445' title='bbox 1906 4624 2216 4681; x_wconf 52' lang='lat' dir='ltr'><strong>Cavendum</strong></span> <span class='ocrx_word' id='word_1_446' title='bbox 2244 4634 2326 4681; x_wconf 67' lang='lat' dir='ltr'><strong>est</strong></span> <span class='ocrx_word' id='word_1_447' title='bbox 2351 4641 2417 4680; x_wconf 85' lang='lat' dir='ltr'><strong>ne</strong></span> <span class='ocrx_word' id='word_1_448' title='bbox 2446 4626 2589 4695; x_wconf 79' lang='lat' dir='ltr'><strong>quod</strong></span> <span class='ocrx_word' id='word_1_449' title='bbox 2620 4626 2673 4679; x_wconf 79' lang='lat' dir='ltr'><strong>in</strong></span> <span class='ocrx_word' id='word_1_450' title='bbox 2698 4627 2850 4680; x_wconf 70' lang='lat' dir='ltr'><strong>nobis</strong></span> <span class='ocrx_word' id='word_1_451' title='bbox 2877 4626 3138 4696; x_wconf 73' lang='lat' dir='ltr'><strong>optimum</strong></span> <span class='ocrx_word' id='word_1_452' title='bbox 3169 4638 3251 4682; x_wconf 65' lang='lat' dir='ltr'><strong>est</strong></span> <span class='ocrx_word' id='word_1_453' title='bbox 3274 4629 3426 4684; x_wconf 72' lang='lat' dir='ltr'><strong>laba-</strong></span> 
     </span>
    </p>
   </div>
   <div class='ocr_carea' id='block_1_93' title="bbox 121 4697 1143 4767">
    <p class='ocr_par' dir='ltr' id='par_1_93' title="bbox 121 4697 1143 4767">
     <span class='ocr_line' id='line_1_93' title="bbox 121 4697 1143 4767; baseline 0.005 -19"><span class='ocrx_word' id='word_1_454' title='bbox 121 4709 232 4748; x_wconf 67' lang='lat' dir='ltr'><strong>nne</strong></span> <span class='ocrx_word' id='word_1_455' title='bbox 272 4704 453 4751; x_wconf 84' lang='lat' dir='ltr'><strong>motus</strong></span> <span class='ocrx_word' id='word_1_456' title='bbox 487 4704 616 4752; x_wconf 90' lang='lat' dir='ltr'><strong>ante</strong></span> <span class='ocrx_word' id='word_1_457' title='bbox 645 4697 1143 4767; x_wconf 74' lang='lat' dir='ltr'><strong>comprehenderit.</strong></span> 
     </span>
    </p>
   </div>
   <div class='ocr_carea' id='block_1_94' title="bbox 725 4830 1157 4888">
    <p class='ocr_par' dir='ltr' id='par_1_94' title="bbox 725 4830 1157 4888">
     <span class='ocr_line' id='line_1_94' title="bbox 725 4830 1157 4888; baseline 0.002 -1"><span class='ocrx_word' id='word_1_458' title='bbox 725 4830 954 4888; x_wconf 83' lang='lat' dir='ltr'><strong>CAPUT</strong></span> <span class='ocrx_word' id='word_1_459' title='bbox 991 4831 1157 4888; x_wconf 79' lang='lat' dir='ltr'><strong>XXII.</strong></span> 
     </span>
    </p>
   </div>
   <div class='ocr_carea' id='block_1_95' title="bbox 685 4947 1189 5022">
    <p class='ocr_par' dir='ltr' id='par_1_95' title="bbox 685 4947 1189 5022">
     <span class='ocr_line' id='line_1_95' title="bbox 685 4947 1189 5022; baseline 0.008 -18"><span class='ocrx_word' id='word_1_460' title='bbox 685 4947 764 5004; x_wconf 86' lang='lat' dir='ltr'><strong>De</strong></span> <span class='ocrx_word' id='word_1_461' title='bbox 788 4954 1189 5022; x_wconf 77' lang='lat' dir='ltr'><strong>perseverantia.</strong></span> 
     </span>
    </p>
   </div>
   <div class='ocr_carea' id='block_1_96' title="bbox 806 5083 1076 5125">
    <p class='ocr_par' dir='ltr' id='par_1_96' title="bbox 806 5083 1076 5125">
     <span class='ocr_line' id='line_1_96' title="bbox 806 5083 1076 5125; baseline 0.007 -3"><span class='ocrx_word' id='word_1_462' title='bbox 806 5083 1076 5125; x_wconf 71' lang='lat' dir='ltr'><strong>CHRISTUS.</strong></span> 
     </span>
    </p>
   </div>
   <div class='ocr_carea' id='block_1_97' title="bbox 199 5156 1733 5233">
    <p class='ocr_par' dir='ltr' id='par_1_97' title="bbox 199 5156 1733 5233">
     <span class='ocr_line' id='line_1_97' title="bbox 199 5156 1733 5233; baseline 0.006 -21"><span class='ocrx_word' id='word_1_463' title='bbox 199 5156 302 5224; x_wconf 86' lang='lat' dir='ltr'><strong>Qui</strong></span> <span class='ocrx_word' id='word_1_464' title='bbox 336 5169 523 5214; x_wconf 91' lang='lat' dir='ltr'><strong>autem</strong></span> <span class='ocrx_word' id='word_1_465' title='bbox 557 5163 987 5229; x_wconf 87' lang='lat' dir='ltr'><strong>perseveraverit</strong></span> <span class='ocrx_word' id='word_1_466' title='bbox 1011 5178 1178 5233; x_wconf 84' lang='lat' dir='ltr'><strong>usque</strong></span> <span class='ocrx_word' id='word_1_467' title='bbox 1215 5163 1267 5219; x_wconf 92' lang='lat' dir='ltr'><strong>in</strong></span> <span class='ocrx_word' id='word_1_468' title='bbox 1300 5164 1482 5233; x_wconf 86' lang='lat' dir='ltr'><strong>tinem,</strong></span> <span class='ocrx_word' id='word_1_469' title='bbox 1516 5166 1599 5222; x_wconf 90' lang='lat' dir='ltr'><strong>hic</strong></span> <span class='ocrx_word' id='word_1_470' title='bbox 1627 5166 1733 5223; x_wconf 87' lang='lat' dir='ltr'><strong>sal-</strong></span> 
     </span>
    </p>
   </div>
   <div class='ocr_carea' id='block_1_98' title="bbox 118 5253 813 5325">
    <p class='ocr_par' dir='ltr' id='par_1_98' title="bbox 118 5253 813 5325">
     <span class='ocr_line' id='line_1_98' title="bbox 118 5253 813 5325; baseline 0.004 -20"><span class='ocrx_word' id='word_1_471' title='bbox 118 5269 228 5308; x_wconf 62' lang='lat' dir='ltr'><strong>VIIa</strong></span> <span class='ocrx_word' id='word_1_472' title='bbox 251 5255 358 5309; x_wconf 87' lang='lat' dir='ltr'><strong>erit</strong></span> <span class='ocrx_word' id='word_1_473' title='bbox 386 5253 606 5325; x_wconf 81' lang='lat' dir='ltr'><strong>(Matth.</strong></span> <span class='ocrx_word' id='word_1_474' title='bbox 642 5269 813 5322; x_wconf 74' lang='grc' dir='ltr'><strong>ιιιν).</strong></span> 
     </span>
    </p>
   </div>
   <div class='ocr_carea' id='block_1_99' title="bbox 839 5362 1060 5403">
    <p class='ocr_par' dir='ltr' id='par_1_99' title="bbox 839 5362 1060 5403">
     <span class='ocr_line' id='line_1_99' title="bbox 839 5362 1060 5403; baseline 0.014 -3"><span class='ocrx_word' id='word_1_475' title='bbox 839 5362 1060 5403; x_wconf 71' lang='grc' dir='ltr'><strong>ΡΑυιυε.</strong></span> 
     </span>
    </p>
   </div>
   <div class='ocr_carea' id='block_1_100' title="bbox 199 5439 1732 5510">
    <p class='ocr_par' dir='ltr' id='par_1_100' title="bbox 199 5439 1732 5510">
     <span class='ocr_line' id='line_1_100' title="bbox 199 5439 1732 5510; baseline 0.005 -16"><span class='ocrx_word' id='word_1_476' title='bbox 199 5439 356 5495; x_wconf 77' lang='lat' dir='ltr'><strong>Nunc</strong></span> <span class='ocrx_word' id='word_1_477' title='bbox 380 5455 515 5494; x_wconf 89' lang='lat' dir='ltr'><strong>vere</strong></span> <span class='ocrx_word' id='word_1_478' title='bbox 568 5439 784 5494; x_wconf 58' lang='lat' dir='ltr'><strong>liberati</strong></span> <span class='ocrx_word' id='word_1_479' title='bbox 826 5455 856 5494; x_wconf 90' lang='lat' dir='ltr'><strong>a</strong></span> <span class='ocrx_word' id='word_1_480' title='bbox 914 5451 1161 5510; x_wconf 84' lang='lat' dir='ltr'><strong>peccato,</strong></span> <span class='ocrx_word' id='word_1_481' title='bbox 1205 5442 1347 5499; x_wconf 86' lang='lat' dir='ltr'><strong>servi</strong></span> <span class='ocrx_word' id='word_1_482' title='bbox 1396 5454 1577 5502; x_wconf 86' lang='lat' dir='ltr'><strong>autem</strong></span> <span class='ocrx_word' id='word_1_483' title='bbox 1607 5447 1732 5504; x_wconf 86' lang='lat' dir='ltr'><strong>facti</strong></span> 
     </span>
    </p>
   </div>
   <div class='ocr_carea' id='block_1_101' title="bbox 119 5531 1731 5609">
    <p class='ocr_par' dir='ltr' id='par_1_101' title="bbox 119 5531 1731 5609">
     <span class='ocr_line' id='line_1_101' title="bbox 119 5531 1731 5609; baseline 0.006 -24"><span class='ocrx_word' id='word_1_484' title='bbox 119 5531 265 5593; x_wconf 79' lang='lat' dir='ltr'><strong>Deo,</strong></span> <span class='ocrx_word' id='word_1_485' title='bbox 293 5531 565 5586; x_wconf 90' lang='lat' dir='ltr'><strong>habentes</strong></span> <span class='ocrx_word' id='word_1_486' title='bbox 597 5531 831 5586; x_wconf 85' lang='lat' dir='ltr'><strong>fructum</strong></span> <span class='ocrx_word' id='word_1_487' title='bbox 858 5541 1101 5588; x_wconf 90' lang='lat' dir='ltr'><strong>vestrum</strong></span> <span class='ocrx_word' id='word_1_488' title='bbox 1146 5535 1198 5590; x_wconf 92' lang='lat' dir='ltr'><strong>in</strong></span> <span class='ocrx_word' id='word_1_489' title='bbox 1228 5537 1731 5609; x_wconf 88' lang='lat' dir='ltr'><strong>sanctiticationem,</strong></span> 
     </span>
    </p>
   </div>
   <div class='ocr_carea' id='block_1_102' title="bbox 118 5622 1282 5697">
    <p class='ocr_par' dir='ltr' id='par_1_102' title="bbox 118 5622 1282 5697">
     <span class='ocr_line' id='line_1_102' title="bbox 118 5622 1282 5697; baseline 0.004 -20"><span class='ocrx_word' id='word_1_490' title='bbox 118 5624 295 5678; x_wconf 79' lang='lat' dir='ltr'><strong>ﬁnem</strong></span> <span class='ocrx_word' id='word_1_491' title='bbox 323 5637 456 5678; x_wconf 87' lang='lat' dir='ltr'><strong>vero</strong></span> <span class='ocrx_word' id='word_1_492' title='bbox 485 5622 649 5676; x_wconf 87' lang='lat' dir='ltr'><strong>vitam</strong></span> <span class='ocrx_word' id='word_1_493' title='bbox 676 5629 933 5677; x_wconf 69' lang='lat' dir='ltr'><strong>aeternam</strong></span> <span class='ocrx_word' id='word_1_494' title='bbox 957 5623 1135 5694; x_wconf 88' lang='lat' dir='ltr'><strong>(Rom.</strong></span> <span class='ocrx_word' id='word_1_495' title='bbox 1168 5629 1282 5697; x_wconf 84' lang='lat' dir='ltr'><strong>vn).</strong></span> 
     </span>
    </p>
   </div>
   <div class='ocr_carea' id='block_1_103' title="bbox 819 5730 1078 5771">
    <p class='ocr_par' dir='ltr' id='par_1_103' title="bbox 819 5730 1078 5771">
     <span class='ocr_line' id='line_1_103' title="bbox 819 5730 1078 5771; baseline 0.008 -2"><span class='ocrx_word' id='word_1_496' title='bbox 819 5730 1078 5771; x_wconf 72' lang='lat' dir='ltr'><strong>SALOMON.</strong></span> 
     </span>
    </p>
   </div>
   <div class='ocr_carea' id='block_1_104' title="bbox 199 5803 1728 5885">
    <p class='ocr_par' dir='ltr' id='par_1_104' title="bbox 199 5803 1728 5885">
     <span class='ocr_line' id='line_1_104' title="bbox 199 5803 1728 5885; baseline 0.01 -27"><span class='ocrx_word' id='word_1_497' title='bbox 199 5803 400 5862; x_wconf 77' lang='lat' dir='ltr'><strong>Melior</strong></span> <span class='ocrx_word' id='word_1_498' title='bbox 420 5815 507 5862; x_wconf 80' lang='lat' dir='ltr'><strong>est</strong></span> <span class='ocrx_word' id='word_1_499' title='bbox 528 5805 650 5862; x_wconf 88' lang='lat' dir='ltr'><strong>ﬁnis</strong></span> <span class='ocrx_word' id='word_1_500' title='bbox 675 5807 940 5864; x_wconf 88' lang='lat' dir='ltr'><strong>orationis</strong></span> <span class='ocrx_word' id='word_1_501' title='bbox 967 5824 1130 5878; x_wconf 87' lang='lat' dir='ltr'><strong>quam</strong></span> <span class='ocrx_word' id='word_1_502' title='bbox 1158 5813 1480 5885; x_wconf 89' lang='lat' dir='ltr'><strong>principium</strong></span> <span class='ocrx_word' id='word_1_503' title='bbox 1507 5815 1728 5874; x_wconf 63' lang='lat' dir='ltr'><strong>(Ecclus.</strong></span> 
     </span>
    </p>
   </div>
   <div class='ocr_carea' id='block_1_105' title="bbox 114 5899 253 5968">
    <p class='ocr_par' dir='ltr' id='par_1_105' title="bbox 114 5899 253 5968">
     <span class='ocr_line' id='line_1_105' title="bbox 114 5899 253 5968; baseline -0.007 -13"><span class='ocrx_word' id='word_1_504' title='bbox 114 5899 253 5968; x_wconf 72' lang='lat' dir='ltr'><strong>Vit).</strong></span> 
     </span>
    </p>
   </div>
   <div class='ocr_carea' id='block_1_106' title="bbox 420 6015 1160 6082">
    <p class='ocr_par' dir='ltr' id='par_1_106' title="bbox 420 6015 1160 6082">
     <span class='ocr_line' id='line_1_106' title="bbox 420 6015 1160 6082; baseline 0.003 -2"><span class='ocrx_word' id='word_1_505' title='bbox 420 6017 700 6080; x_wconf 67' lang='grc' dir='ltr'><strong>Ριτιιοι.</strong></span> <span class='ocrx_word' id='word_1_506' title='bbox 749 6015 1160 6082; x_wconf 76' lang='lat' dir='ltr'><strong>LXXXVIII.</strong></span> 
     </span>
    </p>
   </div>
   <div class='ocr_carea' id='block_1_107' title="bbox 1845 4717 2254 4773">
    <p class='ocr_par' dir='ltr' id='par_1_107' title="bbox 1845 4717 2254 4773">
     <span class='ocr_line' id='line_1_107' title="bbox 1845 4717 2254 4773; baseline -0.007 0"><span class='ocrx_word' id='word_1_507' title='bbox 1845 4726 1930 4773; x_wconf 93' lang='lat' dir='ltr'><strong>tur</strong></span> <span class='ocrx_word' id='word_1_508' title='bbox 1956 4718 2006 4771; x_wconf 91' lang='lat' dir='ltr'><strong>in</strong></span> <span class='ocrx_word' id='word_1_509' title='bbox 2047 4717 2254 4772; x_wconf 85' lang='lat' dir='ltr'><strong>vitium.</strong></span> 
     </span>
    </p>
   </div>
   <div class='ocr_carea' id='block_1_108' title="bbox 1914 4810 3426 4881">
    <p class='ocr_par' dir='ltr' id='par_1_108' title="bbox 1914 4810 3426 4881">
     <span class='ocr_line' id='line_1_108' title="bbox 1914 4810 3426 4881; baseline 0.003 -17"><span class='ocrx_word' id='word_1_510' title='bbox 1914 4811 2038 4866; x_wconf 89' lang='lat' dir='ltr'><strong>Ideo</strong></span> <span class='ocrx_word' id='word_1_511' title='bbox 2067 4810 2222 4865; x_wconf 87' lang='lat' dir='ltr'><strong>nobis</strong></span> <span class='ocrx_word' id='word_1_512' title='bbox 2273 4810 2531 4865; x_wconf 90' lang='lat' dir='ltr'><strong>Dominus</strong></span> <span class='ocrx_word' id='word_1_513' title='bbox 2574 4813 2834 4881; x_wconf 90' lang='lat' dir='ltr'><strong>temporis</strong></span> <span class='ocrx_word' id='word_1_514' title='bbox 2871 4813 2951 4868; x_wconf 78' lang='lat' dir='ltr'><strong>sui</strong></span> <span class='ocrx_word' id='word_1_515' title='bbox 2999 4812 3195 4869; x_wconf 92' lang='lat' dir='ltr'><strong>celavit</strong></span> <span class='ocrx_word' id='word_1_516' title='bbox 3223 4813 3426 4870; x_wconf 88' lang='lat' dir='ltr'><strong>adven-</strong></span> 
     </span>
    </p>
   </div>
   <div class='ocr_carea' id='block_1_109' title="bbox 1843 4901 3426 4974">
    <p class='ocr_par' dir='ltr' id='par_1_109' title="bbox 1843 4901 3426 4974">
     <span class='ocr_line' id='line_1_109' title="bbox 1843 4901 3426 4974; baseline 0.002 -18"><span class='ocrx_word' id='word_1_517' title='bbox 1843 4911 1974 4965; x_wconf 90' lang='lat' dir='ltr'><strong>tum,</strong></span> <span class='ocrx_word' id='word_1_518' title='bbox 2003 4910 2060 4954; x_wconf 92' lang='lat' dir='ltr'><strong>ut</strong></span> <span class='ocrx_word' id='word_1_519' title='bbox 2091 4901 2308 4970; x_wconf 90' lang='lat' dir='ltr'><strong>penduli</strong></span> <span class='ocrx_word' id='word_1_520' title='bbox 2335 4901 2404 4955; x_wconf 93' lang='lat' dir='ltr'><strong>ob</strong></span> <span class='ocrx_word' id='word_1_521' title='bbox 2434 4904 2859 4971; x_wconf 68' lang='lat' dir='ltr'><strong>esspectationis</strong></span> <span class='ocrx_word' id='word_1_522' title='bbox 2889 4904 3175 4971; x_wconf 90' lang='lat' dir='ltr'><strong>incertum,</strong></span> <span class='ocrx_word' id='word_1_523' title='bbox 3205 4921 3426 4974; x_wconf 88' lang='lat' dir='ltr'><strong>semper</strong></span> 
     </span>
    </p>
   </div>
   <div class='ocr_carea' id='block_1_110' title="bbox 1837 4993 3423 5068">
    <p class='ocr_par' dir='ltr' id='par_1_110' title="bbox 1837 4993 3423 5068">
     <span class='ocr_line' id='line_1_110' title="bbox 1837 4993 3423 5068; baseline 0.003 -22"><span class='ocrx_word' id='word_1_524' title='bbox 1837 4993 2070 5063; x_wconf 76' lang='lat' dir='ltr'><strong>judicent</strong></span> <span class='ocrx_word' id='word_1_525' title='bbox 2107 4999 2350 5046; x_wconf 90' lang='lat' dir='ltr'><strong>nostrum</strong></span> <span class='ocrx_word' id='word_1_526' title='bbox 2403 4993 2686 5048; x_wconf 85' lang='lat' dir='ltr'><strong>credamus</strong></span> <span class='ocrx_word' id='word_1_527' title='bbox 2716 5010 2835 5051; x_wconf 90' lang='lat' dir='ltr'><strong>esse</strong></span> <span class='ocrx_word' id='word_1_528' title='bbox 2883 5003 3184 5063; x_wconf 83' lang='lat' dir='ltr'><strong>venturum,</strong></span> <span class='ocrx_word' id='word_1_529' title='bbox 3237 5012 3423 5068; x_wconf 91' lang='lat' dir='ltr'><strong>quem,</strong></span> 
     </span>
    </p>
   </div>
   <div class='ocr_carea' id='block_1_111' title="bbox 1839 5084 2812 5155">
    <p class='ocr_par' dir='ltr' id='par_1_111' title="bbox 1839 5084 2812 5155">
     <span class='ocr_line' id='line_1_111' title="bbox 1839 5084 2812 5155; baseline 0 -17"><span class='ocrx_word' id='word_1_530' title='bbox 1839 5085 2054 5155; x_wconf 86' lang='lat' dir='ltr'><strong>quando</strong></span> <span class='ocrx_word' id='word_1_531' title='bbox 2083 5093 2343 5139; x_wconf 88' lang='lat' dir='ltr'><strong>venturus</strong></span> <span class='ocrx_word' id='word_1_532' title='bbox 2367 5084 2453 5149; x_wconf 91' lang='lat' dir='ltr'><strong>sit,</strong></span> <span class='ocrx_word' id='word_1_533' title='bbox 2486 5084 2812 5153; x_wconf 86' lang='lat' dir='ltr'><strong>ignoramus.</strong></span> 
     </span>
    </p>
   </div>
   <div class='ocr_carea' id='block_1_112' title="bbox 1910 5175 3177 5243">
    <p class='ocr_par' dir='ltr' id='par_1_112' title="bbox 1910 5175 3177 5243">
     <span class='ocr_line' id='line_1_112' title="bbox 1910 5175 3177 5243; baseline 0.001 -13"><span class='ocrx_word' id='word_1_534' title='bbox 1910 5176 2094 5230; x_wconf 84' lang='lat' dir='ltr'><strong>Omnis</strong></span> <span class='ocrx_word' id='word_1_535' title='bbox 2124 5176 2233 5228; x_wconf 90' lang='lat' dir='ltr'><strong>vita</strong></span> <span class='ocrx_word' id='word_1_536' title='bbox 2259 5175 2519 5243; x_wconf 86' lang='lat' dir='ltr'><strong>sapientis</strong></span> <span class='ocrx_word' id='word_1_537' title='bbox 2549 5177 2828 5231; x_wconf 88' lang='lat' dir='ltr'><strong>meditatio</strong></span> <span class='ocrx_word' id='word_1_538' title='bbox 2858 5186 2940 5233; x_wconf 90' lang='lat' dir='ltr'><strong>est</strong></span> <span class='ocrx_word' id='word_1_539' title='bbox 2967 5179 3177 5234; x_wconf 84' lang='lat' dir='ltr'><strong>mortis.</strong></span> 
     </span>
    </p>
   </div>
   <div class='ocr_carea' id='block_1_113' title="bbox 1909 5270 3428 5338">
    <p class='ocr_par' dir='ltr' id='par_1_113' title="bbox 1909 5270 3428 5338">
     <span class='ocr_line' id='line_1_113' title="bbox 1909 5270 3428 5338; baseline 0.002 -14"><span class='ocrx_word' id='word_1_540' title='bbox 1909 5270 1964 5324; x_wconf 89' lang='lat' dir='ltr'><strong>Si</strong></span> <span class='ocrx_word' id='word_1_541' title='bbox 2021 5283 2125 5337; x_wconf 88' lang='lat' dir='ltr'><strong>qua</strong></span> <span class='ocrx_word' id='word_1_542' title='bbox 2176 5277 2259 5323; x_wconf 91' lang='lat' dir='ltr'><strong>est</strong></span> <span class='ocrx_word' id='word_1_543' title='bbox 2313 5270 2596 5338; x_wconf 84' lang='lat' dir='ltr'><strong>praesentis</strong></span> <span class='ocrx_word' id='word_1_544' title='bbox 2652 5271 2912 5338; x_wconf 86' lang='lat' dir='ltr'><strong>temporis</strong></span> <span class='ocrx_word' id='word_1_545' title='bbox 2961 5272 3162 5336; x_wconf 73' lang='lat' dir='ltr'><strong>Izetitia,</strong></span> <span class='ocrx_word' id='word_1_546' title='bbox 3215 5271 3286 5327; x_wconf 88' lang='lat' dir='ltr'><strong>ita</strong></span> <span class='ocrx_word' id='word_1_547' title='bbox 3341 5280 3428 5327; x_wconf 87' lang='lat' dir='ltr'><strong>est</strong></span> 
     </span>
    </p>
   </div>
   <div class='ocr_carea' id='block_1_114' title="bbox 1840 5361 3424 5435">
    <p class='ocr_par' dir='ltr' id='par_1_114' title="bbox 1840 5361 3424 5435">
     <span class='ocr_line' id='line_1_114' title="bbox 1840 5361 3424 5435; baseline 0.004 -20"><span class='ocrx_word' id='word_1_548' title='bbox 1840 5361 2069 5430; x_wconf 86' lang='lat' dir='ltr'><strong>agenda,</strong></span> <span class='ocrx_word' id='word_1_549' title='bbox 2099 5368 2159 5414; x_wconf 92' lang='lat' dir='ltr'><strong>ut</strong></span> <span class='ocrx_word' id='word_1_550' title='bbox 2189 5375 2464 5429; x_wconf 90' lang='lat' dir='ltr'><strong>nunquam</strong></span> <span class='ocrx_word' id='word_1_551' title='bbox 2501 5362 2806 5418; x_wconf 85' lang='lat' dir='ltr'><strong>amaritudo</strong></span> <span class='ocrx_word' id='word_1_552' title='bbox 2827 5365 3107 5433; x_wconf 86' lang='lat' dir='ltr'><strong>sequentis</strong></span> <span class='ocrx_word' id='word_1_553' title='bbox 3125 5364 3311 5435; x_wconf 85' lang='lat' dir='ltr'><strong>judicii</strong></span> <span class='ocrx_word' id='word_1_554' title='bbox 3333 5381 3424 5421; x_wconf 85' lang='lat' dir='ltr'><strong>re-</strong></span> 
     </span>
    </p>
   </div>
   <div class='ocr_carea' id='block_1_115' title="bbox 1839 5452 2367 5508">
    <p class='ocr_par' dir='ltr' id='par_1_115' title="bbox 1839 5452 2367 5508">
     <span class='ocr_line' id='line_1_115' title="bbox 1839 5452 2367 5508; baseline -0.008 0"><span class='ocrx_word' id='word_1_555' title='bbox 1839 5453 1998 5508; x_wconf 90' lang='lat' dir='ltr'><strong>cedat</strong></span> <span class='ocrx_word' id='word_1_556' title='bbox 2025 5467 2055 5504; x_wconf 91' lang='lat' dir='ltr'><strong>a</strong></span> <span class='ocrx_word' id='word_1_557' title='bbox 2086 5452 2367 5506; x_wconf 89' lang='lat' dir='ltr'><strong>memoria.</strong></span> 
     </span>
    </p>
   </div>
   <div class='ocr_carea' id='block_1_116' title="bbox 1909 5541 3428 5617">
    <p class='ocr_par' dir='ltr' id='par_1_116' title="bbox 1909 5541 3428 5617">
     <span class='ocr_line' id='line_1_116' title="bbox 1909 5541 3428 5617; baseline 0.005 -21"><span class='ocrx_word' id='word_1_558' title='bbox 1909 5541 2233 5613; x_wconf 88' lang='lat' dir='ltr'><strong>Plerumque</strong></span> <span class='ocrx_word' id='word_1_559' title='bbox 2249 5543 2392 5596; x_wconf 87' lang='lat' dir='ltr'><strong>enim</strong></span> <span class='ocrx_word' id='word_1_560' title='bbox 2416 5542 2590 5600; x_wconf 88' lang='lat' dir='ltr'><strong>hostis</strong></span> <span class='ocrx_word' id='word_1_561' title='bbox 2611 5545 2836 5600; x_wconf 88' lang='lat' dir='ltr'><strong>callidus</strong></span> <span class='ocrx_word' id='word_1_562' title='bbox 2865 5556 3104 5602; x_wconf 90' lang='lat' dir='ltr'><strong>mentem</strong></span> <span class='ocrx_word' id='word_1_563' title='bbox 3143 5562 3268 5602; x_wconf 79' lang='lat' dir='ltr'><strong>cum</strong></span> <span class='ocrx_word' id='word_1_564' title='bbox 3296 5561 3428 5617; x_wconf 67' lang='lat' dir='ltr'><strong>pec-</strong></span> 
     </span>
    </p>
   </div>
   <div class='ocr_carea' id='block_1_117' title="bbox 1836 5634 3425 5711">
    <p class='ocr_par' dir='ltr' id='par_1_117' title="bbox 1836 5634 3425 5711">
     <span class='ocr_line' id='line_1_117' title="bbox 1836 5634 3425 5711; baseline 0.005 -22"><span class='ocrx_word' id='word_1_565' title='bbox 1836 5643 1958 5690; x_wconf 86' lang='lat' dir='ltr'><strong>cato</strong></span> <span class='ocrx_word' id='word_1_566' title='bbox 1993 5634 2335 5703; x_wconf 88' lang='lat' dir='ltr'><strong>supplantat:</strong></span> <span class='ocrx_word' id='word_1_567' title='bbox 2369 5643 2423 5689; x_wconf 86' lang='lat' dir='ltr'><strong>et</strong></span> <span class='ocrx_word' id='word_1_568' title='bbox 2451 5650 2572 5691; x_wconf 91' lang='lat' dir='ltr'><strong>cum</strong></span> <span class='ocrx_word' id='word_1_569' title='bbox 2603 5637 2669 5690; x_wconf 85' lang='lat' dir='ltr'><strong>de</strong></span> <span class='ocrx_word' id='word_1_570' title='bbox 2711 5639 2864 5692; x_wconf 89' lang='lat' dir='ltr'><strong>ruina</strong></span> <span class='ocrx_word' id='word_1_571' title='bbox 2897 5638 3152 5695; x_wconf 81' lang='lat' dir='ltr'><strong>afﬂictam</strong></span> <span class='ocrx_word' id='word_1_572' title='bbox 3182 5641 3425 5711; x_wconf 82' lang='lat' dir='ltr'><strong>respicit,</strong></span> 
     </span>
    </p>
   </div>
   <div class='ocr_carea' id='block_1_118' title="bbox 1835 5725 3017 5796">
    <p class='ocr_par' dir='ltr' id='par_1_118' title="bbox 1835 5725 3017 5796">
     <span class='ocr_line' id='line_1_118' title="bbox 1835 5725 3017 5796; baseline 0.004 -14"><span class='ocrx_word' id='word_1_573' title='bbox 1835 5725 2149 5782; x_wconf 87' lang='lat' dir='ltr'><strong>securitatis</strong></span> <span class='ocrx_word' id='word_1_574' title='bbox 2179 5725 2453 5796; x_wconf 66' lang='lat' dir='ltr'><strong>pestifera:</strong></span> <span class='ocrx_word' id='word_1_575' title='bbox 2483 5728 2755 5786; x_wconf 89' lang='lat' dir='ltr'><strong>blanditiis</strong></span> <span class='ocrx_word' id='word_1_576' title='bbox 2787 5730 3017 5786; x_wconf 89' lang='lat' dir='ltr'><strong>seducit.</strong></span> 
     </span>
    </p>
   </div>
   <div class='ocr_carea' id='block_1_119' title="bbox 1908 5819 3430 5896">
    <p class='ocr_par' dir='ltr' id='par_1_119' title="bbox 1908 5819 3430 5896">
     <span class='ocr_line' id='line_1_119' title="bbox 1908 5819 3430 5896; baseline 0.007 -25"><span class='ocrx_word' id='word_1_577' title='bbox 1908 5819 2009 5885; x_wconf 88' lang='lat' dir='ltr'><strong>Qui</strong></span> <span class='ocrx_word' id='word_1_578' title='bbox 2041 5819 2201 5887; x_wconf 86' lang='lat' dir='ltr'><strong>igitur</strong></span> <span class='ocrx_word' id='word_1_579' title='bbox 2231 5829 2413 5876; x_wconf 92' lang='lat' dir='ltr'><strong>mente</strong></span> <span class='ocrx_word' id='word_1_580' title='bbox 2444 5836 2667 5878; x_wconf 90' lang='lat' dir='ltr'><strong>securus</strong></span> <span class='ocrx_word' id='word_1_581' title='bbox 2701 5832 2783 5879; x_wconf 80' lang='lat' dir='ltr'><strong>est</strong></span> <span class='ocrx_word' id='word_1_582' title='bbox 2813 5825 3137 5894; x_wconf 77' lang='lat' dir='ltr'><strong>perpetratis</strong></span> <span class='ocrx_word' id='word_1_583' title='bbox 3167 5825 3430 5896; x_wconf 87' lang='lat' dir='ltr'><strong>iniquita-</strong></span> 
     </span>
    </p>
   </div>
   <div class='ocr_carea' id='block_1_120' title="bbox 1835 5911 3286 5985">
    <p class='ocr_par' dir='ltr' id='par_1_120' title="bbox 1835 5911 3286 5985">
     <span class='ocr_line' id='line_1_120' title="bbox 1835 5911 3286 5985; baseline 0.005 -16"><span class='ocrx_word' id='word_1_584' title='bbox 1835 5913 1999 5972; x_wconf 87' lang='lat' dir='ltr'><strong>tibus.</strong></span> <span class='ocrx_word' id='word_1_585' title='bbox 2028 5911 2142 5974; x_wconf 86' lang='lat' dir='ltr'><strong>ipse</strong></span> <span class='ocrx_word' id='word_1_586' title='bbox 2167 5914 2266 5968; x_wconf 88' lang='lat' dir='ltr'><strong>sibi</strong></span> <span class='ocrx_word' id='word_1_587' title='bbox 2297 5915 2449 5969; x_wconf 81' lang='lat' dir='ltr'><strong>testis</strong></span> <span class='ocrx_word' id='word_1_588' title='bbox 2478 5923 2559 5971; x_wconf 84' lang='lat' dir='ltr'><strong>est</strong></span> <span class='ocrx_word' id='word_1_589' title='bbox 2588 5917 2713 5985; x_wconf 87' lang='lat' dir='ltr'><strong>quia</strong></span> <span class='ocrx_word' id='word_1_590' title='bbox 2746 5915 3006 5972; x_wconf 88' lang='lat' dir='ltr'><strong>innocens</strong></span> <span class='ocrx_word' id='word_1_591' title='bbox 3037 5932 3147 5981; x_wconf 85' lang='lat' dir='ltr'><strong>non</strong></span> <span class='ocrx_word' id='word_1_592' title='bbox 3175 5927 3286 5976; x_wconf 64' lang='lat' dir='ltr'><strong>est.-</strong></span> 
     </span>
    </p>
   </div>
   <div class='ocr_carea' id='block_1_121' title="bbox 2950 6028 3117 6114">
    <p class='ocr_par' dir='ltr' id='par_1_121' title="bbox 2950 6028 3117 6114">
     <span class='ocr_line' id='line_1_121' title="bbox 2950 6028 3117 6114; baseline 0.006 -27"><span class='ocrx_word' id='word_1_593' title='bbox 2950 6028 3117 6114; x_wconf 18' lang='lat'><strong>21.</strong></span> 
     </span>
    </p>
   </div>
  </div>
