4194 6544
778 424 878 481 631

1741 416 2159 476 DEFENSORIS
2197 411 2728 475 LOCOCIAGENSIS
2768 418 3081 474 MONACllI

3935 418 4039 479 65!

843 539 1086 608 Cumque
1114 551 1266 593 mens
1293 548 1481 592 secura
1511 535 1751 592 redditur
1779 537 1831 590 in
1861 549 2112 605 corpore,
2140 535 2349 589 animus
2379 535 2429 591 A
2525 529 2623 596 Qui
2691 542 2869 589 autem
2918 534 3095 590 fatuus
3151 543 3252 598 est,
3310 534 3485 606 aperit
3536 534 3824 592 stultitiam
3881 551 4035 592 suam

775 631 1013 686 laxatur.

847 724 978 778 Cum
1009 725 1168 787 bona,
1225 721 1437 786 fratres,
1479 722 1653 793 agitis,
1685 735 1898 790 semper
1926 720 1993 775 ad
2037 720 2351 775 memoriam

773 813 912 868 mala
944 823 1063 868 acta
1087 823 1356 869 revocate.

849 903 918 960 Ut
947 919 1067 959 cum
1100 915 1256 959 caute
1278 905 1432 974 culpa
1454 904 1780 972 agnoscitur,
1811 916 2082 974 nunquam
2112 903 2181 957 de
2209 901 2352 958 bono

773 1009 941 1065 opere
972 997 1184 1050 incaute
1212 997 1423 1051 animus
1454 997 1679 1051 laetetur.

847 1084 1048 1139 Horam
1080 1101 1209 1140 vero
1243 1087 1482 1141 ultimam
1531 1087 1671 1141 Deus
1707 1095 1892 1142 noster
1933 1086 2134 1141 idcirco
2178 1084 2354 1139 voluit

776 1177 934 1231 nobis
961 1191 1082 1232 esse
1110 1179 1459 1245 incognitam,
1492 1185 1552 1232 ut
1585 1193 1800 1248 semper
1825 1179 1995 1248 possit
2023 1193 2138 1232 esse
2165 1191 2354 1246 suspe-

776 1278 884 1332 ει...
917 1267 1112 1322 utdum
1144 1269 1285 1324 illam
1309 1269 1491 1324 videre
1520 1286 1626 1324 non
1657 1285 1959 1339 possumus,
1993 1270 2057 1324 ad
2082 1270 2224 1324 illam
2254 1283 2356 1326 nos

773 1363 894 1417 sine
926 1363 1325 1418 intermissione
1355 1379 1736 1434 przeparemns.

1429 1470 1685 1510 ιδιοοιιυε.

852 1548 1037 1618 Neque
1061 1548 1236 1618 justus
1268 1549 1334 1603 de
1379 1565 1474 1603 sua
1502 1551 1708 1618 justitia
1756 1549 2012 1616 conﬁdat,
2065 1562 2242 1618 neque
2291 1547 2357 1602 de

778 1643 874 1700 Dei
906 1645 1272 1699 misericordia
1298 1645 1565 1713 desperet,
1591 1645 1682 1698 sed
1711 1645 1906 1698 habeat
1933 1644 1985 1696 in
2016 1642 2178 1695 corde
2203 1655 2354 1710 spem

774 1737 981 1806 pariter
1009 1744 1063 1790 et
1092 1745 1321 1789 metum:
1372 1735 1449 1789 sic
1478 1743 1660 1804 speret
1715 1732 2157 1797 misericordiam,
2185 1741 2244 1787 ut
2267 1731 2357 1800 ju-

773 1826 982 1883 stitiam
1035 1833 1276 1891 metuat;
1305 1825 1381 1880 sic
1427 1825 1495 1880 sit
1532 1840 1655 1895 spes
1699 1825 2064 1894 indulgentiae,
2095 1833 2153 1878 ut
2181 1834 2357 1879 metus

775 1915 997 1986 affligat.

849 2008 1103 2074 Quamvis
1127 2009 1352 2078 quisque
1381 2008 1450 2061 sit
1495 2006 1691 2075 justus,
1725 2021 1995 2076 nunquam
2027 2020 2247 2062 necesse
2275 2015 2358 2060 est

777 2106 838 2153 ut
866 2100 919 2154 in
950 2099 1049 2153 hac
1076 2101 1186 2153 vita
1212 2099 1282 2154 sit
1300 2113 1540 2153 securus.

854 2191 1105 2256 Quamvis
1160 2199 1466 2244 sanctorum
1526 2190 1863 2244 conversatio
1913 2188 2203 2259 probabilis
2256 2189 2353 2253 sit,

779 2282 1046 2338 incertum
1070 2291 1250 2336 tamen
1275 2281 1576 2335 hominibus
1597 2289 1677 2334 est
1698 2296 1803 2348 quo
1825 2280 1929 2334 sint
1959 2276 2063 2332 fine
2083 2277 2354 2332 destinati.

853 2372 1007 2426 Nulla
1029 2387 1117 2424 res
1138 2373 1198 2423 ds
1231 2380 1454 2440 peccato
1489 2386 1735 2424 securum
1765 2361 1945 2433 faciat,
1973 2368 2216 2438 quamvis
2246 2382 2361 2436 pa:-

779 2465 1007 2520 nitentia
1045 2471 1409 2533 peccatorum
1433 2462 1502 2516 sit
1545 2461 1806 2531 prepitia,
1850 2461 1966 2515 sine
2004 2468 2148 2514 metu
2181 2469 2360 2514 tamen

781 2559 948 2613 homo
993 2571 1112 2612 esse
1159 2571 1266 2610 non
1313 2555 1511 2609 debet:
1543 2555 1670 2623 quia
1711 2553 2038 2624 pmnitentize
2066 2551 2362 2606 satisfactio

779 2649 964 2704 divino
995 2655 1202 2701 tantum
1232 2653 1489 2716 pensatur
1512 2644 1735 2714 judicio,
1766 2659 1872 2700 non
1913 2643 2168 2698 humano.

855 2739 1039 2809 Neque
1082 2752 1314 2807 unquam
1379 2744 1595 2807 oportet
1641 2737 1988 2806 pmuitentem
2036 2735 2237 2789 habere
2297 2734 2366 2790 de

783 2834 1020 2904 peccatis
1047 2832 1408 2887 securitatem.

854 2923 990 2980 Nam
1033 2925 1295 2980 securitas
1342 2922 1547 2978 inducit
1585 2921 1985 2990 negligentiam,
2043 2916 2367 2987 negligentia

783 3024 964 3072 autem
1008 3029 1152 3086 sape
1196 3015 1467 3070 incautum
1513 3013 1641 3068 facit
1684 3013 1992 3076 hominem,
2039 3017 2096 3065 et
2134 3008 2200 3062 ad
2239 3007 2366 3061 vitia

784 3115 1054 3163 transacta
1082 3105 1308 3161 reducit.

1442 3219 1696 3260 ISIDORUS.

857 3308 1126 3365 Incertum
1156 3321 1386 3376 namque
1423 3316 1507 3362 est
1537 3305 1954 3374 uniuscujusque
1983 3302 2104 3356 vita:
2133 3309 2368 3371 tempus,

788 3407 846 3457 et
879 3399 1079 3454 idcirco
1106 3398 1464 3453 festinandum
1496 3404 1599 3462 est,
1636 3410 1704 3450 ne
1736 3395 1874 3448 forte
1912 3393 2090 3448 subito
2121 3407 2268 3446 mors
2289 3405 2372 3444 re-

787 3489 1009 3561 pentina
1032 3487 1342 3558 prteveniat.

1454 3589 1734 3631 οιδλιιιυε.

865 3670 1135 3739 Quantum
1181 3684 1365 3724 sumus
1406 3667 1582 3724 securi
1624 3666 1689 3720 de
1725 3664 2035 3735 prateritis,
2076 3672 2280 3717 tantum
2305 3661 2377 3717 si-

795 3781 918 3821 mus
938 3764 1155 3819 solliciti
1188 3763 1255 3816 de
1286 3761 1497 3816 futuris.

863 3855 1051 3910 Omnia
1094 3853 1236 3908 enim
1290 3851 1514 3907 crimina
1554 3850 1639 3905 vel
1669 3857 1893 3919 peccata
1935 3847 2044 3902 cito
2074 3845 2141 3900 ad
2164 3861 2264 3900 nos
2287 3859 2374 3900 re-

791 3957 1114 4012 vertuntur,
1157 3947 1203 4001 si
1251 3961 1358 4001 non
1414 3945 1655 4013 quotidie
1703 3943 1856 3996 bonis
1900 3940 2150 4011 operibus
2205 3954 2376 4010 expu-

796 4053 1049 4115 gnentur.

1339 4168 1600 4227 CAPUT
1656 4169 1842 4224 XXIV.

1423 4287 1503 4344 De
1522 4290 1758 4342 stultitia.

1459 4420 1728 4459 CHRISTUS.

875 4512 1061 4568 Omnis
1091 4510 1180 4578 qui
1228 4508 1374 4562 audit
1402 4508 1564 4562 verba
1618 4521 1759 4572 mea,
1799 4514 1853 4559 et
1879 4520 1986 4560 non
2012 4504 2138 4559 facit
2167 4518 2227 4558 ea
2251 4544 2265 4569 ,
2305 4503 2381 4557 si-

805 4607 946 4664 milis
965 4612 1048 4660 est
1076 4603 1190 4656 viro
1213 4601 1377 4656 stulto
1405 4597 1618 4669 (Matth.
1654 4599 1773 4666 vn).

1495 4707 1710 4745 PAULUS.

878 4788 1010 4856 Quae
1032 4788 1194 4842 stulta
1231 4795 1352 4840 sunt
1394 4785 1572 4838 mundi
1603 4783 1764 4850 elegit
1811 4780 1973 4848 Deus,
2019 4787 2072 4834 ut
2093 4777 2386 4835 confundat

811 4885 1084 4953 sapientes
1117 4881 1166 4948 (Ι
1203 4879 1322 4933 ϐυτ.
1357 4882 1418 4945 ι).

881 4975 1169 5030 Sustinctis
1189 4973 1328 5026 enim
1363 4971 1695 5038 ins-pientes,
1745 4982 1866 5022 cum
1896 4966 2011 5022 sitis
2046 4964 2147 5033 ipsi
2177 4962 2385 5032 sapien-

814 5075 898 5121 tes
919 5063 1006 5134 (ΙΙ
1032 5067 1148 5118 Cor.
1175 5066 1273 5132 χι).

1471 5167 1526 5206 δι
1537 5166 1707 5205 l.0|t0tt
1718 5189 1730 5203 .

889 5245 1049 5302 Stulti
1079 5260 1142 5300 ea
1163 5259 1283 5313 quae
1316 5251 1438 5298 sunt
1466 5244 1562 5296 sibi
1610 5241 1767 5296 noxia
1804 5239 2057 5306 cupiunt,
2102 5245 2156 5292 et
2184 5236 2389 5305 impru-

820 5339 1010 5393 dentes
1037 5337 1162 5391 odio
1201 5336 1494 5388 habuerunt
1535 5334 1810 5392 scientiam
1845 5331 2020 5402 (Prov.
2056 5339 2116 5400 t).

892 5430 1097 5483 Stultus
1142 5427 1362 5482 caeditur
1408 5427 1591 5489 labiis,
1641 5425 1833 5479 stultus
1887 5424 2038 5477 labiis
2080 5421 2394 5475 verberatur

849 5522 1000 5576 Prov.
1034 5524 1115 5587 t).).

896 5616 966 5669 Os
1003 5624 1180 5667 autem
1219 5612 1365 5665 stulti
1393 5610 1692 5666 confusioni
1724 5604 2024 5678 proximu‘m
2064 5615 2146 5660 est
2178 5603 2392 5675 (Ibid.).

897 5709 995 5773 Qui
1019 5707 1212 5760 stultus
1239 5713 1340 5769 est,
1371 5706 1565 5758 serviet
1590 5703 1819 5771 sapienti
1846 5702 2026 5768 (Prov.
2060 5701 2158 5767 xi).

897 5799 1070 5853 Homo
1107 5810 1351 5853 versutus
1389 5796 1530 5850 celat
1576 5796 1876 5861 scientiam,
1919 5810 2014 5849 cor
2036 5790 2396 5862 insipientium

826 5889 1435 5962 provocabitatultitiam
1466 5886 1644 5952 (i'l'Ot‘.
1683 5889 1796 5955 xu).

2455 619 2632 690 (Prov.
2669 624 2810 692 χιιι).

2523 713 2631 768 Cor
2666 714 2953 770 stultorum
2981 716 3240 771 dissimile
3273 716 3375 772 erit
3400 717 3580 788 (Prov.
3609 717 3724 788 ιν).

2522 805 2730 861 Stultus
2752 807 2989 876 pascitur
3011 809 3273 879 imperitia
3307 807 3517 878 (Ibid).

2524 897 2762 953 Stultitia
2793 901 3044 970 gaudium
3063 901 3227 954 stulto
3255 899 3466 971 (lbid.).

2527 988 2640 1043 Non
2680 987 2873 1043 decent
2907 990 3128 1044 stultum
3172 992 3331 1046 verba
3372 991 3697 1062 composita,
3743 1005 3849 1048 nec
3896 1007 4042 1063 prm-

2454 1080 2626 1149 cipem
2655 1081 2851 1135 labium
2877 1085 3142 1136 mentiens
3164 1083 3343 1152 (Prov.
3386 1087 3538 1144 xvii).

2524 1168 2758 1239 Expedit
2779 1173 2949 1239 magis
2969 1189 3107 1228 ursae
3133 1191 3419 1231 occurrere
3440 1177 3608 1246 raptis
3631 1178 3855 1248 fetibus,
3881 1193 4042 1249 quam

2456 1260 2606 1314 fatuo
2625 1261 2914 1316 contidenti
2943 1264 3042 1317 sibi
3072 1264 3124 1316 in
3154 1265 3374 1320 stultitia
3405 1282 3500 1320 sua
3523 1266 3736 1337 (ΗΜ).

2528 1351 2667 1415 Quid
2713 1355 2928 1422 prodest
2971 1355 3169 1410 trahere
3190 1355 3398 1412 divitias
3434 1359 3621 1427 stulto,
3665 1375 3791 1416 cum
3822 1363 4044 1432 sapien-

2458 1445 2588 1497 tiam
2614 1459 2796 1500 emere
2811 1461 2916 1502 non
2938 1449 3135 1517 possit(
3147 1448 3306 1518 Ibid.)
3329 1451 3352 1503 ?

2529 1537 2704 1594 Homo
2732 1540 2929 1595 stultus
2966 1542 3182 1611 plaudet
3224 1544 3499 1610 manibus,
3528 1562 3650 1601 cum
3690 1548 4049 1619 spoponderit

2461 1648 2559 1702 pro
2588 1647 2761 1688 amico
2783 1649 2902 1688 suo.

2532 1726 2736 1781 Stultus
2776 1727 2821 1781 si
2853 1727 3099 1792 tacuerit,
3147 1731 3418 1798 putabitur
3445 1733 3699 1803 sapiens:
3730 1742 3790 1789 et
3823 1734 3871 1789 si
3901 1748 4050 1790 com-

2463 1819 2722 1886 presserit
2748 1819 2887 1874 labia
2921 1835 3034 1885 sua,
3065 1822 3365 1890 intelligens
3394 1823 3608 1893 (Ibid.).

2387 1891 2434 1952 Β
2530 1905 2602 1963 Os
2650 1910 2831 1976 stulti,
2888 1914 3139 1969 contritio
3191 1915 3348 1984 ejus:
3389 1891 3445 1971 et
3493 1918 3632 1972 labia
3687 1917 3832 1973 illius
3884 1917 4045 1972 ruina

2458 2002 2649 2054 animae
2671 2001 2786 2069 ejus
2813 2002 2996 2071 (Prov.
3020 2006 3192 2075 xvru).

2527 2091 2762 2147 Stultitia
2799 2094 3029 2149 nominis
3065 2098 3376 2165 supplantat
3411 2111 3628 2167 gressus
3662 2099 3805 2169 ejus,
3837 2107 3897 2155 et
3921 2114 4051 2156 com

2457 2191 2537 2237 tra
2561 2183 2730 2239 Deum
2753 2185 2925 2240 fervet
2953 2189 3133 2242 animo
3161 2203 3260 2244 suo
3291 2188 3474 2258 (Prov.
3503 2191 3639 2258 ιιι).

2528 2277 2605 2332 Ne
2647 2280 2974 2348 respondeas
3024 2281 3190 2335 stulto
3229 2281 3382 2350 juxta
3433 2283 3712 2340 stultitiam
3740 2299 3932 2352 suam,
3979 2299 4052 2342 ne

2459 2368 2705 2426 eiﬁciaris
2733 2373 2784 2426 ei
2821 2373 3010 2427 similis
3041 2373 3254 2442 (Ιὺὶά.).

2533 2461 2813 2528 Quomodo
2857 2463 3107 2531 pulchras
3155 2464 3353 2520 frustra
3392 2465 3554 2521 habet
3597 2464 3823 2521 claudus
3871 2466 4052 2534 tibias,

2461 2553 2541 2608 sic
2563 2553 2816 2608 indecens
2843 2562 2926 2608 est
2965 2555 3018 2609 in
3047 2569 3144 2609 ore
3165 2555 3452 2612 stultorum
3483 2557 3736 2626 parabola
3767 2558 3993 2629 (Ibid.).

2535 2644 2820 2714 Responde
2847 2644 3010 2700 stulto
3035 2644 3186 2713 juxta
3223 2647 3503 2702 stultitiam
3525 2663 3701 2715 suam,
3732 2663 3805 2704 ne
3825 2649 3932 2704 sibi
3959 2662 4051 2707 sa-

2464 2737 2616 2808 piens
2641 2753 2760 2792 esse
2786 2738 3030 2792 videatur
3052 2738 3260 2809 (litim).

2536 2827 2686 2882 Sicut
2724 2829 2814 2896 qui
2845 2829 3008 2883 mittit
3035 2829 3266 2899 lapidem
3307 2831 3361 2884 in
3388 2845 3641 2887 acervum
3669 2830 3950 2902 Mercurii,
3977 2834 4050 2889 ita

2468 2922 2559 2990 qui
2589 2921 2775 2975 tribuit
2801 2921 3075 2990 insipienti
3103 2921 3366 2977 honorem
3395 2923 3608 2992 (Ibid).

2542 3015 2601 3069 Si
2632 3014 2944 3070 contuderis
2969 3015 3190 3069 stultum
3232 3016 3286 3068 in
3313 3017 3440 3084 pila,
3497 3016 3651 3084 quasi
3696 3017 3944 3086 ptisanas
3981 3016 4057 3073 fe-

2387 3170 2391 3175 ,
2473 3106 2644 3162 riente
2693 3104 2926 3175 desuper
2971 3105 3114 3173 pilo,
3166 3120 3274 3160 non
3327 3106 3598 3161 auferetur
3620 3109 3688 3162 ab
3717 3123 3787 3162 eo
3827 3107 4057 3163 stultitia

2475 3197 2590 3265 ejus
2611 3196 2791 3266 (Prov.
2821 3195 3010 3267 xxv“).

2547 3287 2753 3342 Stultus
2780 3287 3071 3356 complicat
3109 3302 3298 3342 manus
3321 3303 3447 3344 suas
3469 3285 3693 3357 (Ecctea.
3719 3292 3821 3356 tv).

2545 3379 2602 3432 In
2625 3379 2732 3433 vita
2761 3381 2958 3434 stultus
3005 3379 3304 3442 ambulans,
3353 3395 3476 3435 cum
3505 3383 3620 3450 ipse
3663 3380 3930 3450 insipiens
3968 3379 4056 3448 sit,

2475 3488 2664 3529 omnes
2691 3473 2884 3529 stultos
2909 3471 3386 3543 atstimatwcclea.
3419 3472 3500 3540 x).

2549 3566 2714 3621 Labia
2754 3566 3054 3635 insipientis
3095 3565 3504 3635 praecipitabunt
3519 3578 3667 3629 eum,
3696 3563 3915 3620 initium
3939 3575 4059 3618 va-

2476 3656 2668 3712 borum
2715 3655 2831 3724 ejus
2873 3655 3098 3709 stultitia
3163 3661 3222 3708 et
3248 3654 3569 3710 novissimus
3592 3654 3707 3710 oris
3733 3654 3886 3711 ιιιιυ.
3910 3665 4061 3709 error

2479 3748 2738 3816 pessimus
2769 3742 2982 3815 (Ibid.).

3076 3914 3225 3956 13808
3249 3915 3454 3957 ειυςιι.

2552 4035 2808 4092 Homines
2843 4035 2993 4090 stulti
3031 4051 3140 4090 non
3179 4034 3592 4106 apprehendunt
3629 4033 3979 4105 sapientiam,
4006 4041 4065 4090 et

2485 4147 2590 4187 non
2619 4131 2874 4184 videbunt
2900 4129 3043 4184 illam
3074 4127 3300 4198 (Eccles.
3333 4127 3446 4197 xv).

2551 4222 2758 4279 Stultus
2786 4224 2980 4277 acriter
3010 4220 3394 4290 improperabit
3419 4218 3644 4288 (Eccles.
3674 4218 3851 4285 xvut).

2556 4319 2596 4369 Α
2646 4316 2780 4370 facie
2821 4314 2972 4368 verbi
3019 4315 3247 4383 parturit
3293 4313 3496 4377 fatuus,
3538 4321 3792 4381 tanquam
3833 4313 4071 4380 gemitus

2485 4418 2669 4478 partus
2692 4407 2906 4461 infantis
2935 4404 3159 4473 (Errles.
3194 4413 3330 4472 λιι).

2555 4500 2756 4568 Sagitta
2803 4497 2964 4552 inﬁxa
3007 4497 3197 4552 femori
3245 4497 3427 4561 canis,
3476 4497 3554 4550 sic
3595 4496 3814 4550 verbum
3868 4496 3920 4549 in
3977 4510 4078 4550 ora

2408 4616 2468 4679 Β
2491 4590 2620 4645 fatui
2638 4590 2848 4658 (lbt'd.).

2559 4681 2720 4734 Da-us
2777 4679 3071 4748 insipientis
3119 4693 3224 4730 non
3266 4677 3370 4730 erit
3397 4676 3539 4730 utilis
3579 4675 3690 4735 tibi,
3737 4674 3883 4728 oculi
3926 4673 4078 4728 enim

2491 4775 2629 4828 illius
2656 4772 3031 4841 septemplices
3072 4779 3196 4823 sunt
3225 4789 3234 4820 :
3265 4769 3454 4836 exigua
3479 4766 3623 4819 dabit
3673 4778 3721 4818 et
3757 4767 3925 4818 multa
3972 4767 4080 4819 im--

2491 4866 2843 4938 properabit,
2908 4872 2961 4918 et
3018 4862 3224 4932 apertio
3288 4862 3397 4915 oris
3447 4860 3588 4912 illius
3646 4857 3930 4913 inf-amatio
3988 4864 4078 4913 est

2493 4960 2712 5032 (Ecclus.
2748 4961 2860 5024 xx).

2565 5049 2732 5102 Fatuo
2764 5063 2869 5101 non
2899 5047 3001 5101 erit
3026 5045 3248 5109 amicus,
3279 5052 3333 5097 et
3363 5057 3469 5098 non
3501 5041 3602 5096 erit
3626 5041 3796 5109 gratia
3827 5040 3887 5098 in
3915 5043 4086 5100 bonis

2494 5141 2634 5196 illius
2665 5138 2877 5209 (Ibid)

2566 5233 2664 5299 Qui
2709 5232 2848 5286 enim
2895 5230 3060 5285 edunt
3096 5243 3286 5299 panem
3314 5226 3463 5292 fatui,
3509 5225 3656 5279 falsae
3706 5224 3904 5293 linguae
3951 5235 4089 5280 srnt

2499 5325 2707 5396 (Ibid.).

2568 5418 2646 5470 Ex
2673 5431 2766 5471 ore
2788 5414 2918 5469 fatui
2937 5412 3310 5481 reprobabitur
3331 5410 3602 5481 parabola,
3628 5424 3736 5464 non
3757 5409 3906 5463 enim
3931 5409 4087 5463 illam

2497 5509 2642 5565 dicet
2671 5509 2722 5562 in
2754 5517 2997 5576 tempore
3027 5520 3124 5559 suo
3148 5504 3359 5574 (Ibid).

2570 5602 2674 5657 Cor
2717 5600 2846 5654 fatui
2890 5599 3036 5668 quasi
3078 5613 3173 5653 vas
3215 5596 3569 5659 confractum,
3611 5603 3665 5648 et
3713 5611 3935 5651 omnem
3993 5611 4087 5652 sa-

2500 5694 2752 5766 pientiam
2788 5707 2892 5744 non
2925 5690 3122 5743 tcnrliit
3149 5688 3382 5741 narratio
3416 5684 3635 5744 (Ecclus.
3669 5688 3809 5753 xxI).

2573 5787 2817 5842 Narratio
2849 5782 2976 5836 fatui
3006 5782 3156 5850 quasi
3185 5781 3393 5835 sarcina
3425 5781 3477 5833 in
3507 5780 3586 5831 via
3625 5776 3840 5844 (findi.

2575 5875 2871 5947 Compedes
2895 5875 2947 5928 in
2974 5874 3216 5944 pedibus,
3247 5873 3410 5928 stulto
3439 5870 3685 5924 doctrina
3717 5868 3935 5941 (Ibid).
