  <div class='ocr_page' id='page_1' title='image "/cluster/home/n/w/nwhite01/storage/ocr_20150623/88-89/uc1.31175000868714/332.png"; bbox 0 0 4194 6544; ppageno 0'>
   <div class='ocr_carea' id='block_1_1' title="bbox 191 422 296 481">
    <p class='ocr_par' dir='ltr' id='par_1_1' title="bbox 191 422 296 481">
     <span class='ocr_line' id='line_1_1' title="bbox 191 422 296 481; baseline 0.01 -2"><span class='ocrx_word' id='word_1_1' title='bbox 191 422 296 481; x_wconf 71' lang='lat'><strong>653</strong></span> 
     </span>
    </p>
   </div>
   <div class='ocr_carea' id='block_1_2' title="bbox 1493 435 2281 501">
    <p class='ocr_par' dir='ltr' id='par_1_2' title="bbox 1493 435 2281 501">
     <span class='ocr_line' id='line_1_2' title="bbox 1493 435 2281 501; baseline 0.011 -9"><span class='ocrx_word' id='word_1_2' title='bbox 1493 435 2009 497; x_wconf 77' lang='lat' dir='ltr'><strong>SCINTILLARUM</strong></span> <span class='ocrx_word' id='word_1_3' title='bbox 2053 439 2281 501; x_wconf 79' lang='lat' dir='ltr'><strong>LlBER.</strong></span> 
     </span>
    </p>
   </div>
   <div class='ocr_carea' id='block_1_3' title="bbox 3370 467 3477 525">
    <p class='ocr_par' dir='ltr' id='par_1_3' title="bbox 3370 467 3477 525">
     <span class='ocr_line' id='line_1_3' title="bbox 3370 467 3477 525; baseline 0.009 -2"><span class='ocrx_word' id='word_1_4' title='bbox 3370 467 3477 525; x_wconf 68' lang='grc'><strong>656</strong></span> 
     </span>
    </p>
   </div>
   <div class='ocr_carea' id='block_1_4' title="bbox 257 534 3474 646">
    <p class='ocr_par' dir='ltr' id='par_1_4' title="bbox 257 534 3474 646">
     <span class='ocr_line' id='line_1_4' title="bbox 257 534 3474 646; baseline 0.014 -57"><span class='ocrx_word' id='word_1_5' title='bbox 257 536 318 590; x_wconf 78' lang='lat' dir='ltr'><strong>ln</strong></span> <span class='ocrx_word' id='word_1_6' title='bbox 347 547 443 591; x_wconf 85' lang='lat' dir='ltr'><strong>ore</strong></span> <span class='ocrx_word' id='word_1_7' title='bbox 467 534 740 593; x_wconf 83' lang='lat' dir='ltr'><strong>fatuorum</strong></span> <span class='ocrx_word' id='word_1_8' title='bbox 770 550 865 594; x_wconf 87' lang='lat' dir='ltr'><strong>cor</strong></span> <span class='ocrx_word' id='word_1_9' title='bbox 898 537 1152 609; x_wconf 87' lang='lat' dir='ltr'><strong>illorum,</strong></span> <span class='ocrx_word' id='word_1_10' title='bbox 1195 550 1252 600; x_wconf 88' lang='lat' dir='ltr'><strong>et</strong></span> <span class='ocrx_word' id='word_1_11' title='bbox 1276 543 1329 600; x_wconf 92' lang='lat' dir='ltr'><strong>in</strong></span> <span class='ocrx_word' id='word_1_12' title='bbox 1369 548 1531 604; x_wconf 91' lang='lat' dir='ltr'><strong>corde</strong></span> <span class='ocrx_word' id='word_1_13' title='bbox 1559 551 1779 620; x_wconf 87' lang='lat' dir='ltr'><strong>sapicn-</strong></span> <span class='ocrx_word' id='word_1_14' title='bbox 1812 559 1856 613; x_wconf 78' lang='grc' dir='ltr'><strong>Α</strong></span> <span class='ocrx_word' id='word_1_15' title='bbox 1959 553 2281 626; x_wconf 80' lang='lat' dir='ltr'><strong>Nullumque</strong></span> <span class='ocrx_word' id='word_1_16' title='bbox 2318 569 2401 615; x_wconf 90' lang='lat' dir='ltr'><strong>est</strong></span> <span class='ocrx_word' id='word_1_17' title='bbox 2425 560 2646 631; x_wconf 66' lang='lat' dir='ltr'><strong>justitiaz</strong></span> <span class='ocrx_word' id='word_1_18' title='bbox 2672 565 2725 619; x_wconf 89' lang='lat' dir='ltr'><strong>in</strong></span> <span class='ocrx_word' id='word_1_19' title='bbox 2770 567 2863 624; x_wconf 90' lang='lat' dir='ltr'><strong>illo</strong></span> <span class='ocrx_word' id='word_1_20' title='bbox 2891 568 3057 626; x_wconf 88' lang='lat' dir='ltr'><strong>corde</strong></span> <span class='ocrx_word' id='word_1_21' title='bbox 3081 575 3387 646; x_wconf 74' lang='lat' dir='ltr'><strong>vestigium,</strong></span> <span class='ocrx_word' id='word_1_22' title='bbox 3421 585 3474 640; x_wconf 79' lang='lat' dir='ltr'><strong>in</strong></span> 
     </span>
    </p>
   </div>
   <div class='ocr_carea' id='block_1_5' title="bbox 3017 649 3030 673">
    <p class='ocr_par' dir='ltr' id='par_1_5' title="bbox 3017 649 3030 673">
     <span class='ocr_line' id='line_1_5' title="bbox 3017 649 3030 673; baseline 0 0"><span class='ocrx_word' id='word_1_23' title='bbox 3017 649 3030 673; x_wconf 75' lang='grc' dir='ltr'>σ</span> 
     </span>
    </p>
   </div>
   <div class='ocr_carea' id='block_1_6' title="bbox 187 629 898 702">
    <p class='ocr_par' dir='ltr' id='par_1_6' title="bbox 187 629 898 702">
     <span class='ocr_line' id='line_1_6' title="bbox 187 629 898 702; baseline 0.008 -20"><span class='ocrx_word' id='word_1_24' title='bbox 187 637 302 683; x_wconf 85' lang='lat' dir='ltr'><strong>tum</strong></span> <span class='ocrx_word' id='word_1_25' title='bbox 333 646 395 684; x_wconf 89' lang='lat' dir='ltr'><strong>os</strong></span> <span class='ocrx_word' id='word_1_26' title='bbox 423 630 640 690; x_wconf 91' lang='lat' dir='ltr'><strong>illorum</strong></span> <span class='ocrx_word' id='word_1_27' title='bbox 680 629 898 702; x_wconf 81' lang='lat' dir='ltr'><strong>(Ibid.).</strong></span> 
     </span>
    </p>
   </div>
   <div class='ocr_carea' id='block_1_7' title="bbox 255 721 1775 806">
    <p class='ocr_par' dir='ltr' id='par_1_7' title="bbox 255 721 1775 806">
     <span class='ocr_line' id='line_1_7' title="bbox 255 721 1775 806; baseline 0.009 -29"><span class='ocrx_word' id='word_1_28' title='bbox 255 721 517 778; x_wconf 89' lang='lat' dir='ltr'><strong>Confusio</strong></span> <span class='ocrx_word' id='word_1_29' title='bbox 544 725 715 794; x_wconf 93' lang='lat' dir='ltr'><strong>patris</strong></span> <span class='ocrx_word' id='word_1_30' title='bbox 755 734 839 780; x_wconf 88' lang='lat' dir='ltr'><strong>est</strong></span> <span class='ocrx_word' id='word_1_31' title='bbox 866 725 935 782; x_wconf 88' lang='lat' dir='ltr'><strong>de</strong></span> <span class='ocrx_word' id='word_1_32' title='bbox 964 727 1075 783; x_wconf 86' lang='lat' dir='ltr'><strong>tilio</strong></span> <span class='ocrx_word' id='word_1_33' title='bbox 1121 729 1520 802; x_wconf 90' lang='lat' dir='ltr'><strong>indisciplinato</strong></span> <span class='ocrx_word' id='word_1_34' title='bbox 1549 735 1775 806; x_wconf 76' lang='lat' dir='ltr'><strong>(Et-des.</strong></span> 
     </span>
    </p>
   </div>
   <div class='ocr_carea' id='block_1_8' title="bbox 182 819 341 882">
    <p class='ocr_par' dir='ltr' id='par_1_8' title="bbox 182 819 341 882">
     <span class='ocr_line' id='line_1_8' title="bbox 182 819 341 882; baseline 0 -16"><span class='ocrx_word' id='word_1_35' title='bbox 182 828 274 867; x_wconf 59' lang='lat' dir='ltr'><strong>nti</strong></span> <span class='ocrx_word' id='word_1_36' title='bbox 303 819 341 882; x_wconf 92' lang='lat'><strong>).</strong></span> 
     </span>
    </p>
   </div>
   <div class='ocr_carea' id='block_1_9' title="bbox 252 904 1775 984">
    <p class='ocr_par' dir='ltr' id='par_1_9' title="bbox 252 904 1775 984">
     <span class='ocr_line' id='line_1_9' title="bbox 252 904 1775 984; baseline 0.012 -26"><span class='ocrx_word' id='word_1_37' title='bbox 252 905 354 972; x_wconf 74' lang='lat' dir='ltr'><strong>Qui</strong></span> <span class='ocrx_word' id='word_1_38' title='bbox 389 906 548 962; x_wconf 83' lang='lat' dir='ltr'><strong>decet</strong></span> <span class='ocrx_word' id='word_1_39' title='bbox 577 904 805 977; x_wconf 89' lang='lat' dir='ltr'><strong>fatuum,</strong></span> <span class='ocrx_word' id='word_1_40' title='bbox 860 913 1014 980; x_wconf 90' lang='lat' dir='ltr'><strong>quasi</strong></span> <span class='ocrx_word' id='word_1_41' title='bbox 1056 915 1148 982; x_wconf 91' lang='lat' dir='ltr'><strong>qui</strong></span> <span class='ocrx_word' id='word_1_42' title='bbox 1180 917 1519 984; x_wconf 83' lang='lat' dir='ltr'><strong>conglutinat</strong></span> <span class='ocrx_word' id='word_1_43' title='bbox 1554 928 1775 976; x_wconf 88' lang='lat' dir='ltr'><strong>testam.</strong></span> 
     </span>
    </p>
   </div>
   <div class='ocr_carea' id='block_1_10' title="bbox 249 1004 1778 1080">
    <p class='ocr_par' dir='ltr' id='par_1_10' title="bbox 249 1004 1778 1080">
     <span class='ocr_line' id='line_1_10' title="bbox 249 1004 1778 1080; baseline 0.011 -26"><span class='ocrx_word' id='word_1_44' title='bbox 249 1005 390 1056; x_wconf 60' lang='lat' dir='ltr'><strong>tum</strong></span> <span class='ocrx_word' id='word_1_45' title='bbox 429 1004 596 1059; x_wconf 90' lang='lat' dir='ltr'><strong>stulto</strong></span> <span class='ocrx_word' id='word_1_46' title='bbox 634 1021 742 1059; x_wconf 94' lang='lat' dir='ltr'><strong>nou</strong></span> <span class='ocrx_word' id='word_1_47' title='bbox 789 1007 1018 1062; x_wconf 89' lang='lat' dir='ltr'><strong>multum</strong></span> <span class='ocrx_word' id='word_1_48' title='bbox 1061 1009 1317 1080; x_wconf 85' lang='lat' dir='ltr'><strong>loquaris,</strong></span> <span class='ocrx_word' id='word_1_49' title='bbox 1367 1022 1567 1069; x_wconf 89' lang='lat' dir='ltr'><strong>etcqu</strong></span> <span class='ocrx_word' id='word_1_50' title='bbox 1599 1016 1778 1070; x_wconf 87' lang='lat' dir='ltr'><strong>insen-</strong></span> 
     </span>
    </p>
   </div>
   <div class='ocr_carea' id='block_1_11' title="bbox 177 1093 881 1169">
    <p class='ocr_par' dir='ltr' id='par_1_11' title="bbox 177 1093 881 1169">
     <span class='ocr_line' id='line_1_11' title="bbox 177 1093 881 1169; baseline 0.009 -22"><span class='ocrx_word' id='word_1_51' title='bbox 177 1102 299 1147; x_wconf 81' lang='lat' dir='ltr'><strong>sato</strong></span> <span class='ocrx_word' id='word_1_52' title='bbox 326 1109 394 1148; x_wconf 85' lang='lat' dir='ltr'><strong>ne</strong></span> <span class='ocrx_word' id='word_1_53' title='bbox 423 1093 622 1149; x_wconf 84' lang='lat' dir='ltr'><strong>abieris</strong></span> <span class='ocrx_word' id='word_1_54' title='bbox 665 1096 881 1169; x_wconf 63' lang='lat' dir='ltr'><strong>(Ibid)</strong></span> 
     </span>
    </p>
   </div>
   <div class='ocr_carea' id='block_1_12' title="bbox 248 1188 1777 1268">
    <p class='ocr_par' dir='ltr' id='par_1_12' title="bbox 248 1188 1777 1268">
     <span class='ocr_line' id='line_1_12' title="bbox 248 1188 1777 1268; baseline 0.009 -28"><span class='ocrx_word' id='word_1_55' title='bbox 248 1188 520 1255; x_wconf 83' lang='lat' dir='ltr'><strong>Arenam,</strong></span> <span class='ocrx_word' id='word_1_56' title='bbox 568 1203 623 1246; x_wconf 90' lang='lat' dir='ltr'><strong>et</strong></span> <span class='ocrx_word' id='word_1_57' title='bbox 655 1191 734 1245; x_wconf 87' lang='lat' dir='ltr'><strong>sal</strong></span> <span class='ocrx_word' id='word_1_58' title='bbox 759 1201 813 1246; x_wconf 91' lang='lat' dir='ltr'><strong>et</strong></span> <span class='ocrx_word' id='word_1_59' title='bbox 842 1207 1073 1250; x_wconf 83' lang='lat' dir='ltr'><strong>massam</strong></span> <span class='ocrx_word' id='word_1_60' title='bbox 1103 1194 1263 1260; x_wconf 88' lang='lat' dir='ltr'><strong>ferri,</strong></span> <span class='ocrx_word' id='word_1_61' title='bbox 1298 1196 1508 1252; x_wconf 89' lang='lat' dir='ltr'><strong>facinus</strong></span> <span class='ocrx_word' id='word_1_62' title='bbox 1542 1206 1624 1253; x_wconf 88' lang='lat' dir='ltr'><strong>est</strong></span> <span class='ocrx_word' id='word_1_63' title='bbox 1647 1214 1777 1268; x_wconf 84' lang='lat' dir='ltr'><strong>por-</strong></span> 
     </span>
    </p>
   </div>
   <div class='ocr_carea' id='block_1_13' title="bbox 172 1283 1779 1358">
    <p class='ocr_par' dir='ltr' id='par_1_13' title="bbox 172 1283 1779 1358">
     <span class='ocr_line' id='line_1_13' title="bbox 172 1283 1779 1358; baseline 0.008 -26"><span class='ocrx_word' id='word_1_64' title='bbox 172 1287 326 1343; x_wconf 85' lang='lat' dir='ltr'><strong>tare,</strong></span> <span class='ocrx_word' id='word_1_65' title='bbox 383 1297 545 1349; x_wconf 90' lang='lat' dir='ltr'><strong>quam</strong></span> <span class='ocrx_word' id='word_1_66' title='bbox 596 1283 868 1339; x_wconf 86' lang='lat' dir='ltr'><strong>hominem</strong></span> <span class='ocrx_word' id='word_1_67' title='bbox 896 1285 1315 1356; x_wconf 76' lang='lat' dir='ltr'><strong>imprudentem,</strong></span> <span class='ocrx_word' id='word_1_68' title='bbox 1363 1296 1419 1343; x_wconf 91' lang='lat' dir='ltr'><strong>et</strong></span> <span class='ocrx_word' id='word_1_69' title='bbox 1467 1290 1697 1358; x_wconf 92' lang='lat' dir='ltr'><strong>fatuum,</strong></span> <span class='ocrx_word' id='word_1_70' title='bbox 1723 1299 1779 1346; x_wconf 88' lang='lat' dir='ltr'><strong>et</strong></span> 
     </span>
    </p>
   </div>
   <div class='ocr_carea' id='block_1_14' title="bbox 171 1373 423 1442">
    <p class='ocr_par' dir='ltr' id='par_1_14' title="bbox 171 1373 423 1442">
     <span class='ocr_line' id='line_1_14' title="bbox 171 1373 423 1442; baseline 0.012 -16"><span class='ocrx_word' id='word_1_71' title='bbox 171 1373 423 1442; x_wconf 85' lang='lat' dir='ltr'><strong>impium.</strong></span> 
     </span>
    </p>
   </div>
   <div class='ocr_carea' id='block_1_15' title="bbox 243 1466 1775 1542">
    <p class='ocr_par' dir='ltr' id='par_1_15' title="bbox 243 1466 1775 1542">
     <span class='ocr_line' id='line_1_15' title="bbox 243 1466 1775 1542; baseline 0.008 -23"><span class='ocrx_word' id='word_1_72' title='bbox 243 1466 553 1522; x_wconf 83' lang='lat' dir='ltr'><strong>Praecordia</strong></span> <span class='ocrx_word' id='word_1_73' title='bbox 598 1469 752 1534; x_wconf 83' lang='lat' dir='ltr'><strong>fatui,</strong></span> <span class='ocrx_word' id='word_1_74' title='bbox 803 1473 959 1538; x_wconf 88' lang='lat' dir='ltr'><strong>quasi</strong></span> <span class='ocrx_word' id='word_1_75' title='bbox 987 1479 1107 1526; x_wconf 87' lang='lat' dir='ltr'><strong>rota</strong></span> <span class='ocrx_word' id='word_1_76' title='bbox 1139 1472 1312 1537; x_wconf 90' lang='lat' dir='ltr'><strong>carri;</strong></span> <span class='ocrx_word' id='word_1_77' title='bbox 1364 1482 1417 1527; x_wconf 80' lang='lat' dir='ltr'><strong>et</strong></span> <span class='ocrx_word' id='word_1_78' title='bbox 1455 1474 1611 1542; x_wconf 89' lang='lat' dir='ltr'><strong>quasi</strong></span> <span class='ocrx_word' id='word_1_79' title='bbox 1659 1475 1775 1531; x_wconf 81' lang='lat' dir='ltr'><strong>axis</strong></span> 
     </span>
    </p>
   </div>
   <div class='ocr_carea' id='block_1_16' title="bbox 168 1559 1539 1633">
    <p class='ocr_par' dir='ltr' id='par_1_16' title="bbox 168 1559 1539 1633">
     <span class='ocr_line' id='line_1_16' title="bbox 168 1559 1539 1633; baseline 0.004 -20"><span class='ocrx_word' id='word_1_80' title='bbox 168 1559 463 1629; x_wconf 76' lang='lat' dir='ltr'><strong>versatilis,</strong></span> <span class='ocrx_word' id='word_1_81' title='bbox 493 1561 574 1614; x_wconf 89' lang='lat' dir='ltr'><strong>sic</strong></span> <span class='ocrx_word' id='word_1_82' title='bbox 603 1562 859 1629; x_wconf 80' lang='lat' dir='ltr'><strong>cogitatio</strong></span> <span class='ocrx_word' id='word_1_83' title='bbox 882 1563 1030 1616; x_wconf 88' lang='lat' dir='ltr'><strong>stulti</strong></span> <span class='ocrx_word' id='word_1_84' title='bbox 1066 1563 1294 1633; x_wconf 80' lang='lat' dir='ltr'><strong>(Eccles.</strong></span> <span class='ocrx_word' id='word_1_85' title='bbox 1330 1567 1539 1633; x_wconf 70' lang='lat' dir='ltr'><strong>xum).</strong></span> 
     </span>
    </p>
   </div>
   <div class='ocr_carea' id='block_1_17' title="bbox 241 1651 1772 1724">
    <p class='ocr_par' dir='ltr' id='par_1_17' title="bbox 241 1651 1772 1724">
     <span class='ocr_line' id='line_1_17' title="bbox 241 1651 1772 1724; baseline 0.005 -20"><span class='ocrx_word' id='word_1_86' title='bbox 241 1651 437 1707; x_wconf 81' lang='lat' dir='ltr'><strong>Melior</strong></span> <span class='ocrx_word' id='word_1_87' title='bbox 473 1661 558 1708; x_wconf 89' lang='lat' dir='ltr'><strong>est</strong></span> <span class='ocrx_word' id='word_1_88' title='bbox 599 1654 764 1709; x_wconf 83' lang='lat' dir='ltr'><strong>homo</strong></span> <span class='ocrx_word' id='word_1_89' title='bbox 801 1655 892 1724; x_wconf 88' lang='lat' dir='ltr'><strong>qui</strong></span> <span class='ocrx_word' id='word_1_90' title='bbox 931 1657 1210 1710; x_wconf 81' lang='lat' dir='ltr'><strong>abscondit</strong></span> <span class='ocrx_word' id='word_1_91' title='bbox 1248 1658 1546 1711; x_wconf 88' lang='lat' dir='ltr'><strong>.stultitiam</strong></span> <span class='ocrx_word' id='word_1_92' title='bbox 1597 1673 1772 1724; x_wconf 89' lang='lat' dir='ltr'><strong>suam,</strong></span> 
     </span>
    </p>
   </div>
   <div class='ocr_carea' id='block_1_18' title="bbox 165 1747 1767 1820">
    <p class='ocr_par' dir='ltr' id='par_1_18' title="bbox 165 1747 1767 1820">
     <span class='ocr_line' id='line_1_18' title="bbox 165 1747 1767 1820; baseline 0.003 -21"><span class='ocrx_word' id='word_1_93' title='bbox 165 1762 333 1815; x_wconf 82' lang='lat' dir='ltr'><strong>quam</strong></span> <span class='ocrx_word' id='word_1_94' title='bbox 367 1748 460 1815; x_wconf 90' lang='lat' dir='ltr'><strong>qui</strong></span> <span class='ocrx_word' id='word_1_95' title='bbox 509 1747 797 1803; x_wconf 85' lang='lat' dir='ltr'><strong>abscondit</strong></span> <span class='ocrx_word' id='word_1_96' title='bbox 825 1750 1144 1818; x_wconf 87' lang='lat' dir='ltr'><strong>sapientiam</strong></span> <span class='ocrx_word' id='word_1_97' title='bbox 1183 1765 1336 1804; x_wconf 87' lang='lat' dir='ltr'><strong>suam</strong></span> <span class='ocrx_word' id='word_1_98' title='bbox 1370 1750 1599 1819; x_wconf 79' lang='lat' dir='ltr'><strong>(Eccles.</strong></span> <span class='ocrx_word' id='word_1_99' title='bbox 1634 1755 1767 1820; x_wconf 79' lang='lat' dir='ltr'><strong>xu).</strong></span> 
     </span>
    </p>
   </div>
   <div class='ocr_carea' id='block_1_19' title="bbox 234 1838 1767 1912">
    <p class='ocr_par' dir='ltr' id='par_1_19' title="bbox 234 1838 1767 1912">
     <span class='ocr_line' id='line_1_19' title="bbox 234 1838 1767 1912; baseline 0.003 -18"><span class='ocrx_word' id='word_1_100' title='bbox 234 1838 407 1894; x_wconf 81' lang='lat' dir='ltr'><strong>Labia</strong></span> <span class='ocrx_word' id='word_1_101' title='bbox 427 1840 795 1910; x_wconf 90' lang='lat' dir='ltr'><strong>insipientium</strong></span> <span class='ocrx_word' id='word_1_102' title='bbox 817 1842 1116 1896; x_wconf 89' lang='lat' dir='ltr'><strong>narrabuut</strong></span> <span class='ocrx_word' id='word_1_103' title='bbox 1132 1843 1414 1897; x_wconf 87' lang='lat' dir='ltr'><strong>stultitiam</strong></span> <span class='ocrx_word' id='word_1_104' title='bbox 1434 1841 1604 1912; x_wconf 70' lang='lat' dir='ltr'><strong>(Et-ct.</strong></span> <span class='ocrx_word' id='word_1_105' title='bbox 1626 1845 1767 1912; x_wconf 75' lang='lat' dir='ltr'><strong>ut).</strong></span> 
     </span>
    </p>
   </div>
   <div class='ocr_carea' id='block_1_20' title="bbox 1889 651 2944 718">
    <p class='ocr_par' dir='ltr' id='par_1_20' title="bbox 1889 651 2944 718">
     <span class='ocr_line' id='line_1_20' title="bbox 1889 651 2944 718; baseline 0.018 -18"><span class='ocrx_word' id='word_1_106' title='bbox 1889 662 1997 717; x_wconf 91' lang='lat' dir='ltr'><strong>quo</strong></span> <span class='ocrx_word' id='word_1_107' title='bbox 2027 651 2126 704; x_wconf 87' lang='lat' dir='ltr'><strong>sibi</strong></span> <span class='ocrx_word' id='word_1_108' title='bbox 2158 655 2382 708; x_wconf 87' lang='lat' dir='ltr'><strong>avaritia</strong></span> <span class='ocrx_word' id='word_1_109' title='bbox 2413 656 2538 712; x_wconf 90' lang='lat' dir='ltr'><strong>facit</strong></span> <span class='ocrx_word' id='word_1_110' title='bbox 2565 659 2944 718; x_wconf 79' lang='lat' dir='ltr'><strong>habitaculum.</strong></span> 
     </span>
    </p>
   </div>
   <div class='ocr_carea' id='block_1_21' title="bbox 1959 741 3181 834">
    <p class='ocr_par' dir='ltr' id='par_1_21' title="bbox 1959 741 3181 834">
     <span class='ocr_line' id='line_1_21' title="bbox 1959 741 3181 834; baseline 0.019 -37"><span class='ocrx_word' id='word_1_111' title='bbox 1959 741 2060 809; x_wconf 85' lang='lat' dir='ltr'><strong>Qui</strong></span> <span class='ocrx_word' id='word_1_112' title='bbox 2084 757 2264 801; x_wconf 85' lang='lat' dir='ltr'><strong>autem</strong></span> <span class='ocrx_word' id='word_1_113' title='bbox 2288 750 2401 804; x_wconf 88' lang='lat' dir='ltr'><strong>odit</strong></span> <span class='ocrx_word' id='word_1_114' title='bbox 2422 767 2663 819; x_wconf 88' lang='lat' dir='ltr'><strong>munera,</strong></span> <span class='ocrx_word' id='word_1_115' title='bbox 2693 757 2833 811; x_wconf 85' lang='lat' dir='ltr'><strong>vivet</strong></span> <span class='ocrx_word' id='word_1_116' title='bbox 2859 758 3077 825; x_wconf 73' lang='lat' dir='ltr'><strong>(Eccles.</strong></span> <span class='ocrx_word' id='word_1_117' title='bbox 3101 769 3181 834; x_wconf 89' lang='lat' dir='ltr'><strong>v).</strong></span> 
     </span>
    </p>
   </div>
   <div class='ocr_carea' id='block_1_22' title="bbox 1955 835 3470 922">
    <p class='ocr_par' dir='ltr' id='par_1_22' title="bbox 1955 835 3470 922">
     <span class='ocr_line' id='line_1_22' title="bbox 1955 835 3470 922; baseline 0.02 -33"><span class='ocrx_word' id='word_1_118' title='bbox 1955 835 2161 892; x_wconf 82' lang='lat' dir='ltr'><strong>Avarus</strong></span> <span class='ocrx_word' id='word_1_119' title='bbox 2210 856 2317 894; x_wconf 88' lang='lat' dir='ltr'><strong>non</strong></span> <span class='ocrx_word' id='word_1_120' title='bbox 2345 842 2598 912; x_wconf 88' lang='lat' dir='ltr'><strong>impletur</strong></span> <span class='ocrx_word' id='word_1_121' title='bbox 2633 849 2881 915; x_wconf 79' lang='lat' dir='ltr'><strong>pecunia,</strong></span> <span class='ocrx_word' id='word_1_122' title='bbox 2921 863 2976 904; x_wconf 89' lang='lat' dir='ltr'><strong>et</strong></span> <span class='ocrx_word' id='word_1_123' title='bbox 3012 858 3100 922; x_wconf 91' lang='lat' dir='ltr'><strong>qui</strong></span> <span class='ocrx_word' id='word_1_124' title='bbox 3155 867 3302 913; x_wconf 89' lang='lat' dir='ltr'><strong>amat</strong></span> <span class='ocrx_word' id='word_1_125' title='bbox 3328 861 3470 918; x_wconf 83' lang='lat' dir='ltr'><strong>divi-</strong></span> 
     </span>
    </p>
   </div>
   <div class='ocr_carea' id='block_1_23' title="bbox 1885 928 2814 1005">
    <p class='ocr_par' dir='ltr' id='par_1_23' title="bbox 1885 928 2814 1005">
     <span class='ocr_line' id='line_1_23' title="bbox 1885 928 2814 1005; baseline 0.014 -24"><span class='ocrx_word' id='word_1_126' title='bbox 1885 928 2006 995; x_wconf 87' lang='lat' dir='ltr'><strong>tias,</strong></span> <span class='ocrx_word' id='word_1_127' title='bbox 2043 929 2246 985; x_wconf 88' lang='lat' dir='ltr'><strong>fructus</strong></span> <span class='ocrx_word' id='word_1_128' title='bbox 2279 949 2385 988; x_wconf 88' lang='lat' dir='ltr'><strong>non</strong></span> <span class='ocrx_word' id='word_1_129' title='bbox 2415 939 2593 1005; x_wconf 82' lang='lat' dir='ltr'><strong>capiat</strong></span> <span class='ocrx_word' id='word_1_130' title='bbox 2622 953 2688 992; x_wconf 82' lang='lat' dir='ltr'><strong>ex</strong></span> <span class='ocrx_word' id='word_1_131' title='bbox 2718 939 2814 993; x_wconf 84' lang='lat' dir='ltr'><strong>eis.</strong></span> 
     </span>
    </p>
   </div>
   <div class='ocr_carea' id='block_1_24' title="bbox 1957 1019 3470 1113">
    <p class='ocr_par' dir='ltr' id='par_1_24' title="bbox 1957 1019 3470 1113">
     <span class='ocr_line' id='line_1_24' title="bbox 1957 1019 3470 1113; baseline 0.021 -43"><span class='ocrx_word' id='word_1_132' title='bbox 1957 1019 2132 1074; x_wconf 78' lang='lat' dir='ltr'><strong>Avaro</strong></span> <span class='ocrx_word' id='word_1_133' title='bbox 2156 1030 2335 1076; x_wconf 89' lang='lat' dir='ltr'><strong>autem</strong></span> <span class='ocrx_word' id='word_1_134' title='bbox 2360 1024 2488 1078; x_wconf 87' lang='lat' dir='ltr'><strong>nihil</strong></span> <span class='ocrx_word' id='word_1_135' title='bbox 2522 1037 2608 1080; x_wconf 88' lang='lat' dir='ltr'><strong>est</strong></span> <span class='ocrx_word' id='word_1_136' title='bbox 2635 1031 2935 1099; x_wconf 77' lang='lat' dir='ltr'><strong>scelestius,</strong></span> <span class='ocrx_word' id='word_1_137' title='bbox 2971 1035 3103 1090; x_wconf 83' lang='lat' dir='ltr'><strong>nihil</strong></span> <span class='ocrx_word' id='word_1_138' title='bbox 3133 1048 3215 1093; x_wconf 85' lang='lat' dir='ltr'><strong>est</strong></span> <span class='ocrx_word' id='word_1_139' title='bbox 3235 1040 3470 1113; x_wconf 63' lang='lat' dir='ltr'><strong>iniquius.</strong></span> 
     </span>
    </p>
   </div>
   <div class='ocr_carea' id='block_1_25' title="bbox 1882 1117 3474 1196">
    <p class='ocr_par' dir='ltr' id='par_1_25' title="bbox 1882 1117 3474 1196">
     <span class='ocr_line' id='line_1_25' title="bbox 1882 1117 3474 1196; baseline 0.021 -35"><span class='ocrx_word' id='word_1_140' title='bbox 1882 1122 2042 1178; x_wconf 86' lang='lat' dir='ltr'><strong>quam</strong></span> <span class='ocrx_word' id='word_1_141' title='bbox 2083 1127 2265 1168; x_wconf 81' lang='lat' dir='ltr'><strong>amare</strong></span> <span class='ocrx_word' id='word_1_142' title='bbox 2303 1117 2624 1185; x_wconf 84' lang='lat' dir='ltr'><strong>pecuniam:</strong></span> <span class='ocrx_word' id='word_1_143' title='bbox 2660 1121 2822 1178; x_wconf 85' lang='lat' dir='ltr'><strong>habet</strong></span> <span class='ocrx_word' id='word_1_144' title='bbox 2861 1127 3004 1182; x_wconf 90' lang='lat' dir='ltr'><strong>enim</strong></span> <span class='ocrx_word' id='word_1_145' title='bbox 3056 1132 3289 1188; x_wconf 81' lang='lat' dir='ltr'><strong>animum</strong></span> <span class='ocrx_word' id='word_1_146' title='bbox 3315 1151 3474 1196; x_wconf 79' lang='lat' dir='ltr'><strong>suain</strong></span> 
     </span>
    </p>
   </div>
   <div class='ocr_carea' id='block_1_26' title="bbox 1880 1204 2148 1258">
    <p class='ocr_par' dir='ltr' id='par_1_26' title="bbox 1880 1204 2148 1258">
     <span class='ocr_line' id='line_1_26' title="bbox 1880 1204 2148 1258; baseline 0.007 -1"><span class='ocrx_word' id='word_1_147' title='bbox 1880 1204 2148 1258; x_wconf 80' lang='lat' dir='ltr'><strong>venalem.</strong></span> 
     </span>
    </p>
   </div>
   <div class='ocr_carea' id='block_1_27' title="bbox 1951 1293 3470 1392">
    <p class='ocr_par' dir='ltr' id='par_1_27' title="bbox 1951 1293 3470 1392">
     <span class='ocr_line' id='line_1_27' title="bbox 1951 1293 3470 1392; baseline 0.018 -45"><span class='ocrx_word' id='word_1_148' title='bbox 1951 1293 2146 1351; x_wconf 85' lang='lat' dir='ltr'><strong>Multos</strong></span> <span class='ocrx_word' id='word_1_149' title='bbox 2171 1299 2347 1368; x_wconf 87' lang='lat' dir='ltr'><strong>perdit</strong></span> <span class='ocrx_word' id='word_1_150' title='bbox 2367 1315 2556 1357; x_wconf 87' lang='lat' dir='ltr'><strong>aurum</strong></span> <span class='ocrx_word' id='word_1_151' title='bbox 2581 1312 2743 1373; x_wconf 90' lang='lat' dir='ltr'><strong>atque</strong></span> <span class='ocrx_word' id='word_1_152' title='bbox 2764 1317 3042 1377; x_wconf 78' lang='lat' dir='ltr'><strong>argentum</strong></span> <span class='ocrx_word' id='word_1_153' title='bbox 3073 1312 3298 1383; x_wconf 82' lang='lat' dir='ltr'><strong>(Eccles.</strong></span> <span class='ocrx_word' id='word_1_154' title='bbox 3323 1319 3470 1392; x_wconf 88' lang='lat' dir='ltr'><strong>vm).</strong></span> 
     </span>
    </p>
   </div>
   <div class='ocr_carea' id='block_1_28' title="bbox 1950 1386 3470 1476">
    <p class='ocr_par' dir='ltr' id='par_1_28' title="bbox 1950 1386 3470 1476">
     <span class='ocr_line' id='line_1_28' title="bbox 1950 1386 3470 1476; baseline 0.018 -37"><span class='ocrx_word' id='word_1_155' title='bbox 1950 1386 2068 1441; x_wconf 83' lang='lat' dir='ltr'><strong>Non</strong></span> <span class='ocrx_word' id='word_1_156' title='bbox 2112 1390 2180 1443; x_wconf 88' lang='lat' dir='ltr'><strong>sit</strong></span> <span class='ocrx_word' id='word_1_157' title='bbox 2212 1403 2458 1461; x_wconf 89' lang='lat' dir='ltr'><strong>porrecta</strong></span> <span class='ocrx_word' id='word_1_158' title='bbox 2505 1411 2698 1452; x_wconf 86' lang='lat' dir='ltr'><strong>manus</strong></span> <span class='ocrx_word' id='word_1_159' title='bbox 2734 1408 2824 1454; x_wconf 90' lang='lat' dir='ltr'><strong>tua</strong></span> <span class='ocrx_word' id='word_1_160' title='bbox 2851 1401 2920 1456; x_wconf 91' lang='lat' dir='ltr'><strong>ad</strong></span> <span class='ocrx_word' id='word_1_161' title='bbox 2942 1404 3287 1476; x_wconf 84' lang='lat' dir='ltr'><strong>capiendum,</strong></span> <span class='ocrx_word' id='word_1_162' title='bbox 3319 1419 3373 1464; x_wconf 89' lang='lat' dir='ltr'><strong>et</strong></span> <span class='ocrx_word' id='word_1_163' title='bbox 3400 1386 3470 1467; x_wconf 79' lang='lat' dir='ltr'><strong>ad</strong></span> 
     </span>
    </p>
   </div>
   <div class='ocr_carea' id='block_1_29' title="bbox 1879 1479 2393 1541">
    <p class='ocr_par' dir='ltr' id='par_1_29' title="bbox 1879 1479 2393 1541">
     <span class='ocr_line' id='line_1_29' title="bbox 1879 1479 2393 1541; baseline 0.014 -7"><span class='ocrx_word' id='word_1_164' title='bbox 1879 1479 2112 1536; x_wconf 87' lang='lat' dir='ltr'><strong>dandum</strong></span> <span class='ocrx_word' id='word_1_165' title='bbox 2143 1485 2393 1541; x_wconf 88' lang='lat' dir='ltr'><strong>collecta.</strong></span> 
     </span>
    </p>
   </div>
   <div class='ocr_carea' id='block_1_30' title="bbox 2499 1575 2843 1620">
    <p class='ocr_par' dir='ltr' id='par_1_30' title="bbox 2499 1575 2843 1620">
     <span class='ocr_line' id='line_1_30' title="bbox 2499 1575 2843 1620; baseline 0.012 -6"><span class='ocrx_word' id='word_1_166' title='bbox 2499 1575 2843 1620; x_wconf 74' lang='lat' dir='ltr'><strong>AUGUSTINUS.</strong></span> 
     </span>
    </p>
   </div>
   <div class='ocr_carea' id='block_1_31' title="bbox 1946 1647 3469 1740">
    <p class='ocr_par' dir='ltr' id='par_1_31' title="bbox 1946 1647 3469 1740">
     <span class='ocr_line' id='line_1_31' title="bbox 1946 1647 3469 1740; baseline 0.017 -39"><span class='ocrx_word' id='word_1_167' title='bbox 1946 1647 2096 1702; x_wconf 89' lang='lat' dir='ltr'><strong>Sicut</strong></span> <span class='ocrx_word' id='word_1_168' title='bbox 2135 1651 2275 1704; x_wconf 89' lang='lat' dir='ltr'><strong>enim</strong></span> <span class='ocrx_word' id='word_1_169' title='bbox 2315 1653 2540 1708; x_wconf 89' lang='lat' dir='ltr'><strong>avaritia</strong></span> <span class='ocrx_word' id='word_1_170' title='bbox 2569 1656 2620 1709; x_wconf 91' lang='lat' dir='ltr'><strong>in</strong></span> <span class='ocrx_word' id='word_1_171' title='bbox 2652 1657 2921 1713; x_wconf 78' lang='lat' dir='ltr'><strong>infernum</strong></span> <span class='ocrx_word' id='word_1_172' title='bbox 2951 1662 3125 1732; x_wconf 86' lang='lat' dir='ltr'><strong>ponit,</strong></span> <span class='ocrx_word' id='word_1_173' title='bbox 3173 1665 3247 1722; x_wconf 86' lang='lat' dir='ltr'><strong>ita</strong></span> <span class='ocrx_word' id='word_1_174' title='bbox 3277 1665 3469 1740; x_wconf 74' lang='lat' dir='ltr'><strong>iugum</strong></span> 
     </span>
    </p>
   </div>
   <div class='ocr_carea' id='block_1_32' title="bbox 1875 1739 2925 1809">
    <p class='ocr_par' dir='ltr' id='par_1_32' title="bbox 1875 1739 2925 1809">
     <span class='ocr_line' id='line_1_32' title="bbox 1875 1739 2925 1809; baseline 0.011 -14"><span class='ocrx_word' id='word_1_175' title='bbox 1875 1739 2077 1798; x_wconf 86' lang='lat' dir='ltr'><strong>Christi</strong></span> <span class='ocrx_word' id='word_1_176' title='bbox 2099 1744 2152 1798; x_wconf 91' lang='lat' dir='ltr'><strong>in</strong></span> <span class='ocrx_word' id='word_1_177' title='bbox 2180 1744 2377 1801; x_wconf 69' lang='lat' dir='ltr'><strong>coelum</strong></span> <span class='ocrx_word' id='word_1_178' title='bbox 2407 1748 2588 1803; x_wconf 91' lang='lat' dir='ltr'><strong>levare</strong></span> <span class='ocrx_word' id='word_1_179' title='bbox 2625 1754 2925 1809; x_wconf 82' lang='lat' dir='ltr'><strong>consuevit.</strong></span> 
     </span>
    </p>
   </div>
   <div class='ocr_carea' id='block_1_33' title="bbox 2496 1859 2851 1902">
    <p class='ocr_par' dir='ltr' id='par_1_33' title="bbox 2496 1859 2851 1902">
     <span class='ocr_line' id='line_1_33' title="bbox 2496 1859 2851 1902; baseline 0.017 -6"><span class='ocrx_word' id='word_1_180' title='bbox 2496 1859 2851 1902; x_wconf 70' lang='lat' dir='ltr'><strong>HIERONYIUS.</strong></span> 
     </span>
    </p>
   </div>
   <div class='ocr_carea' id='block_1_34' title="bbox 235 1917 1762 2015">
    <p class='ocr_par' dir='ltr' id='par_1_34' title="bbox 235 1928 1762 2005">
     <span class='ocr_line' id='line_1_34' title="bbox 235 1928 1762 2005; baseline 0.006 -22"><span class='ocrx_word' id='word_1_181' title='bbox 235 1928 421 1990; x_wconf 70' lang='lat' dir='ltr'><strong>Verba</strong></span> <span class='ocrx_word' id='word_1_182' title='bbox 464 1941 649 1986; x_wconf 88' lang='lat' dir='ltr'><strong>autem</strong></span> <span class='ocrx_word' id='word_1_183' title='bbox 694 1933 1038 2002; x_wconf 85' lang='lat' dir='ltr'><strong>prudentium</strong></span> <span class='ocrx_word' id='word_1_184' title='bbox 1080 1943 1282 1990; x_wconf 85' lang='lat' dir='ltr'><strong>statera</strong></span> <span class='ocrx_word' id='word_1_185' title='bbox 1322 1935 1762 2005; x_wconf 88' lang='lat' dir='ltr'><strong>ponderabuntur</strong></span> 
     </span>
    </p>
   </div>
   <div class='ocr_carea' id='block_1_35' title="bbox 1847 1917 3468 2015">
    <p class='ocr_par' dir='ltr' id='par_1_35' title="bbox 1943 1927 3468 2015">
     <span class='ocr_line' id='line_1_35' title="bbox 1943 1927 3468 2015; baseline 0.016 -34"><span class='ocrx_word' id='word_1_186' title='bbox 1943 1927 2122 1984; x_wconf 86' lang='lat' dir='ltr'><strong>Avaro</strong></span> <span class='ocrx_word' id='word_1_187' title='bbox 2175 1937 2286 1984; x_wconf 90' lang='lat' dir='ltr'><strong>tam</strong></span> <span class='ocrx_word' id='word_1_188' title='bbox 2313 1931 2464 1988; x_wconf 89' lang='lat' dir='ltr'><strong>deest</strong></span> <span class='ocrx_word' id='word_1_189' title='bbox 2513 1935 2656 2004; x_wconf 93' lang='lat' dir='ltr'><strong>quod</strong></span> <span class='ocrx_word' id='word_1_190' title='bbox 2712 1937 2893 2007; x_wconf 90' lang='lat' dir='ltr'><strong>habet,</strong></span> <span class='ocrx_word' id='word_1_191' title='bbox 2948 1955 3109 2010; x_wconf 90' lang='lat' dir='ltr'><strong>quam</strong></span> <span class='ocrx_word' id='word_1_192' title='bbox 3156 1947 3303 2015; x_wconf 91' lang='lat' dir='ltr'><strong>quod</strong></span> <span class='ocrx_word' id='word_1_193' title='bbox 3357 1965 3468 2006; x_wconf 89' lang='lat' dir='ltr'><strong>non</strong></span> 
     </span>
    </p>
   </div>
   <div class='ocr_carea' id='block_1_36' title="bbox 164 2020 385 2090">
    <p class='ocr_par' dir='ltr' id='par_1_36' title="bbox 164 2020 385 2090">
     <span class='ocr_line' id='line_1_36' title="bbox 164 2020 385 2090; baseline 0.009 -18"><span class='ocrx_word' id='word_1_194' title='bbox 164 2020 385 2090; x_wconf 81' lang='lat' dir='ltr'><strong>(ibid.).</strong></span> 
     </span>
    </p>
   </div>
   <div class='ocr_carea' id='block_1_37' title="bbox 234 2112 1768 2192">
    <p class='ocr_par' dir='ltr' id='par_1_37' title="bbox 234 2112 1768 2192">
     <span class='ocr_line' id='line_1_37' title="bbox 234 2112 1768 2192; baseline 0.008 -28"><span class='ocrx_word' id='word_1_195' title='bbox 234 2112 354 2165; x_wconf 61' lang='lat' dir='ltr'><strong>Non</strong></span> <span class='ocrx_word' id='word_1_196' title='bbox 388 2113 764 2168; x_wconf 86' lang='lat' dir='ltr'><strong>communices</strong></span> <span class='ocrx_word' id='word_1_197' title='bbox 785 2116 986 2170; x_wconf 91' lang='lat' dir='ltr'><strong>homini</strong></span> <span class='ocrx_word' id='word_1_198' title='bbox 1018 2117 1260 2187; x_wconf 89' lang='lat' dir='ltr'><strong>indocto,</strong></span> <span class='ocrx_word' id='word_1_199' title='bbox 1292 2134 1361 2175; x_wconf 90' lang='lat' dir='ltr'><strong>ne</strong></span> <span class='ocrx_word' id='word_1_200' title='bbox 1391 2121 1534 2174; x_wconf 88' lang='lat' dir='ltr'><strong>male</strong></span> <span class='ocrx_word' id='word_1_201' title='bbox 1556 2120 1623 2176; x_wconf 91' lang='lat' dir='ltr'><strong>de</strong></span> <span class='ocrx_word' id='word_1_202' title='bbox 1649 2137 1768 2192; x_wconf 83' lang='lat' dir='ltr'><strong>pro-</strong></span> 
     </span>
    </p>
   </div>
   <div class='ocr_carea' id='block_1_38' title="bbox 160 2203 1132 2279">
    <p class='ocr_par' dir='ltr' id='par_1_38' title="bbox 160 2203 1132 2279">
     <span class='ocr_line' id='line_1_38' title="bbox 160 2203 1132 2279; baseline 0.009 -25"><span class='ocrx_word' id='word_1_203' title='bbox 160 2203 320 2270; x_wconf 64' lang='lat' dir='ltr'><strong>genie</strong></span> <span class='ocrx_word' id='word_1_204' title='bbox 343 2211 438 2256; x_wconf 90' lang='lat' dir='ltr'><strong>tua</strong></span> <span class='ocrx_word' id='word_1_205' title='bbox 463 2204 718 2272; x_wconf 89' lang='lat' dir='ltr'><strong>loquatur</strong></span> <span class='ocrx_word' id='word_1_206' title='bbox 743 2205 967 2275; x_wconf 78' lang='lat' dir='ltr'><strong>(Eccles.</strong></span> <span class='ocrx_word' id='word_1_207' title='bbox 1000 2209 1132 2279; x_wconf 83' lang='lat' dir='ltr'><strong>vin).</strong></span> 
     </span>
    </p>
   </div>
   <div class='ocr_carea' id='block_1_39' title="bbox 801 2313 1153 2355">
    <p class='ocr_par' dir='ltr' id='par_1_39' title="bbox 801 2313 1153 2355">
     <span class='ocr_line' id='line_1_39' title="bbox 801 2313 1153 2355; baseline 0.011 -4"><span class='ocrx_word' id='word_1_208' title='bbox 801 2313 1153 2355; x_wconf 67' lang='lat' dir='ltr'><strong>HIEBONYMUS.</strong></span> 
     </span>
    </p>
   </div>
   <div class='ocr_carea' id='block_1_40' title="bbox 225 2383 1764 2467">
    <p class='ocr_par' dir='ltr' id='par_1_40' title="bbox 225 2383 1764 2467">
     <span class='ocr_line' id='line_1_40' title="bbox 225 2383 1764 2467; baseline 0.009 -29"><span class='ocrx_word' id='word_1_209' title='bbox 225 2383 645 2454; x_wconf 87' lang='lat' dir='ltr'><strong>Stultiloquium</strong></span> <span class='ocrx_word' id='word_1_210' title='bbox 720 2389 863 2442; x_wconf 88' lang='lat' dir='ltr'><strong>enim</strong></span> <span class='ocrx_word' id='word_1_211' title='bbox 915 2399 971 2445; x_wconf 91' lang='lat' dir='ltr'><strong>et</strong></span> <span class='ocrx_word' id='word_1_212' title='bbox 1022 2391 1321 2448; x_wconf 84' lang='lat' dir='ltr'><strong>scurrilitas</strong></span> <span class='ocrx_word' id='word_1_213' title='bbox 1373 2394 1460 2449; x_wconf 94' lang='lat' dir='ltr'><strong>vel</strong></span> <span class='ocrx_word' id='word_1_214' title='bbox 1516 2411 1764 2467; x_wconf 84' lang='lat' dir='ltr'><strong>seyrrum</strong></span> 
     </span>
    </p>
   </div>
   <div class='ocr_carea' id='block_1_41' title="bbox 159 2483 918 2541">
    <p class='ocr_par' dir='ltr' id='par_1_41' title="bbox 159 2483 918 2541">
     <span class='ocr_line' id='line_1_41' title="bbox 159 2483 918 2541; baseline 0.004 -3"><span class='ocrx_word' id='word_1_215' title='bbox 159 2498 269 2538; x_wconf 89' lang='lat' dir='ltr'><strong>non</strong></span> <span class='ocrx_word' id='word_1_216' title='bbox 303 2483 503 2538; x_wconf 87' lang='lat' dir='ltr'><strong>decent</strong></span> <span class='ocrx_word' id='word_1_217' title='bbox 525 2483 918 2541; x_wconf 80' lang='lat' dir='ltr'><strong>Christianum.</strong></span> 
     </span>
    </p>
   </div>
   <div class='ocr_carea' id='block_1_42' title="bbox 230 2575 1738 2650">
    <p class='ocr_par' dir='ltr' id='par_1_42' title="bbox 230 2575 1738 2650">
     <span class='ocr_line' id='line_1_42' title="bbox 230 2575 1738 2650; baseline 0.007 -22"><span class='ocrx_word' id='word_1_218' title='bbox 230 2575 402 2630; x_wconf 83' lang='lat' dir='ltr'><strong>Decet</strong></span> <span class='ocrx_word' id='word_1_219' title='bbox 449 2587 630 2630; x_wconf 90' lang='lat' dir='ltr'><strong>autem</strong></span> <span class='ocrx_word' id='word_1_220' title='bbox 673 2592 983 2634; x_wconf 85' lang='lat' dir='ltr'><strong>sermonem</strong></span> <span class='ocrx_word' id='word_1_221' title='bbox 1014 2581 1133 2650; x_wconf 88' lang='lat' dir='ltr'><strong>ejus</strong></span> <span class='ocrx_word' id='word_1_222' title='bbox 1168 2583 1283 2639; x_wconf 89' lang='lat' dir='ltr'><strong>sale</strong></span> <span class='ocrx_word' id='word_1_223' title='bbox 1315 2599 1433 2640; x_wconf 83' lang='lat' dir='ltr'><strong>esse</strong></span> <span class='ocrx_word' id='word_1_224' title='bbox 1461 2584 1738 2640; x_wconf 88' lang='lat' dir='ltr'><strong>conditum</strong></span> 
     </span>
    </p>
   </div>
   <div class='ocr_carea' id='block_1_43' title="bbox 155 2668 1202 2737">
    <p class='ocr_par' dir='ltr' id='par_1_43' title="bbox 155 2668 1202 2737">
     <span class='ocr_line' id='line_1_43' title="bbox 155 2668 1202 2737; baseline 0.008 -16"><span class='ocrx_word' id='word_1_225' title='bbox 155 2677 215 2722; x_wconf 87' lang='lat' dir='ltr'><strong>ut</strong></span> <span class='ocrx_word' id='word_1_226' title='bbox 236 2668 470 2736; x_wconf 78' lang='lat' dir='ltr'><strong>gratiam</strong></span> <span class='ocrx_word' id='word_1_227' title='bbox 503 2669 645 2737; x_wconf 84' lang='lat' dir='ltr'><strong>apud</strong></span> <span class='ocrx_word' id='word_1_228' title='bbox 675 2670 956 2725; x_wconf 81' lang='lat' dir='ltr'><strong>au-.ientcs</strong></span> <span class='ocrx_word' id='word_1_229' title='bbox 986 2672 1202 2730; x_wconf 87' lang='lat' dir='ltr'><strong>habeat.</strong></span> 
     </span>
    </p>
   </div>
   <div class='ocr_carea' id='block_1_44' title="bbox 228 2760 1762 2835">
    <p class='ocr_par' dir='ltr' id='par_1_44' title="bbox 228 2760 1762 2835">
     <span class='ocr_line' id='line_1_44' title="bbox 228 2760 1762 2835; baseline 0.007 -22"><span class='ocrx_word' id='word_1_230' title='bbox 228 2760 504 2828; x_wconf 84' lang='lat' dir='ltr'><strong>Quidquid</strong></span> <span class='ocrx_word' id='word_1_231' title='bbox 539 2762 683 2815; x_wconf 88' lang='lat' dir='ltr'><strong>enim</strong></span> <span class='ocrx_word' id='word_1_232' title='bbox 717 2778 903 2818; x_wconf 85' lang='lat' dir='ltr'><strong>amens</strong></span> <span class='ocrx_word' id='word_1_233' title='bbox 933 2766 1188 2835; x_wconf 90' lang='lat' dir='ltr'><strong>loquitur,</strong></span> <span class='ocrx_word' id='word_1_234' title='bbox 1219 2767 1535 2824; x_wconf 78' lang='lat' dir='ltr'><strong>vociferatio</strong></span> <span class='ocrx_word' id='word_1_235' title='bbox 1569 2778 1620 2824; x_wconf 93' lang='lat' dir='ltr'><strong>et</strong></span> <span class='ocrx_word' id='word_1_236' title='bbox 1651 2769 1762 2824; x_wconf 80' lang='lat' dir='ltr'><strong>cla-</strong></span> 
     </span>
    </p>
   </div>
   <div class='ocr_carea' id='block_1_45' title="bbox 156 2853 832 2922">
    <p class='ocr_par' dir='ltr' id='par_1_45' title="bbox 156 2853 832 2922">
     <span class='ocr_line' id='line_1_45' title="bbox 156 2853 832 2922; baseline 0.001 -15"><span class='ocrx_word' id='word_1_237' title='bbox 156 2868 280 2908; x_wconf 89' lang='lat' dir='ltr'><strong>mor</strong></span> <span class='ocrx_word' id='word_1_238' title='bbox 307 2861 394 2908; x_wconf 89' lang='lat' dir='ltr'><strong>est</strong></span> <span class='ocrx_word' id='word_1_239' title='bbox 423 2853 832 2922; x_wconf 85' lang='lat' dir='ltr'><strong>appellandum.</strong></span> 
     </span>
    </p>
   </div>
   <div class='ocr_carea' id='block_1_46' title="bbox 833 2962 1098 3005">
    <p class='ocr_par' dir='ltr' id='par_1_46' title="bbox 833 2962 1098 3005">
     <span class='ocr_line' id='line_1_46' title="bbox 833 2962 1098 3005; baseline 0.004 -3"><span class='ocrx_word' id='word_1_240' title='bbox 833 2962 1098 3005; x_wconf 74' lang='lat' dir='ltr'><strong>ﬂlLAI‘JUS.</strong></span> 
     </span>
    </p>
   </div>
   <div class='ocr_carea' id='block_1_47' title="bbox 228 3036 1761 3116">
    <p class='ocr_par' dir='ltr' id='par_1_47' title="bbox 228 3036 1761 3116">
     <span class='ocr_line' id='line_1_47' title="bbox 228 3036 1761 3116; baseline 0.007 -24"><span class='ocrx_word' id='word_1_241' title='bbox 228 3037 442 3092; x_wconf 85' lang='lat' dir='ltr'><strong>Stultus</strong></span> <span class='ocrx_word' id='word_1_242' title='bbox 457 3038 612 3105; x_wconf 79' lang='lat' dir='ltr'><strong>juxta</strong></span> <span class='ocrx_word' id='word_1_243' title='bbox 649 3036 988 3099; x_wconf 80' lang='lat' dir='ltr'><strong>infirmitates</strong></span> <span class='ocrx_word' id='word_1_244' title='bbox 1014 3058 1141 3098; x_wconf 87' lang='lat' dir='ltr'><strong>suas</strong></span> <span class='ocrx_word' id='word_1_245' title='bbox 1168 3046 1352 3115; x_wconf 88' lang='lat' dir='ltr'><strong>sentit,</strong></span> <span class='ocrx_word' id='word_1_246' title='bbox 1399 3055 1455 3102; x_wconf 92' lang='lat' dir='ltr'><strong>et</strong></span> <span class='ocrx_word' id='word_1_247' title='bbox 1477 3046 1632 3116; x_wconf 81' lang='lat' dir='ltr'><strong>juxta</strong></span> <span class='ocrx_word' id='word_1_248' title='bbox 1656 3048 1761 3102; x_wconf 73' lang='lat' dir='ltr'><strong>im-</strong></span> 
     </span>
    </p>
   </div>
   <div class='ocr_carea' id='block_1_48' title="bbox 155 3131 1111 3213">
    <p class='ocr_par' dir='ltr' id='par_1_48' title="bbox 155 3131 1111 3213">
     <span class='ocr_line' id='line_1_48' title="bbox 155 3131 1111 3213; baseline 0.003 -24"><span class='ocrx_word' id='word_1_249' title='bbox 155 3131 516 3189; x_wconf 87' lang='lat' dir='ltr'><strong>hecillitatem</strong></span> <span class='ocrx_word' id='word_1_250' title='bbox 544 3139 755 3187; x_wconf 64' lang='lat' dir='ltr'><strong>natura:</strong></span> <span class='ocrx_word' id='word_1_251' title='bbox 783 3149 893 3188; x_wconf 76' lang='lat' dir='ltr'><strong>sua:</strong></span> <span class='ocrx_word' id='word_1_252' title='bbox 925 3137 1111 3213; x_wconf 75' lang='lat' dir='ltr'><strong>sentit.</strong></span> 
     </span>
    </p>
   </div>
   <div class='ocr_carea' id='block_1_49' title="bbox 801 3242 1111 3283">
    <p class='ocr_par' dir='ltr' id='par_1_49' title="bbox 801 3242 1111 3283">
     <span class='ocr_line' id='line_1_49' title="bbox 801 3242 1111 3283; baseline 0 -1"><span class='ocrx_word' id='word_1_253' title='bbox 801 3242 1051 3283; x_wconf 60' lang='lat' dir='ltr'><strong>Gal-L60th</strong></span> <span class='ocrx_word' id='word_1_254' title='bbox 1067 3244 1111 3283; x_wconf 80' lang='lat'><strong>5.</strong></span> 
     </span>
    </p>
   </div>
   <div class='ocr_carea' id='block_1_50' title="bbox 225 3310 1832 3397">
    <p class='ocr_par' dir='ltr' id='par_1_50' title="bbox 225 3310 1832 3397">
     <span class='ocr_line' id='line_1_50' title="bbox 225 3310 1832 3397; baseline 0.006 -23"><span class='ocrx_word' id='word_1_255' title='bbox 225 3320 382 3374; x_wconf 82' lang='lat' dir='ltr'><strong>Sicut</strong></span> <span class='ocrx_word' id='word_1_256' title='bbox 427 3334 528 3374; x_wconf 89' lang='lat' dir='ltr'><strong>nec</strong></span> <span class='ocrx_word' id='word_1_257' title='bbox 564 3319 710 3374; x_wconf 89' lang='lat' dir='ltr'><strong>auris</strong></span> <span class='ocrx_word' id='word_1_258' title='bbox 739 3321 924 3388; x_wconf 86' lang='lat' dir='ltr'><strong>&#39;escas,</strong></span> <span class='ocrx_word' id='word_1_259' title='bbox 957 3339 1056 3377; x_wconf 86' lang='lat' dir='ltr'><strong>nec</strong></span> <span class='ocrx_word' id='word_1_260' title='bbox 1086 3331 1272 3392; x_wconf 82' lang='lat' dir='ltr'><strong>guttur</strong></span> <span class='ocrx_word' id='word_1_261' title='bbox 1295 3325 1460 3381; x_wconf 90' lang='lat' dir='ltr'><strong>verba</strong></span> <span class='ocrx_word' id='word_1_262' title='bbox 1492 3330 1752 3397; x_wconf 81' lang='lat' dir='ltr'><strong>agnoscit,</strong></span> <span class='ocrx_word' id='word_1_263' title='bbox 1783 3310 1832 3374; x_wconf 72' lang='grc' dir='ltr'>ο</span> 
     </span>
    </p>
   </div>
   <div class='ocr_carea' id='block_1_51' title="bbox 157 3410 1752 3487">
    <p class='ocr_par' dir='ltr' id='par_1_51' title="bbox 157 3410 1752 3487">
     <span class='ocr_line' id='line_1_51' title="bbox 157 3410 1752 3487; baseline 0.008 -23"><span class='ocrx_word' id='word_1_264' title='bbox 157 3410 228 3465; x_wconf 91' lang='lat' dir='ltr'><strong>ita</strong></span> <span class='ocrx_word' id='word_1_265' title='bbox 279 3426 382 3465; x_wconf 84' lang='lat' dir='ltr'><strong>nec</strong></span> <span class='ocrx_word' id='word_1_266' title='bbox 425 3411 626 3467; x_wconf 89' lang='lat' dir='ltr'><strong>stultus</strong></span> <span class='ocrx_word' id='word_1_267' title='bbox 655 3413 886 3481; x_wconf 85' lang='lat' dir='ltr'><strong>quisque</strong></span> <span class='ocrx_word' id='word_1_268' title='bbox 911 3416 1234 3470; x_wconf 84' lang='lat' dir='ltr'><strong>sententiam</strong></span> <span class='ocrx_word' id='word_1_269' title='bbox 1263 3418 1542 3487; x_wconf 68' lang='lat' dir='ltr'><strong>sapientiae</strong></span> <span class='ocrx_word' id='word_1_270' title='bbox 1589 3421 1752 3477; x_wconf 88' lang='lat' dir='ltr'><strong>intel-</strong></span> 
     </span>
    </p>
   </div>
   <div class='ocr_carea' id='block_1_52' title="bbox 155 3505 291 3576">
    <p class='ocr_par' dir='ltr' id='par_1_52' title="bbox 155 3505 291 3576">
     <span class='ocr_line' id='line_1_52' title="bbox 155 3505 291 3576; baseline 0.007 -16"><span class='ocrx_word' id='word_1_271' title='bbox 155 3505 291 3576; x_wconf 77' lang='lat' dir='ltr'><strong>ligit.</strong></span> 
     </span>
    </p>
   </div>
   <div class='ocr_carea' id='block_1_53' title="bbox 224 3599 1752 3673">
    <p class='ocr_par' dir='ltr' id='par_1_53' title="bbox 224 3599 1752 3673">
     <span class='ocr_line' id='line_1_53' title="bbox 224 3599 1752 3673; baseline 0.008 -20"><span class='ocrx_word' id='word_1_272' title='bbox 224 3599 460 3655; x_wconf 82' lang='lat' dir='ltr'><strong>Fatuum</strong></span> <span class='ocrx_word' id='word_1_273' title='bbox 520 3617 646 3658; x_wconf 92' lang='lat' dir='ltr'><strong>cum</strong></span> <span class='ocrx_word' id='word_1_274' title='bbox 693 3601 1029 3672; x_wconf 88' lang='lat' dir='ltr'><strong>sapientibus</strong></span> <span class='ocrx_word' id='word_1_275' title='bbox 1085 3603 1138 3657; x_wconf 90' lang='lat' dir='ltr'><strong>iu</strong></span> <span class='ocrx_word' id='word_1_276' title='bbox 1200 3603 1584 3673; x_wconf 70' lang='lat' dir='ltr'><strong>prazdicatione</strong></span> <span class='ocrx_word' id='word_1_277' title='bbox 1642 3624 1752 3664; x_wconf 91' lang='lat' dir='ltr'><strong>non</strong></span> 
     </span>
    </p>
   </div>
   <div class='ocr_carea' id='block_1_54' title="bbox 154 3694 1751 3771">
    <p class='ocr_par' dir='ltr' id='par_1_54' title="bbox 154 3694 1751 3771">
     <span class='ocr_line' id='line_1_54' title="bbox 154 3694 1751 3771; baseline 0.008 -24"><span class='ocrx_word' id='word_1_278' title='bbox 154 3694 420 3762; x_wconf 79' lang='lat' dir='ltr'><strong>suscipies</strong></span> <span class='ocrx_word' id='word_1_279' title='bbox 444 3739 456 3758; x_wconf 94' lang='lat'><strong>,</strong></span> <span class='ocrx_word' id='word_1_280' title='bbox 515 3711 618 3750; x_wconf 89' lang='lat' dir='ltr'><strong>nec</strong></span> <span class='ocrx_word' id='word_1_281' title='bbox 650 3711 744 3764; x_wconf 86' lang='lat' dir='ltr'><strong>per</strong></span> <span class='ocrx_word' id='word_1_282' title='bbox 773 3711 897 3751; x_wconf 91' lang='lat' dir='ltr'><strong>eum</strong></span> <span class='ocrx_word' id='word_1_283' title='bbox 929 3697 1019 3764; x_wconf 93' lang='lat' dir='ltr'><strong>qui</strong></span> <span class='ocrx_word' id='word_1_284' title='bbox 1063 3696 1288 3768; x_wconf 88' lang='lat' dir='ltr'><strong>implere</strong></span> <span class='ocrx_word' id='word_1_285' title='bbox 1329 3714 1437 3755; x_wconf 92' lang='lat' dir='ltr'><strong>non</strong></span> <span class='ocrx_word' id='word_1_286' title='bbox 1467 3701 1630 3771; x_wconf 88' lang='lat' dir='ltr'><strong>valet,</strong></span> <span class='ocrx_word' id='word_1_287' title='bbox 1674 3705 1751 3760; x_wconf 91' lang='lat' dir='ltr'><strong>illi</strong></span> 
     </span>
    </p>
   </div>
   <div class='ocr_carea' id='block_1_55' title="bbox 154 3786 811 3858">
    <p class='ocr_par' dir='ltr' id='par_1_55' title="bbox 154 3786 811 3858">
     <span class='ocr_line' id='line_1_55' title="bbox 154 3786 811 3858; baseline 0.003 -18"><span class='ocrx_word' id='word_1_288' title='bbox 154 3786 242 3855; x_wconf 90' lang='lat' dir='ltr'><strong>qui</strong></span> <span class='ocrx_word' id='word_1_289' title='bbox 272 3788 534 3858; x_wconf 66' lang='lat' dir='ltr'><strong>praevalet</strong></span> <span class='ocrx_word' id='word_1_290' title='bbox 559 3788 811 3844; x_wconf 88' lang='lat' dir='ltr'><strong>obsistas.</strong></span> 
     </span>
    </p>
   </div>
   <div class='ocr_carea' id='block_1_56' title="bbox 815 3895 1073 3938">
    <p class='ocr_par' dir='ltr' id='par_1_56' title="bbox 815 3895 1073 3938">
     <span class='ocr_line' id='line_1_56' title="bbox 815 3895 1073 3938; baseline 0.016 -4"><span class='ocrx_word' id='word_1_291' title='bbox 815 3895 1073 3938; x_wconf 65' lang='lat' dir='ltr'><strong>lSlDOﬂl’S.</strong></span> 
     </span>
    </p>
   </div>
   <div class='ocr_carea' id='block_1_57' title="bbox 218 3972 1745 4047">
    <p class='ocr_par' dir='ltr' id='par_1_57' title="bbox 218 3972 1745 4047">
     <span class='ocr_line' id='line_1_57' title="bbox 218 3972 1745 4047; baseline 0.004 -19"><span class='ocrx_word' id='word_1_292' title='bbox 218 3972 360 4029; x_wconf 78' lang='lat' dir='ltr'><strong>Nihil</strong></span> <span class='ocrx_word' id='word_1_293' title='bbox 418 3972 653 4029; x_wconf 87' lang='lat' dir='ltr'><strong>stultitia</strong></span> <span class='ocrx_word' id='word_1_294' title='bbox 701 3973 890 4045; x_wconf 84' lang='lat' dir='ltr'><strong>pejus,</strong></span> <span class='ocrx_word' id='word_1_295' title='bbox 948 3975 1078 4030; x_wconf 88' lang='lat' dir='ltr'><strong>nihil</strong></span> <span class='ocrx_word' id='word_1_296' title='bbox 1129 3974 1438 4046; x_wconf 87' lang='lat' dir='ltr'><strong>insipientia</strong></span> <span class='ocrx_word' id='word_1_297' title='bbox 1484 3976 1745 4047; x_wconf 84' lang='lat' dir='ltr'><strong>deterius,</strong></span> 
     </span>
    </p>
   </div>
   <div class='ocr_carea' id='block_1_58' title="bbox 147 4065 794 4134">
    <p class='ocr_par' dir='ltr' id='par_1_58' title="bbox 147 4065 794 4134">
     <span class='ocr_line' id='line_1_58' title="bbox 147 4065 794 4134; baseline 0 -16"><span class='ocrx_word' id='word_1_298' title='bbox 147 4065 277 4119; x_wconf 86' lang='lat' dir='ltr'><strong>nihil</strong></span> <span class='ocrx_word' id='word_1_299' title='bbox 316 4065 539 4133; x_wconf 86' lang='lat' dir='ltr'><strong>ignavia</strong></span> <span class='ocrx_word' id='word_1_300' title='bbox 567 4067 794 4134; x_wconf 86' lang='lat' dir='ltr'><strong>turpius.</strong></span> 
     </span>
    </p>
   </div>
   <div class='ocr_carea' id='block_1_59' title="bbox 214 4158 1144 4228">
    <p class='ocr_par' dir='ltr' id='par_1_59' title="bbox 214 4158 1144 4228">
     <span class='ocr_line' id='line_1_59' title="bbox 214 4158 1144 4228; baseline 0.004 -16"><span class='ocrx_word' id='word_1_301' title='bbox 214 4159 532 4228; x_wconf 86' lang='lat' dir='ltr'><strong>Ignorantia</strong></span> <span class='ocrx_word' id='word_1_302' title='bbox 557 4158 809 4214; x_wconf 87' lang='lat' dir='ltr'><strong>vitiorum</strong></span> <span class='ocrx_word' id='word_1_303' title='bbox 829 4161 1014 4216; x_wconf 79' lang='lat' dir='ltr'><strong>nutrix</strong></span> <span class='ocrx_word' id='word_1_304' title='bbox 1042 4170 1144 4218; x_wconf 88' lang='lat' dir='ltr'><strong>est.</strong></span> 
     </span>
    </p>
   </div>
   <div class='ocr_carea' id='block_1_60' title="bbox 213 4252 1741 4328">
    <p class='ocr_par' dir='ltr' id='par_1_60' title="bbox 213 4252 1741 4328">
     <span class='ocr_line' id='line_1_60' title="bbox 213 4252 1741 4328; baseline 0.006 -22"><span class='ocrx_word' id='word_1_305' title='bbox 213 4252 524 4321; x_wconf 83' lang='lat' dir='ltr'><strong>ignorantia</strong></span> <span class='ocrx_word' id='word_1_306' title='bbox 552 4254 720 4321; x_wconf 88' lang='lat' dir='ltr'><strong>enim,</strong></span> <span class='ocrx_word' id='word_1_307' title='bbox 744 4254 874 4324; x_wconf 81' lang='lat' dir='ltr'><strong>quid</strong></span> <span class='ocrx_word' id='word_1_308' title='bbox 899 4256 969 4311; x_wconf 91' lang='lat' dir='ltr'><strong>sit</strong></span> <span class='ocrx_word' id='word_1_309' title='bbox 989 4257 1144 4328; x_wconf 89' lang='lat' dir='ltr'><strong>culpa</strong></span> <span class='ocrx_word' id='word_1_310' title='bbox 1171 4257 1394 4328; x_wconf 88' lang='lat' dir='ltr'><strong>dignum</strong></span> <span class='ocrx_word' id='word_1_311' title='bbox 1425 4275 1534 4315; x_wconf 93' lang='lat' dir='ltr'><strong>non</strong></span> <span class='ocrx_word' id='word_1_312' title='bbox 1555 4259 1741 4315; x_wconf 86' lang='lat' dir='ltr'><strong>sentit.</strong></span> 
     </span>
    </p>
   </div>
   <div class='ocr_carea' id='block_1_61' title="bbox 210 4345 995 4417">
    <p class='ocr_par' dir='ltr' id='par_1_61' title="bbox 210 4345 995 4417">
     <span class='ocr_line' id='line_1_61' title="bbox 210 4345 995 4417; baseline 0.005 -17"><span class='ocrx_word' id='word_1_313' title='bbox 210 4345 479 4416; x_wconf 80' lang='lat' dir='ltr'><strong>[nsipiens</strong></span> <span class='ocrx_word' id='word_1_314' title='bbox 509 4346 756 4416; x_wconf 86' lang='lat' dir='ltr'><strong>quotidie</strong></span> <span class='ocrx_word' id='word_1_315' title='bbox 787 4357 995 4417; x_wconf 89' lang='lat' dir='ltr'><strong>peccat.</strong></span> 
     </span>
    </p>
   </div>
   <div class='ocr_carea' id='block_1_62' title="bbox 206 4437 1741 4513">
    <p class='ocr_par' dir='ltr' id='par_1_62' title="bbox 206 4437 1741 4513">
     <span class='ocr_line' id='line_1_62' title="bbox 206 4437 1741 4513; baseline 0.007 -22"><span class='ocrx_word' id='word_1_316' title='bbox 206 4437 468 4493; x_wconf 81' lang='lat' dir='ltr'><strong>indoctus</strong></span> <span class='ocrx_word' id='word_1_317' title='bbox 517 4438 663 4492; x_wconf 89' lang='lat' dir='ltr'><strong>enim</strong></span> <span class='ocrx_word' id='word_1_318' title='bbox 709 4438 867 4496; x_wconf 90' lang='lat' dir='ltr'><strong>lacile</strong></span> <span class='ocrx_word' id='word_1_319' title='bbox 906 4440 1194 4513; x_wconf 88' lang='lat' dir='ltr'><strong>decipitur,</strong></span> <span class='ocrx_word' id='word_1_320' title='bbox 1231 4445 1432 4502; x_wconf 84' lang='lat' dir='ltr'><strong>stultus</strong></span> <span class='ocrx_word' id='word_1_321' title='bbox 1459 4444 1515 4500; x_wconf 93' lang='lat' dir='ltr'><strong>in</strong></span> <span class='ocrx_word' id='word_1_322' title='bbox 1552 4445 1741 4501; x_wconf 86' lang='lat' dir='ltr'><strong>vitium</strong></span> 
     </span>
    </p>
   </div>
   <div class='ocr_carea' id='block_1_63' title="bbox 143 4531 582 4586">
    <p class='ocr_par' dir='ltr' id='par_1_63' title="bbox 143 4531 582 4586">
     <span class='ocr_line' id='line_1_63' title="bbox 143 4531 582 4586; baseline 0.005 -3"><span class='ocrx_word' id='word_1_323' title='bbox 143 4531 247 4586; x_wconf 86' lang='lat' dir='ltr'><strong>cito</strong></span> <span class='ocrx_word' id='word_1_324' title='bbox 277 4531 582 4586; x_wconf 87' lang='lat' dir='ltr'><strong>delabitur.</strong></span> 
     </span>
    </p>
   </div>
   <div class='ocr_carea' id='block_1_64' title="bbox 709 4670 1181 4731">
    <p class='ocr_par' dir='ltr' id='par_1_64' title="bbox 709 4670 1181 4731">
     <span class='ocr_line' id='line_1_64' title="bbox 709 4670 1181 4731; baseline 0.011 -5"><span class='ocrx_word' id='word_1_325' title='bbox 709 4670 974 4727; x_wconf 70' lang='lat' dir='ltr'><strong>CAPUT</strong></span> <span class='ocrx_word' id='word_1_326' title='bbox 1018 4673 1181 4731; x_wconf 79' lang='lat' dir='ltr'><strong>XXV.</strong></span> 
     </span>
    </p>
   </div>
   <div class='ocr_carea' id='block_1_65' title="bbox 765 4787 1110 4845">
    <p class='ocr_par' dir='ltr' id='par_1_65' title="bbox 765 4787 1110 4845">
     <span class='ocr_line' id='line_1_65' title="bbox 765 4787 1110 4845; baseline 0.014 -5"><span class='ocrx_word' id='word_1_327' title='bbox 765 4787 844 4843; x_wconf 89' lang='lat' dir='ltr'><strong>De</strong></span> <span class='ocrx_word' id='word_1_328' title='bbox 873 4793 1110 4845; x_wconf 79' lang='lat' dir='ltr'><strong>avaritia.</strong></span> 
     </span>
    </p>
   </div>
   <div class='ocr_carea' id='block_1_66' title="bbox 803 4943 1072 4985">
    <p class='ocr_par' dir='ltr' id='par_1_66' title="bbox 803 4943 1072 4985">
     <span class='ocr_line' id='line_1_66' title="bbox 803 4943 1072 4985; baseline 0.015 -4"><span class='ocrx_word' id='word_1_329' title='bbox 803 4943 1072 4985; x_wconf 68' lang='lat' dir='ltr'><strong>CHRISTUS.</strong></span> 
     </span>
    </p>
   </div>
   <div class='ocr_carea' id='block_1_67' title="bbox 200 5017 1733 5094">
    <p class='ocr_par' dir='ltr' id='par_1_67' title="bbox 200 5017 1733 5094">
     <span class='ocr_line' id='line_1_67' title="bbox 200 5017 1733 5094; baseline 0.01 -21"><span class='ocrx_word' id='word_1_330' title='bbox 200 5019 404 5074; x_wconf 87' lang='lat' dir='ltr'><strong>Cavete</strong></span> <span class='ocrx_word' id='word_1_331' title='bbox 432 5017 503 5073; x_wconf 89' lang='lat' dir='ltr'><strong>ab</strong></span> <span class='ocrx_word' id='word_1_332' title='bbox 528 5019 678 5073; x_wconf 89' lang='lat' dir='ltr'><strong>omni</strong></span> <span class='ocrx_word' id='word_1_333' title='bbox 708 5023 965 5090; x_wconf 81' lang='lat' dir='ltr'><strong>avaritia,</strong></span> <span class='ocrx_word' id='word_1_334' title='bbox 1020 5025 1144 5094; x_wconf 90' lang='lat' dir='ltr'><strong>quia</strong></span> <span class='ocrx_word' id='word_1_335' title='bbox 1176 5042 1280 5082; x_wconf 92' lang='lat' dir='ltr'><strong>non</strong></span> <span class='ocrx_word' id='word_1_336' title='bbox 1321 5028 1374 5082; x_wconf 92' lang='lat' dir='ltr'><strong>in</strong></span> <span class='ocrx_word' id='word_1_337' title='bbox 1404 5028 1733 5089; x_wconf 87' lang='lat' dir='ltr'><strong>abundantia</strong></span> 
     </span>
    </p>
   </div>
   <div class='ocr_carea' id='block_1_68' title="bbox 136 5111 1729 5192">
    <p class='ocr_par' dir='ltr' id='par_1_68' title="bbox 136 5111 1729 5192">
     <span class='ocr_line' id='line_1_68' title="bbox 136 5111 1729 5192; baseline 0.009 -28"><span class='ocrx_word' id='word_1_338' title='bbox 136 5111 392 5184; x_wconf 85' lang='lat' dir='ltr'><strong>cujusque</strong></span> <span class='ocrx_word' id='word_1_339' title='bbox 419 5113 530 5167; x_wconf 90' lang='lat' dir='ltr'><strong>vita</strong></span> <span class='ocrx_word' id='word_1_340' title='bbox 554 5115 672 5182; x_wconf 87' lang='lat' dir='ltr'><strong>ejus</strong></span> <span class='ocrx_word' id='word_1_341' title='bbox 695 5122 797 5177; x_wconf 73' lang='lat' dir='ltr'><strong>est,</strong></span> <span class='ocrx_word' id='word_1_342' title='bbox 828 5129 893 5168; x_wconf 76' lang='lat' dir='ltr'><strong>ex</strong></span> <span class='ocrx_word' id='word_1_343' title='bbox 926 5115 1005 5169; x_wconf 89' lang='lat' dir='ltr'><strong>his</strong></span> <span class='ocrx_word' id='word_1_344' title='bbox 1030 5133 1146 5187; x_wconf 75' lang='lat' dir='ltr'><strong>qua:</strong></span> <span class='ocrx_word' id='word_1_345' title='bbox 1169 5119 1408 5187; x_wconf 86' lang='lat' dir='ltr'><strong>possidet</strong></span> <span class='ocrx_word' id='word_1_346' title='bbox 1430 5118 1583 5191; x_wconf 87' lang='lat' dir='ltr'><strong>(Luc.</strong></span> <span class='ocrx_word' id='word_1_347' title='bbox 1611 5133 1729 5192; x_wconf 82' lang='lat' dir='ltr'><strong>xu).</strong></span> 
     </span>
    </p>
   </div>
   <div class='ocr_carea' id='block_1_69' title="bbox 834 5223 1046 5262">
    <p class='ocr_par' dir='ltr' id='par_1_69' title="bbox 834 5223 1046 5262">
     <span class='ocr_line' id='line_1_69' title="bbox 834 5223 1046 5262; baseline 0.014 -3"><span class='ocrx_word' id='word_1_348' title='bbox 834 5223 1046 5262; x_wconf 71' lang='lat' dir='ltr'><strong>PAULUS.</strong></span> 
     </span>
    </p>
   </div>
   <div class='ocr_carea' id='block_1_70' title="bbox 191 5299 1732 5378">
    <p class='ocr_par' dir='ltr' id='par_1_70' title="bbox 191 5299 1732 5378">
     <span class='ocr_line' id='line_1_70' title="bbox 191 5299 1732 5378; baseline 0.007 -21"><span class='ocrx_word' id='word_1_349' title='bbox 191 5303 380 5357; x_wconf 88' lang='lat' dir='ltr'><strong>Omnis</strong></span> <span class='ocrx_word' id='word_1_350' title='bbox 429 5299 744 5370; x_wconf 84' lang='lat' dir='ltr'><strong>fornicatio,</strong></span> <span class='ocrx_word' id='word_1_351' title='bbox 781 5312 836 5357; x_wconf 88' lang='lat' dir='ltr'><strong>et</strong></span> <span class='ocrx_word' id='word_1_352' title='bbox 877 5304 1236 5372; x_wconf 88' lang='lat' dir='ltr'><strong>immunditia,</strong></span> <span class='ocrx_word' id='word_1_353' title='bbox 1267 5315 1324 5364; x_wconf 83' lang='lat' dir='ltr'><strong>et</strong></span> <span class='ocrx_word' id='word_1_354' title='bbox 1357 5311 1599 5378; x_wconf 88' lang='lat' dir='ltr'><strong>avaritia,</strong></span> <span class='ocrx_word' id='word_1_355' title='bbox 1633 5328 1732 5370; x_wconf 88' lang='lat' dir='ltr'><strong>nec</strong></span> 
     </span>
    </p>
   </div>
   <div class='ocr_carea' id='block_1_71' title="bbox 134 5398 1078 5471">
    <p class='ocr_par' dir='ltr' id='par_1_71' title="bbox 134 5398 1078 5471">
     <span class='ocr_line' id='line_1_71' title="bbox 134 5398 1078 5471; baseline 0.005 -20"><span class='ocrx_word' id='word_1_356' title='bbox 134 5401 484 5453; x_wconf 85' lang='lat' dir='ltr'><strong>nominentur</strong></span> <span class='ocrx_word' id='word_1_357' title='bbox 507 5399 560 5451; x_wconf 92' lang='lat' dir='ltr'><strong>in</strong></span> <span class='ocrx_word' id='word_1_358' title='bbox 590 5399 746 5452; x_wconf 87' lang='lat' dir='ltr'><strong>vobis</strong></span> <span class='ocrx_word' id='word_1_359' title='bbox 776 5398 991 5469; x_wconf 80' lang='lat' dir='ltr'><strong>(Ep/tes.</strong></span> <span class='ocrx_word' id='word_1_360' title='bbox 1023 5408 1078 5471; x_wconf 91' lang='lat' dir='ltr'><strong>v)</strong></span> 
     </span>
    </p>
   </div>
   <div class='ocr_carea' id='block_1_72' title="bbox 197 5492 1731 5566">
    <p class='ocr_par' dir='ltr' id='par_1_72' title="bbox 197 5492 1731 5566">
     <span class='ocr_line' id='line_1_72' title="bbox 197 5492 1731 5566; baseline 0.009 -20"><span class='ocrx_word' id='word_1_361' title='bbox 197 5492 384 5547; x_wconf 85' lang='lat' dir='ltr'><strong>Umnis</strong></span> <span class='ocrx_word' id='word_1_362' title='bbox 454 5493 780 5558; x_wconf 79' lang='lat' dir='ltr'><strong>fornicator,</strong></span> <span class='ocrx_word' id='word_1_363' title='bbox 841 5504 932 5549; x_wconf 89' lang='lat' dir='ltr'><strong>aut</strong></span> <span class='ocrx_word' id='word_1_364' title='bbox 989 5497 1330 5566; x_wconf 90' lang='lat' dir='ltr'><strong>immundus,</strong></span> <span class='ocrx_word' id='word_1_365' title='bbox 1385 5511 1480 5557; x_wconf 90' lang='lat' dir='ltr'><strong>aut</strong></span> <span class='ocrx_word' id='word_1_366' title='bbox 1538 5518 1731 5560; x_wconf 88' lang='lat' dir='ltr'><strong>avarus</strong></span> 
     </span>
    </p>
   </div>
   <div class='ocr_carea' id='block_1_73' title="bbox 133 5585 1728 5656">
    <p class='ocr_par' dir='ltr' id='par_1_73' title="bbox 133 5585 1728 5656">
     <span class='ocr_line' id='line_1_73' title="bbox 133 5585 1728 5656; baseline 0.011 -19"><span class='ocrx_word' id='word_1_367' title='bbox 133 5585 293 5655; x_wconf 89' lang='lat' dir='ltr'><strong>(quod</strong></span> <span class='ocrx_word' id='word_1_368' title='bbox 322 5596 408 5641; x_wconf 90' lang='lat' dir='ltr'><strong>est</strong></span> <span class='ocrx_word' id='word_1_369' title='bbox 431 5587 702 5640; x_wconf 84' lang='lat' dir='ltr'><strong>idolorum</strong></span> <span class='ocrx_word' id='word_1_370' title='bbox 735 5587 1009 5656; x_wconf 84' lang='lat' dir='ltr'><strong>servitus),</strong></span> <span class='ocrx_word' id='word_1_371' title='bbox 1042 5607 1146 5647; x_wconf 92' lang='lat' dir='ltr'><strong>non</strong></span> <span class='ocrx_word' id='word_1_372' title='bbox 1175 5593 1336 5652; x_wconf 86' lang='lat' dir='ltr'><strong>habet</strong></span> <span class='ocrx_word' id='word_1_373' title='bbox 1357 5597 1728 5654; x_wconf 67' lang='lat' dir='ltr'><strong>haereditatem</strong></span> 
     </span>
    </p>
   </div>
   <div class='ocr_carea' id='block_1_74' title="bbox 134 5676 1145 5751">
    <p class='ocr_par' dir='ltr' id='par_1_74' title="bbox 134 5676 1145 5751">
     <span class='ocr_line' id='line_1_74' title="bbox 134 5676 1145 5751; baseline 0.008 -19"><span class='ocrx_word' id='word_1_374' title='bbox 134 5676 182 5732; x_wconf 82' lang='lat' dir='ltr'><strong>in</strong></span> <span class='ocrx_word' id='word_1_375' title='bbox 204 5694 371 5748; x_wconf 88' lang='lat' dir='ltr'><strong>regno</strong></span> <span class='ocrx_word' id='word_1_376' title='bbox 402 5680 602 5736; x_wconf 85' lang='lat' dir='ltr'><strong>Christi</strong></span> <span class='ocrx_word' id='word_1_377' title='bbox 628 5689 684 5735; x_wconf 89' lang='lat' dir='ltr'><strong>et</strong></span> <span class='ocrx_word' id='word_1_378' title='bbox 714 5678 806 5736; x_wconf 89' lang='lat' dir='ltr'><strong>Dei</strong></span> <span class='ocrx_word' id='word_1_379' title='bbox 834 5682 884 5751; x_wconf 93' lang='grc' dir='ltr'><strong>(Ι</strong></span> <span class='ocrx_word' id='word_1_380' title='bbox 918 5681 1038 5738; x_wconf 88' lang='lat' dir='ltr'><strong>Cor.</strong></span> <span class='ocrx_word' id='word_1_381' title='bbox 1073 5693 1145 5745; x_wconf 72' lang='grc' dir='ltr'><strong>ν).</strong></span> 
     </span>
    </p>
   </div>
   <div class='ocr_carea' id='block_1_75' title="bbox 803 5792 1064 5831">
    <p class='ocr_par' dir='ltr' id='par_1_75' title="bbox 803 5792 1064 5831">
     <span class='ocr_line' id='line_1_75' title="bbox 803 5792 1064 5831; baseline 0.011 -3"><span class='ocrx_word' id='word_1_382' title='bbox 803 5792 1064 5831; x_wconf 65' lang='grc' dir='ltr'><strong>εΑιΑιΜωι.</strong></span> 
     </span>
    </p>
   </div>
   <div class='ocr_carea' id='block_1_76' title="bbox 193 5864 1726 5942">
    <p class='ocr_par' dir='ltr' id='par_1_76' title="bbox 193 5864 1726 5942">
     <span class='ocr_line' id='line_1_76' title="bbox 193 5864 1726 5942; baseline 0.011 -22"><span class='ocrx_word' id='word_1_383' title='bbox 193 5864 491 5923; x_wconf 90' lang='lat' dir='ltr'><strong>Conturbat</strong></span> <span class='ocrx_word' id='word_1_384' title='bbox 539 5868 766 5928; x_wconf 84' lang='lat' dir='ltr'><strong>domum</strong></span> <span class='ocrx_word' id='word_1_385' title='bbox 804 5885 987 5936; x_wconf 86' lang='lat' dir='ltr'><strong>suam,</strong></span> <span class='ocrx_word' id='word_1_386' title='bbox 1025 5873 1113 5942; x_wconf 92' lang='lat' dir='ltr'><strong>qui</strong></span> <span class='ocrx_word' id='word_1_387' title='bbox 1160 5882 1397 5931; x_wconf 84' lang='lat' dir='ltr'><strong>sectatur</strong></span> <span class='ocrx_word' id='word_1_388' title='bbox 1445 5878 1726 5937; x_wconf 85' lang='lat' dir='ltr'><strong>avaritiam</strong></span> 
     </span>
    </p>
   </div>
   <div class='ocr_carea' id='block_1_77' title="bbox 127 5956 443 6031">
    <p class='ocr_par' dir='ltr' id='par_1_77' title="bbox 127 5956 443 6031">
     <span class='ocr_line' id='line_1_77' title="bbox 127 5956 443 6031; baseline 0.016 -22"><span class='ocrx_word' id='word_1_389' title='bbox 127 5956 296 6026; x_wconf 63' lang='lat' dir='ltr'><strong>(Prov.</strong></span> <span class='ocrx_word' id='word_1_390' title='bbox 333 5965 443 6031; x_wconf 79' lang='lat' dir='ltr'><strong>xv).</strong></span> 
     </span>
    </p>
   </div>
   <div class='ocr_carea' id='block_1_78' title="bbox 1767 4692 1820 4754">
    <p class='ocr_par' dir='ltr' id='par_1_78' title="bbox 1767 4692 1820 4754">
     <span class='ocr_line' id='line_1_78' title="bbox 1767 4692 1820 4754; baseline 0 0"><span class='ocrx_word' id='word_1_391' title='bbox 1767 4692 1820 4754; x_wconf 88' lang='lat' dir='ltr'><strong>D</strong></span> 
     </span>
    </p>
   </div>
   <div class='ocr_carea' id='block_1_79' title="bbox 1868 2019 2056 2077">
    <p class='ocr_par' dir='ltr' id='par_1_79' title="bbox 1868 2019 2056 2077">
     <span class='ocr_line' id='line_1_79' title="bbox 1868 2019 2056 2077; baseline 0.021 -4"><span class='ocrx_word' id='word_1_392' title='bbox 1868 2019 2056 2077; x_wconf 76' lang='lat' dir='ltr'><strong>habeL</strong></span> 
     </span>
    </p>
   </div>
   <div class='ocr_carea' id='block_1_80' title="bbox 1940 2113 3464 2202">
    <p class='ocr_par' dir='ltr' id='par_1_80' title="bbox 1940 2113 3464 2202">
     <span class='ocr_line' id='line_1_80' title="bbox 1940 2113 3464 2202; baseline 0.015 -35"><span class='ocrx_word' id='word_1_393' title='bbox 1940 2113 2178 2170; x_wconf 85' lang='lat' dir='ltr'><strong>Avaritia</strong></span> <span class='ocrx_word' id='word_1_394' title='bbox 2211 2116 2433 2173; x_wconf 88' lang='lat' dir='ltr'><strong>modum</strong></span> <span class='ocrx_word' id='word_1_395' title='bbox 2463 2120 2694 2190; x_wconf 91' lang='lat' dir='ltr'><strong>ignorat,</strong></span> <span class='ocrx_word' id='word_1_396' title='bbox 2750 2133 2805 2179; x_wconf 92' lang='lat' dir='ltr'><strong>et</strong></span> <span class='ocrx_word' id='word_1_397' title='bbox 2836 2141 2958 2181; x_wconf 93' lang='lat' dir='ltr'><strong>cum</strong></span> <span class='ocrx_word' id='word_1_398' title='bbox 2999 2130 3182 2186; x_wconf 91' lang='lat' dir='ltr'><strong>omnia</strong></span> <span class='ocrx_word' id='word_1_399' title='bbox 3217 2132 3464 2202; x_wconf 86' lang='lat' dir='ltr'><strong>devoret,</strong></span> 
     </span>
    </p>
   </div>
   <div class='ocr_carea' id='block_1_81' title="bbox 1865 2206 2556 2274">
    <p class='ocr_par' dir='ltr' id='par_1_81' title="bbox 1865 2206 2556 2274">
     <span class='ocr_line' id='line_1_81' title="bbox 1865 2206 2556 2274; baseline 0.009 -15"><span class='ocrx_word' id='word_1_400' title='bbox 1865 2206 2042 2260; x_wconf 90' lang='lat' dir='ltr'><strong>nescit</strong></span> <span class='ocrx_word' id='word_1_401' title='bbox 2062 2208 2276 2274; x_wconf 85' lang='lat' dir='ltr'><strong>penitus</strong></span> <span class='ocrx_word' id='word_1_402' title='bbox 2306 2212 2556 2266; x_wconf 90' lang='lat' dir='ltr'><strong>saturari.</strong></span> 
     </span>
    </p>
   </div>
   <div class='ocr_carea' id='block_1_82' title="bbox 1935 2296 3466 2376">
    <p class='ocr_par' dir='ltr' id='par_1_82' title="bbox 1935 2296 3466 2376">
     <span class='ocr_line' id='line_1_82' title="bbox 1935 2296 3466 2376; baseline 0.014 -24"><span class='ocrx_word' id='word_1_403' title='bbox 1935 2296 2115 2354; x_wconf 81' lang='lat' dir='ltr'><strong>Esurit</strong></span> <span class='ocrx_word' id='word_1_404' title='bbox 2152 2317 2368 2373; x_wconf 88' lang='lat' dir='ltr'><strong>semper</strong></span> <span class='ocrx_word' id='word_1_405' title='bbox 2393 2314 2450 2360; x_wconf 91' lang='lat' dir='ltr'><strong>et</strong></span> <span class='ocrx_word' id='word_1_406' title='bbox 2487 2307 2643 2376; x_wconf 87' lang='lat' dir='ltr'><strong>inops</strong></span> <span class='ocrx_word' id='word_1_407' title='bbox 2678 2318 2778 2374; x_wconf 89' lang='lat' dir='ltr'><strong>est,</strong></span> <span class='ocrx_word' id='word_1_408' title='bbox 2810 2318 2866 2365; x_wconf 92' lang='lat' dir='ltr'><strong>et</strong></span> <span class='ocrx_word' id='word_1_409' title='bbox 2894 2327 3017 2368; x_wconf 91' lang='lat' dir='ltr'><strong>cum</strong></span> <span class='ocrx_word' id='word_1_410' title='bbox 3048 2313 3307 2375; x_wconf 85' lang='lat' dir='ltr'><strong>feralibus</strong></span> <span class='ocrx_word' id='word_1_411' title='bbox 3333 2319 3466 2374; x_wconf 60' lang='lat' dir='ltr'><strong>den.</strong></span> 
     </span>
    </p>
   </div>
   <div class='ocr_carea' id='block_1_83' title="bbox 1865 2391 3465 2482">
    <p class='ocr_par' dir='ltr' id='par_1_83' title="bbox 1865 2391 3465 2482">
     <span class='ocr_line' id='line_1_83' title="bbox 1865 2391 3465 2482; baseline 0.015 -37"><span class='ocrx_word' id='word_1_412' title='bbox 1865 2391 2008 2447; x_wconf 90' lang='lat' dir='ltr'><strong>tibus</strong></span> <span class='ocrx_word' id='word_1_413' title='bbox 2039 2395 2287 2451; x_wconf 87' lang='lat' dir='ltr'><strong>universa</strong></span> <span class='ocrx_word' id='word_1_414' title='bbox 2316 2399 2500 2453; x_wconf 87' lang='lat' dir='ltr'><strong>mundi</strong></span> <span class='ocrx_word' id='word_1_415' title='bbox 2526 2415 2692 2471; x_wconf 88' lang='lat' dir='ltr'><strong>regna</strong></span> <span class='ocrx_word' id='word_1_416' title='bbox 2720 2403 3000 2476; x_wconf 89' lang='lat' dir='ltr'><strong>discerpit,</strong></span> <span class='ocrx_word' id='word_1_417' title='bbox 3025 2415 3082 2463; x_wconf 87' lang='lat' dir='ltr'><strong>et</strong></span> <span class='ocrx_word' id='word_1_418' title='bbox 3101 2424 3159 2464; x_wconf 88' lang='lat' dir='ltr'><strong>se</strong></span> <span class='ocrx_word' id='word_1_419' title='bbox 3181 2409 3357 2467; x_wconf 88' lang='lat' dir='ltr'><strong>adhuc</strong></span> <span class='ocrx_word' id='word_1_420' title='bbox 3380 2414 3465 2482; x_wconf 84' lang='lat' dir='ltr'><strong>je—</strong></span> 
     </span>
    </p>
   </div>
   <div class='ocr_carea' id='block_1_84' title="bbox 1864 2482 2395 2551">
    <p class='ocr_par' dir='ltr' id='par_1_84' title="bbox 1864 2482 2395 2551">
     <span class='ocr_line' id='line_1_84' title="bbox 1864 2482 2395 2551; baseline 0.013 -16"><span class='ocrx_word' id='word_1_421' title='bbox 1864 2482 2052 2551; x_wconf 84' lang='lat' dir='ltr'><strong>junam</strong></span> <span class='ocrx_word' id='word_1_422' title='bbox 2084 2485 2395 2542; x_wconf 81' lang='lat' dir='ltr'><strong>confitetur.</strong></span> 
     </span>
    </p>
   </div>
   <div class='ocr_carea' id='block_1_85' title="bbox 2503 2601 2818 2642">
    <p class='ocr_par' dir='ltr' id='par_1_85' title="bbox 2503 2601 2818 2642">
     <span class='ocr_line' id='line_1_85' title="bbox 2503 2601 2818 2642; baseline 0.003 -2"><span class='ocrx_word' id='word_1_423' title='bbox 2503 2601 2818 2642; x_wconf 75' lang='lat' dir='ltr'><strong>GREGORIUS.</strong></span> 
     </span>
    </p>
   </div>
   <div class='ocr_carea' id='block_1_86' title="bbox 1937 2670 3461 2762">
    <p class='ocr_par' dir='ltr' id='par_1_86' title="bbox 1937 2670 3461 2762">
     <span class='ocr_line' id='line_1_86' title="bbox 1937 2670 3461 2762; baseline 0.018 -40"><span class='ocrx_word' id='word_1_424' title='bbox 1937 2670 2305 2742; x_wconf 82' lang='lat' dir='ltr'><strong>lmpetiginem</strong></span> <span class='ocrx_word' id='word_1_425' title='bbox 2352 2690 2568 2748; x_wconf 91' lang='lat' dir='ltr'><strong>quoque</strong></span> <span class='ocrx_word' id='word_1_426' title='bbox 2624 2680 2788 2736; x_wconf 87' lang='lat' dir='ltr'><strong>habet</strong></span> <span class='ocrx_word' id='word_1_427' title='bbox 2827 2682 2880 2736; x_wconf 92' lang='lat' dir='ltr'><strong>in</strong></span> <span class='ocrx_word' id='word_1_428' title='bbox 2928 2699 3180 2756; x_wconf 91' lang='lat' dir='ltr'><strong>corpore,</strong></span> <span class='ocrx_word' id='word_1_429' title='bbox 3229 2691 3461 2762; x_wconf 86' lang='lat' dir='ltr'><strong>quisque</strong></span> 
     </span>
    </p>
   </div>
   <div class='ocr_carea' id='block_1_87' title="bbox 1865 2764 2679 2826">
    <p class='ocr_par' dir='ltr' id='par_1_87' title="bbox 1865 2764 2679 2826">
     <span class='ocr_line' id='line_1_87' title="bbox 1865 2764 2679 2826; baseline 0.014 -11"><span class='ocrx_word' id='word_1_430' title='bbox 1865 2764 2089 2817; x_wconf 87' lang='lat' dir='ltr'><strong>avaritia</strong></span> <span class='ocrx_word' id='word_1_431' title='bbox 2121 2774 2366 2821; x_wconf 84' lang='lat' dir='ltr'><strong>vastatur</strong></span> <span class='ocrx_word' id='word_1_432' title='bbox 2398 2770 2448 2823; x_wconf 91' lang='lat' dir='ltr'><strong>in</strong></span> <span class='ocrx_word' id='word_1_433' title='bbox 2481 2781 2679 2826; x_wconf 90' lang='lat' dir='ltr'><strong>mente.</strong></span> 
     </span>
    </p>
   </div>
   <div class='ocr_carea' id='block_1_88' title="bbox 1936 2856 3459 2944">
    <p class='ocr_par' dir='ltr' id='par_1_88' title="bbox 1936 2856 3459 2944">
     <span class='ocr_line' id='line_1_88' title="bbox 1936 2856 3459 2944; baseline 0.016 -36"><span class='ocrx_word' id='word_1_434' title='bbox 1936 2856 1990 2908; x_wconf 84' lang='lat' dir='ltr'><strong>Si</strong></span> <span class='ocrx_word' id='word_1_435' title='bbox 2023 2866 2201 2911; x_wconf 85' lang='lat' dir='ltr'><strong>autem</strong></span> <span class='ocrx_word' id='word_1_436' title='bbox 2243 2875 2350 2914; x_wconf 90' lang='lat' dir='ltr'><strong>non</strong></span> <span class='ocrx_word' id='word_1_437' title='bbox 2393 2877 2682 2932; x_wconf 89' lang='lat' dir='ltr'><strong>possumus</strong></span> <span class='ocrx_word' id='word_1_438' title='bbox 2711 2867 3017 2938; x_wconf 85' lang='lat' dir='ltr'><strong>relinquere</strong></span> <span class='ocrx_word' id='word_1_439' title='bbox 3048 2889 3296 2944; x_wconf 83' lang='lat' dir='ltr'><strong>propria,</strong></span> <span class='ocrx_word' id='word_1_440' title='bbox 3351 2878 3459 2932; x_wconf 85' lang='lat' dir='ltr'><strong>sal-</strong></span> 
     </span>
    </p>
   </div>
   <div class='ocr_carea' id='block_1_89' title="bbox 1867 2959 2819 3026">
    <p class='ocr_par' dir='ltr' id='par_1_89' title="bbox 1867 2959 2819 3026">
     <span class='ocr_line' id='line_1_89' title="bbox 1867 2959 2819 3026; baseline 0.011 -20"><span class='ocrx_word' id='word_1_441' title='bbox 1867 2960 1977 3006; x_wconf 90' lang='lat' dir='ltr'><strong>tem</strong></span> <span class='ocrx_word' id='word_1_442' title='bbox 2015 2967 2120 3007; x_wconf 88' lang='lat' dir='ltr'><strong>non</strong></span> <span class='ocrx_word' id='word_1_443' title='bbox 2146 2959 2591 3026; x_wconf 75' lang='lat' dir='ltr'><strong>concupiscamus</strong></span> <span class='ocrx_word' id='word_1_444' title='bbox 2625 2961 2819 3017; x_wconf 88' lang='lat' dir='ltr'><strong>aliena.</strong></span> 
     </span>
    </p>
   </div>
   <div class='ocr_carea' id='block_1_90' title="bbox 1938 3044 3453 3134">
    <p class='ocr_par' dir='ltr' id='par_1_90' title="bbox 1938 3044 3453 3134">
     <span class='ocr_line' id='line_1_90' title="bbox 1938 3044 3453 3134; baseline 0.015 -37"><span class='ocrx_word' id='word_1_445' title='bbox 1938 3044 2019 3098; x_wconf 85' lang='lat' dir='ltr'><strong>Ad</strong></span> <span class='ocrx_word' id='word_1_446' title='bbox 2047 3048 2326 3101; x_wconf 88' lang='lat' dir='ltr'><strong>avaritiam</strong></span> <span class='ocrx_word' id='word_1_447' title='bbox 2351 3064 2445 3104; x_wconf 91' lang='lat' dir='ltr'><strong>cor</strong></span> <span class='ocrx_word' id='word_1_448' title='bbox 2474 3055 2713 3121; x_wconf 90' lang='lat' dir='ltr'><strong>parentis</strong></span> <span class='ocrx_word' id='word_1_449' title='bbox 2744 3056 2910 3110; x_wconf 86' lang='lat' dir='ltr'><strong>allicit</strong></span> <span class='ocrx_word' id='word_1_450' title='bbox 2931 3058 3230 3117; x_wconf 86' lang='lat' dir='ltr'><strong>fecunditas</strong></span> <span class='ocrx_word' id='word_1_451' title='bbox 3263 3064 3453 3134; x_wconf 70' lang='lat' dir='ltr'><strong>proli&lt;,</strong></span> 
     </span>
    </p>
   </div>
   <div class='ocr_carea' id='block_1_91' title="bbox 1867 3138 3453 3215">
    <p class='ocr_par' dir='ltr' id='par_1_91' title="bbox 1867 3138 3453 3215">
     <span class='ocr_line' id='line_1_91' title="bbox 1867 3138 3453 3215; baseline 0.016 -26"><span class='ocrx_word' id='word_1_452' title='bbox 1867 3151 1933 3191; x_wconf 90' lang='lat' dir='ltr'><strong>eo</strong></span> <span class='ocrx_word' id='word_1_453' title='bbox 1961 3138 2105 3191; x_wconf 90' lang='lat' dir='ltr'><strong>enim</strong></span> <span class='ocrx_word' id='word_1_454' title='bbox 2137 3138 2202 3192; x_wconf 87' lang='lat' dir='ltr'><strong>ad</strong></span> <span class='ocrx_word' id='word_1_455' title='bbox 2229 3139 2472 3197; x_wconf 88' lang='lat' dir='ltr'><strong>habitum</strong></span> <span class='ocrx_word' id='word_1_456' title='bbox 2502 3148 2889 3215; x_wconf 69' lang='lat' dir='ltr'><strong>congreganda:</strong></span> <span class='ocrx_word' id='word_1_457' title='bbox 2912 3149 3453 3213; x_wconf 69' lang='lat' dir='ltr'><strong>hmreditatisaccen-</strong></span> 
     </span>
    </p>
   </div>
   <div class='ocr_carea' id='block_1_92' title="bbox 1867 3231 3097 3303">
    <p class='ocr_par' dir='ltr' id='par_1_92' title="bbox 1867 3231 3097 3303">
     <span class='ocr_line' id='line_1_92' title="bbox 1867 3231 3097 3303; baseline 0.013 -17"><span class='ocrx_word' id='word_1_458' title='bbox 1867 3231 2030 3298; x_wconf 90' lang='lat' dir='ltr'><strong>ditur,</strong></span> <span class='ocrx_word' id='word_1_459' title='bbox 2061 3233 2186 3302; x_wconf 90' lang='lat' dir='ltr'><strong>quia</strong></span> <span class='ocrx_word' id='word_1_460' title='bbox 2213 3235 2397 3292; x_wconf 89' lang='lat' dir='ltr'><strong>multis</strong></span> <span class='ocrx_word' id='word_1_461' title='bbox 2429 3237 2734 3296; x_wconf 63' lang='lat' dir='ltr'><strong>haendibus</strong></span> <span class='ocrx_word' id='word_1_462' title='bbox 2758 3241 3097 3303; x_wconf 88' lang='lat' dir='ltr'><strong>fecundatur.</strong></span> 
     </span>
    </p>
   </div>
   <div class='ocr_carea' id='block_1_93' title="bbox 2503 3345 2806 3389">
    <p class='ocr_par' dir='ltr' id='par_1_93' title="bbox 2503 3345 2806 3389">
     <span class='ocr_line' id='line_1_93' title="bbox 2503 3345 2806 3389; baseline 0.017 -5"><span class='ocrx_word' id='word_1_463' title='bbox 2503 3345 2806 3389; x_wconf 68' lang='lat' dir='ltr'><strong>CYPRIANIJS.</strong></span> 
     </span>
    </p>
   </div>
   <div class='ocr_carea' id='block_1_94' title="bbox 1927 3418 2836 3482">
    <p class='ocr_par' dir='ltr' id='par_1_94' title="bbox 1927 3418 2836 3482">
     <span class='ocr_line' id='line_1_94' title="bbox 1927 3418 2836 3482; baseline 0.013 -12"><span class='ocrx_word' id='word_1_464' title='bbox 1927 3418 2137 3473; x_wconf 80' lang='lat' dir='ltr'><strong>Avarus</strong></span> <span class='ocrx_word' id='word_1_465' title='bbox 2161 3418 2244 3473; x_wconf 91' lang='lat' dir='ltr'><strong>vir</strong></span> <span class='ocrx_word' id='word_1_466' title='bbox 2281 3419 2492 3476; x_wconf 85' lang='lat' dir='ltr'><strong>inferno</strong></span> <span class='ocrx_word' id='word_1_467' title='bbox 2518 3433 2601 3478; x_wconf 91' lang='lat' dir='ltr'><strong>est</strong></span> <span class='ocrx_word' id='word_1_468' title='bbox 2627 3426 2836 3482; x_wconf 51' lang='lat' dir='ltr'><strong>simius.</strong></span> 
     </span>
    </p>
   </div>
   <div class='ocr_carea' id='block_1_95' title="bbox 2426 3529 2934 3573">
    <p class='ocr_par' dir='ltr' id='par_1_95' title="bbox 2426 3529 2934 3573">
     <span class='ocr_line' id='line_1_95' title="bbox 2426 3529 2934 3573; baseline 0.012 -6"><span class='ocrx_word' id='word_1_469' title='bbox 2426 3529 2496 3567; x_wconf 77' lang='lat' dir='ltr'><strong>EX</strong></span> <span class='ocrx_word' id='word_1_470' title='bbox 2528 3530 2666 3570; x_wconf 80' lang='lat' dir='ltr'><strong>VITIS</strong></span> <span class='ocrx_word' id='word_1_471' title='bbox 2699 3532 2934 3573; x_wconf 73' lang='grc' dir='ltr'><strong>ΡΑτηωι.</strong></span> 
     </span>
    </p>
   </div>
   <div class='ocr_carea' id='block_1_96' title="bbox 1925 3597 3455 3688">
    <p class='ocr_par' dir='ltr' id='par_1_96' title="bbox 1925 3597 3455 3688">
     <span class='ocr_line' id='line_1_96' title="bbox 1925 3597 3455 3688; baseline 0.016 -37"><span class='ocrx_word' id='word_1_472' title='bbox 1925 3597 2028 3664; x_wconf 84' lang='lat' dir='ltr'><strong>Qui</strong></span> <span class='ocrx_word' id='word_1_473' title='bbox 2076 3608 2221 3656; x_wconf 86' lang='lat' dir='ltr'><strong>amat</strong></span> <span class='ocrx_word' id='word_1_474' title='bbox 2267 3612 2571 3671; x_wconf 80' lang='lat' dir='ltr'><strong>argentum,</strong></span> <span class='ocrx_word' id='word_1_475' title='bbox 2634 3623 2742 3662; x_wconf 87' lang='lat' dir='ltr'><strong>non</strong></span> <span class='ocrx_word' id='word_1_476' title='bbox 2785 3610 2989 3666; x_wconf 87' lang='lat' dir='ltr'><strong>videbit</strong></span> <span class='ocrx_word' id='word_1_477' title='bbox 3035 3614 3355 3688; x_wconf 78' lang='lat' dir='ltr'><strong>scientiam;</strong></span> <span class='ocrx_word' id='word_1_478' title='bbox 3395 3630 3455 3688; x_wconf 68' lang='lat' dir='ltr'><strong>et</strong></span> 
     </span>
    </p>
   </div>
   <div class='ocr_carea' id='block_1_97' title="bbox 1852 3690 2873 3763">
    <p class='ocr_par' dir='ltr' id='par_1_97' title="bbox 1852 3690 2873 3763">
     <span class='ocr_line' id='line_1_97' title="bbox 1852 3690 2873 3763; baseline 0.012 -19"><span class='ocrx_word' id='word_1_479' title='bbox 1852 3690 1942 3761; x_wconf 90' lang='lat' dir='ltr'><strong>qui</strong></span> <span class='ocrx_word' id='word_1_480' title='bbox 1969 3701 2261 3763; x_wconf 85' lang='lat' dir='ltr'><strong>congregat</strong></span> <span class='ocrx_word' id='word_1_481' title='bbox 2286 3694 2441 3759; x_wconf 91' lang='lat' dir='ltr'><strong>illud,</strong></span> <span class='ocrx_word' id='word_1_482' title='bbox 2473 3698 2873 3756; x_wconf 87' lang='lat' dir='ltr'><strong>obscurabitur.</strong></span> 
     </span>
    </p>
   </div>
   <div class='ocr_carea' id='block_1_98' title="bbox 2405 3808 2902 3872">
    <p class='ocr_par' dir='ltr' id='par_1_98' title="bbox 2405 3808 2902 3872">
     <span class='ocr_line' id='line_1_98' title="bbox 2405 3808 2902 3872; baseline 0.02 -10"><span class='ocrx_word' id='word_1_483' title='bbox 2405 3808 2672 3866; x_wconf 81' lang='lat' dir='ltr'><strong>CAPUT</strong></span> <span class='ocrx_word' id='word_1_484' title='bbox 2711 3811 2902 3872; x_wconf 69' lang='grc' dir='ltr'><strong>χλνι.</strong></span> 
     </span>
    </p>
   </div>
   <div class='ocr_carea' id='block_1_99' title="bbox 2448 3904 2842 3964">
    <p class='ocr_par' dir='ltr' id='par_1_99' title="bbox 2448 3904 2842 3964">
     <span class='ocr_line' id='line_1_99' title="bbox 2448 3904 2842 3964; baseline 0.02 -8"><span class='ocrx_word' id='word_1_485' title='bbox 2448 3904 2528 3958; x_wconf 87' lang='lat' dir='ltr'><strong>De</strong></span> <span class='ocrx_word' id='word_1_486' title='bbox 2554 3907 2842 3964; x_wconf 60' lang='lat' dir='ltr'><strong>virtutibus.</strong></span> 
     </span>
    </p>
   </div>
   <div class='ocr_carea' id='block_1_100' title="bbox 2504 4035 2781 4079">
    <p class='ocr_par' dir='ltr' id='par_1_100' title="bbox 2504 4035 2781 4079">
     <span class='ocr_line' id='line_1_100' title="bbox 2504 4035 2781 4079; baseline 0.018 -5"><span class='ocrx_word' id='word_1_487' title='bbox 2504 4035 2781 4079; x_wconf 76' lang='lat' dir='ltr'><strong>CHRISTUS.</strong></span> 
     </span>
    </p>
   </div>
   <div class='ocr_carea' id='block_1_101' title="bbox 1917 4107 3441 4200">
    <p class='ocr_par' dir='ltr' id='par_1_101' title="bbox 1917 4107 3441 4200">
     <span class='ocr_line' id='line_1_101' title="bbox 1917 4107 3441 4200; baseline 0.017 -37"><span class='ocrx_word' id='word_1_488' title='bbox 1917 4107 2087 4164; x_wconf 82' lang='lat' dir='ltr'><strong>Nemo</strong></span> <span class='ocrx_word' id='word_1_489' title='bbox 2117 4126 2210 4181; x_wconf 88' lang='lat' dir='ltr'><strong>qut</strong></span> <span class='ocrx_word' id='word_1_490' title='bbox 2239 4110 2400 4167; x_wconf 78' lang='lat' dir='ltr'><strong>faciat</strong></span> <span class='ocrx_word' id='word_1_491' title='bbox 2427 4114 2679 4169; x_wconf 82' lang='lat' dir='ltr'><strong>virtutem</strong></span> <span class='ocrx_word' id='word_1_492' title='bbox 2703 4121 2753 4171; x_wconf 87' lang='lat' dir='ltr'><strong>iu</strong></span> <span class='ocrx_word' id='word_1_493' title='bbox 2773 4122 2993 4178; x_wconf 90' lang='lat' dir='ltr'><strong>nomine</strong></span> <span class='ocrx_word' id='word_1_494' title='bbox 3008 4138 3155 4195; x_wconf 89' lang='lat' dir='ltr'><strong>meo,</strong></span> <span class='ocrx_word' id='word_1_495' title='bbox 3182 4137 3238 4182; x_wconf 88' lang='lat' dir='ltr'><strong>et</strong></span> <span class='ocrx_word' id='word_1_496' title='bbox 3262 4131 3441 4200; x_wconf 78' lang='lat' dir='ltr'><strong>possit</strong></span> 
     </span>
    </p>
   </div>
   <div class='ocr_carea' id='block_1_102' title="bbox 1846 4202 2845 4283">
    <p class='ocr_par' dir='ltr' id='par_1_102' title="bbox 1846 4202 2845 4283">
     <span class='ocr_line' id='line_1_102' title="bbox 1846 4202 2845 4283; baseline 0.011 -27"><span class='ocrx_word' id='word_1_497' title='bbox 1846 4202 1956 4257; x_wconf 90' lang='lat' dir='ltr'><strong>cito</strong></span> <span class='ocrx_word' id='word_1_498' title='bbox 1981 4203 2122 4258; x_wconf 90' lang='lat' dir='ltr'><strong>male</strong></span> <span class='ocrx_word' id='word_1_499' title='bbox 2144 4205 2289 4274; x_wconf 91' lang='lat' dir='ltr'><strong>loqui</strong></span> <span class='ocrx_word' id='word_1_500' title='bbox 2316 4205 2381 4261; x_wconf 91' lang='lat' dir='ltr'><strong>de</strong></span> <span class='ocrx_word' id='word_1_501' title='bbox 2409 4221 2497 4262; x_wconf 89' lang='lat' dir='ltr'><strong>me</strong></span> <span class='ocrx_word' id='word_1_502' title='bbox 2522 4206 2717 4277; x_wconf 82' lang='lat' dir='ltr'><strong>(Marc.</strong></span> <span class='ocrx_word' id='word_1_503' title='bbox 2748 4212 2845 4283; x_wconf 76' lang='grc' dir='ltr'><strong>ιχ).</strong></span> 
     </span>
    </p>
   </div>
   <div class='ocr_carea' id='block_1_103' title="bbox 2529 4316 2751 4358">
    <p class='ocr_par' dir='ltr' id='par_1_103' title="bbox 2529 4316 2751 4358">
     <span class='ocr_line' id='line_1_103' title="bbox 2529 4316 2751 4358; baseline 0.018 -4"><span class='ocrx_word' id='word_1_504' title='bbox 2529 4316 2589 4354; x_wconf 76' lang='grc' dir='ltr'><strong>ΡΑ</strong></span> <span class='ocrx_word' id='word_1_505' title='bbox 2600 4317 2751 4358; x_wconf 73' lang='grc' dir='ltr'><strong>ιιιυε.</strong></span> 
     </span>
    </p>
   </div>
   <div class='ocr_carea' id='block_1_104' title="bbox 1912 4383 3439 4470">
    <p class='ocr_par' dir='ltr' id='par_1_104' title="bbox 1912 4383 3439 4470">
     <span class='ocr_line' id='line_1_104' title="bbox 1912 4383 3439 4470; baseline 0.018 -32"><span class='ocrx_word' id='word_1_506' title='bbox 1912 4383 2028 4439; x_wconf 86' lang='lat' dir='ltr'><strong>Non</strong></span> <span class='ocrx_word' id='word_1_507' title='bbox 2054 4395 2137 4441; x_wconf 88' lang='lat' dir='ltr'><strong>est</strong></span> <span class='ocrx_word' id='word_1_508' title='bbox 2167 4387 2311 4443; x_wconf 88' lang='lat' dir='ltr'><strong>enim</strong></span> <span class='ocrx_word' id='word_1_509' title='bbox 2355 4388 2410 4443; x_wconf 90' lang='lat' dir='ltr'><strong>in</strong></span> <span class='ocrx_word' id='word_1_510' title='bbox 2441 4404 2692 4448; x_wconf 88' lang='lat' dir='ltr'><strong>sermone</strong></span> <span class='ocrx_word' id='word_1_511' title='bbox 2723 4408 2949 4466; x_wconf 85' lang='lat' dir='ltr'><strong>regnum</strong></span> <span class='ocrx_word' id='word_1_512' title='bbox 2982 4400 3100 4470; x_wconf 87' lang='lat' dir='ltr'><strong>Dei,</strong></span> <span class='ocrx_word' id='word_1_513' title='bbox 3120 4403 3216 4460; x_wconf 86' lang='lat' dir='ltr'><strong>sed</strong></span> <span class='ocrx_word' id='word_1_514' title='bbox 3243 4405 3300 4462; x_wconf 90' lang='lat' dir='ltr'><strong>in</strong></span> <span class='ocrx_word' id='word_1_515' title='bbox 3328 4410 3439 4466; x_wconf 85' lang='lat' dir='ltr'><strong>vir-</strong></span> 
     </span>
    </p>
   </div>
   <div class='ocr_carea' id='block_1_105' title="bbox 1771 4479 2304 4551">
    <p class='ocr_par' dir='ltr' id='par_1_105' title="bbox 1771 4479 2304 4551">
     <span class='ocr_line' id='line_1_105' title="bbox 1771 4479 2304 4551; baseline 0.006 -18"><span class='ocrx_word' id='word_1_516' title='bbox 1771 4510 1778 4516; x_wconf 86' lang='lat'><strong>-</strong></span> <span class='ocrx_word' id='word_1_517' title='bbox 1843 4486 1958 4535; x_wconf 88' lang='lat' dir='ltr'><strong>tute</strong></span> <span class='ocrx_word' id='word_1_518' title='bbox 1982 4479 2034 4550; x_wconf 92' lang='grc' dir='ltr'><strong>(Ι</strong></span> <span class='ocrx_word' id='word_1_519' title='bbox 2055 4480 2174 4535; x_wconf 81' lang='lat' dir='ltr'><strong>Cor.</strong></span> <span class='ocrx_word' id='word_1_520' title='bbox 2210 4484 2304 4551; x_wconf 91' lang='lat' dir='ltr'><strong>tv).</strong></span> 
     </span>
    </p>
   </div>
   <div class='ocr_carea' id='block_1_106' title="bbox 1910 4573 3431 4657">
    <p class='ocr_par' dir='ltr' id='par_1_106' title="bbox 1910 4573 3431 4657">
     <span class='ocr_line' id='line_1_106' title="bbox 1910 4573 3431 4657; baseline 0.017 -31"><span class='ocrx_word' id='word_1_521' title='bbox 1910 4573 2012 4627; x_wconf 82' lang='lat' dir='ltr'><strong>Alii</strong></span> <span class='ocrx_word' id='word_1_522' title='bbox 2034 4589 2131 4644; x_wconf 88' lang='lat' dir='ltr'><strong>per</strong></span> <span class='ocrx_word' id='word_1_523' title='bbox 2154 4575 2415 4646; x_wconf 85' lang='lat' dir='ltr'><strong>Spiritum</strong></span> <span class='ocrx_word' id='word_1_524' title='bbox 2441 4589 2689 4636; x_wconf 80' lang='lat' dir='ltr'><strong>sanctum</strong></span> <span class='ocrx_word' id='word_1_525' title='bbox 2718 4581 2878 4640; x_wconf 90' lang='lat' dir='ltr'><strong>datur</strong></span> <span class='ocrx_word' id='word_1_526' title='bbox 2900 4591 3148 4657; x_wconf 88' lang='lat' dir='ltr'><strong>operatio</strong></span> <span class='ocrx_word' id='word_1_527' title='bbox 3167 4593 3431 4651; x_wconf 89' lang='lat' dir='ltr'><strong>virtutum</strong></span> 
     </span>
    </p>
   </div>
   <div class='ocr_carea' id='block_1_107' title="bbox 1849 4668 2194 4743">
    <p class='ocr_par' dir='ltr' id='par_1_107' title="bbox 1849 4668 2194 4743">
     <span class='ocr_line' id='line_1_107' title="bbox 1849 4668 2194 4743; baseline 0.009 -22"><span class='ocrx_word' id='word_1_528' title='bbox 1849 4668 1899 4739; x_wconf 89' lang='grc' dir='ltr'><strong>(ι</strong></span> <span class='ocrx_word' id='word_1_529' title='bbox 1931 4668 2052 4723; x_wconf 85' lang='lat' dir='ltr'><strong>Cor.</strong></span> <span class='ocrx_word' id='word_1_530' title='bbox 2079 4670 2194 4743; x_wconf 83' lang='lat' dir='ltr'><strong>xu).</strong></span> 
     </span>
    </p>
   </div>
   <div class='ocr_carea' id='block_1_108' title="bbox 1915 4759 3436 4846">
    <p class='ocr_par' dir='ltr' id='par_1_108' title="bbox 1915 4759 3436 4846">
     <span class='ocr_line' id='line_1_108' title="bbox 1915 4759 3436 4846; baseline 0.017 -32"><span class='ocrx_word' id='word_1_531' title='bbox 1915 4759 2073 4816; x_wconf 81' lang='lat' dir='ltr'><strong>Fides</strong></span> <span class='ocrx_word' id='word_1_532' title='bbox 2105 4771 2282 4818; x_wconf 87' lang='lat' dir='ltr'><strong>vestra</strong></span> <span class='ocrx_word' id='word_1_533' title='bbox 2314 4781 2422 4820; x_wconf 87' lang='lat' dir='ltr'><strong>non</strong></span> <span class='ocrx_word' id='word_1_534' title='bbox 2453 4767 2524 4821; x_wconf 89' lang='lat' dir='ltr'><strong>sit</strong></span> <span class='ocrx_word' id='word_1_535' title='bbox 2554 4767 2606 4823; x_wconf 92' lang='lat' dir='ltr'><strong>in</strong></span> <span class='ocrx_word' id='word_1_536' title='bbox 2635 4770 2901 4840; x_wconf 85' lang='lat' dir='ltr'><strong>sapientia</strong></span> <span class='ocrx_word' id='word_1_537' title='bbox 2921 4773 3222 4846; x_wconf 88' lang='lat' dir='ltr'><strong>hominum,</strong></span> <span class='ocrx_word' id='word_1_538' title='bbox 3256 4782 3350 4838; x_wconf 88' lang='lat' dir='ltr'><strong>sed</strong></span> <span class='ocrx_word' id='word_1_539' title='bbox 3379 4785 3436 4840; x_wconf 92' lang='lat' dir='ltr'><strong>in</strong></span> 
     </span>
    </p>
   </div>
   <div class='ocr_carea' id='block_1_109' title="bbox 1842 4857 2517 4930">
    <p class='ocr_par' dir='ltr' id='par_1_109' title="bbox 1842 4857 2517 4930">
     <span class='ocr_line' id='line_1_109' title="bbox 1842 4857 2517 4930; baseline 0.007 -20"><span class='ocrx_word' id='word_1_540' title='bbox 1842 4857 2039 4912; x_wconf 87' lang='lat' dir='ltr'><strong>virtute</strong></span> <span class='ocrx_word' id='word_1_541' title='bbox 2071 4857 2165 4912; x_wconf 90' lang='lat' dir='ltr'><strong>Dei</strong></span> <span class='ocrx_word' id='word_1_542' title='bbox 2195 4857 2246 4926; x_wconf 89' lang='grc' dir='ltr'><strong>(Ι</strong></span> <span class='ocrx_word' id='word_1_543' title='bbox 2281 4859 2403 4917; x_wconf 81' lang='lat' dir='ltr'><strong>Cor.</strong></span> <span class='ocrx_word' id='word_1_544' title='bbox 2435 4863 2517 4930; x_wconf 84' lang='grc' dir='ltr'><strong>ιι).</strong></span> 
     </span>
    </p>
   </div>
   <div class='ocr_carea' id='block_1_110' title="bbox 2505 4969 2762 5010">
    <p class='ocr_par' dir='ltr' id='par_1_110' title="bbox 2505 4969 2762 5010">
     <span class='ocr_line' id='line_1_110' title="bbox 2505 4969 2762 5010; baseline 0.004 -2"><span class='ocrx_word' id='word_1_545' title='bbox 2505 4969 2563 5008; x_wconf 77' lang='lat' dir='ltr'><strong>SA</strong></span> <span class='ocrx_word' id='word_1_546' title='bbox 2573 4970 2762 5010; x_wconf 76' lang='lat' dir='ltr'><strong>LOIION.</strong></span> 
     </span>
    </p>
   </div>
   <div class='ocr_carea' id='block_1_111' title="bbox 1909 5039 3430 5122">
    <p class='ocr_par' dir='ltr' id='par_1_111' title="bbox 1909 5039 3430 5122">
     <span class='ocr_line' id='line_1_111' title="bbox 1909 5039 3430 5122; baseline 0.014 -28"><span class='ocrx_word' id='word_1_547' title='bbox 1909 5039 2027 5095; x_wconf 84' lang='lat' dir='ltr'><strong>Noli</strong></span> <span class='ocrx_word' id='word_1_548' title='bbox 2060 5043 2346 5111; x_wconf 90' lang='lat' dir='ltr'><strong>prohibere</strong></span> <span class='ocrx_word' id='word_1_549' title='bbox 2378 5045 2698 5101; x_wconf 77' lang='lat' dir='ltr'><strong>bent-facere</strong></span> <span class='ocrx_word' id='word_1_550' title='bbox 2727 5063 2849 5103; x_wconf 86' lang='lat' dir='ltr'><strong>eum</strong></span> <span class='ocrx_word' id='word_1_551' title='bbox 2882 5064 2976 5120; x_wconf 90' lang='lat' dir='ltr'><strong>qut</strong></span> <span class='ocrx_word' id='word_1_552' title='bbox 3003 5061 3204 5122; x_wconf 87' lang='lat' dir='ltr'><strong>potest,</strong></span> <span class='ocrx_word' id='word_1_553' title='bbox 3254 5057 3299 5112; x_wconf 91' lang='lat' dir='ltr'><strong>si</strong></span> <span class='ocrx_word' id='word_1_554' title='bbox 3329 5074 3430 5115; x_wconf 85' lang='lat' dir='ltr'><strong>va-</strong></span> 
     </span>
    </p>
   </div>
   <div class='ocr_carea' id='block_1_112' title="bbox 1837 5132 2826 5210">
    <p class='ocr_par' dir='ltr' id='par_1_112' title="bbox 1837 5132 2826 5210">
     <span class='ocr_line' id='line_1_112' title="bbox 1837 5132 2826 5210; baseline 0.009 -24"><span class='ocrx_word' id='word_1_555' title='bbox 1837 5132 1914 5186; x_wconf 88' lang='lat' dir='ltr'><strong>les</strong></span> <span class='ocrx_word' id='word_1_556' title='bbox 1941 5141 1994 5186; x_wconf 90' lang='lat' dir='ltr'><strong>et</strong></span> <span class='ocrx_word' id='word_1_557' title='bbox 2021 5135 2135 5203; x_wconf 88' lang='lat' dir='ltr'><strong>ipse</strong></span> <span class='ocrx_word' id='word_1_558' title='bbox 2165 5136 2481 5190; x_wconf 87' lang='lat' dir='ltr'><strong>benefacere</strong></span> <span class='ocrx_word' id='word_1_559' title='bbox 2512 5137 2694 5206; x_wconf 82' lang='lat' dir='ltr'><strong>(Prov.</strong></span> <span class='ocrx_word' id='word_1_560' title='bbox 2723 5142 2826 5210; x_wconf 82' lang='lat' dir='ltr'><strong>tu).</strong></span> 
     </span>
    </p>
   </div>
   <div class='ocr_carea' id='block_1_113' title="bbox 1906 5217 3431 5316">
    <p class='ocr_par' dir='ltr' id='par_1_113' title="bbox 1906 5217 3431 5316">
     <span class='ocr_line' id='line_1_113' title="bbox 1906 5217 3431 5316; baseline 0.017 -40"><span class='ocrx_word' id='word_1_561' title='bbox 1906 5223 2064 5279; x_wconf 91' lang='lat' dir='ltr'><strong>Omni</strong></span> <span class='ocrx_word' id='word_1_562' title='bbox 2093 5226 2334 5311; x_wconf 77' lang='lat' dir='ltr'><strong>custodia</strong></span> <span class='ocrx_word' id='word_1_563' title='bbox 2372 5243 2630 5284; x_wconf 90' lang='lat' dir='ltr'><strong>conserva</strong></span> <span class='ocrx_word' id='word_1_564' title='bbox 2674 5246 2770 5286; x_wconf 90' lang='lat' dir='ltr'><strong>cor</strong></span> <span class='ocrx_word' id='word_1_565' title='bbox 2799 5217 2978 5301; x_wconf 87' lang='lat' dir='ltr'><strong>tuum,</strong></span> <span class='ocrx_word' id='word_1_566' title='bbox 3032 5239 3160 5308; x_wconf 92' lang='lat' dir='ltr'><strong>quia</strong></span> <span class='ocrx_word' id='word_1_567' title='bbox 3199 5256 3266 5298; x_wconf 82' lang='lat' dir='ltr'><strong>ex</strong></span> <span class='ocrx_word' id='word_1_568' title='bbox 3309 5243 3431 5316; x_wconf 80' lang='lat' dir='ltr'><strong>ipso</strong></span> 
     </span>
    </p>
   </div>
   <div class='ocr_carea' id='block_1_114' title="bbox 1835 5317 2554 5393">
    <p class='ocr_par' dir='ltr' id='par_1_114' title="bbox 1835 5317 2554 5393">
     <span class='ocr_line' id='line_1_114' title="bbox 1835 5317 2554 5393; baseline 0.006 -21"><span class='ocrx_word' id='word_1_569' title='bbox 1835 5317 1944 5372; x_wconf 89' lang='lat' dir='ltr'><strong>vita</strong></span> <span class='ocrx_word' id='word_1_570' title='bbox 1974 5320 2216 5388; x_wconf 88' lang='lat' dir='ltr'><strong>procedit</strong></span> <span class='ocrx_word' id='word_1_571' title='bbox 2246 5319 2427 5388; x_wconf 62' lang='grc' dir='ltr'><strong>(Ρη-ου.</strong></span> <span class='ocrx_word' id='word_1_572' title='bbox 2459 5322 2554 5393; x_wconf 90' lang='lat' dir='ltr'><strong>tv).</strong></span> 
     </span>
    </p>
   </div>
   <div class='ocr_carea' id='block_1_115' title="bbox 2464 5432 2819 5475">
    <p class='ocr_par' dir='ltr' id='par_1_115' title="bbox 2464 5432 2819 5475">
     <span class='ocr_line' id='line_1_115' title="bbox 2464 5432 2819 5475; baseline 0.017 -6"><span class='ocrx_word' id='word_1_573' title='bbox 2464 5432 2819 5475; x_wconf 70' lang='lat' dir='ltr'><strong>BIERONYMUS.</strong></span> 
     </span>
    </p>
   </div>
   <div class='ocr_carea' id='block_1_116' title="bbox 1904 5505 3430 5586">
    <p class='ocr_par' dir='ltr' id='par_1_116' title="bbox 1904 5505 3430 5586">
     <span class='ocr_line' id='line_1_116' title="bbox 1904 5505 3430 5586; baseline 0.014 -26"><span class='ocrx_word' id='word_1_574' title='bbox 1904 5505 2081 5561; x_wconf 63' lang='lat' dir='ltr'><strong>Multae</strong></span> <span class='ocrx_word' id='word_1_575' title='bbox 2134 5517 2260 5561; x_wconf 92' lang='lat' dir='ltr'><strong>sunt</strong></span> <span class='ocrx_word' id='word_1_576' title='bbox 2302 5509 2554 5566; x_wconf 89' lang='lat' dir='ltr'><strong>virtutum</strong></span> <span class='ocrx_word' id='word_1_577' title='bbox 2607 5516 2851 5583; x_wconf 82' lang='lat' dir='ltr'><strong>species,</strong></span> <span class='ocrx_word' id='word_1_578' title='bbox 2900 5531 3018 5586; x_wconf 67' lang='lat' dir='ltr'><strong>quae</strong></span> <span class='ocrx_word' id='word_1_579' title='bbox 3068 5525 3430 5582; x_wconf 83' lang='lat' dir='ltr'><strong>sectatoribus</strong></span> 
     </span>
    </p>
   </div>
   <div class='ocr_carea' id='block_1_117' title="bbox 1829 5597 3421 5682">
    <p class='ocr_par' dir='ltr' id='par_1_117' title="bbox 1829 5597 3421 5682">
     <span class='ocr_line' id='line_1_117' title="bbox 1829 5597 3421 5682; baseline 0.011 -28"><span class='ocrx_word' id='word_1_580' title='bbox 1829 5597 1941 5654; x_wconf 77' lang='lat' dir='ltr'><strong>suis</strong></span> <span class='ocrx_word' id='word_1_581' title='bbox 1965 5599 2269 5652; x_wconf 91' lang='lat' dir='ltr'><strong>retribuunt</strong></span> <span class='ocrx_word' id='word_1_582' title='bbox 2308 5616 2474 5670; x_wconf 82' lang='lat' dir='ltr'><strong>regna</strong></span> <span class='ocrx_word' id='word_1_583' title='bbox 2503 5603 2783 5659; x_wconf 69' lang='lat' dir='ltr'><strong>cmlorum.</strong></span> <span class='ocrx_word' id='word_1_584' title='bbox 2822 5607 2994 5664; x_wconf 74' lang='lat' dir='ltr'><strong>linum</strong></span> <span class='ocrx_word' id='word_1_585' title='bbox 3035 5613 3252 5680; x_wconf 84' lang='lat' dir='ltr'><strong>quidem</strong></span> <span class='ocrx_word' id='word_1_586' title='bbox 3287 5619 3421 5682; x_wconf 87' lang='lat' dir='ltr'><strong>iter,</strong></span> 
     </span>
    </p>
   </div>
   <div class='ocr_carea' id='block_1_118' title="bbox 1829 5692 3421 5773">
    <p class='ocr_par' dir='ltr' id='par_1_118' title="bbox 1829 5692 3421 5773">
     <span class='ocr_line' id='line_1_118' title="bbox 1829 5692 3421 5773; baseline 0.012 -28"><span class='ocrx_word' id='word_1_587' title='bbox 1829 5692 1924 5746; x_wconf 91' lang='lat' dir='ltr'><strong>sed</strong></span> <span class='ocrx_word' id='word_1_588' title='bbox 1957 5692 2304 5761; x_wconf 89' lang='lat' dir='ltr'><strong>perveniendi</strong></span> <span class='ocrx_word' id='word_1_589' title='bbox 2331 5703 2494 5749; x_wconf 89' lang='lat' dir='ltr'><strong>multa</strong></span> <span class='ocrx_word' id='word_1_590' title='bbox 2525 5699 2865 5767; x_wconf 89' lang='lat' dir='ltr'><strong>compendia.</strong></span> <span class='ocrx_word' id='word_1_591' title='bbox 2901 5701 2999 5768; x_wconf 88' lang='lat' dir='ltr'><strong>Qui</strong></span> <span class='ocrx_word' id='word_1_592' title='bbox 3029 5705 3287 5773; x_wconf 82' lang='lat' dir='ltr'><strong>perlicere</strong></span> <span class='ocrx_word' id='word_1_593' title='bbox 3307 5719 3421 5763; x_wconf 81' lang='lat' dir='ltr'><strong>stu-</strong></span> 
     </span>
    </p>
   </div>
   <div class='ocr_carea' id='block_1_119' title="bbox 1830 5783 3424 5871">
    <p class='ocr_par' dir='ltr' id='par_1_119' title="bbox 1830 5783 3424 5871">
     <span class='ocr_line' id='line_1_119' title="bbox 1830 5783 3424 5871; baseline 0.011 -31"><span class='ocrx_word' id='word_1_594' title='bbox 1830 5783 1953 5850; x_wconf 86' lang='lat' dir='ltr'><strong>det,</strong></span> <span class='ocrx_word' id='word_1_595' title='bbox 2006 5785 2215 5839; x_wconf 71' lang='lat' dir='ltr'><strong>etiamsi</strong></span> <span class='ocrx_word' id='word_1_596' title='bbox 2245 5787 2465 5854; x_wconf 84' lang='lat' dir='ltr'><strong>gradum</strong></span> <span class='ocrx_word' id='word_1_597' title='bbox 2502 5791 2851 5856; x_wconf 85' lang='lat' dir='ltr'><strong>perfectionis</strong></span> <span class='ocrx_word' id='word_1_598' title='bbox 2892 5795 3153 5865; x_wconf 82' lang='lat' dir='ltr'><strong>attingat,</strong></span> <span class='ocrx_word' id='word_1_599' title='bbox 3206 5816 3424 5871; x_wconf 88' lang='lat' dir='ltr'><strong>semper</strong></span> 
     </span>
    </p>
   </div>
   <div class='ocr_carea' id='block_1_120' title="bbox 1828 5876 3424 5962">
    <p class='ocr_par' dir='ltr' id='par_1_120' title="bbox 1828 5876 3424 5962">
     <span class='ocr_line' id='line_1_120' title="bbox 1828 5876 3424 5962; baseline 0.013 -34"><span class='ocrx_word' id='word_1_600' title='bbox 1828 5883 2008 5930; x_wconf 86' lang='lat' dir='ltr'><strong>tamen</strong></span> <span class='ocrx_word' id='word_1_601' title='bbox 2050 5876 2251 5931; x_wconf 88' lang='lat' dir='ltr'><strong>invenit</strong></span> <span class='ocrx_word' id='word_1_602' title='bbox 2291 5878 2435 5946; x_wconf 89' lang='lat' dir='ltr'><strong>quod</strong></span> <span class='ocrx_word' id='word_1_603' title='bbox 2480 5891 2722 5949; x_wconf 81' lang='lat' dir='ltr'><strong>crescat,</strong></span> <span class='ocrx_word' id='word_1_604' title='bbox 2777 5892 2835 5938; x_wconf 91' lang='lat' dir='ltr'><strong>ut</strong></span> <span class='ocrx_word' id='word_1_605' title='bbox 2879 5900 2974 5956; x_wconf 89' lang='lat' dir='ltr'><strong>per</strong></span> <span class='ocrx_word' id='word_1_606' title='bbox 3014 5886 3130 5944; x_wconf 90' lang='lat' dir='ltr'><strong>dies</strong></span> <span class='ocrx_word' id='word_1_607' title='bbox 3179 5890 3424 5962; x_wconf 70' lang='lat' dir='ltr'><strong>singulos</strong></span> 
     </span>
    </p>
   </div>
   <div class='ocr_carea' id='block_1_121' title="bbox 1829 5970 2372 6041">
    <p class='ocr_par' dir='ltr' id='par_1_121' title="bbox 1829 5970 2372 6041">
     <span class='ocr_line' id='line_1_121' title="bbox 1829 5970 2372 6041; baseline 0.002 -16"><span class='ocrx_word' id='word_1_608' title='bbox 1829 5971 2010 6041; x_wconf 79' lang='lat' dir='ltr'><strong>seipse</strong></span> <span class='ocrx_word' id='word_1_609' title='bbox 2039 5970 2228 6026; x_wconf 90' lang='lat' dir='ltr'><strong>melior</strong></span> <span class='ocrx_word' id='word_1_610' title='bbox 2261 5973 2372 6026; x_wconf 87' lang='lat' dir='ltr'><strong>hat.</strong></span> 
     </span>
    </p>
   </div>
  </div>
