4194 6540
732 395 836 454 659

1693 398 2115 456 DEFENSORIS
2156 398 2685 457 LOCOCIAGENSIS
2723 400 3026 456 MONACHI

3892 397 3995 453 660

799 514 871 571 Et
893 515 1078 587 quanti
1106 529 1374 585 pauperes
1417 516 1469 569 in
1519 516 1651 571 locis
1679 515 1768 570 ubi
1801 516 1914 584 ipse
1943 515 2171 580 habitat,
2219 513 2310 568 illo
2333 518 2388 576 Α
2414 513 2602 576 libera,
2637 530 2758 568 cum
2785 513 3065 569 desideriis
3095 512 3254 569 huius
3297 513 3479 568 mundi
3525 522 3580 568 et
3621 511 3998 584 cupiditatibus

728 607 992 664 decimam
1022 622 1130 663 non
1159 607 1340 674 dante,
1372 609 1512 662 fame
1560 608 1756 663 mortui
1787 607 2005 676 fuerint,
2034 615 2307 662 tantorum

728 699 1142 755 homicidiorum
1173 715 1299 755 reus
1328 709 1452 754 ante
1479 699 1712 754 tribunal
1751 699 1938 755 teterni
1979 698 2175 768 judicis
2215 713 2311 767 ap-

727 791 960 862 parebit,
992 791 1121 860 quia
1148 806 1261 846 rem
1291 807 1322 845 a
1351 789 1463 846 Deo
1493 791 1817 862 pauperibus
1856 790 2158 860 delegatam
2200 792 2311 848 suis

726 884 915 939 usibus
935 883 1248 939 reservavit.

802 971 904 1039 Qui
927 987 1056 1041 ergo
1077 973 1178 1028 sibi
1206 981 1299 1028 aut
1318 975 1594 1043 prmmium
1622 990 1958 1044 comparare,
1987 987 2076 1031 aut
2113 991 2309 1046 pecca-

728 1071 909 1118 torum
937 1063 1208 1120 desiderat
1236 1065 1621 1134 indulgentiam
1641 1071 1956 1136 promereri,
1989 1067 2178 1124 reddat
2217 1069 2314 1126 de.

729 1157 898 1213 cimas
926 1155 1058 1212 Deo.

805 1250 1179 1320 Unusquisque
1208 1249 1564 1314 Christianus,
1593 1259 1649 1304 et
1668 1252 1841 1306 omnis
1863 1251 1996 1307 ordo
2017 1253 2313 1308 catholico-

729 1359 850 1397 rum
877 1344 1040 1398 etiam
1082 1345 1149 1400 de
1177 1359 1370 1399 novem
1402 1346 1644 1414 partibus
1679 1347 1888 1400 studeat
1912 1346 2312 1420 eleemosynam

735 1436 880 1493 'lare.

1276 1572 1540 1628 CAPUT
1581 1573 1762 1628 Χ-ΧΧ.

1310 1686 1386 1740 De
1432 1686 1728 1756 cupiditate.

1386 1838 1664 1878 CHRISTUS.

801 1916 972 1982 Quam
1005 1913 1221 1971 difﬁcile
1261 1924 1343 1970 est
1393 1916 1722 1970 conﬁdentes
1753 1916 1804 1968 in
1836 1915 2077 1984 pecuniis
2130 1916 2184 1969 in
2230 1928 2316 1969 te-

732 2026 898 2080 gnutn
941 2011 1032 2064 Dei
1063 2011 1288 2064 introire
1319 2031 1330 2063 :
1359 2011 1572 2064 dillicile
1601 2010 1688 2077 qui
1736 2009 1990 2079 pecunias
2035 2008 2220 2077 habet,
2263 2007 2318 2063 in

735 2118 962 2172 regnum
987 2103 1081 2158 Dei
1108 2103 1349 2157 introibit
1371 2101 1563 2171 (Marc.
1596 2103 1673 2173 χ).

1416 2211 1636 2248 ΡΛῐιΙῌ.

807 2284 981 2339 Radix
1007 2285 1242 2340 omnium
1277 2285 1538 2338 malorum
1570 2294 1651 2340 est
1675 2284 1938 2353 cupiditas
1967 2303 1978 2337 :
2012 2298 2174 2352 quam
2195 2283 2318 2352 qui-

732 2374 855 2429 dam
886 2384 1218 2443 appetentes,
1250 2385 1566 2428 erraverunt
1595 2392 1621 2427 a
1657 2373 1776 2441 ﬁde,
1810 2383 1864 2430 et
1893 2375 2233 2428 inseruerunt
2261 2388 2321 2429 se

733 2467 1009 2523 doloribus
1031 2467 1208 2522 multis
1239 2466 1291 2536 (1
1320 2467 1450 2521 Tim.
1483 2469 1579 2533 vr).

1401 2573 1656 2613 SALOMON.

805 2647 1024 2704 Semitre
1049 2649 1222 2705 omnis
1250 2652 1397 2704 arari
1458 2651 1662 2705 animas
1691 2648 2079 2720 possidentium
2107 2654 2322 2716 rapiunt

737 2741 921 2810 (l’rov.
953 2743 1015 2812 ι).

808 2837 972 2901 Aqua:
999 2834 1208 2887 furtiva:
1235 2833 1502 2888 dulciores
1524 2842 1669 2896 sunt,
1696 2843 1750 2887 et
1778 2833 1929 2902 panis
1975 2830 2323 2887 absconditus

732 2925 952 2980 suavior
981 2925 1159 2994 (Prov.
1195 2929 1288 2994 ix).

808 3018 1022 3074 Statera
1055 3017 1240 3073 dolosa
1271 3018 1600 3072 abominatio
1622 3026 1703 3072 est
1724 3018 1860 3086 apu'l
1888 3016 2074 3080 Deum,
2101 3024 2156 3072 et
2180 3031 2319 3090 pon-

735 3109 836 3163 dus
863 3123 1075 3178 aequum
1107 3110 1352 3164 voluntas
1381 3112 1497 3176 eius
1524 3108 1700 3179 (Prov.
1730 3109 1829 3178 ιι).

810 3203 1001 3256 Suavis
1033 3203 1235 3257 homini
1265 3203 1418 3272 panis
1447 3203 1731 3268 mendacii,
1773 3209 1961 3272 postea
2012 3201 2318 3273 implebitur
2344 3226 2394 3290 ρ

732 3307 797 3348 os
827 3291 943 3363 ejus
971 3292 1180 3349 calculo
1213 3292 1397 3364 (Prov.
1429 3299 1542 3361 xx).

1322 3400 1475 3438 ιεςυε
1517 3399 1725 3439 SII'IACH.

811 3473 938 3531 Viro
977 3475 1172 3544 cupido
1201 3485 1256 3532 et
1285 3477 1477 3540 tenaci,
1525 3478 1641 3532 sine
1679 3479 1888 3533 ratione
1915 3486 1998 3534 est
2020 3479 2322 3535 substantia

736 3565 937 3636 (Eccle.
970 3570 1102 3628 xw).

813 3657 1132 3714 Insatiabilis
1163 3659 1350 3715 oculus
1379 3661 1557 3729 cupidi
1589 3660 1640 3715 in
1670 3669 1824 3730 parte
1853 3661 2172 3731 iniquitatis,
2211 3677 2319 3716 non

735 3751 1038 3815 satiabitur,
1073 3751 1246 3806 donec
1276 3761 1559 3808 consumat
1589 3751 1884 3808 arefaciens
1909 3753 2140 3807 animam
2170 3768 2323 3808 suam

736 3842 954 3914 (υἱώ).

811 3933 912 4003 Qui
941 3935 1174 3991 aediﬁcat
1200 3935 1416 3992 domum
1449 3937 1732 4007 impendiis
1773 3937 1982 4002 alienis,
2030 3937 2184 4006 quasi
2230 3937 2324 4006 qui

741 4027 946 4094 colligit
978 4028 1182 4097 lapides
1207 4044 1333 4084 suos
1364 4030 1414 4082 in
1444 4029 1622 4084 hieme
1672 4029 1868 4098 (Ercle.
1913 4030 2048 4098 ut).

817 4118 964 4172 Multi
995 4119 1103 4172 dati
1134 4127 1258 4173 sunt
1289 4121 1341 4174 in
1372 4121 1486 4173 auri
1515 4135 1686 4186 casus,
1714 4129 1768 4176 et
1796 4119 1938 4175 facta
1967 4130 2050 4175 est
2072 4119 2124 4175 in
2145 4119 2326 4190 Specie

741 4207 887 4264 illius
911 4197 1144 4280 perditio
1178 4210 1412 4268 illorum.

1389 4316 1693 4356 AMBROSIUS.

817 4391 988 4448 Porro
1017 4393 1279 4462 cupiditas
1306 4405 1468 4461 atque
1505 4395 1775 4464 superbia,
1817 4395 1868 4449 in
1914 4403 2119 4449 tantum
2162 4409 2324 4451 unum

746 4489 830 4538 est
858 4483 1077 4551 malum,
1113 4493 1290 4539 utnec
1318 4485 1579 4554 superbus
1599 4486 1714 4540 sine
1741 4485 2052 4555 cupiditate,
2085 4499 2186 4540 nec
2210 4485 2326 4541 sine

746 4575 1001 4644 superbia
1032 4576 1203 4646 possit
1229 4578 1454 4648 cupidus
1482 4578 1727 4634 inveniri.

1417 4685 1669 4724 lSlDflliUS.

822 4756 985 4812 Gravi
1023 4761 1165 4814 enim
1197 4760 1384 4816 dolare
1420 4764 1756 4826 emittuntur,
1798 4777 1916 4831 qua:
1966 4775 2086 4816 cum
2134 4773 2330 4829 magno

753 4870 939 4910 amore
969 4855 1250 4909 habentur.

827 4946 999 5000 Minus
1057 4955 1232 4999 autem
1289 4945 1583 4999 amittendo
1630 4945 1894 5012 dolemus,
1948 4945 2094 5016 quod
2153 4945 2330 5000 minus

747 5035 1079 5108 posstdendo
1109 5035 1388 5102 diligimus.

823 5129 1060 5182 Gloriam
1093 5128 1441 5196 temporalem
1483 5137 1792 5196 sequentes,
1850 5127 1949 5180 etsi
2007 5127 2158 5182 nitidi
2204 5136 2329 5182 sunt

754 5219 883 5273 loris
932 5218 1136 5285 fulgore
1187 5220 1460 5288 potentia,
1507 5220 1647 5272 intus
1675 5228 1850 5272 tamen
1881 5218 2034 5275 vacui
2063 5226 2184 5271 sunt
2213 5218 2326 5272 ela-

751 5311 903 5362 tione
927 5308 1206 5376 superbiai.

833 5395 930 5461 Qui
956 5400 1007 5452 in
1034 5399 1342 5468 appetendis
1381 5399 1672 5454 honoribus
1701 5401 1900 5464 surculi,
1926 5408 2018 5454 aut
2059 5400 2328 5469 prosperi-

758 5491 958 5544 tatibus
985 5489 1163 5541 mundi
1197 5491 1456 5543 instanter
1479 5489 1700 5544 desudat
1729 5491 1992 5556 laborare,
2045 5490 2131 5544 hic
2173 5498 2226 5543 et
2279 5491 2329 5543 in

754 5579 938 5640 futuro
965 5595 1165 5634 vacuus
1198 5581 1491 5635 invenietur
1521 5598 1548 5634 a
1581 5583 1784 5650 requie.

829 5672 997 5726 Nemo
1028 5679 1205 5741 potest
1226 5673 1516 5739 sg-iritualia
1547 5674 1682 5728 bello
1714 5674 2005 5744 suscipere,
2055 5674 2152 5729 nisi
2186 5674 2331 5744 prius

756 5766 935 5820 carn's
961 5763 1291 5818 rdomaverit
1319 5763 1653 5832 cupiditates.

829 5849 950 5908 Non
997 5858 1173 5922 potest
1202 5851 1267 5905 ad
1298 5851 1765 5922 contemplandum
1799 5853 1963 5908 Deum
2013 5869 2164 5912 mens
2212 5871 2331 5912 esse

2415 606 2602 661 inhiat.

2484 698 2669 768 Neque
2698 702 2841 756 enim
2886 702 3088 772 poterit
3132 700 3239 755 alta
3271 701 3590 771 conspicere
3619 701 3809 756 oculus
3840 713 3995 770 quem

2414 790 2588 860 pulvis
2617 792 2836 848 claudit.

2485 881 2642 935 Omni
2673 893 2894 951 peccato
2923 882 3080 954 pejor
3105 892 3190 938 est
3233 882 3484 950 avaritia,
3531 888 3587 937 et
3635 897 3790 938 amor
3837 896 3996 952 pecu-

2413 971 2640 1026 niarum.

2485 1060 2761 1130 Cupiditas
2790 1063 3030 1118 omnium
3060 1065 3348 1119 criminum
3394 1070 3567 1119 mater
3620 1071 3721 1118 est.
3774 1060 3917 1130 Ergo
3955 1062 3996 1116 si

2415 1152 2704 1206 succiditur
2749 1169 2921 1210 mater
2978 1157 3288 1225 criminum,
3336 1171 3443 1212 non
3489 1156 3757 1228 pullulant
3796 1166 3997 1211 eaeterm

2414 1245 2629 1300 soboles
2659 1261 2744 1315 pe:
2761 1253 3025 1302 calorum.

2485 1337 2767 1406 Nunquam
2796 1339 2979 1393 satiari
3009 1340 3160 1394 novit
3204 1340 3492 1410 cupiditas,
3539 1354 3755 1408 semper
3805 1352 3998 1395 avarus

2415 1439 2574 1498 eget;
2632 1440 2998 1502 quantumque
3026 1433 3196 1503 magis
3235 1435 3486 1504 acquirit,
3535 1441 3744 1489 tantum
3774 1433 3998 1502 amplius

2415 1523 2623 1592 quairit.

2489 1613 2710 1671 Plurimi
2740 1625 2987 1686 potentes
3039 1627 3187 1672 tanta
3233 1618 3546 1687 cupiditatis
3595 1617 3746 1672 rabie
3794 1616 4000 1671 inﬂam-

2417 1716 2656 1774 mantur,
2681 1718 2736 1762 ut
2757 1709 2823 1762 de
2852 1707 3156 1764 conﬁnibus
3185 1710 3296 1764 suis
3325 1723 3594 1780 pauperes
3621 1707 3932 1763 excludant.

2492 1803 2612 1858 Non
2640 1814 2722 1859 est
2750 1807 2942 1860 mirum
2990 1805 3132 1874 quod
3163 1806 3455 1860 morientes
3484 1805 3536 1859 in
3560 1803 3753 1859 inferni
3799 1803 4005 1870 ignibus

2421 1895 2790 1962 deportentur,
2847 1899 2890 1952 si
2944 1899 3184 1953 viventes
3231 1896 3504 1952 ﬂammam
3549 1896 3860 1966 cupiditatis
3901 1909 4007 1949 sua

2418 1985 2642 2039 minime
2667 1986 3062 2041 exstinxetunt.

2492 2075 2592 2142 Qui
2620 2077 2886 2135 desiderio
2926 2081 3233 2148 cupiditatis
3263 2087 3513 2146 astuant,
3563 2077 3693 2133 ﬂatu
3733 2077 4010 2133 diabolica

2421 2168 2789 2238 inspirationis
2821 2181 3070 2228 uruntur.

3077 2277 3348 2318 EUSEBIUS.

2494 2347 2741 2407 Pecuniae
2789 2353 3054 2424 cupiditas
3111 2355 3433 2424 populorum
3482 2353 3649 2409 corda
3704 2351 4015 2406 mortalium

2422 2453 2662 2514 superat,
2697 2445 2858 2500 etiam
2889 2445 3177 2500 fraternam
3201 2445 3576 2500 necessitatem
3609 2443 3798 2499 violat.

2961 2552 3025 2590 Εἰ
3067 2551 3204 2590 νιτιε
3243 2552 3476 2591 Ρλτιιωι.

2493 2625 2635 2682 Nihil
2681 2627 2901 2698 prodest
2931 2627 3217 2697 pecuniam
3250 2641 3356 2682 non
3389 2625 3610 2690 habere,
3669 2625 3714 2678 si
3766 2622 4017 2679 voluntas

2423 2716 2584 2773 fuerit
2612 2719 2940 2789 possidendi.

2495 2811 2722 2866 Tantum
2775 2811 3095 2880 habeamus,
3140 2815 3403 2879 quantum
3467 2807 3764 2862 necessitas
3821 2803 4014 2875 poscit,

2423 2917 2532 2956 non
2561 2909 2821 2970 quantum
2843 2901 3107 2970 cupiditas
3133 2900 3481 2966 concupiscit.

2495 2991 2639 3046 Nihil
2660 2991 2885 3062 prodest
2913 2992 2964 3046 ei
2986 2991 3199 3046 auditas
3229 2988 3318 3045 cui
3347 2989 3488 3045 inest
3505 2987 3792 3059 cupiditas.

2988 3125 3216 3181 CAPUT
3260 3123 3445 3180 XXXI.

3012 3237 3090 3293 De
3129 3237 3426 3309 disciplina.

3093 3390 3340 3433 JOLNM-ZS.

2493 3467 2608 3538 Ego
2663 3483 2804 3538 quos
2851 3483 3014 3535 amo,
3069 3469 3275 3538 castigo
3330 3474 3388 3522 et
3432 3479 3600 3536 arguo
3655 3464 3876 3534 (Apoc.
3929 3476 4014 3528 in;

2427 3561 2588 3618 Hebr.
2614 3564 2733 3632 xtl).

3097 3666 3322 3709 υυιυε.

2495 3745 2681 3801 Omnis
2705 3753 2885 3801 autem
2915 3745 3198 3815 disciplina
3251 3744 3304 3799 in
3349 3741 3602 3813 prmsenti
3649 3739 3867 3794 videtur
3910 3751 4012 3790 non

2425 3853 2544 3894 esse
2567 3837 2770 3907 gaudii,
2820 3837 2917 3893 sed
2965 3836 3212 3892 interoris
3243 3853 3257 3889 :
3291 3842 3480 3906 postea
3511 3833 3744 3888 fructum
3783 3831 4014 3901 pacatis-

2425 3931 2623 3986 simum
2643 3925 2953 3984 exercitatis
2980 3942 3076 3998 per
3094 3940 3217 3984 eam
3239 3925 3416 3980 reddit
3439 3924 3659 3994 justitia:
3679 3922 3872 3994 (Hebr.
3901 3921 4014 3989 an).

3093 4035 3354 4076 SALOION.

2500 4116 2655 4181 Audi,
2711 4114 2787 4170 illi
2832 4115 2924 4179 mi,
2973 4114 3310 4184 disciplinam
3359 4113 3530 4184 patris
3560 4112 3660 4180 tui,
3709 4120 3770 4166 et
3797 4127 3907 4166 non
3938 4109 4018 4163 di-

2429 4208 2612 4262 mittas
2667 4207 2837 4275 legem
2879 4206 3066 4260 matris
3114 4213 3242 4270 tute,
3284 4211 3343 4260 ut
3378 4203 3606 4258 addatur
3650 4203 3827 4272 gratia
3855 4199 4017 4271 capiti

2427 4306 2543 4362 tuo,
2575 4307 2630 4350 et
2653 4305 2873 4366 torques
2900 4295 3042 4350 collo
3074 4305 3166 4352 tuo
3192 4292 3372 4365 (Prov.
3401 4294 3459 4364 l).

2503 4387 2650 4443 Tene
2673 4386 3030 4457 disciplinam,
3055 4401 3124 4442 ne
3151 4386 3391 4443 dimittas
3415 4400 3535 4441 eam
3564 4402 3578 4439 :
3605 4383 3820 4441 custodi
3849 4383 4017 4448 illam,

2430 4480 2555 4548 quia
2584 4480 2696 4548 ipsa
2728 4487 2810 4533 est
2841 4479 2948 4532 vita
2981 4488 3070 4532 tua
3101 4477 3286 4547 (Prov.
3316 4478 3415 4550 tv).

2349 4591 2404 4652 Β
2508 4569 2747 4638 Accipite
2776 4567 3134 4637 disciplinam,
3165 4576 3218 4622 et
3239 4568 3408 4622 nolite
3431 4567 3668 4637 abjicere
3688 4581 3834 4622 eam.

2507 4661 2627 4716 Noli
2697 4675 2826 4729 ergo
2889 4674 3115 4729 arguere
3175 4660 3473 4717 derisorem
3506 4701 3523 4729 ,
3601 4673 3670 4714 ne
3733 4657 3915 4714 oderit
3965 4664 4022 4714 te

2436 4753 2618 4821 (Prov.
2653 4757 2752 4820 ix).

2504 4844 2680 4912 Argue
2706 4844 3022 4912 sapientem,
3055 4841 3331 4896 clamabit
3358 4849 3409 4897 te
3445 4839 3655 4912 (Ibid.).

2507 4939 2604 5003 Qui
2625 4934 3169 5004 diligitdisciplinam,
3192 4933 3363 5002 diligit
3382 4932 3666 4988 scientiam
3691 4932 3880 5002 (Prov.
3898 4933 4018 5001 xu).

2507 5030 2606 5095 Qui
2671 5035 2846 5081 autem
2902 5026 3014 5080 odit
3071 5026 3540 5095 increpationem,
3611 5024 3874 5095 insipiens
3941 5031 4022 5078 est

2433 5124 2641 5195 (Ibid).

2505 5216 2603 5270 Via
2632 5214 2755 5268 vitze
2783 5211 3103 5267 custodienti
3133 5210 3466 5280 disciplinam
3502 5207 3685 5278 (Prov.
3719 5211 3801 5278 ι).

2504 5307 2602 5372 Qui
2631 5315 2806 5359 autem
2831 5301 3223 5372 increpationes
3243 5300 3540 5370 reliquerit,
3560 5308 3706 5354 errat
3733 5298 3897 5370 (Ibid.
3913 5305 3953 5368 ).

2507 5398 2726 5464 Egestas
2767 5403 2822 5448 et
2874 5391 3166 5462 ignotninia
3213 5392 3263 5446 ei
3295 5392 3387 5460 qui
3431 5391 3632 5445 deserit
3671 5389 4022 5460 disciplinam

2437 5489 2614 5560 (Prov.
2647 5487 2784 5557 xui).

2505 5580 2604 5648 Qui
2636 5589 2816 5634 autem
2847 5575 3142 5646 acquiescit
3172 5574 3440 5643 arguenti,
3461 5572 3776 5641 gloriabitur
3804 5572 4021 5645 (Ibid).

2503 5671 2711 5727 Stultus
2739 5669 2925 5724 irridet
2953 5668 3291 5737 disciplinam
3343 5666 3510 5735 patris
3554 5667 3634 5719 sui
3669 5683 3681 5717 :
3715 5667 3809 5735 qui
3841 5677 4023 5722 autem

2433 5763 2664 5820 custodit
2695 5760 3114 5830 increpationes,
3145 5757 3374 5812 astutior
3406 5755 3497 5810 ﬁet
3529 5756 3708 5825 (Prov.
3744 5759 3857 5830 xv).

2516 5855 2618 5924 Qui
2649 5853 3044 5925 increpationes
3071 5853 3202 5919 odit,
3237 5852 3496 5908 morietur
3519 5849 3701 5921 (Prov.
3737 5854 3893 5925 xvn).
