4194 6602
217 450 304 507 661
1462 431 1966 491 SCINTILLARUM
2009 432 2235 491 LIRER.

3379 426 3488 483 662

281 565 403 620 l'lus
432 562 644 634 prolicit
665 575 768 617 una
797 557 1063 616 correctio
1088 554 1230 626 apud
1259 551 1597 624 prudentem,
1631 563 1791 618 quam
1819 551 1874 608 Α
1974 544 2179 602 liabete
2211 545 2366 600 ﬁdem
2396 544 2488 600 Dei
2521 544 2714 612 (Vare.
2739 544 2837 611 xi).

219 664 428 714 centum
458 656 625 727 plaga:
654 652 792 724 apud
821 653 1041 707 stultum
1070 648 1249 718 (Prov.
1285 644 1434 715 xvu).

808 759 956 800 ιεδυε
995 756 1198 796 SIRACH.

286 843 382 898 Vir
412 842 649 914 prudens
677 849 732 894 et
758 835 1125 908 disciplinatus
1156 847 1266 888 non
1293 825 1651 885 murmurabit
1675 839 1795 880 cor-

221 947 405 1006 reptus
437 933 636 1004 (Eccle.
667 932 747 1002 it).

284 1028 606 1098 Priusquam
637 1027 960 1095 interroges,
992 1035 1059 1075 ne
1099 1019 1372 1089 vituperes
1419 1027 1743 1084 quemquam
1777 1028 1792 1066 :

221 1129 270 1174 ct
295 1135 421 1174 cum
449 1115 886 1186 interrogaveris,
909 1113 1126 1180 corripe
1145 1111 1288 1179 juste
1319 1107 1520 1178 (Eccle.
1551 1105 1650 1178 xi).

286 1214 390 1280 Qui
428 1212 540 1268 odit
561 1208 985 1280 eorreptionem,
1011 1205 1281 1259 minuetur
1303 1201 1411 1255 vita
1435 1199 1629 1271 (Eccle.
1658 1198 1799 1269 nx).

286 1303 518 1374 Corripe
544 1301 800 1365 amicum,
831 1313 976 1368 saepe
1005 1297 1148 1352 enim
1171 1294 1228 1349 lit
1255 1291 1587 1360 commissio,
1615 1300 1670 1348 et
1694 1305 1803 1346 non

223 1397 368 1453 omni
389 1397 554 1451 verbo
580 1394 768 1451 credas
798 1390 1008 1462 (Ibid.).

289 1486 393 1543 Est
421 1485 691 1556 correptio
717 1483 951 1541 mendax
977 1483 1030 1538 in
1062 1482 1140 1536 ira
1171 1476 1545 1535 contumeliosn
1591 1473 1806 1545 (Ieid.).

291 1581 519 1652 Corripe
557 1579 864 1651 proximum
907 1585 1198 1645 antequam
1225 1570 1593 1637 commineris,
1639 1576 1696 1624 et
1735 1565 1806 1621 da

229 1673 402 1728 locum
425 1673 606 1727 timori
637 1669 894 1727 Altissimi
921 1665 1133 1738 (Ibid.).

296 1768 560 1822 Peccator
579 1765 741 1821 homo
757 1763 959 1818 devitat
975 1758 1370 1829 correptionem
1389 1754 1589 1828 (Eccle.
1610 1751 1807 1824 x-xxn).

297 1857 402 1924 Qui
451 1857 564 1912 odit
610 1854 1032 1925 correptionem,
1077 1849 1361 1920 vestigium
1388 1855 1472 1904 est
1507 1843 1809 1900 peccatoris

227 1949 426 2021 (Hrcle.
459 1951 596 2019 xm).

295 2045 435 2097 Nam
482 2043 573 2117 qui
621 2041 776 2098 timet
814 2039 1005 2105 Deum,
1035 2041 1382 2093 convertetur
1425 2031 1496 2088 ad
1531 2044 1628 2087 cor
1653 2042 1809 2085 suum

226 2133 443 2205 llud.»
872 2214 1180 2257 AMBROSIUS.

295 2297 519 2354 Leniter
539 2296 828 2365 castigatus
853 2293 1073 2350 exhibet
1099 2288 1456 2345 reverentiam
1486 2281 1770 2351 castiganti
1795 2297 1810 2339 :

223 2405 418 2458 aspera
449 2397 630 2443 autem
658 2387 1024 2454 increpatione
1055 2381 1312 2444 oli‘ensus,
1354 2390 1454 2432 nec
1482 2372 1815 2444 increpatio-

224 2500 349 2540 nem
380 2483 591 2554 recipit,
628 2497 730 2536 nec
750 2479 997 2535 salutem.

292 2577 555 2631 Sustenta
583 2571 972 2642 arquanimiter,
1016 2574 1077 2622 ut
1124 2563 1385 2630 inﬁrmos,
1440 2573 1576 2629 quos
1631 2570 1814 2612 emen-

225 2667 362 2722 dare
391 2681 502 2721 non
531 2665 789 2735 potueris,
822 2661 1129 2728 castigatos.

296 2758 509 2812 Blanda
538 2758 740 2827 pietate
767 2752 1012 2825 portandi
1031 2756 1158 2806 sunt
1183 2746 1276 2817 qui
1300 2746 1565 2816 increpari
1596 2757 1694 2813 pro
1718 2756 1814 2797 sua

222 2851 545 2907 inﬁrmitate
572 2865 676 2904 non
709 2856 948 2918 possunt.

294 2943 408 2998 Pro
439 2943 756 2997 diversitate
785 2938 1141 3010 peccantium,
1173 2932 1263 2988 alit
1299 2938 1570 3002 portendi,
1603 2926 1694 2981 alii
1720 2941 1813 2980 ca-

219 3036 466 3107 stigandi
497 3045 642 3103 sunt,
672 3035 796 3104 quia
848 3032 1036 3088 modus
1063 3029 1306 3084 diversus
1335 3034 1417 3080 est
1445 3031 1813 3095 peccatorum.

291 3127 457 3181 Tunc
487 3127 628 3180 enim
659 3135 940 3194 protervos
969 3122 1158 3176 melius
1198 3118 1539 3188 corrigimus,
1582 3128 1705 3169 cum
1751 3125 1817 3166 ea

214 3233 339 3288 qua:
382 3218 533 3274 bene
562 3217 737 3286 egisse
761 3231 819 3270 se
848 3215 1072 3270 credunt
1120 3210 1257 3266 mala
1303 3205 1814 3265 demonstravimus.

872 3321 1182 3362 GREGORIUS.

287 3403 442 3457 Sunt
494 3401 734 3456 nonnulli
765 3400 854 3470 qui
883 3396 1260 3466 increpationis
1295 3396 1453 3450 verba
1481 3393 1725 3458 audiunt,
1757 3400 1814 3447 et

211 3495 278 3550 ad
313 3495 700 3565 paenitentiam
729 3494 905 3549 redire
933 3489 1284 3554 contendunt,
1333 3489 1456 3557 quia
1506 3500 1676 3558 prima:
1707 3493 1816 3539 ter-

211 3597 340 3642 rent
364 3603 514 3656 quos
541 3586 778 3654 alioquin
804 3585 1018 3655 praemia
1049 3598 1153 3636 non
1185 3581 1428 3635 iuvit-uit.

284 3679 504 3735 Audiat
541 3677 609 3732 de
640 3691 806 3746 regno
836 3674 976 3745 quod
1023 3681 1187 3740 amet,
1218 3670 1402 3725 audiat
1442 3668 1506 3723 de
1553 3665 1816 3737 supplicio

209 3773 605 3844 unusquisque
633 3769 777 3840 quod
807 3769 990 3823 timeat
1020 3785 1034 3821 :
1057 3774 1116 3822 ut
1142 3765 1188 3820 si
1203 3779 1355 3820 amor
1375 3763 1442 3818 ad
1466 3774 1688 3830 regnum
1712 3773 1819 3812 non

205 3866 424 3930 trahat,
465 3863 631 3917 timor
655 3861 863 3916 invitet.

903 3963 1158 4006 ISIDORUS.

279 4044 607 4102 Salubriter
633 4042 904 4113 accipiunt
928 4041 1077 4110 justi,
1107 4039 1314 4095 auoties
1348 4037 1417 4092 de
1443 4036 1556 4092 suis
1581 4035 1821 4093 excessi-

201 4138 309 4196 bus
334 4146 681 4208 arguuntur.

276 4231 636 4300 Plerumque
662 4228 806 4294 mali,
839 4226 1039 4282 similes
1067 4224 1169 4281 sibi
1207 4225 1261 4279 in
1305 4223 1470 4291 malo,
1498 4221 1816 4279 defendunt.

273 4322 389 4388 Qui
448 4336 558 4390 per
602 4318 794 4373 blanda
825 4318 988 4374 verba
1026 4316 1313 4384 castigatus
1356 4330 1464 4370 non
1514 4313 1818 4382 corrigitur,

1972 636 2072 703 Qui
2103 653 2209 690 non
2255 635 2581 691 li..sitaverit
2616 635 2669 688 in
2714 634 2877 690 corde
2903 649 3024 699 suo,
3075 632 3171 690 sed
3197 633 3490 694 credideM

1899 729 2022 798 quia
2051 728 2405 798 quodcunque
2435 726 2632 781 dixerit
2663 729 2772 792 liat,
2805 724 2896 780 fiet
2917 727 2967 780 ei
2997 723 3212 798 (ﬂint).

1972 823 2074 890 Qui
2116 822 2289 879 credit
2338 823 2392 877 in
2441 822 2632 878 Filium
2666 820 2781 889 Dei,
2821 819 2984 875 habet
3015 820 3178 876 vitam
3226 826 3488 876 aternam

1901 916 2077 989 (Joan.
2110 917 2209 989 ιιι).

1973 1009 2075 1077 Qui
2122 1018 2302 1063 autem
2353 1005 2658 1061 incredulus
2686 1011 2769 1060 est
2812 1003 2972 1069 Filio,
3014 1017 3125 1058 non
3169 1000 3376 1058 videbit
3411 1001 3490 1056 vi-

1903 1110 2034 1169 tam,
2065 1101 2158 1158 sed
2179 1101 2257 1156 ira
2285 1098 2382 1154 Dei
2407 1106 2589 1152 manet
2614 1111 2774 1166 super
2801 1111 2925 1152 eum
2954 1093 3167 1168 (Ibid.).

2583 1203 2826 1243 JACOBUS.

1975 1284 2113 1354 Quid
2141 1284 2398 1356 proderit,
2422 1282 2619 1340 fratres
2657 1281 2785 1346 mei,
2816 1280 2862 1336 si
2889 1278 3047 1337 ﬁdem
3097 1281 3222 1353 quis
3266 1277 3412 1336 dicat
3433 1291 3494 1335 se

1907 1379 2129 1446 habere,
2154 1394 2320 1447 Opera
2344 1386 2524 1433 autem
2552 1393 2660 1433 non
2688 1376 2923 1432 habeat?

1980 1470 2228 1540 Nunquid
2256 1471 2452 1540 poterit
2479 1470 2609 1526 lides
2634 1470 2844 1526 salvare
2873 1485 2996 1526 eum
3026 1467 3260 1542 (Ibid.)?

1981 1562 2138 1617 Fides
2166 1562 2282 1616 sine
2311 1561 2563 1629 Operibus
2589 1563 2765 1616 otiosa
2795 1569 2879 1615 est
2903 1559 3119 1630 (Ibid.).

1981 1651 2132 1708 Sicut
2161 1653 2306 1706 enim
2334 1666 2530 1720 corpus
2575 1651 2695 1705 sine
2740 1651 2934 1722 spiritu
2964 1659 3236 1707 mortuum
3280 1659 3381 1719 est,
3415 1652 3493 1709 ita

1912 1743 2044 1800 lides
2071 1744 2190 1799 sine
2215 1743 2470 1814 operibus
2496 1749 2713 1800 mortua
2740 1751 2823 1800 est
2850 1741 3062 1815 (υἱώ),

2589 1850 2810 1892 ΡΑιιωε.

1836 1912 1886 1975 Β
1985 1928 2165 1985 Virtus
2199 1927 2341 1985 enim
2379 1925 2478 1983 Dei
2523 1932 2631 1995 est,
2676 1926 2733 1981 in
2778 1925 3007 1982 salutem
3060 1924 3208 1981 omni
3251 1923 3498 1982 credenti

1913 2021 2089 2092 (Rom.
2122 2021 2218 2092 ιν).

1981 2113 2146 2181 Igitur
2170 2113 2260 2182 qui
2292 2127 2359 2168 ex
2392 2112 2493 2167 ﬁde
2557 2120 2704 2177 sunt,
2749 2109 3139 2167 benedicentur
3182 2123 3304 2165 cum
3352 2106 3500 2164 ﬁdeli

1920 2206 2182 2260 Abraham
2217 2203 2358 2274 (Gal.
2387 2205 2488 2273 ιιι).

1982 2297 2040 2352 In
2072 2298 2320 2353 omnibus
2350 2306 2622 2352 sumentes
2648 2303 2861 2352 scutum
2891 2293 3037 2363 ﬁdei,
3069 2303 3125 2351 et
3157 2295 3365 2362 galeam
3414 2308 3505 2347 εει-

1914 2388 2040 2446 lutis
2082 2391 2334 2460 accipite,
2367 2399 2420 2445 et
2449 2389 2684 2458 gladium
2711 2388 2952 2458 spiritus,
2986 2387 3131 2457 quod
3161 2397 3245 2442 est
3275 2387 3500 2440 verbum

1917 2482 2008 2537 Dei
2038 2480 2252 2552 (Ep/ica.
2288 2483 2385 2549 vi).

1984 2572 2111 2628 Sine
2160 2572 2264 2627 ﬁde
2311 2573 2644 2642 impossibile
2689 2580 2770 2627 est
2823 2571 3036 2641 placere
3084 2571 3215 2625 Deo.
3263 2569 3499 2627 Credere

1915 2664 2060 2720 enim
2091 2672 2314 2729 oportet
2344 2664 2702 2720 accedentem
2740 2663 2808 2719 ad
2836 2662 3026 2729 Deum,
3055 2663 3180 2730 quia
3203 2671 3304 2728 est,
3338 2672 3391 2717 et
3421 2665 3502 2717 in-

1916 2756 2255 2826 quirentibus
2283 2770 2343 2811 se
2371 2764 2747 2811 remunerator
2774 2755 2844 2809 sit
2876 2753 3064 2824 (Hebr.
3093 2754 3191 2825 xi).

2573 2861 2836 2904 SALOION.

1989 2940 2170 2997 Fidem
2201 2941 2416 3012 posside
2445 2955 2567 2996 cum
2609 2939 2860 3010 proximo
2903 2938 2961 2996 in
2985 2946 3301 3012 paupertate
3332 2940 3497 3007 illius,

1917 3041 1978 3090 ut
2005 3043 2059 3090 et
2084 3035 2139 3090 in
2167 3033 2324 3090 bonis
2354 3033 2498 3088 illius
2519 3032 2716 3088 laeteris
2739 3030 2939 3104 (Eata.
2971 3030 3124 3102 χιιι).

2532 3139 2875 3181 AUGUSTINUS.

1992 3217 2050 3273 Si
2070 3218 2214 3273 enim
2229 3217 2410 3287 justus
2433 3225 2517 3274 est
2535 3218 2626 3288 qui
2653 3233 2720 3273 ex
2749 3216 2856 3274 fide
2875 3217 3028 3284 vivit,
3059 3218 3273 3290 iniquus
3299 3228 3382 3274 est
3406 3235 3500 3289 qu.

1843 3279 1893 3345 ο
1921 3324 2032 3365 non
2063 3279 2434 3366 habet‘lldem.

1993 3401 2208 3458 Homini
2252 3402 2416 3470 ﬁdeli,
2447 3410 2592 3459 totus
2621 3401 2854 3459 mundus
2881 3403 3108 3470 divitiae;
3155 3404 3354 3460 infideli
3399 3420 3497 3458 au-

1919 3505 2030 3554 tem
2058 3512 2160 3554 nec
2187 3498 2255 3554 ad
2285 3499 2550 3554 modicum
2588 3499 2783 3553 divitia:
2810 3507 2953 3554 sunt.

1990 3588 2267 3646 Fidelibus
2294 3606 2401 3646 nox
2431 3590 2483 3644 in
2511 3589 2649 3644 diem
2683 3598 2947 3653 mutatur;
2989 3589 3288 3645 intideiibus
3319 3599 3498 3644 autem

1921 3681 2083 3737 etiam
2110 3683 2223 3751 ipsa
2253 3681 2344 3736 lux
2384 3681 2616 3736 tenebrae
2646 3681 2702 3734 lit
2729 3699 2738 3732 :
2774 3696 2942 3749 usque
2972 3681 3107 3736 adeo
3139 3682 3390 3750 praevalet
3426 3680 3489 3734 ll-

1922 3775 2037 3841 des,
2065 3782 2124 3830 ut
2151 3775 2395 3831 homines
2439 3790 2603 3846 super
2643 3789 2790 3830 mare
2841 3773 3064 3844 pedibus
3110 3773 3266 3830 faciat
3306 3776 3497 3830 ambu-

1920 3869 2054 3925 lare.

1991 3959 2184 4031 Magna
2213 3970 2294 4016 est
2324 3961 2474 4028 ﬁdes,
2507 3962 2600 4019 sed
2631 3961 2762 4017 nihil
2791 3961 3031 4032 prodest,
3069 3961 3114 4016 si
3156 3975 3265 4018 non
3295 3961 3498 4015 imbue.

1922 4055 1994 4113 rit
2020 4055 2357 4113 charitatem.

2541 4165 2890 4206 HIERONWUS.

1996 4243 2134 4312 Quid
2170 4243 2392 4316 prodest
2420 4244 2464 4298 si
2505 4245 2669 4315 impie
2715 4256 2879 4313 agens
2917 4243 3087 4299 Deum
3126 4258 3258 4301 voce
3287 4245 3507 4300 invocas

1923 4350 2083 4405 quem
2110 4337 2360 4406 operibus
2387 4350 2549 4403 negas
2567 4338 2586 4387 ’ἒ

197 4412 390 4468 aerius
426 4423 669 4465 necesse
698 4417 780 4464 est
811 4418 870 4462 ut
890 4417 1164 4475 arguatur.

269 4505 419 4558 Cum
457 4502 664 4557 dolore
708 4501 852 4556 enim
887 4497 1247 4556 abscindenda
1293 4504 1418 4554 sunt
1461 4511 1580 4566 quae
1629 4495 1822 4551 leniter

193 4597 385 4653 sanari
420 4610 548 4648 non
575 4599 821 4662 possunt.

267 4689 417 4754 Quia
464 4682 787 4738 admonitus
835 4689 1065 4746 secreto,
1095 4679 1290 4748 corrigi
1343 4678 1410 4734 de
1453 4686 1678 4748 peccato
1723 4694 1821 4734 ne-

191 4777 374 4847 gligit,
411 4772 653 4846 publice
692 4771 994 4840 arguendos
1017 4780 1117 4836 est,
1147 4778 1205 4825 ut
1226 4770 1418 4825 vulnus
1443 4769 1586 4840 quod
1609 4770 1820 4825 occulte

193 4867 383 4922 sanari
417 4863 636 4927 nescit,
670 4860 950 4916 manifeste
974 4861 1167 4917 debeat
1189 4859 1481 4915 emendari.

266 4960 474 5015 Palam
532 4963 665 5011 sunt
713 4955 975 5025 arguendi
1014 4957 1104 5025 qui
1152 4956 1324 5024 palam
1357 4964 1573 5021 nocent,
1609 4963 1668 5009 ut
1692 4956 1818 5011 dum

189 5062 390 5123 aperta
422 5048 827 5119 objurgatione
861 5057 1138 5113 sanantur,
1185 5047 1238 5101 hi
1281 5048 1370 5116 qui
1418 5063 1512 5103 eos
1562 5048 1819 5104 imitando

187 5148 596 5218 deliquerunt,
619 5142 983 5210 corrigantur.

267 5243 412 5293 Dum
443 5250 605 5291 unus
631 5232 936 5302 corripitur,
971 5232 1182 5302 plurimi
1213 5233 1586 5288 emendantur.

259 5331 472 5388 Melius
503 5335 602 5382 est
630 5334 689 5379 ut
719 5341 818 5395 pro
849 5325 1137 5378 multorum
1167 5325 1464 5380 salvatione
1510 5341 1648 5380 unus
1690 5340 1820 5381 con-

187 5427 522 5488 demnetur,
582 5432 750 5488 quam
799 5432 897 5487 pro
943 5415 1099 5470 unius
1145 5416 1360 5471 licentia
1406 5417 1560 5473 multi
1610 5417 1822 5474 nericli-

189 5527 401 5576 teritur.

1997 4427 2136 4483 Deus
2167 4429 2218 4483 in
2256 4430 2411 4483 bonis
2440 4429 2690 4499 operibus
2718 4428 2954 4484 ﬁdelium
2985 4445 3091 4482 non
3134 4435 3338 4483 tantum
3371 4444 3504 4483 ton-

1926 4521 2129 4576 siderat
2157 4520 2449 4576 oblationis
2477 4518 2923 4588 magnitudinem.
2956 4528 3214 4588 quantum
3258 4519 3359 4573 ilde
3411 4533 3504 4573 ve-

1845 4646 1902 4708 ι)
1923 4614 2155 4668 ritatem.

2556 4717 2867 4759 αιιεῦοιιιῦε.

1996 4796 2087 4853 Ille
2125 4797 2270 4852 enim
2312 4810 2438 4850 vere
2465 4795 2633 4851 credit
2680 4795 2768 4864 qui
2798 4802 3017 4849 exercet
3047 4793 3327 4857 operando
3356 4792 3507 4862 quod

1924 4889 2128 4944 credit:
2165 4902 2260 4956 per
2296 4886 2453 4942 ﬁdem
2484 4902 2716 4957 namque
2757 4887 2825 4940 ab
2857 4885 3223 4954 omnipotenti
3254 4884 3369 4940 Deo
3406 4899 3503 4940 co-

1923 4979 2246 5047 gnoscimur.

1992 5069 2126 5134 Quid
2154 5068 2373 5137 prodest
2402 5069 2446 5122 si
2493 5067 2666 5122 eidem
2700 5067 3052 5136 Redemptori
3087 5075 3277 5122 nostro
3311 5082 3408 5136 per
3441 5066 3506 5118 ﬁ-

1922 5163 2044 5217 dem
2069 5161 2365 5230 jungimur,
2395 5162 2437 5215 si
2469 5163 2535 5215 ab
2564 5177 2630 5215 eo
2657 5161 2895 5214 moribus
2925 5159 3326 5228 disiungamur?

2584 5270 2836 5308 ISIDORI'S.

1996 5349 2189 5404 Beatus
2229 5357 2309 5403 est
2342 5357 2518 5400 autem
2545 5348 2632 5416 qui
2681 5355 2734 5399 ct
2766 5356 2910 5399 recte
2941 5345 3213 5400 credendo
3252 5346 3390 5398 bene
3422 5343 3505 5399 vi-

1922 5444 2016 5508 vit,
2058 5452 2113 5496 et
2144 5444 2280 5496 bene
2311 5441 2536 5494 vivendo
2571 5439 2723 5493 ﬁdem
2760 5448 2958 5493 rectam
2989 5437 3238 5490 rustmlit.

1992 5537 2322 5590 Christianus
2351 5535 2491 5587 enim
2525 5535 2716 5595 malus,
2751 5533 2876 5585 dum
2909 5531 3200 5585 secundum
3235 5529 3501 5597 Evangelii

1923 5628 2218 5682 doctrinam
2251 5643 2356 5680 non
2389 5626 2539 5688 vivit,
2572 5625 2733 5679 etiam
2766 5625 2934 5694 ipsam
2969 5625 3124 5677 Iidem
3152 5640 3308 5692 quam
3338 5625 3500 5679 verbo

1922 5721 2071 5787 colit,
2104 5722 2292 5776 oborta
2324 5719 2622 5772 tematione
2655 5718 2808 5771 facile
2839 5717 3030 5786 perdit.

1993 5811 2136 5867 Deus
2157 5813 2200 5866 si
2230 5811 2486 5876 creditur,
2519 5810 2708 5864 merito
2743 5809 3018 5862 invocatur
3041 5816 3095 5860 et
3117 5807 3408 5872 quaeritur;
3441 5820 3503 5859 ac

1924 5921 2020 5977 per
2047 5905 2150 5962 hoc
2177 5915 2303 5960 tunc
2331 5901 2568 5973 perfecte
2595 5902 2857 5964 laudatur,
2883 5899 3096 5972 quando
3129 5909 3183 5954 et
3211 5900 3468 5956 credi‘ur.

792 5603 1019 5661 CAPUT
1059 5605 1272 5662 XXXII.

911 5695 990 5751 De
1026 5698 1148 5768 ﬁde.

895 5825 1165 5866 CHRISTUS.

256 5912 467 5971 Omnia
501 5902 800 5982 possibilia
829 5914 951 5959 sunt
981 5904 1219 5960 credenti
1251 5903 1447 5975 (Marc.
1481 5904 1578 5977 ix).
