4194 6548
728 418 836 475 665

1761 394 2184 455 DEFENSORIS
2223 389 2761 453 LOCOCIAGENSIS
2800 391 3107 450 MONACIII

3903 389 4007 446 σω

800 530 962 588 Fides
999 538 1338 599 nequaquam
1362 521 1414 578 vi
1444 522 1820 586 extorquetur,
1865 513 1960 570 sed
1989 512 2202 568 ratione
2228 518 2314 564 at-
2347 511 2396 572 Α
2419 512 2589 581 gratia
2619 529 2633 566 :
2666 519 2724 565 ut
2752 510 2893 566 sicut
2924 507 3168 579 regnavit
3207 514 3488 577 peceatum
3529 501 3585 560 in
3632 511 3894 570 mortem,
3936 506 4008 560 ita

731 639 842 695 que
868 619 1130 690 exemplis
1157 616 1414 672 suadetur
1441 614 1495 666 in
1525 609 1712 666 corde.

808 714 1047 784 ltespicit
1072 712 1214 766 Deus
1253 708 1433 772 ﬁdem,
1463 705 1553 759 ubi
1581 718 1640 758 se
1670 716 1775 756 non
1803 706 2032 769 possunt
2073 697 2321 752 homines

733 822 996 865 excusare
1022 825 1035 858 :
1062 804 1191 859 iides
1208 801 1351 857 enim
1373 814 1492 870 qua:
1511 795 1673 852 corde
1695 793 1961 849 retinetur
1981 788 2320 846 confessione

733 903 847 956 oris
875 900 940 954 ad
971 898 1198 953 salutem
1225 895 1519 964 profertur.

806 993 956 1047 Multi
990 988 1149 1044 ﬁdem
1175 987 1374 1043 Christi
1400 1001 1466 1040 ex
1493 981 1659 1038 corde
1700 995 1810 1035 non
1843 984 2046 1038 amant,
2090 975 2186 1030 sed
2216 975 2318 1028 hu-

734 1100 894 1141 mano
927 1092 1152 1142 terrore.
1186 1078 1428 1135 eamdem
1455 1091 1553 1146 per
1582 1072 1911 1145 hypocrisim
1945 1077 2130 1124 tenere
2158 1082 2218 1121 se
2243 1066 2321 1121 si-

735 1166 980 1234 mulant:
1011 1184 1066 1231 et
1109 1175 1196 1244 qui
1241 1187 1361 1228 esse
1393 1186 1504 1225 non
1549 1173 1774 1239 possunt
1817 1171 2006 1236 aperte
2045 1160 2193 1228 mali,
2225 1174 2323 1229 per

736 1284 999 1329 terrorem
1031 1271 1152 1324 ticte
1174 1270 1472 1323 noscuntur
1496 1261 1646 1317 boni.

1283 1378 1506 1437 CAPUT
1532 1374 1768 1432 XXXIII.

1422 1469 1501 1524 De
1528 1485 1638 1539 spe.

1418 1577 1639 1620 PAULUS.

807 1670 917 1725 Nos
946 1665 1045 1737 ipsi
1071 1661 1336 1736 primitias
1366 1659 1588 1729 spiritus
1618 1654 1899 1716 habentes,
1947 1654 2327 1718 exspectamus

734 1762 1203 1834 redemptionem:
1226 1771 1323 1826 spe
1343 1753 1484 1810 enim
1499 1750 1633 1807 salvi
1653 1747 1778 1803 facti
1793 1762 1976 1802 sumus
1991 1745 2169 1816 (Rom.
2187 1742 2324 1811 vin).

807 1857 940 1926 Spes
962 1864 1140 1910 autem
1168 1867 1286 1921 qua:
1309 1848 1666 1914 videtur,uon
1697 1851 1779 1898 est
1807 1855 1932 1912 spes
1963 1839 2179 1909 (lbid.).

805 1951 939 2006 Nam
968 1946 1109 2014 quod
1133 1945 1276 1998 videt
1304 1941 1444 2012 quis,
1475 1937 1602 2008 quid
1634 1943 1814 2006 sperat
1843 1931 2079 2002 (Ibid.)?

807 2045 862 2099 Si
890 2053 1068 2097 autem
1093 2037 1236 2108 quod
1261 2052 1368 2091 non
1398 2033 1643 2088 videmus
1669 2042 1969 2100 speramus,
2002 2039 2101 2097 per
2120 2024 2330 2095 patien-

733 2134 865 2191 tiam
897 2136 1277 2201 exspectamus
1303 2121 1517 2196 (Ibid.).

1409 2231 1650 2272 JACOBUS.

807 2317 908 2384 Qui
941 2317 1083 2371 enim
1115 2313 1345 2376 haesitat,
1379 2309 1568 2363 similis
1607 2313 1689 2361 est
1736 2302 1918 2359 ﬂuctui
1964 2301 2150 2365 maris.
2180 2298 2270 2369 qui
2299 2313 2329 2351 a

733 2420 902 2466 vento
933 2413 1180 2463 movetur
1205 2412 1259 2460 et
1285 2400 1660 2458 circumfertur
1695 2394 1899 2466 (Iacob.
1927 2396 1992 2464 ι).

1404 2507 1668 2549 ελιοιιοκ.

814 2595 1167 2669 Exspectatio
1186 2593 1473 2662 iustorum,
1500 2586 1683 2642 laetitia
1709 2601 1721 2636 :
1747 2598 1871 2655 spes
1899 2579 2186 2652 impiorum
2205 2593 2333 2650 per-

738 2691 837 2752 ibit
865 2692 1045 2761 (Prov.
1082 2690 1158 2754 ι).

811 2789 947 2856 Spes
976 2798 1095 2855 qua
1118 2778 1378 2848 diil‘crtnr,
1413 2774 1600 2843 atiligit
1629 2785 1862 2826 animam
1888 2768 2072 2838 (Prov.
2099 2765 2242 2836 χιιι).

1393 2879 1669 2922 οιιιςιεκες.

813 2969 995 3036 Neque
1035 2964 1180 3020 salus
1210 2977 1332 3017 esse
1379 2959 1630 3026 cuiquam
1663 2962 1864 3026 potest.
1905 2951 2007 3008 nisi
2039 2951 2188 3022 prius
2233 2947 2336 3003 sibi

739 3060 1034 3136 propitimn
1064 3057 1222 3110 faciat
1256 3052 1564 3108 Dominum.

1409 3159 1645 3200 ISIDORUS

815 3248 914 3314 Qui
930 3247 1066 3300 male
1086 3256 1243 3310 agere
1259 3255 1363 3294 non
1378 3238 1664 3299 desistunt,
1686 3247 1820 3286 vana
1835 3245 1930 3300 spe
1946 3229 2334 3298 indulgentiam

741 3341 811 3394 de
858 3338 950 3392 Dei
993 3336 1194 3405 pietate
1225 3330 1523 3398 requirunt,
1557 3340 1717 3396 quam
1750 3329 1898 3378 recte
1923 3330 2253 3392 quaererent,
2295 3329 2341 3376 si

743 3431 814 3485 ab
841 3429 1050 3482 actione
1073 3439 1236 3495 prava
1260 3425 1554 3475 cessarent.

820 3519 1166 3579 Metucmlum
1207 3514 1363 3570 valde
1397 3520 1482 3568 est
1525 3520 1582 3565 ut
1609 3524 1787 3578 neque
1832 3524 1929 3580 per
1970 3523 2119 3577 spem
2144 3507 2341 3574 veniae,

747 3630 910 3688 quam
943 3608 1209 3683 promittit
1241 3607 1401 3672 Deus,
1449 3611 1861 3674 perseveranter
1891 3615 2204 3669 peccemus;
2243 3613 2341 3652 ne-

751 3720 859 3777 que
882 3705 1006 3773 quia
1023 3701 1168 3770 juste
1182 3705 1404 3769 peccata
1425 3693 1715 3761 distringit,
1731 3692 1941 3747 veniam
1960 3690 2340 3758 desperemus:

749 3795 869 3859 sed,
894 3803 1122 3862 utroque
1149 3788 1391 3860 periculo
1421 3785 1646 3850 evitato,
1677 3790 1732 3837 et
1757 3798 1785 3836 a
1817 3780 1961 3836 malo
1989 3779 2342 3842 declinemus,

751 3898 808 3944 ct
837 3887 903 3940 de
928 3887 1128 3955 pietate
1153 3880 1248 3935 Dei
1278 3878 1491 3935 veniam
1521 3889 1822 3946 speremus.

825 3980 1010 4034 Omnis
1049 3976 1247 4045 quippe
1279 3973 1454 4039 justus
1482 3983 1578 4038 spe
1608 3975 1666 4022 et
1695 3964 1982 4020 formidine
2025 3961 2188 4028 nitet;
2221 3961 2347 4030 quia

752 4091 899 4131 nunc
927 4072 1074 4126 illum
1101 4069 1165 4120 ad
1196 4064 1450 4134 gaudium
1477 4076 1602 4131 spes
1629 4059 1805 4128 erigit,
1842 4071 1983 4111 nunc
2011 4055 2076 4109 ad
2108 4053 2348 4109 formidi-

755 4180 881 4222 nem
907 4172 1082 4216 terror
1103 4165 1361 4226 gehennae
1393 4153 1628 4208 adducit.

830 4255 932 4322 Qui
984 4252 1127 4306 enim
1175 4248 1386 4302 veniam
1431 4244 1497 4297 de
1545 4250 1769 4312 peccato
1819 4238 2092 4309 desperat,
2129 4239 2246 4307 plus
2283 4235 2352 4290 de

758 4344 1146 4415 desperatione
1175 4352 1336 4407 quam
1368 4335 1436 4388 de
1464 4333 1756 4389 connnisso
1784 4330 1993 4386 scelere
2022 4345 2081 4385 se
2109 4329 2351 4385 damnat.

836 4435 1154 4506 l-‘esperatio
1179 4436 1339 4498 anget
1369 4435 1670 4496 peccatum.

837 4525 1156 4598 Desperatio
1183 4520 1335 4589 pejor
1359 4525 1441 4571 est
1466 4516 1613 4569 omni
1640 4520 1884 4584 peccato.

835 4619 1060 4686 tiorrige
1083 4615 1243 4682 igitur
1261 4611 1510 4678 teipsum,
1529 4602 1941 4672 etindulgentize
1963 4601 2160 4655 habeto
2180 4613 2350 4668 spem.
2384 4621 2441 4684 Β

839 4712 994 4768 Nulla
1026 4718 1133 4762 tam
1177 4703 1354 4770 gravis
1395 4707 1476 4755 est
1505 4697 1684 4769 culpa,
1717 4709 1837 4764 qum
1868 4708 1974 4748 non
2024 4690 2221 4745 habeat
2264 4702 2356 4742 vc-

769 4810 934 4866 niam.

773 4993 924 5047 tione
952 4981 1265 5053 suSpendat.

850 5084 1182 5135 incessanter
1232 5075 1282 5126 in
1331 5069 1496 5126 corde
1528 5077 1620 5121 tuo
1666 5078 1790 5133 spes
1833 5069 1887 5115 et
1924 5059 2156 5115 formido
2184 5058 2360 5114 consi-

778 5179 947 5235 stant,
977 5167 1178 5240 pariter
1205 5164 1316 5217 sint
1349 5162 1400 5215 in
1433 5169 1487 5213 te
1519 5159 1680 5211 timor
1708 5163 1871 5222 atque
1901 5151 2110 5206 tiducia.

1323 5269 1550 5326 CAPUT
1592 5265 1825 5322 XXXIV.

1419 5363 1494 5415 De
1535 5361 1725 5432 gratia.

1439 5469 1708 5510 CHRISTUS.

858 5558 1036 5616 Gratis
1065 5552 1364 5620 accepistis,
1395 5548 1560 5617 gratis
1586 5545 1708 5597 date
1743 5542 1954 5609 (Matth.
1987 5538 2064 5609 x).

859 5651 1043 5706 Gratia
1095 5655 1147 5700 ct
1191 5645 1385 5697 veritas
1426 5656 1523 5709 per
1558 5638 1738 5693 Jesnm
1787 5632 2057 5687 Christum
2107 5629 2244 5685 facta
2290 5640 2370 5687 est

788 5744 972 5832 (icon.
997 5744 1055 5807 t).
1483 5817 1600 5855 mm
1622 5813 1677 5853 uc

874 5909 971 5966 Ubi
1015 5915 1189 5960 autem
1234 5900 1520 5957 abundavit
1571 5903 1870 5967 peccatum.
1917 5889 2374 5962 superabundavit

844 4897 997 4954 Nulla
1043 4901 1095 4945 te
1133 4887 1391 4943 securitas
1435 4884 1722 4952 deceptum
1762 4893 1791 4931 a
1828 4874 2157 4942 paenitentia:
2185 4873 2360 4927 inten-

2424 613 2480 660 ct
2515 605 2686 674 gratia
2735 613 2927 674 regnet
2970 617 3069 674 per
3123 601 3391 672 justitiam
3438 600 3494 656 in
3535 599 3704 656 vitam
3745 607 4006 656 aternam

2423 698 2600 768 (Rom.
2631 699 2688 767 v)

2493 791 2770 862 Stipendia
2811 791 2955 847 enim
2983 789 3211 859 peccati,
3242 803 3389 844 mors
3416 805 3431 854 ;
3463 786 3633 855 gratia
3661 793 3847 842 autem
3888 786 4006 856 Dei,

2421 885 2530 940 vita
2559 894 2759 940 aeterna
2788 882 2966 953 (Rom.
2995 883 3092 952 vi).

2494 975 2794 1046 Unicuique
2839 987 3022 1032 autem
3053 984 3300 1031 nostrum
3326 974 3452 1030 data
3482 981 3568 1029 est
3595 972 3768 1044 gratia
3809 985 4005 1028 secun-

2420 1073 2549 1126 dum
2578 1084 2886 1126 mensuram
2913 1067 3219 1125 donationis
3237 1066 3436 1122 Christi
3461 1065 3678 1138 (Ephes.
3711 1063 3813 1134 tv).

3087 1177 3148 1217 SA
3154 1176 3325 1217 LOION
3331 1201 3344 1214 .

2495 1257 2597 1324 Qui
2614 1257 2788 1312 bonus
2798 1263 2901 1320 est,
2919 1269 2948 1309 a
2962 1255 3191 1310 Domino
3203 1251 3656 1320 haurietgratiam
3679 1249 3864 1320 (Prov.
3885 1249 4007 1318 xu).

2494 1350 2646 1407 Oculi
2679 1351 2756 1404 tui
2785 1350 2897 1404 vias
2922 1347 3135 1402 Domini
3178 1344 3504 1408 custodiant,
3539 1352 3599 1398 ut
3625 1341 3856 1398 addatur
3884 1354 4010 1411 grao

2428 1447 2500 1499 tia
2531 1443 2695 1513 capiti
2726 1451 2842 1498 tuo.

2499 1535 2685 1590 Gratia
2714 1533 2874 1588 datur
2899 1534 2953 1588 in
2980 1541 3270 1602 conspectu
3295 1531 3473 1588 omnis
3499 1531 3753 1586 viventis.

2501 1627 2598 1682 Est
2624 1625 2798 1689 datus.
2829 1626 2914 1680 cui
2947 1641 3055 1680 non
3085 1633 3168 1682 est
3194 1624 3371 1691 utilis;
3400 1633 3456 1679 et
3481 1631 3564 1679 est
3593 1621 3772 1686 datus,
3804 1619 3894 1676 cui
3923 1634 4010 1675 re-

2432 1719 2654 1774 tributio
2676 1717 2870 1788 duplex
2893 1725 2976 1772 est

3061 1821 3377 1865 οιιιεςοιιιυε.

2358 1887 2406 1950 Β
2506 1904 2763 1959 Dominus
2791 1904 2881 1972 qui
2915 1903 3119 1958 talenta
3148 1901 3398 1966 contulit,
3446 1901 3714 1956 rationem
3744 1899 4018 1970 positurus

2431 1999 2609 2054 redit:
2643 1997 2767 2065 quia
2810 1995 2856 2049 is
2896 1995 2990 2063 qui
3021 2007 3163 2048 nunc
3197 1992 3284 2063 pie
3311 1991 3574 2062 spiritalia
3617 1990 3763 2047 dona
3802 1990 3996 2044 tribuit

2432 2089 2677 2144 districte
2709 2089 2760 2141 in
2789 2086 2990 2155 judicio
3017 2086 3211 2140 merita
3233 2086 3506 2153 exquiret.

2506 2181 2716 2237 Bonum
2753 2178 2897 2248 quod
2925 2178 2978 2231 in
3005 2175 3404 2244 tranquillitate
3431 2175 3680 2241 sumitur,
3713 2175 3767 2229 in
3800 2172 4020 2229 tribula-

2435 2272 2582 2329 tione
2607 2269 3002 2326 manifestatur.

2507 2363 2644 2419 Sunt
2665 2375 2898 2430 namque
2918 2358 3162 2414 nonnulli
3180 2359 3274 2427 qui
3295 2358 3496 2414 donum
3514 2358 3884 2427 intelligentiae
3902 2371 4024 2430 per-

2436 2464 2712 2530 ceperunt,
2743 2455 2835 2510 sed
2864 2453 2981 2509 sola
3011 2467 3130 2522 quae
3159 2452 3339 2507 carnis
3362 2459 3511 2518 sunt,
3535 2451 3774 2522 sapiunt.

3105 2559 3364 2599 ιειιιοιιυε.

2507 2638 2782 2694 Interdum
2811 2635 3162 2708 peccantibus
3185 2635 3359 2699 nobis,
3387 2650 3483 2691 sua
3507 2636 3649 2690 Deus
3681 2634 3825 2689 dona
3856 2643 4028 2689 retra-

2437 2730 2550 2796 hit,
2582 2738 2642 2784 ut
2669 2729 2737 2784 ad
2766 2743 2917 2800 spem
2947 2726 3142 2782 divina:
3171 2726 3572 2796 prepitiationis
3611 2741 3764 2780 mens
3792 2725 4028 2781 humana

2438 2829 2745 2890 consurgat.

2511 2912 2592 2967 Ab
2640 2911 2734 2965 illo
2769 2910 2913 2965 enim
2959 2909 3115 2964 nobis
3164 2909 3342 2963 omnia
3384 2909 3543 2973 bona,
3595 2911 3770 2978 gratia
3818 2923 4028 2981 praere-

2439 3002 2643 3064 niente,
2669 3003 2957 3056 donantur.

2513 3091 2794 3146 Profectus
2826 3092 3059 3148 hominis
3087 3093 3287 3148 donum
3316 3093 3411 3148 Dei
3439 3104 3540 3157 cst,
3572 3109 3671 3149 nec
3701 3108 3730 3148 a
3763 3109 3823 3148 se
3854 3101 4035 3164 potest

2439 3185 2746 3253 quisquam,
2791 3186 2882 3239 sel
2913 3200 2942 3238 a
2975 3185 3204 3238 Domino
3248 3185 3462 3254 corrigi.
3516 3185 3629 3240 Non
3680 3187 3824 3239 enim
3876 3185 4031 3256 quid-

2369 3267 2417 3332 C
2446 3291 2607 3346 quam
2636 3276 2762 3332 boni
2790 3276 2954 3330 habet
2979 3277 3252 3346 proprium
3285 3277 3469 3340 homo.
3505 3280 3662 3348 cujus
3686 3278 3774 3333 via
3804 3294 3917 3333 non
3945 3287 4031 3335 est

2445 3384 2580 3439 ejus.

2518 3464 2649 3518 Cum
2677 3463 2904 3532 quisque
2933 3461 3148 3532 aliquod
3177 3461 3378 3516 donum
3410 3461 3504 3517 Dei
3534 3461 3751 3532 accipit,
3781 3476 3894 3516 non
3935 3477 4033 3532 ap-

2447 3563 2598 3625 petat
2638 3553 2866 3623 amplins
2893 3567 3056 3620 quam
3087 3552 3231 3622 quod
3260 3553 3478 3618 meruit,
3531 3568 3597 3605 ne
3636 3551 3766 3606 dum
3814 3552 4036 3608 alterius

2448 3646 2678 3700 membri
2725 3644 2960 3700 cilicium
3011 3645 3254 3715 arripere
3297 3652 3502 3710 tentat,
3549 3643 3602 3699 id
3644 3643 3790 3713 quod
3840 3644 4037 3701 meruit

2451 3737 2657 3809 pcrdat.

2521 3828 2824 3884 Conturbat
2851 3828 2996 3883 enim
3027 3826 3273 3897 corporis
3301 3825 3551 3881 ordinem
3582 3834 3778 3890 totum,
3811 3825 3906 3896 qui
3933 3841 4038 3882 non

2450 3935 2551 3976 suo
2581 3929 2872 3975 contentus
2901 3918 3081 3974 oﬂicio
3110 3918 3342 3988 subripit
3369 3918 3629 3972 alienum.

2502 4009 2679 4081 Quod
2721 4014 2862 4068 enim
2896 4013 3171 4082 sapientes
3210 4027 3419 4074 sumus,
3457 4010 3604 4080 quod
3634 4009 3849 4072 divites.
3897 4011 4041 4082 quod

2457 4115 2704 4174 potentes
2749 4106 3053 4172 existimus,
3101 4119 3210 4160 non
3239 4102 3480 4167 alterius,
3512 4100 3610 4158 sed
3651 4101 3834 4172 potius
3861 4101 4041 4158 divino

2453 4213 2678 4254 munere
2697 4213 2904 4252 sumus.

2531 4292 2756 4347 Utamur
2790 4305 2921 4360 ergo
2967 4289 3170 4360 optime
3199 4289 3398 4345 divinis
3443 4287 3741 4354 beneﬁciis,
3771 4294 4042 4357 quatenus

2456 4392 2514 4440 et
2543 4383 2709 4439 Deum
2741 4398 2848 4438 non
2887 4383 3148 4454 pmniteat
3182 4381 3418 4446 dedisse.
3465 4390 3520 4436 et
3561 4379 3718 4436 nobis
3764 4379 4042 4451 accepisse

2455 4477 2529 4532 sit
2558 4477 2706 4532 utile.

2533 4567 2590 4622 In
2637 4567 2901 4622 divisione
2942 4568 3208 4621 bonorum
3248 4564 3445 4619 diversi
3493 4563 3800 4634 percipiunt
3831 4563 4043 4618 diversa

2464 4663 2558 4718 Dei
2598 4677 2842 4723 munera,
2878 4677 2983 4716 non
3018 4671 3196 4714 tamen
3227 4659 3593 4714 conceduntur
3625 4658 3715 4712 uni
3747 4659 3956 4724 omnia,
3985 4666 4043 4712 ut

2462 4755 2532 4811 sit
2559 4770 2657 4826 pro
2685 4753 2930 4809 utilitatis
2969 4753 3163 4817 studio,
3193 4750 3341 4820 quod
3371 4751 3509 4804 alter
3539 4749 3840 4803 admiretur
3869 4749 3923 4803 in
3966 4749 4044 4803 al—

2463 4857 2602 4903 tero.
2658 4850 2784 4902 Item
2816 4846 2948 4901 dicit
2987 4863 3002 4900 ε
3043 4847 3260 4900 Munera
3287 4845 3579 4913 gratiarum
3626 4841 3730 4895 alia
3781 4843 3894 4907 isti,
3945 4842 4046 4896 alia

2463 4954 2593 4994 vero
2618 4939 2886 4994 donantur
2917 4938 3014 5002 illi,
3040 4952 3140 4992 nec
3163 4936 3359 4990 dantur
3383 4936 3456 4990 ita
3477 4935 3678 4990 habere
3703 4935 3821 5001 uni,
3854 4943 3916 4989 ut
3945 4949 4048 4990 non

2463 5043 2618 5106 egeat
2644 5035 2883 5089 alterius.

2534 5124 2759 5180 Auferre
2801 5124 2942 5178 Deus
2975 5123 3171 5179 dicitur
3216 5124 3422 5179 homini
3463 5122 3664 5177 donum
3698 5122 3845 5192 quod
3888 5123 4050 5176 homo

2465 5233 2572 5275 non
2602 5217 2808 5285 habuit,
2839 5217 2890 5271 id
2917 5224 3020 5283 est,
3049 5215 3194 5285 quod
3222 5215 3467 5286 accipere
3496 5230 3605 5270 non
3638 5213 3857 5269 meruit.

3124 5323 3388 5363 EUSEBIUS.

2538 5403 2688 5460 Sicut
2716 5403 2885 5471 gratia
2921 5403 3086 5470 gratis
3116 5398 3376 5468 accipitur
3405 5413 3434 5452 a
3471 5397 3604 5466 Deo,
3648 5398 3724 5453 ita
3755 5405 3930 5468 gratis
3960 5411 4050 5454 ea-

2468 5494 2588 5551 dem
2621 5493 2970 5550 ministretur.

3016 5601 3243 5660 CAPUT
3284 5600 3499 5656 XXXV.

3066 5693 3145 5748 De
3173 5693 3454 5748 discordia.

3139 5803 3412 5843 CHRISTUS.

2543 5884 2714 5942 Omne
2752 5898 2974 5954 regnum
3004 5881 3231 5938 divisum
3274 5888 3461 5937 contra
3507 5895 3566 5938 se
3595 5879 3976 5939 deselabitur:
4008 5888 4055 5934 et
