4194 6544
133 448 232 511 665

132 657 345 730 (Matth.
380 671 450 709 xu
481 662 535 708 et
565 651 690 706 Luc.
724 650 828 720 ιι).

200 749 433 802 Necesse
459 755 542 799 est
567 745 711 798 enim
744 751 802 796 ut
827 740 1049 796 veniant
1072 736 1322 793 scandala
1354 735 1570 807 (Matth.
1605 733 1685 802 ι).

196 838 581 892 Verumtamen
629 849 708 890 va:
737 831 940 890 homini
969 829 1046 884 illi
1087 843 1184 901 per
1207 842 1369 899 quem
1406 825 1722 882 scandalum

131 934 273 987 venit
305 931 524 1001 (Ibid.).
921 1013 1013 1054 ιω

815 1015 915 1054 PAU
990 1040 1006 1052 .

815 1015 1034 1054 PAULUS.

194 1097 389 1151 Omnia
411 1096 626 1165 quidem
659 1093 856 1150 munda
885 1101 1028 1155 sunt,
1063 1091 1158 1148 sed
1187 1090 1387 1146 malum
1415 1097 1496 1146 est
1519 1089 1723 1144 homini

129 1192 210 1260 qui
244 1205 343 1258 per
369 1187 750 1243 olfendiculum
778 1184 1066 1239 manducat
1093 1180 1276 1250 (Rom.
1308 1183 1444 1246 xw).

194 1281 248 1335 ln
284 1296 418 1350 pace
450 1288 630 1334 autem
660 1276 872 1331 vocavit
893 1290 993 1331 nos
1024 1274 1167 1328 Deus
1198 1272 1251 1344 (1
1285 1272 1408 1326 Cor.
1440 1271 1554 1340 vu).

193 1373 312 1428 Non
345 1372 489 1426 enim
520 1369 874 1426 dissensionis
908 1375 992 1423 est
1023 1366 1184 1431 Deus.
1217 1365 1312 1421 sed
1343 1365 1487 1434 pacis
1513 1363 1563 1435 (I
1597 1362 1718 1419 Cor.

128 1466 254 1533 11v).

195 1558 299 1611 Pax
335 1556 610 1621 fratribus,
639 1563 695 1610 et
719 1553 955 1609 charitas
981 1565 1101 1608 cum
1126 1549 1253 1616 fide,
1285 1563 1314 1602 a
1339 1548 1452 1604 Deo
1480 1546 1639 1604 Patre
1668 1555 1724 1605 et

126 1651 352 1707 Domino
382 1649 511 1705 Jesu
542 1649 759 1704 Christo
793 1647 971 1717 (Rom.
1008 1663 1024 1703 ι
1054 1655 1110 1702 et
1137 1647 1298 1716 Apoc.
1333 1646 1394 1712 ι).

791 1756 1052 1797 εΑιοιιοισ.

191 1837 540 1893 Abominatio
572 1844 656 1892 est
697 1837 928 1892 Domino
957 1835 1097 1890 labia
1127 1833 1404 1889 mendacia
1436 1852 1448 1888 :
1497 1833 1587 1904 qui
1619 1847 1716 1887 au-

120 1937 224 1984 lcm
256 1929 493 1983 fideliter
523 1938 709 1998 agunt,
743 1929 962 1999 placent
993 1930 1103 1983 Deo
1132 1927 1312 1998 (Prov.
1344 1928 1465 1995 xu).

191 2021 283 2075 Vir
347 2021 639 2076 iracundus
683 2029 945 2091 provocat
987 2021 1171 2076 rixas:
1207 2020 1298 2092 qui
1337 2020 1550 2090 patiens
1598 2025 1714 2082 est,

118 2114 326 2180 mitigat
354 2115 645 2168 suscitatas
674 2112 858 2184 (Prov.
883 2116 998 2184 xv).

185 2205 367 2260 Homo
396 2221 687 2275 pervorsus
717 2207 941 2261 suscitat
971 2205 1116 2268 lites,
1142 2211 1197 2259 et
1215 2205 1478 2259 verbosus
1505 2215 1721 2276 separat

116 2298 392 2368 principes
420 2297 604 2367 (Prov.
639 2300 777 2365 xvr).

180 2391 416 2460 Semper
441 2391 618 2459 jurgia
647 2391 838 2461 quaerit
885 2391 1076 2456 malus,
1109 2391 1336 2458 angelus
1365 2399 1545 2447 autem
1591 2406 1718 2447 cru-

113 2480 242 2536 delis
275 2483 530 2536 mittetur
558 2491 746 2537 contra
777 2497 898 2538 eum
935 2481 1116 2552 (Prov.
1149 2485 1312 2552 xvu).

767 2594 1078 2634 CREGOMUS.

180 2670 327 2726 Deus
354 2671 559 2741 quippe
588 2673 640 2725 in
667 2672 876 2726 unitate
899 2681 1001 2737 est,
1037 2680 1094 2728 et
1123 2673 1196 2728 illi
1219 2672 1336 2742 ejus
1364 2673 1589 2740 gratiam
1626 2677 1718 2728 ha-

110 2761 237 2817 bere
266 2771 557 2816 merentur
578 2763 669 2832 qui
700 2778 758 2818 se
786 2764 853 2818 ab
883 2765 1115 2820 invicem
1140 2780 1238 2835 per
1265 2774 1536 2820 sectarum
1562 2781 1717 2820 scan-

110 2855 288 2910 dalum
326 2872 438 2910 non
469 2856 736 2910 dividunt.
773 2859 967 2912 Munus
994 2859 1138 2912 enim
1167 2873 1274 2913 non
1302 2861 1587 2929 accipitur,
1615 2859 1716 2914 nisi

109 2958 232 3004 ante
263 2948 542 3003 discordia
569 2948 638 3002 ab
669 2949 848 3003 animo
878 2949 1129 3020 pellatur.

177 3042 355 3108 Quam
384 3042 565 3110 gravis
591 3050 674 3095 est
697 3041 855 3112 culpa
881 3041 1184 3108 discordiae,
1212 3058 1314 3114 pro
1343 3060 1447 3114 qua
1476 3059 1577 3100 ncc
1599 3061 1716 3100 mu-

107 3148 204 3188 nus
233 3134 525 3202 accipitur.

175 3226 459 3296 Quidquid
489 3229 633 3282 enim
659 3238 949 3300 protervus
973 3232 1056 3286 vel
1081 3231 1330 3301 indignus
1352 3234 1554 3289 amicus
1583 3249 1713 3304 pro-

108 3321 313 3387 tulerit,
368 3321 711 3391 objurgantis
752 3323 900 3379 furor
944 3332 1067 3389 est,
1111 3341 1218 3379 non
1264 3326 1480 3381 dilectio
1531 3341 1716 3382 corre-

107 3412 325 3466 ctiouis.

173 3505 351 3570 Quale
374 3505 491 3574 jam
522 3514 604 3561 est
632 3508 1017 3565 misericordia:
1047 3509 1393 3577 sacriﬁcium,
1425 3509 1568 3580 quod
1599 3525 1719 3566 cum

108 3596 384 3653 discordia
420 3599 656 3669 proximi
685 3599 948 3656 olfertur?

666 3711 897 3769 CAPUT
935 3713 1175 3770 XXXVI.

721 3805 798 3861 De
818 3809 1138 3878 juramento.

787 3914 1057 3954 ειιιιιςτυς.

177 3991 429 4046 Audistis
472 3990 599 4060 quia
638 3990 838 4046 dictum
869 4001 953 4047 est
981 3994 1258 4063 antiquis:
1293 3992 1408 4048 Non
1457 3991 1726 4064 pejerabis

109 4081 326 4151 (Matth.
365 4085 448 4152 ν).

180 4174 403 4230 Reddes
429 4183 614 4230 autem
641 4177 869 4232 Domino
894 4178 1203 4246 juramenta
1238 4185 1326 4231 tua
1363 4175 1574 4246 (Ibid.).

179 4268 293 4335 Ego
325 4278 521 4322 autem
565 4269 687 4324 dico
720 4270 889 4338 vobis,
923 4287 1026 4324 non
1055 4271 1241 4339 jurarc
1273 4271 1519 4335 omnino,
1549 4285 1725 4340 neque

110 4374 202 4430 per
230 4361 466 4423 cmlum,
485 4376 663 4430 neque
692 4376 787 4431 per
817 4371 1018 4416 terram
1047 4361 1260 4430 (Ιὺὲιι.)⁸

178 4454 260 4508 Sit
276 4464 474 4509 autem
496 4469 676 4508 sermo
697 4464 874 4508 vester
891 4473 902 4506 :
920 4453 1010 4508 Est
1024 4465 1126 4519 est,
1145 4454 1260 4507 Non
1279 4470 1384 4508 non
1403 4453 1618 4526 (Matth.
1643 4455 1721 4524 v).

180 4548 334 4616 Quod
362 4557 557 4600 autem
584 4546 663 4599 his
685 4547 1046 4600 abundantius
1065 4555 1167 4610 est,
1184 4561 1212 4599 a
1241 4547 1382 4600 malo
1405 4555 1486 4600 est
1511 4546 1722 4616 (lbid.).

183 4644 281 4709 Qui
309 4644 472 4710 jurat
505 4641 557 4693 in
581 4639 740 4702 coelo,
761 4641 910 4707 jurat
938 4639 989 4696 in
1023 4641 1218 4696 throno
1247 4639 1360 4705 Dei,
1385 4648 1440 4695 et
1467 4641 1518 4696 in
1544 4656 1610 4696 eo
1632 4643 1722 4712 qui
1754 4653 1806 4715 ι)

115 4733 262 4790 sedet
292 4751 472 4792 super
503 4747 628 4787 eum
654 4731 874 4801 (Matth.
912 4736 1090 4803 χχιιι).

827 4841 1046 4881 I'AULUS.

184 4918 454 4975 Homines
489 4919 638 4972 enim
672 4934 767 4987 per
796 4919 1054 4988 majorem
1087 4919 1168 4974 sui
1211 4919 1414 4987 jurant,
1462 4928 1516 4974 et
1555 4920 1732 4975 omnis

115 5017 512 5070 controversiae
554 5029 744 5067 eorum
789 5013 906 5067 linis
953 5013 1020 5067 ad
1068 5013 1533 5070 conﬁrmationem
1578 5012 1729 5082 jura-

119 5117 355 5163 tuentum
390 5117 479 5162 cst
514 5105 704 5173 (Hebr.
739 5109 830 5177 vr).

796 5213 1056 5254 BALOIIOS.

187 5295 287 5362 Qui
325 5303 524 5348 autem
560 5291 819 5345 mentitur
845 5291 996 5346 testis
1027 5299 1109 5346 est
1139 5290 1511 5346 fraudulentus
1542 5289 1727 5361 (Prov.

119 5389 235 5452 xu).

190 5479 461 5536 Juratinni
500 5495 611 5533 non
643 5486 918 5531 assuescat
949 5493 1010 5531 os
1041 5487 1186 5530 tuum
1221 5475 1445 5545 (Ecclcs.
1481 5474 1658 5543 xxut).

193 5574 284 5628 Vir
325 5574 568 5627 multum
610 5570 803 5638 jurans
846 5569 1143 5638 replebitur
1177 5569 1494 5635 iniquitate,
1535 5574 1588 5619 et
1626 5581 1731 5627 non

128 5669 350 5726 discedit
372 5687 400 5723 a
430 5668 607 5721 dumo
635 5667 778 5719 illius
807 5666 957 5733 plaga
985 5663 1196 5733 (1b-id.).

191 5768 243 5820 Si
264 5769 314 5821 in
333 5779 582 5819 vacuum
598 5761 864 5829 iuraverit
882 5762 982 5827 vir,
1009 5756 1730 5828 uonjustiﬁcahitur(lbid.).

191 5856 622 5928 Indisciplinatze
643 5852 872 5921 loquelae
896 5869 999 5906 non
1021 5867 1307 5906 assuescas
1337 5866 1395 5906 os
1427 5859 1570 5904 tuum
1601 5867 1612 5904 :
1655 5857 1737 5904 est

130 5953 261 6010 enim
292 5955 344 6010 iu
378 5953 470 6007 illa
506 5947 741 6005 verbum
774 5945 976 6016 peccati
1014 5943 1227 6017 (lbid.).

1415 431 1927 491 SC'NTILLARUM
1973 430 2194 486 LtllER.

133 562 305 621 omnis
347 558 535 616 civitas
565 556 651 613 vel
681 556 875 612 domus
901 553 1075 610 divisa
1103 557 1292 608 contra
1327 564 1387 606 se
1413 565 1522 606 non
1554 548 1720 604 stabit
1750 549 1802 608 Α

1743 3287 1793 3352 C

3320 435 3428 495 666

2501 560 2751 604 ISIDOBUS.

1901 641 2051 696 Sicut
2079 639 2290 694 mentiri
2314 655 2419 696 non
2448 650 2628 713 potest
2649 642 2740 712 qui
2766 658 2872 700 non
2907 644 3168 716 loquitur,
3193 645 3273 701 sic
3300 661 3424 716 per-

1824 732 2011 806 jurare
2039 749 2145 788 non
2179 734 2380 804 poterit
2408 736 2500 804 qui
2533 752 2640 790 non
2671 738 2877 806 appetit
2901 737 3106 808 jurare.

1903 828 2018 883 Non
2064 837 2147 884 est
2176 838 2368 884 contra
2411 830 2504 885 Dei
2546 841 2880 901 praeceptum
2917 833 3125 901 jurare.
3175 834 3268 888 sed
3301 833 3426 889 :‘um

1830 937 1984 979 Usum
2009 921 2223 990 jurandi
2254 919 2480 978 facimus
2513 924 2736 993 perjurii
2757 924 2964 979 crimen
2993 926 3336 981 incurrimus.

1901 1012 2182 1082 Nunquam
2215 1026 2345 1080 ergo
2363 1014 2528 1083 juret,
2555 1016 2647 1084 qui
2680 1015 2961 1084 perjurare
2983 1017 3155 1070 timet.

1901 1103 2047 1159 Multi
2079 1113 2136 1159 ut
2162 1104 2674 1174 fallautperjurant,
2696 1118 2756 1161 ut
2785 1122 2883 1178 per
2911 1106 3069 1162 ﬁdem
3099 1118 3424 1162 sacramcult

1828 1195 1986 1254 fidem
2021 1197 2219 1254 faciant
2249 1199 2426 1263 verbi,
2461 1200 2645 1270 sicque
2693 1201 2950 1269 fallendo,
2984 1201 3112 1256 dum
3145 1202 3426 1272 pcrjurant

1827 1297 1883 1344 et
1905 1291 2260 1354 mentiuntur,
2290 1290 2537 1345 homines
2566 1290 2862 1360 decipiunt.

1897 1382 2168 1438 interdum
2203 1391 2257 1439 et
2285 1383 2431 1438 falsis
2462 1383 2714 1452 lacrymis
2738 1383 2966 1448 seducti,
2995 1382 3300 1452 decipunur
3327 1404 3338 1438 :
3373 1393 3429 1438 ct

1826 1474 2097 1531 credimus
2127 1473 2251 1529 dum
2284 1475 2517 1545 plorant,
2549 1474 2744 1541 quibus
2772 1473 3099 1530 credendum
3147 1491 3252 1530 non
3283 1487 3423 1532 erat.

1898 1571 2219 1641 Plerumque
2262 1570 2378 1624 sine
2414 1570 2724 1639 juramento
2756 1569 2904 1640 loqui
2934 1571 3289 1640 disponimus,
3327 1573 3425 1628 sed

1826 1670 2209 1727 incredulitate
2254 1684 2442 1724 eorum
2488 1669 2580 1738 qui
2622 1683 2729 1723 non
2760 1668 2987 1724 credunt
3014 1670 3156 1738 quod
3199 1671 3426 1726 dicimus

1821 1764 2008 1834 jurare
2038 1762 2437 1832 compellimur.

1896 1856 2120 1926 Talique
2146 1842 2693 1924 necessitatejuraudi
2708 1855 3156 1910 consuetudinem
3173 1855 3416 1912 facimus.

1746 1921 1794 1984 Β
1894 1949 2030 2005 Sunt
2061 1950 2212 2003 multi
2243 1949 2308 2003 ad
2337 1948 2666 2003 credendum
2691 1948 2849 2018 pigri,
2878 1949 2969 2020 qui
2992 1965 3098 2005 non
3132 1959 3420 2007 moventur

1823 2043 1888 2098 ad
1923 2043 2076 2096 Iidem
2101 2041 2273 2097 verbi.

1895 2131 2145 2187 Graviter
2173 2141 2352 2187 autem
2385 2131 2726 2203 delinquunt,
2760 2132 2851 2202 qui
2881 2133 2983 2189 sibi
3014 2133 3298 2202 loquentes
3323 2133 3413 2203 ju-

1822 2239 1944 2279 rare
1970 2234 2187 2294 cogunt.

1894 2314 2225 2384 Quacunque
2252 2323 2370 2371 arte
2396 2316 2686 2370 verborum
2706 2315 2827 2386 quis
2845 2315 3010 2386 juret,
3044 2317 3183 2371 Deus
3207 2325 3412 2383 tamen,

1822 2410 1912 2477 qui
1957 2409 2304 2464 conscientia:
2337 2408 2488 2463 testis
2515 2415 2617 2475 est,
2650 2408 2722 2463 ita
2753 2408 2858 2464 hoc
2895 2409 3113 2477 accipit,
3161 2410 3299 2464 sicut
3328 2409 3419 2466 ille

1821 2503 1906 2556 cui
1934 2500 2163 2568 juratur,
2199 2500 2469 2568 intelligit.

1893 2589 2188 2660 Dupliciter
2220 2599 2400 2644 autem
2431 2604 2556 2644 reus
2588 2590 2664 2654 lit,
2697 2588 2787 2658 qui
2816 2597 2870 2644 et
2898 2587 2993 2644 Dei
3021 2605 3217 2644 nomen
3243 2591 3293 2646 in
3319 2604 3417 2645 va-

1821 2697 1950 2736 num
1985 2682 2232 2747 assumit,
2268 2691 2321 2737 et
2352 2683 2658 2751 proximum
2690 2681 2815 2734 dolo
2839 2681 3005 2750 capit.

1893 2772 2010 2828 Non
2052 2782 2135 2828 est
2177 2773 2578 2828 observandum
2626 2771 3011 2840 juramentum,
3057 2787 3176 2827 cum
3222 2773 3419 2828 malum

1821 2863 2038 2921 incaute
2069 2866 2407 2935 promittitur
2436 2883 2448 2920 :
2478 2865 2644 2920 veluti
2669 2866 2711 2920 si
2735 2865 3003 2933 quispiam
3027 2865 3284 2920 adulterae
3305 2881 3423 2933 per-

1821 2957 1987 3026 petim
2018 2972 2138 3012 cum
2180 2971 2243 3012 ea
2293 2955 2643 3027 permanendi
2689 2957 2846 3011 ﬁdem
2879 2957 3220 3026 polliceatur.
3255 2956 3417 3011 Tole-

1819 3050 2041 3105 rabilius
2071 3059 2153 3104 est
2196 3051 2336 3104 enim
2387 3065 2494 3102 non
2537 3050 2762 3119 implere
2807 3060 3227 3116 sacramentum,
3259 3063 3419 3118 quam

1819 3158 2139 3214 permanere
2178 3141 2231 3196 in
2260 3140 2429 3211 stupri
2463 3140 2684 3208 flagitio.

2343 3251 2383 3308 C
2398 3253 2437 3306 A
2454 3250 2492 3304 P
2509 3251 2544 3306 U
2563 3251 2604 3305 Τ
2654 3250 2911 3305 XXXVII.

2368 3346 2444 3401 De
2473 3345 2885 3416 cogitationibus.

2479 3456 2749 3495 CHRISTUS.

1896 3537 2050 3592 Beati
2080 3533 2285 3590 mundo
2325 3531 2510 3599 corde,
2544 3533 2802 3602 quoniam
2832 3531 2936 3602 ipsi
2965 3531 3134 3587 Deum
3160 3531 3422 3588 videbunt

1851 3628 2041 3684 Matt/1.
2076 3630 2153 3684 vi.

1851 3629 2041 3684 Matt/1.
2076 3645 2105 3681 ν
2140 3667 2153 3682 .

1823 3629 1844 3701 (
1899 3722 1981 3775 Ab
2026 3630 2170 3776 intt)ts
2217 3721 2360 3776 enim
2406 3719 2472 3774 de
2520 3719 2688 3774 corde
2733 3717 3007 3772 hominum
3065 3715 3424 3784 cogitationes

1830 3815 1986 3869 malae
2014 3814 2332 3885 procedunt,
2358 3813 2649 3879 adulteria,
2675 3811 3084 3876 fornicationes,
3107 3809 3423 3874 homicidia,

1828 3907 1988 3973 furta,
2026 3909 2286 3975 avaritice,
2321 3908 2590 3977 nequitire,
2624 3905 2978 3975 impudicitia,
3008 3904 3197 3958 oculus
3225 3903 3416 3968 malus,

1829 4003 2184 4073 blasphemia,
2217 4003 2497 4073 superbia,
2525 4000 2753 4055 stultitia
2783 3999 2976 4070 (Marc.
3003 3999 3124 4067 vn).

1899 4094 2090 4149 Omnia
2142 4095 2256 4150 lucc
2290 4095 2430 4148 mala
2466 4095 2532 4148 ab
2565 4094 2707 4153 intus
2736 4091 3061 4164 procedunt,
3091 4099 3146 4146 et
3182 4089 3426 4158 coinqui-

1831 4199 1963 4244 nant
1990 4188 2286 4243 hominem.

2522 4274 2740 4314 PETRUS.

1903 4351 2242 4417 Charissimi,
2275 4350 2505 4406 obsecro
2547 4365 2660 4413 vos,
2698 4359 2949 4417 tanquam
2981 4347 3218 4402 advenas
3247 4359 3303 4402 et
3331 4362 3428 4418 pe-

1831 4447 2097 4515 regrinos,
2131 4445 2404 4498 abstinere
2433 4459 2528 4499 vos
2558 4459 2587 4496 a
2615 4443 2925 4498 carnalibus
2955 4441 3261 4510 desideriis,
3303 4457 3426 4512 quas

1831 4539 2066 4594 militant
2093 4537 2350 4592 adversus
2379 4537 2613 4591 animam
2645 4535 2697 4605 (1
2728 4535 2873 4590 Petr.
2905 4538 2984 4590 ul.

2516 4642 2732 4682 ΡΛυιυε.

1910 4724 2158 4780 Charitas
2181 4740 2288 4779 non
2314 4723 2514 4791 cogitat
2538 4721 2762 4786 malum,
2788 4735 2895 4775 non
2920 4719 3118 4788 gaudet
3143 4735 3306 4791 super
3329 4720 3429 4775 ini-

1836 4820 2122 4891 quitatem,
2154 4817 2455 4885 congauch
2482 4822 2660 4868 autem
2695 4813 2905 4868 veritati
2935 4810 2988 4881 (I
3017 4810 3139 4866 Cor.
3165 4815 3302 4880 xm).

1906 4914 2045 4967 Caro
2101 4919 2157 4966 et
2201 4908 2418 4977 sanguis
2466 4919 2691 4974 regnum
2761 4904 2852 4960 Dei
2921 4920 3027 4958 non
3078 4903 3430 4973 possidebunt

1838 5005 1889 5074 (I
1922 5003 2039 5059 Cor.
2079 5004 2189 5071 xv).

1904 5093 2240 5159 Charissimi,
2273 5089 2592 5146 mundemus
2617 5103 2718 5142 nos
2752 5088 2818 5140 ab
2845 5086 2992 5141 omni
3022 5086 3429 5156 inquinamento

1835 5187 2013 5243 carnis
2039 5193 2094 5240 et
2123 5184 2364 5254 spiritus,
2395 5179 2738 5252 perlicientes
2763 5177 3253 5234 sanctilicationem
3283 5177 3331 5230 in
3359 5175 3428 5229 ti-

1835 5292 1986 5334 more
2016 5277 2260 5346 spiritus.

1909 5373 2036 5429 Dico
2066 5378 2246 5426 autem
2291 5367 2479 5437 spiritu
2507 5364 2812 5431 ambulate,
2860 5370 2915 5418 et
2955 5361 3218 5417 desideria
3248 5358 3428 5416 carnis

1838 5483 1941 5524 nou
1966 5463 2250 5536 perlicietis
2277 5460 2416 5532 (Gal.
2447 5462 2526 5530 v).

2491 5565 2751 5607 SALOION.

1905 5655 2006 5721 Qui
2055 5662 2231 5707 autem
2275 5648 2496 5706 conﬁdit
2543 5648 2595 5702 in
2635 5643 3052 5714 cogitationibus
3090 5640 3234 5706 suis,
3266 5638 3429 5708 impie

1837 5750 1946 5819 agit
1972 5747 2149 5818 (Prov.
2185 5749 2301 5813 xu).

1908 5842 2276 5908 Cogitationes
2300 5837 2586 5903 iustorum,
2612 5834 2814 5909 judicia
2842 5851 2854 5888 :
2885 5830 3110 5889 consilia
3135 5827 3426 5900 impiorum

1839 5933 2180 5992 fraudulenta
2215 5930 2430 6003 (lbid.).
