4194 6546
765 435 867 493 667

839 543 1002 600 Dolus
1029 541 1081 594 in
1110 536 1271 592 eorde
1299 533 1644 602 cogitantium
1675 529 1812 583 mala
1844 531 1859 594 (
1898 527 2081 595 Ibid).

839 631 1182 688 Abominatio
1227 636 1304 681 cst
1347 641 1377 679 a
1419 625 1643 679 Domino
1687 621 1939 690 cogitatio
1971 620 2107 673 mala
2149 617 2334 686 (Prov.

769 724 897 794 xv).

845 814 1040 870 Itevela
1070 810 1296 866 Domino
1325 821 1488 876 opera
1515 815 1624 872 tua,
1649 812 1705 859 et
1731 803 2028 872 dirigentur
2053 802 2343 868 cogitatio-

769 919 867 959 nes
897 911 998 956 tua:
1027 900 1208 969 (Prov.
1245 897 1375 968 xvi).

841 993 944 1060 Qui
981 991 1222 1046 attonitis
1253 989 1422 1045 oculis
1448 987 1650 1055 cogitat
1678 1001 1838 1056 prava
1857 1025 1872 1051 ,
1919 980 2182 1038 mordcns‘
2206 983 2344 1037 labia

768 1098 868 1137 sua
902 1081 1112 1152 perlicit
1135 1080 1333 1134 malum
1365 1078 1547 1146 (Prov.
1573 1074 1728 1146 xvu).

841 1174 959 1229 Non
989 1171 1224 1245 praeterit
1272 1169 1552 1223 Dominum
1588 1166 1764 1221 omnis
1799 1168 2083 1233 cogitatus,
2131 1174 2191 1219 et
2240 1179 2346 1219 non

773 1265 1052 1321 abscondit
1079 1278 1137 1318 se
1162 1263 1229 1316 ab
1257 1277 1323 1317 eo
1347 1261 1485 1316 ullus
1512 1275 1687 1315 sermo
1715 1257 1911 1329 (Eccle.
1945 1261 2092 1326 xui).

845 1356 903 1411 ln
947 1354 1362 1425 cogitationibus
1425 1352 1566 1407 enim
1628 1349 1774 1420 impii
1832 1349 2187 1418 interrogatio
2247 1357 2351 1403 erit

773 1447 930 1517 (Sap.
962 1445 1024 1516 ι).

846 1535 1000 1604 lmpii
1027 1544 1205 1588 autem
1249 1530 1540 1587 secundum
1582 1543 1702 1606 qua:
1734 1528 2136 1599 cogitaverunt,
2168 1543 2352 1584 corre-

775 1627 1014 1696 ptionem
1041 1624 1312 1678 habebunt
1342 1621 1498 1692 (Sap.
1528 1623 1630 1690 ιιι).

845 1714 1052 1782 Corpus
1098 1721 1276 1766 autem
1324 1711 1468 1779 quod
1515 1711 1898 1778 corrumpitur,
1937 1717 2198 1786 aggravat
2234 1709 2352 1762 ani-

776 1819 957 1859 mam:
999 1812 1054 1858 et
1103 1803 1352 1872 deprimit
1395 1809 1606 1855 terrena
1636 1799 1899 1863 habitatio
1938 1815 2154 1863 sensum
2184 1801 2350 1862 inuita

775 1895 1098 1964 cogitantem
1134 1893 1286 1965 (δίῳ.
1319 1894 1413 1968 ix).

848 1983 962 2044 Non
1003 2002 1084 2045 est
1111 2000 1377 2056 cogitatus
1404 1988 1688 2058 impiorum
1721 1987 2024 2058 prudentia.

850 2081 948 2146 Qui
979 2081 1278 2134 miuoratur
1302 2080 1485 2141 corde,
1510 2080 1711 2145 cogitat
1741 2077 1940 2143 inania,
1970 2085 2024 2131 et
2055 2077 2133 2130 vir
2161 2077 2352 2148 impru-

777 2173 910 2232 dens
940 2182 994 2228 et
1019 2166 1204 2227 errans
1231 2172 1429 2240 cogitat
1459 2170 1739 2224 stultitiam
1771 2169 1937 2237 (Eccl.
1974 2172 2109 2237 xvi).

850 2267 988 2322 Ante
1016 2275 1224 2335 tempus
1246 2265 1310 2319 ad
1341 2273 1672 2319 senectutem
1701 2264 1849 2318 ducit
1875 2263 2160 2332 cogitatus.

1389 2372 1723 2412 AUGUSTINUS.

848 2448 1016 2505 Nemo
1043 2455 1220 2516 potest
1245 2460 1276 2500 a
1303 2445 1518 2500 diabolo
1541 2446 1736 2514 decipi,
1767 2447 1866 2500 nisi
1889 2447 1976 2516 qui
2001 2446 2238 2513 praebere
2261 2461 2356 2503 voc

780 2541 938 2597 luerit
967 2555 1076 2594 sua;
1102 2539 1393 2593 voluntatis
1421 2552 1717 2591 assensum.

1396 2645 1744 2684 IIIERONYIUS.

853 2721 1100 2777 Potestas
1139 2722 1338 2791 quippe
1379 2721 1600 2788 diaboli,
1631 2736 1737 2774 non
1783 2719 1835 2773 in
1876 2718 2175 2774 temeritate
2216 2719 2356 2775 illius

781 2821 942 2881 atque
966 2812 1249 2880 jactantia,
1277 2813 1370 2865 sed
1397 2810 1449 2864 in
1479 2818 1567 2864 tua
1601 2819 1683 2863 est
1713 2809 2002 2864 voluntate.

854 2905 1106 2959 Diabolus
1135 2919 1228 2973 per
1259 2917 1321 2957 ea
1362 2917 1481 2971 qua:
1511 2910 1698 2972 patere
1726 2901 1899 2965 videt,
1929 2908 2020 2954 aut
2063 2908 2209 2955 certe
2247 2915 2355 2955 non

784 2995 1005 3052 llrmiter
1028 2996 1230 3058 clausa,
1259 2995 1450 3063 quaerit
1473 2995 1786 3063 irrumpere,
1810 3001 1864 3046 et
1884 2991 1950 3045 ad
1980 2992 2147 3061 ipsam
2173 3005 2355 3046 arcem

781 3089 961 3144 cordis
988 3098 1042 3142 et
1070 3088 1260 3142 animm
1289 3086 1587 3155 pervenire.

859 3179 983 3233 Sola
1032 3179 1244 3248 pietatis
1284 3193 1444 3232 causa
1473 3183 1570 3240 est,
1624 3175 1710 3230 ubi
1748 3190 1925 3230 carnis
1967 3174 2110 3230 nulla
2161 3175 2354 3232 notitia

783 3280 888 3326 est.
1298 3255 1300 3259 ’

856 3360 969 3417 Non
991 3361 1133 3416 sinas
1154 3359 1505 3429 cogitationes
1528 3357 1695 3411 malas
1718 3359 1767 3415 in
1791 3358 1950 3412 corde
1975 3367 2066 3411 tuo
2085 3371 2348 3413 crescere.

1439 3465 1700 3505 HILARIIYS.

855 3545 971 3602 Non
1001 3561 1189 3600 omnes
1217 3544 1570 3612 cogitationes
1599 3551 1793 3596 nostra:
1843 3543 1993 3596 mala:
2018 3556 2114 3610 per
2154 3542 2355 3597 diaboli

785 3637 1180 3706 instigationem
1231 3636 1553 3698 excitantur,
1599 3633 1695 3689 sed
1741 3634 2025 3703 aliquoties
2065 3645 2118 3688 et
2169 3643 2355 3688 nostro

787 3739 918 3783 nutu
947 3734 1228 3799 emergunt
1254 3744 1265 3778 :
1299 3726 1452 3780 bona:
1482 3733 1660 3779 autem
1685 3725 2044 3794 cogitationes
2071 3738 2286 3794 semper
2325 3740 2357 3780 a

787 3821 899 3876 Deo
927 3829 1070 3876 sunt.

1410 3924 1612 3964 GREGOB
1622 3923 1698 3962 IUS
1707 3949 1719 3961 .

857 4001 1009 4057 Sicut
1053 4001 1227 4070 capite
1266 4011 1525 4069 reguntur
1567 3999 1843 4063 membra,
1891 3999 1961 4056 ita
2005 3998 2358 4067 cogitationes

788 4101 972 4147 mente
1000 4089 1376 4160 diSponuutur.

860 4181 992 4235 Dum
1021 4180 1160 4233 enim
1185 4180 1234 4232 in
1266 4178 1592 4245 cogitatione
1619 4176 1868 4231 voluntas
1888 4189 1995 4230 non
2022 4175 2355 4245 reprimitur,

788 4273 950 4327 etiam
981 4271 1031 4324 in
1063 4270 1333 4338 agnitione
1362 4269 1683 4323 dominatur.

859 4361 1048 4416 Omnia
1077 4361 1219 4414 enim
1253 4358 1413 4414 corda
1441 4367 1710 4413 scrutatur
1742 4358 2013 4423 Dominus,
2057 4366 2113 4413 et
2137 4359 2359 4416 univer-

790 4468 879 4509 sas
906 4453 1164 4507 mentium
1194 4451 1547 4518 cogitationes
1572 4449 1844 4517 intelligit.

864 4542 1078 4611 Maligni
1124 4542 1324 4611 quippe
1365 4541 1584 4610 spiritus
1637 4539 1871 4609 undique
1914 4541 2144 4595 animam
2190 4554 2361 4610 angu-

794 4641 958 4697 stant,
1002 4631 1213 4700 quando
1257 4631 1305 4685 ei
1355 4645 1461 4684 non
1503 4631 1677 4685 solum
1724 4631 1921 4700 operis,
1977 4647 2158 4686 verum
2193 4634 2356 4690 etiam
2387 4628 2444 4689 D

795 4721 1158 4790 cogitationis,
1189 4729 1349 4789 atque
1389 4720 1606 4789 insuper
1633 4720 1917 4776 locutionis
1943 4722 2250 4792 iniquitates
2276 4740 2363 4780 re-

795 4814 1016 4882 plicattt.

867 4903 1016 4956 Tunc
1058 4901 1199 4955 enim
1230 4901 1280 4954 in
1311 4901 1488 4970 capite
1517 4901 1701 4955 oculos
1747 4901 2024 4966 habemus,
2055 4918 2174 4959 cum
2204 4904 2363 4959 vitam

799 4994 1174 5062 Redemptoris
1202 4992 1368 5047 nostri
1397 4993 1553 5045 tacita
1586 4993 1909 5061 cogitatione
1944 4997 2323 5063 conSpicimus.

869 5085 1004 5150 Quid
1051 5083 1267 5153 prodest
1306 5084 1446 5152 quod
1493 5094 1677 5138 contra
1720 5084 1952 5138 hostium
1990 5087 2209 5142 insidias
2253 5098 2366 5144 tota

797 5177 984 5231 civitas
1010 5171 1330 5238 custoditur,
1376 5175 1418 5227 si
1463 5190 1623 5228 unum
1656 5174 1894 5230 foramen
1927 5186 2170 5246 apertum
2197 5181 2359 5233 relin-

797 5274 1013 5335 quatur,
1041 5264 1180 5317 unde
1209 5263 1274 5316 ab
1305 5263 1544 5318 hostibus
1568 5264 1834 5319 intretur?

869 5355 1039 5410 Omne
1061 5357 1200 5409 enim
1219 5356 1361 5424 quod
1386 5355 1654 5410 subtiliter
1670 5357 1987 5426 cogitamus,
2017 5361 2166 5428 quasi
2190 5371 2368 5417 mente

801 5447 1102 5515 coquimus.

873 5537 1007 5602 Quia
1038 5551 1164 5604 ergo
1202 5537 1252 5589 in
1296 5552 1428 5605 pace
1457 5538 1702 5604 subigere
1749 5539 1925 5592 carnis
1955 5541 2222 5596 oesideria
2266 5558 2368 5598 no-

804 5630 997 5690 lumus,
1030 5628 1304 5698 quomodo
1332 5628 1384 5683 in
1411 5629 1552 5684 bello
1574 5645 1677 5700 pro
1709 5631 1817 5684 Deo
1846 5633 2013 5701 ipsam
2044 5650 2258 5689 carnem
2283 5635 2371 5690 da-

803 5722 1016 5775 remus?

874 5812 1022 5866 Mens
1064 5820 1242 5865 nostra
1275 5827 1304 5864 a
1333 5811 1537 5865 carnali
1575 5811 1932 5866 delectatione
1969 5815 2231 5882 abigenda
2267 5825 2366 5880 est,

806 5911 860 5956 et
888 5918 918 5956 a
947 5905 1122 5958 carnis
1151 5919 1274 5958 cura
1307 5903 1604 5960 necessaria
1651 5905 2012 5962 abscindenda
2046 5921 2152 5962 non
2183 5907 2300 5967 est?

1725 416 2152 474 DEFENSOIIIS
2194 414 2719 470 LOCOCIAGENSIS
2761 414 3060 471 MONACIII

2367 528 2420 586 Δ

3921 415 4021 472 668

3104 539 3360 581 ISIDORI’S.

2519 616 2768 685 Bipertita
2799 625 2882 672 est
2910 630 3068 671 causa
3095 616 3368 685 peccandi,
3405 616 3454 671 id
3485 626 3587 685 est,
3621 631 3804 686 operis
3848 625 3905 672 et
3929 632 4020 672 co-

2446 711 2714 781 gitationis
2760 728 2773 762 :
2824 725 3052 779 quorum
3099 726 3277 792 unum‘
3305 711 3502 766 dicitur
3549 712 3824 780 iniquitas,
3875 712 4021 781 quod

2444 818 2608 871 Opere
2635 801 2872 870 geritur;
2902 801 3044 855 aliud
3073 800 3354 870 injuslitia,
3387 803 3531 873 quod
3566 803 3900 873 cogitatione
3920 805 4019 858 ad-

2446 894 2693 946 mittitur.

2519 984 2672 1040 Prins
2703 993 2882 1039 autem
2911 985 3050 1039 actio
3080 983 3371 1039 resecauda
3394 993 3493 1050 est,
3520 993 3706 1052 postea
3735 985 4016 1052 cogitatio.

2519 1077 2672 1133 Prius
2699 1091 2862 1148 prava
2887 1092 3076 1146 Opera,
3105 1076 3446 1146 postmodum
3475 1076 3744 1132 desideria

2522 1166 2764 1223 Vicissim
2795 1167 2939 1221 enim
2982 1175 3038 1221 et
3082 1182 3111 1220 a
3149 1166 3477 1235 cogitatione
3506 1180 3669 1236 opera
3698 1165 4024 1237 procedunt,

2448 1266 2504 1317 et
2532 1259 2600 1312 ab
2629 1274 2795 1328 opere
2816 1257 3075 1326 cogitatio
3099 1257 3360 1313 nascitur.

2519 1351 2772 1417 Quamvis
2800 1351 2866 1406 ab
2893 1366 3059 1420 opere
3085 1351 3224 1405 malo
3260 1350 3488 1418 quisque
3521 1357 3698 1418 vacet,
3730 1364 3830 1419 pro
3862 1350 4027 1404 solius

2452 1451 2629 1497 tamen
2661 1457 2840 1510 prava:
2870 1442 3211 1510 cogitationis
3235 1441 3432 1495 malitia
3463 1455 3568 1496 non
3601 1442 3705 1496 erit
3745 1441 4024 1496 innocens.

2521 1533 2639 1586 Non
2668 1533 2812 1587 enim
2839 1533 3014 1587 solum
3044 1531 3223 1599 factis,
3263 1533 3356 1587 sed
3386 1540 3440 1586 et
3475 1533 3896 1602 cogitationibus
3931 1535 4027 1589 de-

2455 1624 2768 1692 linquimus,
2799 1625 2842 1678 si
2874 1624 2952 1678 eis
2980 1621 3164 1678 illicite
3193 1622 3598 1678 occurrentibus
3619 1623 3977 1678 delectemur.

2524 1716 2638 1770 Non
2668 1724 2750 1768 est
2779 1715 3092 1780 timendum,
3137 1713 3183 1768 si
3223 1714 3363 1768 bona
3395 1723 3452 1769 et
3479 1714 3620 1768 mala
3651 1714 3707 1768 in
3745 1715 4033 1782 cogitatio-

2456 1822 2579 1862 nem
2620 1806 2836 1860 veniaut
2870 1823 2883 1858 :
2923 1805 3019 1860 sed
3047 1804 3216 1873 magis
3249 1803 3586 1872 gloriandum
3625 1813 3726 1872 est,
3777 1804 3828 1861 si
3871 1819 4025 1860 ruens

2378 1909 2430 1971 Β
2455 1896 2594 1957 mala
2619 1910 2648 1948 a
2675 1895 2830 1950 bonis
2858 1893 3136 1949 intellectu
3165 1893 3388 1949 rationis
3415 1894 3707 1950 discernat.

2525 1992 2666 2046 Nihil
2687 1985 2842 2060 juvat
2865 1984 3008 2061 quod
3037 1985 3178 2040 inter
3198 1985 3399 2039 bonum
3419 1993 3473 2040 et
3500 1985 3697 2041 malum
3723 1999 3886 2040 sensu
3909 2001 4032 2052 prus

2453 2081 2683 2136 dentiori
2721 2075 3098 2143 discernimus,
3148 2073 3248 2126 nisi
3283 2088 3448 2142 opere
3492 2082 3584 2128 aut
3618 2072 3762 2128 mala
3795 2075 4030 2142 cogitata

2451 2185 2757 2235 caveamus,
2790 2177 2882 2224 aut
2906 2170 3046 2223 bona
3075 2162 3348 2223 intellecta
3378 2161 3652 2218 faciamus.

2523 2259 2581 2314 In
2617 2260 2736 2328 ipso
2764 2259 3107 2328 cogitationis
3149 2259 3305 2314 initio
3343 2261 3554 2325 resiste,
3596 2262 3654 2314 et
3685 2252 3887 2314 evades
3929 2268 4035 2309 ca:-

2455 2359 2570 2406 tera
2578 2389 2592 2404 .

2525 2440 2582 2494 Si
2608 2439 2944 2510 separaveris
2973 2437 3331 2508 cogitationes
3359 2453 3390 2492 a
3421 2436 3606 2504 corde,
3640 2451 3746 2493 non
3783 2453 4034 2508 prorumc

2456 2540 2585 2602 pent
2614 2533 2666 2585 in
2695 2545 2878 2599 opera.

2525 2621 2584 2677 Si
2620 2619 3034 2690 cogitationibus
3063 2633 3172 2674 non
3213 2618 3572 2686 consenseris,
3607 2619 3758 2689 operi
3789 2621 3898 2675 cito
3945 2635 4029 2675 re-

2455 2713 2632 2770 sistes.

2525 2803 2643 2862 Non
2672 2801 2811 2857 enim
2840 2808 3018 2871 potest
3045 2815 3241 2870 corpus
3268 2799 3560 2870 corrumpi,
3593 2798 3695 2855 nisi
3725 2799 3880 2870 prius
3911 2815 4035 2856 cor-

2456 2901 2646 2964 ruptus
2671 2892 2742 2946 sit
2766 2891 2994 2945 animus.

2533 2983 2669 3037 l\i!;il
2699 2990 2877 3052 potest
2905 2994 3031 3036 caro
3067 2978 3266 3046 facere,
3313 2980 3412 3036 nisi
3453 2980 3598 3050 quod
3645 2981 3884 3037 voluerit
3916 2983 4035 3037 ani-

2456 3087 2594 3128 mus.

2528 3162 2721 3218 Munda
2753 3162 2896 3217 enim
2943 3176 2972 3214 a
3016 3162 3339 3229 cogitatione
3377 3163 3635 3230 animum,
3665 3173 3722 3218 et
3767 3179 3898 3219 caro
3931 3179 4042 3218 non

2380 3265 2419 3328 ε
2457 3255 2703 3327 peccabit
2731 3273 2743 3308 :
2777 3253 2967 3309 melius
2996 3262 3077 3308 est
3112 3262 3170 3306 ut
3199 3253 3334 3308 vites
3360 3253 3543 3308 vitium
3575 3271 3734 3326 quam
3761 3265 3820 3310 ut
3849 3271 4034 3311 emen-

2454 3347 2572 3402 des.

2940 3451 3010 3490 EX
3048 3451 3200 3490 LIBRO
3237 3452 3555 3491 CLEMENTIS.

2530 3527 2780 3582 Diabolus
2800 3527 2962 3592 enim,
2988 3527 3088 3581 nisi
3105 3527 3223 3596 quis
3236 3526 3602 3582 voluntatibus
3623 3528 3740 3598 ejus
3762 3543 3823 3584 se
3846 3543 4045 3600 sponte

2454 3619 2772 3684 subdiderit,
2812 3627 3134 3689 potestatem
3174 3619 3432 3674 adversus
3462 3619 3734 3675 hominem
3788 3636 3900 3677 non
3949 3623 4046 3678 ha-

2455 3711 2617 3766 bebit.

2980 3817 3047 3855 EX
3085 3815 3224 3855 VITIS
3263 3815 3494 3853 PATRUN.

2526 3890 2677 3944 Sicut
2725 3889 2860 3958 ignis
2911 3890 3162 3959 tepefacit
3208 3903 3408 3953 ceram,
3442 3890 3516 3944 ita
3562 3898 3619 3946 et
3649 3890 3845 3962 vigilia:
3891 3892 4050 3950 bona:

2457 3983 2819 4052 cogitationes
2846 3982 3126 4052 pessimas.

2977 4070 3204 4125 CAPUT
3244 4071 3528 4126 XXXVIII.

3046 4164 3125 4218 De
3153 4167 3444 4221 mendacio.

3105 4271 3378 4311 CHRISTUS.

2529 4347 2644 4403 Non
2664 4345 2854 4404 falsum
2871 4346 3234 4402 testimonium
3260 4347 3403 4402 dices
3423 4345 3636 4418 (Manli.
3654 4364 3764 4416 xu,
3791 4357 3847 4406 et
3868 4348 4052 4407 Exod.

2463 4437 2582 4508 xx).

3142 4542 3359 4582 PAULUS.

2538 4621 2878 4690 Depouentes
2914 4633 3073 4674 omne
3119 4619 3479 4685 mendacium,
3513 4619 3800 4688 loquimini
3840 4623 4048 4677 verita-

2470 4725 2574 4769 tem
2607 4713 2975 4782 unusquisque
3001 4727 3122 4766 cum
3156 4713 3402 4782 proximo
3425 4728 3524 4766 suo
3547 4711 3768 4782 (Ep/tes.
3802 4714 3901 4784 tv).

2534 4805 2705 4859 Nolite
2735 4805 2946 4859 mentiri
2993 4804 3239 4868 invicem,
3271 4804 3636 4872 exspoliautes
3669 4819 3764 4858 vos
3797 4815 4041 4859 veterem

2465 4897 2734 4953 hominem
2777 4911 2896 4951 cum
2945 4897 3150 4950 actibus
3193 4896 3340 4960 suis,
3383 4903 3439 4949 et
3485 4895 3768 4950 iuduentes
3817 4912 4044 4962 novum,

2465 5001 2584 5041 eum
2615 4987 2704 5054 qui
2729 4994 3020 5040 renovatur
3045 4986 3096 5038 in
3124 4985 3449 5053 agnitionem
3480 4983 3572 5038 Dei
3601 4986 3897 5041 secundum
3919 4989 4049 5042 ima-

2467 5081 2641 5150 ginem
2671 5080 2788 5149 ejus
2817 5081 2905 5147 qui
2932 5078 3134 5132 creavit
3157 5093 3281 5132 eum
3311 5076 3504 5146 (Color.
3535 5076 3636 5145 ιιι).

3119 5184 3380 5222 δικιωιςιδ.

2537 5263 2635 5328 Qui
2667 5271 2845 5315 autem
2866 5261 3141 5324 mentitur,
3167 5261 3317 5315 testis
3340 5269 3424 5314 est
3459 5260 3830 5316 fraudulentus
3859 5261 4040 5333 (Prov.

2470 5356 2583 5420 xn).

2538 5447 2637 5514 Qui
2661 5455 2836 5500 autem
2866 5445 3014 5499 testis
3033 5451 3116 5499 est
3142 5444 3469 5513 repentinus,
3495 5443 3779 5498 concinnat
3802 5444 4038 5512 linguam

2468 5536 2731 5592 mendacii
2763 5534 2970 5606 (Ibid)

2542 5631 2884 5687 Abominatio
2913 5639 2994 5682 est
3022 5628 3246 5682 Domino
3277 5627 3417 5681 labia
3449 5627 3722 5681 mendacia
3752 5626 3967 5695 (lb.‘d.).

2540 5725 2642 5790 Qui
2671 5732 2847 5778 autem
2879 5721 3106 5777 lideliter
3135 5729 3319 5789 agunt,
3347 5722 3559 5790 placent
3589 5722 3662 5774 illi
3691 5721 3876 5789 (Prov.
3910 5724 4038 5789 xiv).

2543 5816 2759 5870 Liberat
2803 5815 3032 5867 animam
3079 5813 3230 5871 testis
3265 5812 3464 5879 lidelis;
3514 5811 3719 5882 profett
3765 5817 4044 5871 mendacia

2472 5908 2767 5977 vcrsipellis
2797 5905 3012 5976 (lbid.).
