4194 6546
179 396 282 456 669

1417 383 1928 440 SClN‘l'iLLARUM
1970 382 2178 438 LlBER

3355 383 3464 439 G70

245 507 422 564 Testis
451 505 627 562 ﬁdelis
665 516 772 562 non
799 504 1110 572 mentietur,
1141 509 1347 572 pratert
1376 499 1650 556 mendacia
1683 509 1764 556 te-
1789 503 1844 564 Δ
1939 497 2237 552 Monachus
2265 499 2336 554 sit
2367 498 2488 567 vigil
2535 511 2720 565 sensu,
2755 512 2822 554 ne
2849 498 3000 553 vanis
3039 497 3465 568 cogitationibus

178 602 272 659 stis
297 599 539 657 dolosus.
568 596 786 667 (Ibin.

776 682 926 723 JESUS
963 682 1172 720 SlllALa.

247 764 364 817 Non
394 763 627 832 accipias
669 761 931 816 adversus
976 761 1208 812 animam
1242 766 1389 810 tuam
1424 752 1766 809 mendacium

177 853 406 925 (Eccles.
435 857 517 922 ιι).

246 947 368 1000 Noli
418 960 600 1000 amare
643 944 983 999 mendacium
1013 951 1270 996 adversus
1321 941 1541 993 fratrem
1591 948 1763 1002 tuum,

178 1051 349 1104 neque
381 1036 434 1089 in
464 1037 696 1089 amicum
726 1034 972 1088 similiter
997 1033 1160 1088 facias
1183 1031 1406 1102 (Eccles.
1439 1030 1552 1096 vn).

244 1129 362 1181 Noli
407 1128 544 1182 velle
585 1126 802 1181 mentiri
847 1141 1008 1180 omne
1049 1123 1384 1178 mendacium
1420 1140 1430 1174 :
1481 1118 1768 1174 assiduitas

177 1219 314 1272 enim
342 1217 490 1272 illius
515 1233 624 1272 non
653 1225 738 1271 est
759 1217 900 1271 bona
933 1214 1149 1286 (Ibid.).

249 1309 589 1377 ltesponsnm
619 1307 912 1363 obscurum
943 1308 996 1360 in
1028 1321 1255 1361 vacuum
1286 1319 1394 1358 non
1432 1303 1550 1370 ibit,
1582 1316 1642 1356 os
1671 1315 1767 1356 au-

179 1412 281 1459 tem
309 1403 459 1473 quod
489 1404 748 1459 mentitur
775 1402 975 1458 occidit
1001 1402 1238 1455 animam
1270 1400 1427 1470 (Sap.
1461 1399 1524 1452 il.

795 1508 1153 1548 HIERONYIUS.

243 1585 534 1642 Mendaces
558 1584 766 1642 faciunt
792 1595 849 1640 ut
876 1601 978 1640 nec
1009 1600 1134 1639 vera
1163 1583 1466 1638 dicentibus
1491 1581 1765 1636 credatur.

840 1692 1097 1732 lSlDOItUS.

240 1769 400 1838 Sxpe
420 1784 547 1824 vera
579 1769 858 1839 pranuittit
883 1769 973 1837 qui
1002 1767 1134 1821 falsa
1164 1766 1406 1820 dicturus
1433 1773 1535 1826 est,
1567 1771 1624 1816 ut
1647 1776 1769 1816 cum

1869 591 2162 658 polluatur.

1939 682 2098 737 Amet
2149 683 2430 737 scientiam
2458 683 2880 756 Scripturarum,
2912 695 2966 741 et
2993 685 3172 744 carnis
3197 688 3326 744 vitia
3355 702 3466 744 non

1869 773 2094 826 amabit.

1941 865 2189 936 Episc0pi
2236 866 2516 920 imitantur
2559 867 2862 936 apostolos,
2914 875 2970 922 et
3027 873 3279 925 monachi
3328 886 3458 942 per-

1868 959 2040 1012 fectos
2093 959 2318 1012 Patres:
2352 965 2409 1011 ut
2459 972 2689 1026 quorum
2725 959 2988 1015 honorem
3023 961 3317 1028 possident,
3361 964 3464 1017 ha-

1867 1049 1998 1103 bere
2024 1051 2264 1104 nitantur
2294 1060 2350 1106 et
2376 1051 2655 1104 meritum.

1941 1143 2234 1199 Monachus
2256 1147 2454 1200 habeat
2477 1144 2876 1214 simplicitatem
2909 1146 3195 1212 columba),
3224 1161 3325 1201 nec
3348 1148 3465 1202 cui-

1869 1252 2028 1308 quam
2061 1237 2401 1292 machinetur
2426 1238 2608 1292 dolos.

1944 1329 2149 1388 Habeat
2178 1337 2232 1382 et
2257 1330 2526 1397 serpentis
2557 1327 2836 1394 astutiam,
2863 1343 2930 1384 ne
2951 1329 3179 1385 aliorum
3206 1329 3463 1402 supplan-

1869 1426 2012 1474 tetur
2041 1418 2271 1473 insidiis.

1941 1509 2229 1565 Monachus
2261 1517 2443 1564 teneat
2472 1510 2826 1566 humilitatem
2858 1526 3061 1566 veram.

1942 1601 2236 1656 Monachus
2264 1605 2356 1670 qui
2388 1601 2663 1656 Christum
2695 1602 2987 1668 desiderat,
3024 1603 3154 1658 nihil
3184 1603 3326 1658 aliud
3370 1605 3455 1659 in-

1871 1693 2047 1764 dagat,
2080 1697 2174 1749 sed
2204 1704 2286 1749 est
2322 1696 2370 1750 ei
2417 1695 2551 1750 cella
2583 1711 2682 1766 pro
2725 1695 3002 1766 paradiso,
3036 1698 3181 1751 varia
3218 1695 3464 1770 Scriptu-

1870 1799 2051 1838 rarum
2104 1783 2246 1838 dona
2291 1785 2582 1855 discerpit,
2637 1786 2720 1840 his
2770 1786 2938 1840 utitur
2988 1786 3214 1852 deliciis,
3267 1789 3460 1842 harum

174 1861 406 1929 primum
436 1861 751 1929 acquisierit
788 1859 970 1926 fidem,
1001 1860 1069 1914 ad
1113 1859 1318 1928 reliqua
1351 1856 1630 1911 mendacia
1667 1871 1756 1908 au-
1791 1869 1840 1932 Β
1869 1879 2063 1934 [ωηατ
2095 1879 2368 1948 διηριθυο

171 1954 381 2007 dientes
413 1953 670 2008 credulos
694 1953 875 2008 faciat.
1220 2024 1224 2029 ι

240 2044 425 2099 Multis
472 2045 722 2100 videntur
753 2060 879 2100 vera
909 2059 1029 2100 esse
1060 2058 1180 2113 qua:
1208 2043 1341 2097 falsa
1378 2049 1525 2103 sunt,
1557 2050 1610 2095 et
1641 2040 1764 2095 ideo

171 2152 272 2190 non
306 2152 377 2191 ex
414 2135 545 2202 Deo,
577 2137 670 2191 sed
701 2152 767 2190 ex
798 2152 896 2191 suo
924 2137 1207 2192 mendacio
1240 2136 1558 2205 loquuntur.

239 2225 574 2294 Plerumque
604 2243 634 2281 a
666 2228 896 2282 veritate
928 2229 1115 2298 incipit
1136 2229 1229 2296 qui
1257 2228 1388 2280 falsa
1419 2227 1697 2294 contingit.

239 2315 443 2371 Latent
473 2331 619 2387 smpe
648 2332 857 2372 venena
881 2317 1212 2372 circumdata
1243 2316 1402 2370 melle
1433 2315 1715 2369 verborum
1748 2333 1759 2366 :

167 2419 222 2461 et
249 2408 440 2461 tandiu
469 2407 732 2478 deceptor
762 2410 1046 2464 veritatem
1086 2408 1322 2470 simulat,
1360 2423 1639 2476 quousque
1671 2405 1766 2458 fal-

169 2496 327 2552 lendo
361 2497 621 2568 decipiat.

236 2590 606 2660 Summopere
656 2593 957 2648 cavendum
1014 2602 1093 2649 est
1149 2609 1313 2648 omne
1363 2593 1702 2647 mendacium
1750 2609 1760 2642 :

165 2698 329 2737 omne
360 2699 588 2752 quoque
615 2698 785 2752 genus
816 2687 1082 2741 mendacii
1112 2701 1441 2756 magnopere
1477 2685 1618 2753 fuge.

237 2771 413 2826 Omne
446 2775 595 2843 quod
622 2791 652 2827 a
687 2777 914 2831 veritate
944 2777 1237 2840 discordat,
1274 2778 1527 2847 iniquitas
1557 2786 1660 2830 est.

237 2864 368 2919 Esto
401 2867 454 2919 in
491 2868 660 2921 verbo
690 2883 874 2932 verax,
909 2870 1180 2922 neminem
1210 2869 1490 2922 mendacio
1512 2867 1690 2938 fallas.

238 2959 354 3012 Non
386 2959 541 3013 aliud
572 2960 833 3029 loquaris,
871 2959 1124 3030 aliudque
1153 2962 1335 3016 iacias.

235 3048 353 3103 Non
384 3050 536 3103 aliud
567 3050 735 3116 dicas,
767 3061 822 3106 et
849 3053 993 3106 aliud
1025 3054 1079 3107 iu
1104 3055 1284 3108 animo
1319 3065 1524 3108 teneas.

238 3141 550 3194 Assiduitas
573 3142 789 3208 jurandi
828 3145 1048 3213 perjurii
1073 3145 1517 3199 consuetudinem
1552 3143 1696 3199 facit.

234 3231 367 3286 Sine
397 3232 844 3288 consideratione
869 3249 998 3290 vero
1029 3252 1134 3290 non
1165 3238 1464 3305 promittas.

233 3321 394 3388 Quod
424 3338 535 3376 non
571 3332 726 3392 potes
754 3323 953 3391 facere,
983 3340 1091 3380 non
1125 3325 1453 3393 pollicearis.

236 3413 477 3467 Multqu
502 3429 629 3468 reus
653 3415 782 3480 eris,
812 3415 856 3468 si
886 3431 996 3470 non
1023 3416 1216 3471 reddas
1244 3417 1386 3485 quod
1419 3417 1656 3471 noveris.

236 3504 462 3560 Veritas
491 3506 724 3574 angulos
752 3522 858 3561 non
884 3507 1066 3572 habet,
1102 3523 1202 3562 nec
1228 3509 1420 3578 quaerit
1451 3524 1659 3563 usuras.

238 3595 398 3662 Quod
447 3598 668 3652 incaute
699 3599 914 3662 vovisti,
947 3615 1055 3653 non
1093 3599 1291 3666 facias;
1339 3601 1501 3673 impia
1534 3611 1617 3657 est
1649 3617 1772 3672 pro-

168 3692 356 3748 assio
385 3705 515 3761 quae
543 3692 756 3747 scelere
785 3691 1133 3762 adimpletur.

715 3802 946 3860 CAPUT
985 3803 1222 3860 XXXIX.

780 3893 860 3948 De
886 3896 1175 3948 monachis.

887 4001 1074 4040 κοξκς.

238 4075 377 4130 Cum
431 4076 656 4130 voveris
683 4086 870 4130 votum
901 4077 1134 4131 Domino
1165 4077 1278 4131 Deo
1315 4086 1428 4142 tuo,
1459 4092 1566 4132 non
1599 4078 1776 4133 tarda-

172 4167 251 4221 bis
283 4166 548 4229 reddere,
578 4165 703 4234 quia
734 4167 976 4237 requiret
1001 4167 1132 4222 illud
1167 4167 1425 4224 Dominus
1466 4169 1604 4224 Deus
1654 4180 1773 4227 tuus

171 4255 348 4325 (Deut.
376 4274 501 4325 xm,
534 4255 737 4310 Eccles.
769 4259 846 4326 ν).

873 4364 1097 4404 ιιιυιυε.

237 4437 430 4495 Omnis
461 4454 616 4493 enim
658 4438 752 4508 qui
793 4441 846 4493 in
875 4454 1051 4508 agone
1091 4441 1392 4505 contendit,
1425 4442 1492 4496 ab
1522 4442 1775 4499 omnibus

171 4543 227 4585 se
256 4531 504 4586 abstinet
538 4529 590 4599 (1
621 4528 744 4585 Cor.
776 4531 872 4601 tx).

1799 3252 1846 3316 C

1941 1970 2034 2024 ille
2065 1985 2221 2024 verus
2249 1979 2332 2024 est
2360 1969 2657 2025 monachus
2687 1985 2779 2039 qui
2827 1983 3020 2023 aurum
3050 1969 3372 2037 contemnit,
3403 1977 3462 2026 et

1869 2062 2174 2132 Scripturas
2214 2071 2482 2124 sectatur;
2513 2070 2568 2116 et
2597 2075 2717 2116 cum
2751 2061 2804 2115 in
2835 2069 3211 2131 paupertatem
3244 2061 3454 2129 incidit,

1870 2155 2112 2208 ornatior
2143 2155 2307 2208 instat
2334 2163 2548 2208 ornatu.

1943 2245 2219 2300 Monachis
2243 2247 2491 2314 specialis
2515 2245 2816 2315 expetenda
2843 2251 2926 2298 est
2949 2242 3206 2303 solitudo.
3237 2259 3302 2299 ex
3325 2246 3461 2302 urbe

1870 2338 2134 2393 habitatio
2165 2336 2428 2392 facienda.

1942 2430 2059 2484 Non
2087 2445 2298 2498 quaeras
2331 2430 2380 2483 in
2416 2429 2682 2484 monacho
2713 2427 2898 2499 gloria:
2921 2426 3178 2494 nitorem,
3215 2425 3309 2482 sed
3340 2426 3461 2481 ani-

1870 2523 1942 2575 mi
1974 2523 2253 2591 pietatem.

1945 2612 2213 2681 Quidquid
2243 2611 2295 2665 in
2335 2611 2632 2666 monachos
2671 2608 2886 2675 dicitur,
2918 2609 3187 2665 redundat
3211 2609 3266 2663 in
3297 2608 3460 2663 cleri-

1873 2719 1986 2759 COS.

1946 2795 2242 2850 Adversum
2273 2808 2371 2848 nos
2401 2792 2676 2863 loquaces,
2706 2806 2803 2862 pro
2832 2807 2891 2848 se
2918 2793 3075 2846 muti.

1944 2885 2239 2938 Monachus
2270 2899 2389 2936 cum
2423 2898 2652 2952 corpore
2697 2882 2878 2937 clausa
2919 2881 3112 2937 cellula
3141 2881 3328 2939 lateat.
3359 2881 3457 2936 lin-

1874 2990 1974 3046 gua
2004 2991 2099 3045 per
2129 2975 2314 3030 orbem
2343 2991 2452 3028 non
2481 2975 2766 3029 discurrat.

2520 3106 2828 3148 ῦιιῑοοιιιυε.

1948 3202 2053 3271 Ipsi
2075 3201 2560 3271 dispensationibus
2583 3204 2810 3258 terrenis
2833 3203 3147 3272 inserviant,
3167 3217 3306 3274 quos
3324 3203 3465 3260 dona

1878 3293 2177 3364 spiritualia
2208 3309 2316 3348 non
2346 3305 2636 3350 exornant.

1944 3383 2044 3450 Qui
2077 3391 2363 3453 penetrare
2390 3385 2456 3440 ad
2499 3387 2686 3441 intima
2729 3395 3023 3457 nequeunt,
3057 3397 3245 3445 saltem
3277 3403 3469 3447 neces-

1874 3477 2012 3529 saria
2042 3474 2172 3529 foris
2201 3486 2518 3545 operentur.

1945 3563 2241 3619 Monachus
2275 3567 2368 3636 qui
2416 3567 2552 3621 intra
2594 3569 2990 3637 possessionem
3030 3571 3243 3640 quaerit,
3278 3585 3470 3627 mona-

1877 3660 2012 3717 chus
2041 3677 2150 3715 non
2180 3668 2283 3714 est.

2539 3769 2710 3810 ιειυοιι
2718 3771 2796 3810 138.

1949 3842 2100 3899 Tunc
2127 3859 2187 3899 se
2217 3845 2444 3914 quisque
2486 3846 2810 3902 monachum
2838 3847 3062 3916 iudicet,
3095 3863 3222 3904 cum
3261 3865 3323 3906 se
3366 3866 3471 3907 mt-

1877 3935 2079 3989 nimum
2108 3935 2497 3992 existimaverit
2527 3937 2758 3994 cunctis.

2543 4064 2802 4104 BASILIUS.

1949 4161 2182 4217 (Sceleste
2213 4161 2355 4216 enim
2384 4162 2581 4215 donum
2615 4163 2812 4232 accipit
2848 4167 3144 4222 monachus
3171 4167 3264 4238 qui
3292 4175 3465 4223 terre-

1879 4266 1979 4307 nos
2020 4260 2173 4305 actus
2198 4265 2229 4304 a
2273 4251 2565 4320 semetipso
2597 4252 2834 4320 projicit,
2871 4269 2971 4310 nec
3003 4257 3244 4326 implicat
3284 4271 3346 4313 se
3371 4273 3471 4314 ne~

1879 4342 2039 4410 gotiis
2065 4341 2417 4396 saecularibus
2448 4342 2690 4398 militans
2717 4344 2850 4398 Deo.

2407 4468 2477 4508 EX
2518 4471 2660 4510 νιτιε
2699 4471 2912 4512 ΡΑτιιυιι

1953 4546 2249 4602 Monachus
2277 4547 2420 4602 enim
2453 4561 2556 4600 non
2597 4548 2772 4603 solum
2802 4561 3094 4620 propterea
3125 4551 3320 4609 dicitur
3346 4555 3473 4626 quia

243 4620 307 4674 Et
329 4623 424 4676 ille
451 4621 702 4690 quidem,
730 4630 789 4676 ut
809 4622 1218 4689 corruptibilem
1241 4639 1500 4679 coronam
1523 4625 1771 4696 accipiat,

1886 4654 2111 4694 uxorem
2159 4653 2268 4691 non
2307 4638 2486 4702 habet,
2543 4640 2638 4693 sed
2679 4641 2925 4710 religioni
2978 4644 3096 4712 Dei,
3148 4652 3202 4699 et
3249 4620 3472 4705 servitio

175 4728 268 4767 nos
291 4724 482 4768 autem
514 4713 886 4782 incorruptam
913 4711 1001 4784 (11
1031 4714 1165 4768 Tim.
1196 4715 1281 4785 ιι).

238 4805 414 4859 Nemo
448 4805 699 4857 militans
732 4805 862 4868 Deo,
897 4805 1135 4874 implicat
1178 4822 1236 4861 se
1278 4808 1508 4874 negotiis
1547 4809 1776 4864 smcula-

176 4903 337 4968 ribus,
370 4911 432 4958 ut
462 4903 516 4957 ei
552 4903 768 4972 placeat
798 4902 884 4956 cui
915 4917 975 4956 se
1006 4903 1253 4972 probavit
1282 4902 1495 4973 (Ibid.).

853 5009 1117 5048 IALOION.

242 5085 448 5140 Semita
477 5085 760 5153 iustorum
783 5083 1021 5139 declinat
1042 5086 1180 5139 mala
1213 5106 1224 5140 :
1250 5096 1434 5144 custos
1457 5097 1636 5144 autem
1661 5092 1778 5148 ani-

177 5193 268 5230 une
295 5191 409 5232 sua
437 5184 635 5232 servat
658 5175 801 5228 viam
831 5189 983 5229 suam
1009 5173 1191 5246 (Prov.
1225 5179 1359 5248 xvr).

801 5279 1160 5322 ιιιειιοιιιιιυε.

245 5359 536 5427 Nunquam
569 5355 640 5410 de
669 5370 766 5412 ore
793 5358 1050 5412 monachi
1079 5360 1248 5430 turpis
1275 5371 1367 5417 aut
1398 5363 1630 5420 lascivus
1655 5379 1775 5420 ser-

180 5470 259 5505 mo
289 5456 638 5523 egrediatur.

247 5546 334 5600 llis
376 5548 530 5600 enim
561 5544 736 5611 signis
775 5543 1091 5603 libidinosus
1129 5549 1338 5604 animus
1363 5551 1689 5616 ostenditur,
1721 5563 1778 5610 et

180 5653 267 5706 per
293 5639 633 5692 exteriorem
666 5635 943 5692 hominem
973 5639 1244 5695 interioris
1271 5642 1502 5699 hominis
1523 5644 1649 5699 vitia
1675 5646 1774 5701 de-

181 5741 569 5784 monstrantur.

247 5825 546 5880 Monachus
573 5837 686 5876 non
710 5821 980 5880 desideret
1010 5828 1220 5885 urbium
1245 5831 1622 5900 frequentiam,
1648 5836 1771 5905 quia

189 5920 248 5976 de
272 5921 659 5994 singularitate
688 5928 966 5978 censetur.

1881 4733 2050 4801 ipsius
2080 4730 2419 4799 mancipatus
2460 4739 2543 4785 est
2574 4749 2585 4783 :
2621 4747 2747 4786 cura
2795 4733 2869 4787 illi
2897 4744 2982 4789 est
3019 4737 3472 4804 quemadmodum

1880 4824 2076 4878 saeculo
2108 4840 2215 4876 non
2256 4823 2489 4891 placeat,
2544 4827 2669 4892 quia
2721 4828 2893 4895 magis
2941 4829 3102 4899 elegit
3143 4833 3472 4902 castitatem,

1879 4931 1999 4986 qua:
2030 4916 2139 4969 Deo
2166 4929 2307 4969 cura:
2337 4923 2440 4979 est,
2473 4924 2528 4968 et
2556 4914 2794 4985 Spiritus
2823 4921 2995 4975 sancti
3024 4923 3304 4978 habitatio.

1954 5007 2267 5072 Monachus,
2293 5007 2336 5060 si
2371 5016 2614 5062 ventrem
2643 5025 2797 5064 suum
2829 5021 2883 5066 et
2907 5013 3144 5083 linguam
3172 5018 3468 5084 contineat,

1879 5107 1934 5153 et
1959 5099 2289 5154 vacationem
2322 5114 2428 5152 non
2465 5099 2670 5164 fecerit,
2731 5103 2967 5159 conﬁdat
3014 5107 3137 5175 quia
3195 5124 3301 5164 non
3354 5125 3469 5164 mo-

1881 5195 2050 5248 rietur
2079 5195 2130 5248 in
2161 5205 2442 5248 aeternum.

1951 5284 2244 5340 Monachus
2264 5283 2429 5338 edens
2459 5285 2706 5351 multum,
2741 5294 2796 5341 et
2817 5301 3050 5358 operans
3079 5289 3330 5355 multum,
3361 5307 3468 5348 non

1878 5378 2114 5434 confidat
2145 5378 2196 5432 in
2228 5378 2352 5434 hoc.

1950 5468 2049 5534 Qui
2088 5477 2268 5524 autem
2305 5486 2493 5540 parum
2534 5471 2664 5535 edit,
2709 5471 2920 5525 etiamst
2965 5487 3149 5540 parum
3189 5485 3465 5543 operetur,

1879 5560 2147 5628 confidat,
2197 5572 2252 5616 et
2297 5562 2524 5617 viriliter
2571 5570 2714 5632 agat,
2766 5577 2874 5618 non
2923 5563 3113 5633 perdet
3161 5567 3464 5622 mercedem

1877 5666 2050 5706 suam.

1948 5745 2047 5809 Qui
2097 5745 2213 5799 vult
2257 5745 2526 5802 aedificare
2571 5748 2813 5815 domum,
2863 5749 3032 5803 multa
3081 5761 3356 5819 procurat,
3407 5762 3468 5807 ut

1879 5836 2047 5903 possit
2079 5837 2338 5905 perlicere
2368 5853 2504 5906 Opus
2535 5855 2687 5894 suum
2723 5857 2734 5891 :
2770 5839 2843 5894 ita
2874 5842 3194 5896 monachum
3239 5844 3465 5900 multam

1878 5943 2062 5985 curam
2095 5931 2292 5990 habere
2315 5941 2548 6004 oportet,
2582 5942 2638 5990 ut
2662 5935 2832 6006 possit
2861 5949 2995 6006 opus
3022 5933 3116 5995 Dei
3141 5937 3420 6008 perlicere.
