4194 6546
701 462 705 466 ›
743 422 842 480 67!
1708 407 2136 468 DEFENSORIS
2176 402 2709 465 LUCOCIAGENSIS
2749 402 3049 463 MONACIII
3912 396 4018 455 £73

814 533 1011 601 Quanti
1041 529 1453 591 monachorum,
1495 524 1621 580 dum
1664 524 1835 593 patris
1878 522 2175 591 matrisque
2214 535 2322 576 non
2353 518 2405 577 Δ
3062 528 3375 571 oaeconws.

742 626 1086 688 miserantur,
1116 635 1241 676 suas
1274 618 1481 672 animas
1504 613 1894 685 perdiderunt?
2503 610 2776 666 leorum
2807 608 3004 664 etenim
3028 620 3251 675 regnum
3284 606 3461 663 nullus
3495 617 3840 662 murmurans
3866 617 4018 661 acet-

815 717 1004 771 Melier
1032 722 1114 768 est
1150 709 1426 767 saecularis
1462 714 1791 770 mansuetus,
1824 721 1983 776 quam
2028 704 2325 761 monachus
2432 706 2532 774 pit,
2563 701 2738 756 nullus
2768 700 2859 772 qui
2890 699 3087 769 accipit
3117 714 3451 753 murmurare
3473 705 3671 770 potest.

747 810 1020 865 animosus
1051 815 1105 859 et
1133 802 1438 858 iracundus.
3089 805 3343 845 isioonus.

816 900 1003 954 Melior
1032 906 1115 951 est
1142 895 1414 951 saecularis
1444 893 1729 949 infirmitas
1756 892 1999 948 serviens
2030 889 2200 956 fratri,
2235 904 2327 943 suo
2506 890 2622 944 Non
2653 888 2906 943 detrahas
2931 887 3197 956 peccanti,
3228 886 3322 940 sed
3354 885 3602 940 condole.

749 1007 799 1059 pi
821 1006 845 1042 r
871 988 1192 1041 monachum
1222 999 1328 1038 non
1356 982 1697 1037 miserentem
1730 982 1978 1051 proximo
2008 996 2127 1036 suo.
2503 980 2622 1047 Quo
2655 982 2707 1035 in
2734 980 2838 1035 alio
2870 978 3129 1046 detrahis,
3160 980 3212 1033 in
3243 988 3296 1034 te
3323 981 3501 1048 potius
3531 978 3878 1048 pertimesco.

822 1080 1115 1134 Monachus
1142 1076 1388 1145 bilinguis
1420 1076 1597 1130 turbat
1624 1074 1834 1129 fratres.
2505 1074 2848 1129 Detraetores
2875 1088 3063 1128 omnes
3102 1072 3528 1143 reprehendunt,
3571 1088 3761 1129 omnes
3809 1072 4021 1141 vitupe-

821 1173 1020 1228 Fidelis
1049 1180 1226 1226 autem
1258 1170 1497 1241 requiem
1529 1166 1770 1224 adducit.
2440 1176 2582 1222 rant.

833 1265 1011 1320 Pallor
1036 1265 1176 1319 enim
1224 1278 1344 1318 cum
1375 1261 1699 1327 humilitate,
1745 1267 1800 1315 et
1841 1259 2117 1326 maceries,
2163 1259 2332 1316 decus
2506 1257 2730 1324 Quando
2760 1258 2850 1312 alii
2881 1258 3141 1323 detrahis,
3172 1258 3399 1327 teipsum
3422 1258 3650 1313 discute.

752 1367 835 1415 est
872 1358 1135 1411 monachi.
2507 1350 2733 1415 Quando
2760 1350 2921 1403 alium
2953 1352 3191 1413 mortles,
3227 1359 3313 1403 tua
3344 1360 3565 1419 peccata
3590 1349 3883 1416 redargue.

826 1449 880 1504 Si
912 1448 1147 1517 potueris
1177 1446 1419 1517 injuriari
1459 1461 1522 1500 ac
1550 1452 1751 1509 tacere,
1783 1452 1837 1499 et
1877 1442 2017 1499 aflici
2049 1444 2333 1511 conviciis,
2511 1442 2625 1495 Non
2658 1442 2877 1495 alterius
2905 1441 3123 1505 delicta,
3150 1441 3241 1496 sed
3273 1452 3359 1494 tua
3387 1441 3603 1511 propria
3631 1454 3815 1495 cerne.

754 1551 811 1597 et
841 1550 1072 1613 portare,
1106 1554 1297 1609 magna
1325 1546 1408 1593 est
1438 1538 1549 1592 haec
1574 1552 1661 1592 res
1687 1550 1849 1607 super
1877 1536 1983 1590 alia
2006 1537 2279 1590 mandata.
2508 1534 2786 1602 Nunquam
2817 1533 3087 1597 detrahes,
3117 1534 3159 1586 si
3195 1541 3248 1587 te
3272 1534 3408 1586 bene
3435 1532 3797 1601 perspexeris.

1422 1644 1668 1684 erotica.
2516 1626 2751 1694 L‘terque
2776 1626 2948 1681 simile
2970 1628 3173 1681 crimen
3221 1627 3499 1695 impendit,
3533 1634 3588 1680 et
3613 1625 3703 1693 qui
3728 1624 4039 1680 detrahen-

829 1723 982 1778 Sicut
1022 1722 1160 1775 enim
1206 1728 1319 1773 sata
1364 1721 1415 1772 in
1462 1719 1601 1773 bona
1642 1728 1783 1773 terra
1822 1717 1988 1781 culta,
2032 1730 2110 1771 ste
2156 1718 2338 1772 anima
2446 1725 2555 1773 tem
2586 1717 2751 1781 audit,
2784 1726 2837 1771 et
2865 1718 2909 1771 is
2939 1718 3029 1785 qui
3058 1718 3311 1770 detrahit.

759 1815 1008 1870 monachi
1041 1813 1367 1869 fructilicans
1407 1810 1818 1880 cogitationibus
1848 1810 2147 1866 divinarum
2192 1812 2335 1867 Scri-
2976 1826 3041 1862 ιι
3082 1825 3223 1863 vms
3264 1826 3496 1863 rnnuu.

758 1915 1055 1977 plurarum.
2371 1886 2422 1947 Β
2521 1899 2709 1955 Melius
2755 1908 2837 1954 est
2882 1900 3167 1953 comedere
3210 1916 3453 1968 carnem,
3502 1907 3557 1953 et
3606 1900 3788 1953 vinum
3826 1899 4035 1956 bibere.

828 1996 979 2051 Sicut
1010 1997 1215 2065 lampas
1257 1995 1430 2050 locida
1469 1996 1521 2047 in
1568 1994 1686 2049 loco
1722 1994 2005 2049 tenebroso
2046 1994 2337 2061 refulgens,
2446 2005 2608 2061 quam
2634 2000 2985 2049 contemnere
3012 1991 3063 2044 in
3096 1992 3493 2061 vituperatione
3524 1994 3747 2046 fratrem
3781 2008 3965 2047 suum.

759 2087 839 2143 sic
885 2087 1175 2142 monachus
1226 2094 1408 2139 mente
1456 2085 1656 2145 sobria,
1704 2084 1756 2137 in
1789 2083 1951 2138 corde
1996 2082 2241 2152 pervigil,
2289 2084 2341 2136 in
2500 2084 2667 2136 Sicut
2693 2098 2979 2138 susurrans
3000 2100 3223 2152 serpens
3249 2083 3412 2137 Evam
3438 2084 3505 2139 de
3534 2086 3786 2155 paradiso
3812 2086 4044 2155 expulit,

764 2186 1007 2245 tempore
1033 2176 1341 2245 psalmodiae
1369 2191 1477 2229 suae
1508 2186 1560 2228 et
1589 2176 1873 2229 orationis.
2446 2175 2523 2228 sic
2568 2173 2659 2241 qui
2708 2172 2945 2227 detrahit
2993 2176 3144 2228 fratri
3184 2191 3307 2240 suo,
3356 2192 3462 2231 non
3505 2178 3680 2232 solum
3723 2194 3900 2245 suam,
3949 2179 4047 2234 sed

832 2268 983 2324 Sient
1014 2268 1224 2338 pondus
1249 2269 1376 2323 salis
1402 2268 1651 2337 deprimit
1681 2268 1971 2333 inlirmum,
2002 2268 2080 2324 sic
2122 2282 2341 2323 somnus
2448 2267 2608 2322 etiam
2639 2268 2905 2322 audientis
2936 2268 3169 2321 animam
3203 2269 3397 2338 perdit.

760 2361 1014 2459 deprimit
1041 2360 1360 2459 tuon-achmn
1390 2359 1442 2413 in
1472 2360 1740 2459 orat-ioue.
1880 2450 1890 2459 ι
1976 2450 1988 2459 Ω
2071 2449 2081 2459 ¹
2106 2449 2135 2459 Π
3042 2402 3270 2459 CAPUT
3312 2403 3423 2458 XLI

831 2452 976 2506 Sicut
1008 2452 1201 2505 vermis
1243 2452 1538 2519 corrumpit
1586 2450 1808 2519 lignum,
1846 2450 1925 2504 sic
1976 2449 2173 2504 invidia
2225 2466 2345 2505 cor-
3044 2444 3155 2519 ’ξω
3184 2444 3259 2519 ’θ’
3312 2444 3446 2458 mm

761 2542 962 2611 rumpit
993 2543 1225 2595 animam
1258 2541 1533 2595 monachi.

3048 2515 3122 2569 De
3151 2518 3432 2570 voluntate.

834 2634 985 2691 Sicut
1017 2633 1155 2688 tinea
1186 2634 1514 2688 exterminat
1545 2634 1945 2696 vestimentum,
1974 2633 2053 2688 sic
2080 2632 2347 2688 detractio
3111 2642 3387 2682 cutusrus.

761 2725 995 2782 animam
1023 2725 1287 2779 monachi.
2524 2720 2581 2775 Si
2611 2720 2731 2790 quis
2758 2720 2850 2775 Dei
2893 2719 3070 2775 cultor
3120 2728 3221 2783 est,
3273 2728 3327 2773 et
3360 2720 3691 2777 voluntatem
3720 2721 3843 2792 ejus
3889 2723 4054 2791 facit,

1381 2855 1609 2911 CAPUT
1651 2855 1757 2910 XL.
2454 2813 2597 2867 hunc
2616 2812 2835 2867 exaudit
2866 2812 3007 2867 Deus
3040 2811 3221 2882 (Joan.
3254 2813 3357 2881 is).

3133 2921 3352 2959 ΡΑιΊιυί.

1333 2967 1411 3022 De
1441 2969 1776 3022 detractione.
2526 2996 2583 3051 Si
2621 2996 2871 3051 voluntas
2910 3011 2989 3067 pri

2526 2996 2583 3051 Si
2621 2996 2871 3051 voluntas
2910 3005 3160 3067 prompta
3202 3006 3318 3061 est,
3363 3003 3659 3053 secundum
3694 3000 3841 3069 quod
3886 3000 4053 3056 habet

1446 3096 1673 3134 nauus.
2458 3100 2680 3159 accepta
2710 3098 2815 3156 est,
2842 3106 2949 3144 non
2978 3090 3273 3144 secundum
3310 3091 3455 3160 quod
3482 3107 3588 3145 non
3620 3092 3783 3147 habet
3807 3092 3895 3165 (11
3928 3092 4053 3149 Cor;

835 3171 1023 3226 Omnia
1056 3181 1236 3225 autem
1270 3171 1426 3226 facite
1454 3172 1571 3227 sine
1605 3172 2123 3228 nmrmurationibus
2152 3185 2207 3228 et
2236 3176 2350 3229 bre-
2460 3181 2600 3251 vni).

765 3267 1126 3330 sitationibus,
1166 3276 1225 3320 nt
1268 3268 1384 3321 sine
1411 3267 1631 3335 querela
1681 3268 1819 3335 sitis,
1846 3275 1903 3322 et
1947 3267 2218 3337 simplices
2257 3267 2350 3325 lilii
2378 3256 2427 3322 C
2528 3274 2993 3340 Quemadmodum
3029 3284 3313 3346 promptus
3353 3284 3438 3331 est
3480 3291 3693 3332 animus
3729 3278 4052 3346 voluntatis,

769 3360 863 3417 Dei
890 3360 1005 3415 sine
1034 3360 1449 3429 reprehensione
1474 3358 1699 3429 (Philip.
1731 3360 1814 3427 ιι).
2459 3366 2533 3423 ita
2558 3366 2628 3421 sit
2656 3376 2709 3421 et
2732 3367 3046 3436 perliciendi
3078 3367 3298 3438 (Ephes.
3324 3370 3401 3436 ν),

1429 3468 1676 3507 ucoaus.
2528 3455 2705 3511 Nolite
2729 3454 2847 3511 ﬁeri
2880 3457 3268 3526 imprudentes,
3299 3456 3395 3513 sed
3426 3458 3791 3528 intelligentes
3838 3476 3960 3530 quae
3985 3462 4057 3517 sit

842 3543 1018 3599 Nolite
1047 3543 1330 3599 detrahere
1358 3544 1697 3607 alterutrum,
1740 3542 1935 3598 fratres
1963 3543 2102 3608 mei;
2129 3544 2223 3614 qui
2259 3542 2355 3599 de-
2454 3549 2709 3607 voluntas
2744 3550 2980 3606 Domini.

768 3636 932 3691 trahit
958 3635 1113 3689 fratri
1154 3644 1247 3689 aut
1274 3634 1598 3703 quijudicat
1638 3636 1857 3688 fratrem
1900 3650 2054 3689 suum
2119 3635 2357 3691 detrahit
3139 3658 3401 3699 SALOION.

769 3727 896 3795 legi,
924 3726 1203 3794 ctjudicat
1233 3725 1403 3793 legem
1438 3724 1644 3793 (Ιηεοδσ
1673 3725 1771 3793 ιν).
2532 3734 2909 3789 Abominabile
2944 3740 3028 3787 est
3078 3732 3305 3787 Domino
3355 3748 3577 3802 pravum
3624 3748 3754 3798 cor;
3804 3735 4059 3791 voluntas

1431 3834 1696 3873 suouox.
2458 3824 2580 3896 ejus
2600 3832 2683 3880 est
2711 3824 2765 3879 in
2795 3824 2863 3879 iis
2882 3825 2973 3894 qui
2996 3824 3316 3893 simpliciter
3340 3824 3618 3879 ambulant
3650 3823 3832 3894 (Prov.
3862 3827 3939 3895 ιι)

843 3913 1079 3966 Reinove
1108 3927 1137 3965 a
1166 3920 1218 3966 te
1244 3926 1305 3965 os
1329 3926 1580 3979 pravum,
1610 3918 1667 3963 et
1694 3909 2034 3965 detrahentia
2064 3909 2204 3965 labia
2230 3926 2355 3983 pro«
3080 3931 3428 3973 meus-riuus.

770 4010 855 4064 eul
887 4010 989 4062 sint
1020 4024 1047 4060 a
1076 4018 1127 4062 te
1156 4007 1336 4076 (Prov.
1365 4007 1460 4072 ις).
2533 4008 2791 4064 Omnibus
2830 4008 2971 4062 enim
3004 4008 3109 4062 erit
3156 4008 3209 4061 in
3261 4008 3541 4063 voluntate
3579 4008 3725 4078 quod
3767 4011 4062 4081 unusquis-

844 4100 941 4166 ριιί
980 4099 1215 4153 detrahit
1245 4097 1402 4152 alicui
1434 4098 1531 4161 rei,
1565 4097 1679 4167 ipse
1714 4111 1832 4152 sese
1862 4098 1914 4152 in
1956 4098 2193 4151 futurum
2222 4096 2359 4153 obli-
2462 4118 2570 4173 que
2599 4102 2819 4156 habebit
2848 4100 2898 4154 in
2926 4100 3308 4155 retributione.

771 4200 861 4261 gat
889 4191 1070 4262 (Prov.
1097 4191 1233 4257 xm).
2533 4192 2705 4248 Omne
2727 4205 2863 4260 opus
2889 4190 3150 4260 praecedit
3178 4190 3431 4245 voluntas
3470 4190 3821 4255 nostra,dum
3854 4194 4060 4264 cogita-

846 4283 947 4348 Qui
999 4290 1177 4335 autem
1227 4280 1377 4334 timet
1426 4288 1784 4350 prteceptum,
1833 4280 1883 4333 in
1932 4295 2063 4349 pace
2111 4289 2363 4335 versatur
2464 4298 2585 4337 mus
2611 4282 2754 4349 quod
2781 4281 2995 4349 operari
3024 4280 3305 4336 debemus.

774 4374 988 4446 (lbid.).
2536 4374 2678 4429 Nihil
2722 4374 2865 4428 enim
2896 4372 3041 4427 aliud
3086 4380 3330 4429 nostrum
3356 4373 3550 4443 quaerit
3588 4372 3769 4445 Deus,
3817 4377 3921 4432 nisi
3964 4393 4061 4432 ro-

845 4467 979 4522 Cum
1007 4464 1402 4520 detractoribus
1433 4479 1498 4518 ne
1521 4464 1924 4519 commiseearis
1952 4480 1965 4518 :
1999 4465 2252 4534 quoniam
2277 4479 2363 4519 re-
2466 4464 2726 4520 luntatem
2753 4464 2974 4517 bonam.

778 4567 939 4631 pente
968 4564 1258 4623 consurget
1304 4556 1533 4622 perditio
1562 4554 1797 4619 illorum,
1828 4562 1882 4609 et
1911 4555 2120 4608 ruinam
2152 4556 2360 4609 utrius-
2394 4630 2417 4631 ί
2538 4556 2735 4609 Malum
2766 4553 2969 4625 proprii
2994 4554 3227 4621 arbitrii,
3269 4555 3590 4623 germinatio
3634 4564 3717 4610 est
3744 4557 4061 4612 voluntatis.

776 4630 884 4720 que
911 4648 1031 4717 quis
1062 4648 1209 4700 novit
1240 4645 1418 4711 (Rom.
1451 4647 1582 4714 xv)?
2390 4630 2445 4691 D
3110 4661 3421 4701 cncconlus.

849 4742 1134 4797 Tumultus
1163 4739 1647 4794 murmurationum
1687 4755 1795 4794 non
1834 4738 2194 4795 abscondetur
2233 4739 2364 4808 (Sa-
2542 4739 2681 4793 Ante
2708 4738 2800 4792 Dei
2832 4751 3063 4805 namque
3100 4736 3287 4791 oculos
3318 4751 3589 4806 nunquam
3629 4747 3713 4791 est
3742 4755 3912 4794 vacua
3942 4755 4062 4796 rna-

780 4837 940 4905 pient.
972 4835 1030 4899 ι).
2468 4850 2570 4888 nus
2600 4850 2627 4886 a
2660 4846 2905 4895 munere,
2946 4830 2988 4883 si
3012 4829 3188 4884 cordis
3216 4844 3339 4883 arca
3364 4830 3569 4899 repleta
3599 4830 3765 4885 fuerit
3790 4832 3931 4887 bona
3958 4849 4061 4887 vo-

1401 4938 1734 4976 Aucusrixvs.
2468 4923 2695 4976 luntate.

851 5017 929 5075 Ne
958 5029 1088 5084 ergo
1117 5013 1389 5077 detrahas,
1424 5030 1521 5067 nec
1551 5014 1736 5067 audias
1759 5013 2155 5071 detrahentem.
2539 5014 2745 5067 Bonum
2786 5024 2915 5079 ergo
2945 5025 3081 5080 opus
3110 5010 3264 5064 nobis
3288 5008 3357 5063 sit
3396 5010 3447 5062 in
3471 5010 3783 5074 voluntate,
3832 5027 3957 5065 nam
3987 5026 4062 5067 ex

1384 5123 1730 5159 insaosvuus.
2464 5103 2645 5157 divino
2678 5101 2946 5171 adjutorio
2972 5101 3075 5154 erit
3104 5099 3156 5153 in
3187 5098 3537 5169 perfectione.

854 5205 1136 5271 Nunquam
1163 5199 1254 5252 ulli
1284 5198 1553 5252 detrahcs.
1587 5200 1914 5253 Accusamus
1939 5213 2083 5268 szepe
2106 5195 2250 5268 quod
2283 5199 2360 5254 fa-
2534 5194 2646 5248 Illic
2684 5202 2903 5247 coactus
2946 5190 3148 5261 patitur
3179 5189 3426 5243 tenebras
3474 5190 3713 5254 ultionis,
3765 5193 3860 5262 qui
3892 5193 3976 5248 hic
3996 5193 4068 5246 li-

783 5300 976 5356 eimus,
1025 5302 1080 5347 et
1121 5300 1305 5346 contra
1354 5291 1711 5359 nosmetipsos
1756 5301 1937 5347 nostra
1980 5292 2106 5346 vitia
2150 5293 2360 5347 inveni-
2464 5287 2655 5341 bcnlcr
2684 5283 3206 5338 sustinuittenebras
3231 5282 3547 5337 voluntatis.

791 5404 927 5442 mm.
2538 5378 2797 5432 Voluntas
2838 5384 3018 5431 autem
3061 5376 3199 5431 bona
3256 5384 3371 5439 est,
3420 5376 3500 5431 sic
3554 5376 3780 5433 adversa
3839 5382 4064 5436 alterius

861 5476 975 5529 Noli
1004 5472 1307 5533 detrahere,
1340 5471 1434 5524 sed
1467 5486 1649 5525 verum
1678 5471 1876 5526 dicere.
2468 5478 2606 5530 sicut
2650 5482 2829 5529 nostra
2872 5474 3255 5543 pertimescere
3282 5489 3295 5523 :
3332 5472 3460 5525 nulli
3491 5475 3633 5540 quod
3669 5474 3763 5527 tibi
3785 5476 3931 5542 justo
3961 5479 4056 5530 im-

864 5567 1006 5620 Cave
1036 5582 1100 5618 ne
1128 5564 1358 5630 linguam
1389 5573 1479 5617 aut
1521 5579 1677 5617 aures
1705 5565 1903 5619 habeas
1933 5566 2236 5632 prurientes
2264 5584 2274 5617 ε
2315 5567 2367 5620 id
2470 5568 2629 5637 pendi
2655 5567 2946 5630 desideras,
2974 5566 3241 5633 denegare
3268 5583 3278 5615 :
3314 5564 3617 5616 necessitati
3642 5569 3879 5633 proximi
3906 5572 4064 5636 juxta

794 5668 897 5723 est,
930 5666 983 5709 ut
1017 5670 1115 5709 nec
1143 5655 1253 5723 ipse
1280 5654 1397 5709 aliis
1424 5654 1696 5720 detrahas,
1730 5664 1820 5708 aut
1848 5655 1980 5709 alios
2021 5656 2368 5711 detrahentes
2472 5660 2611 5714 vires
2640 5673 2926 5713 occurrere
2946 5700 2959 5721 ,
2994 5665 3048 5710 et
3079 5654 3338 5725 prodesse
3360 5654 3521 5708 etiam
3554 5655 3693 5709 ultra
3728 5658 3872 5713 vires
3902 5659 4063 5714 velle.

796 5748 1001 5803 audias.
2543 5753 2767 5820 Semper
2789 5751 2979 5805 invidia
3012 5764 3041 5803 a
3082 5750 3219 5803 bona
3243 5747 3523 5801 voluntate
3552 5747 3849 5806 discordat.

867 5839 1124 5893 Malorum
1156 5852 1371 5906 quoque
1392 5837 1637 5890 solatium
1683 5848 1764 5891 est
1793 5838 1963 5892 bonos
1989 5854 2205 5907 capere,
2247 5840 2371 5895 dum
2546 5845 2688 5899 Deus
2733 5845 2871 5898 enim
2918 5858 3013 5911 per
3042 5842 3234 5897 multas
3255 5840 3559 5896 voluntates
3588 5842 3823 5900 aliorum
3863 5846 3913 5903 in
3943 5851 4066 5902 alus

801 5920 1136 6007 peccantium
1168 5931 1510 5987 multitudine
1540 5940 1732 6003 putant
1760 5932 1925 5988 minui
1958 5944 2199 6004 peccata.
2480 5937 2641 5993 multa
2675 5945 2931 6007 operatur
2959 5936 3119 5989 bona.
