4194 6544
203 388 306 452 673

840 528 1146 570 ϐἷΡΜΑΝυδο

270 603 382 658 Nec
431 611 657 658 excusat
699 619 1021 675 oppressum
1071 607 1362 664 necessitas
1406 609 1667 676 criminis,
1703 607 1795 664 ubi

197 693 403 748 crimen
426 701 512 749 est
537 695 848 751 voluntatis.

773 829 1000 887 CAPUT
1064 830 1221 886 XLII.

780 921 860 976 De
885 924 1218 977 indumentis.

863 1051 1133 1090 CHRISTUS.

257 1120 478 1191 Corpus
531 1133 769 1179 vestrum
846 1127 962 1197 plus
1018 1137 1100 1183 est
1165 1141 1328 1196 quam
1405 1127 1786 1185 vestimentum

191 1209 261 1273 (.l!
275 1214 408 1267 ιιιιΙι.
445 1214 540 1284 νι).

257 1310 360 1372 Qui
417 1311 551 1366 duas
581 1312 792 1369 tunicas
832 1313 1022 1380 habet,
1071 1314 1159 1369 det
1184 1330 1290 1370 non
1324 1314 1581 1376 habenti:
1613 1324 1668 1372 et
1694 1316 1788 1386 qui

187 1399 352 1454 habet
385 1417 564 1474 escas,
601 1405 854 1462 similiter
881 1407 1046 1462 iaciat
1077 1406 1227 1478 (Luc.
1259 1407 1360 1478 tu).

912 1516 1134 1556 PAULUS.

256 1579 535 1643 Habentes
564 1596 750 1645 autem
780 1588 1034 1646 alimenta
1055 1631 1071 1659 ,
1101 1599 1156 1648 et
1181 1592 1377 1662 quibus
1409 1601 1670 1663 tegantur,
1700 1595 1785 1653 his

189 1677 435 1731 contenti
462 1678 631 1737 simus
669 1678 721 1751 (ι
749 1681 883 1735 Tim.
909 1683 1005 1753 vr).

851 1793 1113 1833 SALOION.

253 1858 447 1978 Eallan:
475 1868 670 1936 gratia,
700 1876 754 1925 et
782 1883 920 1924 vana
944 1879 1027 1926 est
1050 1871 1388 1941 pulchritudo
1409 1872 1586 1943 (Prov.
1610 1873 1778 1944 uxr).
1814 1889 1862 1951 Β
1888 1858 2113 1978 (lg-6:1,:

252 1954 415 2011 Omni
472 1969 712 2032 tempore
743 1963 1062 2017 vestimenta
1115 1972 1204 2018 tua
1263 1965 1370 2020 sint
1418 1966 1676 2030 candida,
1726 1975 1781 2022 et

184 2045 362 2103 oleum
386 2049 456 2106 de
480 2053 660 2124 capite
685 2061 778 2109 tuo
807 2070 913 2109 non
946 2055 1158 2110 deticiat
1190 2055 1412 2128 (Eccles.
1441 2060 1537 2126 is).

809 2161 1152 2200 AUGUSTINUS.

259 2231 443 2289 Vestis
495 2244 674 2290 autem
703 2236 802 2291 tibi
845 2251 981 2305 pura
1015 2237 1399 2306 circumdetur,
1434 2254 1539 2293 non
1565 2238 1632 2293 ad
1662 2239 1780 2308 pni-

183 2329 579 2396 chritudinem,
623 2330 715 2386 sed
747 2341 972 2401 propter
1000 2334 1362 2388 necessarium
1389 2342 1776 2404 tegumentum,

181 2438 247 2475 ne
294 2422 428 2475 dum
483 2421 767 2492 exquisitis
820 2422 1146 2479 indumentis
1171 2425 1416 2490 vestiris,
1469 2426 1520 2480 in
1552 2426 1778 2482 alteram

178 2513 574 2584 turpitudinem
603 2514 785 2570 cadas.

804 2625 1159 2666 IIIERONYIUS.

242 2691 563 2750 Plumarum
593 2698 848 2756 mollities
872 2700 1128 2773 juvenilia
1161 2703 1402 2759 membra
1443 2719 1550 2759 non
1573 2703 1770 2759 foveat.

238 2790 516 2862 Quidquid
555 2795 699 2848 enim
749 2811 976 2866 corpora
1011 2807 1193 2853 nostra
1241 2798 1529 2855 defendere
1576 2807 1772 2869 potest,

172 2892 224 2937 et
254 2885 510 2938 humana:
553 2901 871 2944 succurrere
907 2889 1284 2956 imbecillitati,
1319 2891 1420 2947 hoc
1450 2906 1553 2946 una
1584 2891 1772 2962 appel-

173 2975 328 3032 landa
352 2985 441 3032 est
464 2978 663 3034 tunica.

825 3089 1137 3130 CBECOBIUS.

237 3161 414 3216 Nemo
443 3161 643 3232 quippe
663 3164 984 3220 vestimenta
1013 3166 1268 3236 pretiosa,
1321 3166 1420 3223 nisi
1457 3168 1525 3224 ad
1554 3166 1769 3224 inanem

168 3252 399 3321 gloriam
451 3256 677 3326 quzerit,
727 3258 1010 3323 videlicet,
1061 3269 1120 3315 ut
1167 3261 1533 3319 honorabiliur
1562 3263 1845 3329 cmterisC

169 3344 446 3404 videatur.

235 3435 411 3490 Nemo
459 3438 575 3493 vult
619 3440 870 3508 pretiosis
921 3443 1158 3498 vestibus
1205 3443 1276 3499 ibi
1325 3445 1506 3514 indui,
1556 3447 1644 3503 ubi
1701 3445 1767 3504 ah

167 3525 285 3582 aliis
311 3544 428 3585 non
460 3531 633 3600 possit
663 3531 852 3586 videri.

236 3621 343 3678 Pro
397 3623 517 3678 sola
570 3622 714 3678 enim
764 3624 911 3679 inani
960 3639 1129 3694 g.orta
1160 3627 1540 3686 vestimentum
1571 3631 1769 3700 pretio-

169 3731 284 3772 sum
315 3717 602 3785 quaeritur.

851 3806 1095 3847 EPBRxEII.

229 3879 472 3937 Ornatus
527 3882 729 3953 quippe
758 3885 983 3942 vestium
1039 3886 1237 3942 indicat
1282 3889 1516 3957 qualiter
1554 3903 1617 3945 ea
1646 3906 1769 3960 qua:

162 3983 362 4029 mterna
387 3984 520 4032 sunt
548 3977 841 4048 sapiamus,
873 3988 927 4034 et
961 3995 1058 4049 per
1085 3983 1319 4036 studium
1347 3983 1590 4038 clarioris
1635 3985 1768 4039 ami-

163 4075 300 4134 ctus,
332 4068 405 4122 ab
431 4077 637 4124 mterna
668 4070 916 4126 claritate
945 4072 1070 4126 nudi
1101 4088 1219 4129 esse
1246 4075 1640 4144 dignoscamur.

231 4161 446 4217 Lavare
472 4160 686 4231 faciem,
732 4180 923 4220 manus
949 4180 1012 4221 ac
1040 4167 1203 4237 pedes
1233 4168 1548 4239 impensius,
1580 4183 1767 4233 servos

164 4264 258 4307 nos
287 4253 498 4308 indicat
527 4268 648 4310 esse
677 4256 955 4311 vitiorum.

826 4364 1080 4404 BASILIUS.

229 4436 363 4492 Dum
408 4439 555 4494 enim
587 4441 744 4495 nimis
766 4451 1015 4496 ornatum
1049 4457 1341 4512 corporum
1383 4445 1760 4514 consnicitnus,

161 4532 405 4601 corporis
435 4541 490 4587 et
517 4532 710 4587 anima}
738 4531 1056 4589 client-limus
1086 4544 1407 4591 creatorem.

739 4664 964 4722 CAPUT
998 4665 1177 4725 XLIII.

731 4780 810 4836 De
830 4784 1205 4838 misericordia.

829 4912 1101 4952 CHRISTUS.

226 4980 373 5040 Beati
408 4983 829 5052 misericordes,
888 4989 1146 5058 quoniam
1188 4989 1289 5059 ipsi
1330 4988 1760 5047 misericordiam

160 5085 568 5147 consequentur
591 5075 808 5145 (Matth.
843 5082 917 5150 v).

229 5168 413 5222 [astute
465 5167 865 5236 misericordes,
915 5172 1049 5230 δίου.
1085 5181 1142 5228 et
1189 5171 1350 5230 Pater
1379 5182 1558 5230 vester
1595 5174 1759 5232 cade-

158 5260 246 5316 stis
278 5261 595 5317 misericors
624 5270 708 5316 est
737 5258 889 5330 (Luc.
926 5263 1024 5331 vi).

856 5368 1077 5410 PLULUS.

228 5441 414 5499 Estotc
459 5451 645 5498 autem
678 5442 904 5501 invicem
953 5444 1189 5516 benigni,
1235 5456 1292 5504 et
1343 5447 1758 5507 misericordes:

163 5533 357 5591 induite
390 5553 514 5602 vos,
547 5537 686 5592 sicut
714 5539 872 5593 electi
911 5539 1004 5596 Dei
1038 5540 1207 5596 sancti
1239 5551 1293 5597 et
1324 5541 1524 5613 dilecti,
1558 5545 1760 5600 viscera

159 5626 540 5683 misericordia:
599 5627 652 5699 (Ι
685 5627 818 5685 Tim.
844 5634 940 5698 tv).

227 5717 435 5776 Exerce
463 5721 697 5790 teipsum
728 5721 794 5776 ad
827 5724 1104 5793 pietatem.

230 5813 356 5866 Nam
399 5814 710 5885 corporalis
741 5819 1056 5875 exercitatio
1090 5820 1154 5875 ad
1183 5822 1452 5880 modicum
1485 5825 1629 5882 utilis
1654 5838 1755 5894 est,

163 5906 327 5976 pietas
358 5916 549 5961 autem
582 5906 650 5960 ad
676 5907 856 5962 omnia
884 5911 1028 5968 utilis
1058 5911 1270 5984 (Mitt).

1484 400 1993 466 SCINTILLARUM
2031 408 2254 468 LIBER.

1811 521 1866 580 Α

1785 4646 1840 4713 D

3377 420 3484 482 676

2582 537 2793 579 ιιοιςεε.

1974 611 2088 668 Non
2120 614 2338 683 negabis
2359 615 2660 672 mercedem
2693 626 2836 671 tuam
2867 619 3047 688 egenis
3075 628 3130 676 et
3159 623 3482 695 pauperibus

1900 701 2080 774 (Deut.
2115 708 2282 776 xxrv).

2559 815 2818 857 SALOION.

1969 887 2331 945 Misericordia
2378 901 2432 946 et
2460 895 2652 949 veritas
2680 912 2786 950 non
2817 903 2871 949 te
2922 895 3171 966 deseret;
3215 900 3481 960 benefacit

1896 980 2089 1034 animae
2113 997 2220 1034 sum
2249 983 2332 1036 vir
2359 983 2670 1040 misericors
2701 986 2882 1057 (Prov.
2909 988 3013 1058 ιιι).

1969 1069 2068 1136 Qui
2087 1079 2263 1127 autem
2281 1073 2510 1129 crudelis
2527 1083 2628 1142 est,
2643 1078 2972 1147 propinquos
2988 1078 3170 1148 abjicit
3186 1080 3365 1152 (Prov.
3383 1088 3475 1151 vt).

1966 1161 2263 1220 Clementia
2311 1177 2576 1237 praeparat
2607 1169 2801 1235 vitam,
2858 1173 3224 1228 misericordia
3256 1185 3309 1229 et
3342 1175 3480 1230 veri-

1898 1262 1982 1309 tas
2005 1267 2309 1326 prmparant
2337 1261 2476 1314 bona
2517 1259 2724 1332 (lbid.).

1965 1345 2326 1404 Misericordia
2374 1360 2427 1405 et
2453 1354 2652 1408 veritas
2701 1356 3012 1411 custodiunt
3038 1375 3240 1429 regem,
3297 1369 3477 1417 etro-

1894 1442 2117 1499 boratur
2141 1446 2424 1501 clementia
2449 1449 2673 1505 thronus
2702 1451 2817 1521 ejus
2841 1452 3020 1524 (Prov.
3054 1456 3167 1524 xx).

1966 1537 2166 1594 Facere
2217 1540 2636 1596 misericordiam
2676 1554 2729 1598 et
2755 1544 3031 1614 judicium,
3097 1550 3266 1619 magis
3296 1552 3475 1621 placet

1891 1629 2033 1700 apud
2062 1631 2226 1687 Deum
2255 1648 2414 1701 quam
2452 1634 2683 1691 victima:
2712 1637 2894 1706 (Prov.
2927 1657 3040 1710 xxi,
3081 1651 3134 1698 et
3160 1642 3347 1698 Matth.
3376 1649 3472 1716 ix).

2496 1743 2648 1783 JESUS
2672 1744 2876 1785 SIIIACII.

1959 1813 2016 1869 In
2069 1816 2359 1885 judicando
2418 1827 2536 1876 esto
2585 1821 2798 1891 pupillis
2846 1823 3152 1880 misericors

2144 1908 2240 1978 iV).

3206 1835 3262 1881 ut
3319 1837 3471 1899 pater

1960 2002 2145 2057 tlnmis
2171 2004 2536 2060 misericordia
2568 2006 2727 2060 faciet
2756 2007 2933 2062 locum
2962 2010 3248 2080 unicuique
3275 2027 3471 2068 secun-

1882 2091 2008 2148 dum
2036 2095 2284 2148 meritum
2317 2111 2535 2151 suorum
2565 2111 2787 2168 Operum
2818 2100 3039 2170 (Eu-les.
3075 2105 3204 2171 XVI).

1957 2185 2130 2251 Quam
2158 2201 2348 2256 magna
2381 2191 2745 2247 misericordia
2771 2194 2885 2260 Dei,
2915 2204 2970 2248 et
2993 2197 3298 2266 pr0pitiatio
3329 2200 3470 2257 illius

1881 2281 2316 2336 convertentibus
2345 2281 2410 2336 ad
2440 2298 2499 2338 se
2525 2281 2747 2352 (Eccles.
2777 2287 2924 2355 xvn).

1952 2369 2227 2429 Miseratio
2283 2373 2516 2430 hominis
2569 2376 2708 2431 circa
2765 2379 3068 2447 proximum
3130 2398 3284 2437 suttm
3343 2380 3471 2455 (Ec-

1879 2467 2002 2516 cles.
2039 2469 2207 2533 xvnt).

1949 2554 2312 2611 Misericordia
2379 2567 2558 2614 autem
2614 2559 2704 2616 Dei
2756 2578 2918 2634 super
2969 2581 3183 2621 onmem
3237 2582 3453 2624 carnem

1877 2644 2090 2717 (tum).

1951 2738 2049 2803 Qui
2104 2739 2526 2796 misericordiam
2572 2744 2751 2810 habet,
2796 2745 2954 2803 docet
2980 2759 3034 2805 et
3061 2753 3255 2819 erudit,
3312 2755 3466 2823 quasi

1877 2839 2066 2902 pastor
2093 2847 2309 2902 gregem
2333 2849 2488 2889 suum
2513 2837 2746 2891 custodit
2774 2837 2982 2909 (Ibid).

1948 2923 2047 2990 Qui
2100 2925 2226 2980 facit
2275 2927 2731 3000 misericordiam,
2780 2931 2936 2988 olfert
2979 2935 3296 2992 sacrificium
3339 2934 3464 3008 (Ec-

1874 3017 1999 3070 cles.
2034 3016 2217 3085 xxxv).

2502 3131 2842 3172 AUGUSTINUS.

1950 3202 2175 3274 Oportet
2205 3206 2403 3277 quippe
2428 3209 2592 3262 etiam
2623 3225 2745 3265 eum
2775 3212 2864 3281 qui
2914 3212 3334 3270 misericordiam
3379 3231 3466 3272 re-

1878 3297 2065 3365 quirit,
2098 3310 2152 3353 et
2184 3300 2358 3368 ipsum
2387 3315 2485 3370 pro
2515 3301 2691 3358 salute
2712 3319 2807 3360 sua
2828 3305 3024 3374 aliquid
3055 3308 3351 3365 elaborare.

1948 3391 2196 3450 Invenire
2244 3411 2531 3464 possumus
2584 3399 3028 3474 misericordiam,
3076 3406 3167 3460 sed
3198 3406 3250 3460 in
3285 3407 3462 3461 anima

1873 3485 2194 3541 conturbata
2218 3496 2271 3541 et
2299 3489 2490 3558 spiritu
2522 3490 2851 3552 humilitatis.

1944 3577 2001 3632 In
2034 3581 2177 3634 exitu
2207 3589 2299 3636 tuo
2321 3584 2496 3650 cogita
2523 3584 2711 3650 Deutn,
2743 3595 2797 3640 et
2823 3589 2872 3640 in
2905 3596 3226 3645 testamento
3254 3600 3345 3648 tuo
3373 3608 3460 3647 re-

1872 3669 2055 3738 linque
2097 3673 2422 3741 pauperibus
2452 3691 2462 3726 :
2496 3683 2550 3729 tu
2572 3675 2696 3731 illuc
2729 3677 2911 3748 vades,
2962 3689 3016 3735 et
3041 3697 3206 3751 opera
3249 3691 3338 3738 tua
3369 3685 3460 3740 hic

1872 3771 2211 3835 permanent.

2528 3873 2837 3916 GBEGORIUS.

1947 3940 2043 3995 Ubi
2084 3941 2450 3998 misericordia
2499 3946 2757 4013 qttzeritur
2796 3947 2913 4002 sine
2956 3950 3341 4010 controversia,
3371 3965 3459 4006 sa-

1869 4029 1954 4090 lus
1980 4040 2082 4087 est.

1947 4125 2236 4195 Disciplina
2278 4127 2394 4183 sine
2440 4129 2809 4187 misericordia
2851 4135 3077 4190 multum
3126 4135 3454 4202 destituitur,

1866 4218 1917 4274 si
1951 4234 2055 4274 una
2085 4220 2200 4276 sine
2223 4221 2390 4277 altera
2422 4230 2688 4278 teneatur.

2504 4333 2811 4373 CYPRIANL‘S.

1942 4409 2129 4479 Neque
2161 4410 2302 4464 enim
2331 4410 2424 4465 Dei
2456 4412 2878 4468 misericordiam
2912 4417 3205 4485 promereri
3235 4418 3454 4488 poterit,

1866 4499 1959 4569 qui
1989 4501 2297 4556 misericors
2325 4503 2436 4571 ipse
2465 4517 2570 4555 non
2601 4501 2778 4557 fuerit.

1939 4587 2124 4657 Neque
2154 4591 2294 4644 enim
2327 4591 2634 4660 impetrabit
2679 4608 2708 4648 a
2750 4593 2925 4647 divina
2956 4594 3154 4664 pietate
3181 4597 3376 4667 aliquid
3400 4599 3454 4654 in

1864 4681 2135 4751 precibus,
2188 4683 2277 4751 qui
2325 4684 2390 4738 ad
2442 4700 2632 4756 preces
2676 4687 2929 4758 pauperis
2980 4704 3087 4745 non
3144 4690 3302 4746 fuerit
3349 4694 3451 4746 hu-

1863 4791 2074 4836 manus.

2542 4884 2791 4925 ιειυοιιυε.

1937 4960 2302 5017 Misericordia
2333 4976 2362 5014 a
2393 4962 2772 5032 compatiendo
2809 4962 2997 5019 aliena:
3033 4963 3260 5020 miseria:
3291 4979 3450 5021 voca-

1862 5054 2050 5110 huium
2077 5056 2263 5109 sortita
2294 5065 2394 5109 est.

1940 5145 2123 5199 Nullus
2153 5155 2331 5200 autem
2365 5147 2416 5199 in
2458 5146 2566 5201 alio
2611 5162 2731 5203 esse
2773 5147 3080 5204 misericors
3109 5159 3302 5219 potest,
3363 5151 3450 5218 qui

1867 5252 2030 5308 prave
2067 5237 2292 5293 vivendo
2329 5238 2381 5291 in
2405 5253 2462 5294 se
2493 5239 2798 5294 misericors
2827 5255 2934 5296 non
2963 5249 3064 5296 est.

2447 5391 2673 5447 CAPUT
2705 5392 2887 5447 XLIV.

2286 5505 2363 5560 De
2388 5509 2744 5575 companione
2772 5510 3015 5577 proximi.

2528 5658 2798 5698 CHRISTUS.

1938 5735 2124 5790 Omnia
2154 5749 2280 5804 ergo
2302 5749 2632 5803 quacunque
2666 5736 2822 5789 vultis
2855 5744 2909 5790 ut
2941 5735 3139 5791 iaciant
3172 5737 3322 5792 vobis
3353 5738 3450 5789 Im-

1868 5846 2072 5894 nnncs,
2127 5829 2196 5882 ita
2249 5838 2302 5882 et
2330 5843 2423 5882 vos
2448 5826 2607 5882 facite
2663 5828 2946 5883 illis:h:cc
2992 5841 3070 5884 est
3095 5830 3234 5884 enim
3282 5831 3362 5882 lex
3402 5837 3454 5881 et

1867 5923 2140 5999 prophetae
2175 5919 2387 5990 (.Ilattlt.
2415 5929 2532 5990 vn).
