4194 6586
767 449 879 512 ϐἸε

1448 582 1671 625 νλυιῠε.

842 665 1084 720 Gaudete
1137 678 1257 719 cum
1314 662 1687 733 gaudentibus,
1749 659 1873 718 nete
1924 676 2046 717 cum
2101 657 2350 717 flentibus

772 758 950 830 (Rom.
980 765 1095 821 xu).

845 850 1258 904 necessitatibus
1321 857 1626 904 sanctorum
1688 850 2190 916 communicantes,
2259 864 2356 920 per

776 942 1093 996 clnaritatem
1125 942 1323 997 servile
1347 942 1572 997 invicem
1597 938 1807 1010 (Ibid).

850 1032 905 1085 Si
964 1041 1370 1101 {moccupalus
1421 1031 1584 1086 fuerit
1623 1032 1787 1087 homo
1836 1033 1888 1087 in
1935 1032 2114 1100 aliquo
2139 1030 2357 1099 delicto,

772 1138 872 1178 vos
911 1124 1217 1193 spirituales
1263 1124 1411 1187 estis,
1456 1123 1703 1179 iustruite
1751 1121 2059 1193 ltujusmodi
2088 1124 2140 1178 in
2170 1122 2360 1192 spiritu

773 1217 1435 1275 lenitatiszconsiderans
1491 1220 1742 1290 teipsum,
1798 1234 1867 1273 ne
1923 1226 1978 1272 et
2024 1226 2080 1272 tu
2137 1216 2361 1273 tenteris

775 1310 975 1380 (ϐαιτιι.
1000 1311 1098 1384 vt).

848 1400 1113 1472 Suscipite
1141 1401 1401 1473 inlirmos,
1435 1403 1702 1473 patientes
1723 1411 1896 1459 estote
1926 1403 1990 1457 ad
2022 1417 2228 1459 omnes.

1443 1512 1707 1551 SALONON.

849 1587 951 1656 Qui
982 1589 1207 1660 despicit
1251 1589 1553 1660 proximum
1584 1605 1758 1657 suum,
1789 1598 1978 1661 peccat
2019 1589 2196 1661 (Prov.
2230 1590 2361 1660 xtv).

853 1680 1048 1736 Eadem
1081 1681 1296 1752 posside
1337 1698 1460 1737 cum
1494 1684 1738 1750 proximo
1776 1683 1828 1737 in
1860 1691 2172 1752 paupertate
2202 1682 2363 1746 illius.

778 1780 839 1828 ut
865 1774 995 1835 etin
1026 1773 1181 1828 bonis
1212 1774 1351 1828 illius
1382 1773 1575 1827 lzeteris
1605 1771 1829 1841 (Eccles.
1860 1774 2016 1844 xxn).

846 1869 904 1924 ln
936 1878 1179 1938 tempore
1206 1868 1567 1923 tribulationis
1587 1882 1841 1936 permane
1864 1867 2055 1936 lidelis,
2086 1875 2145 1922 ut
2174 1868 2225 1922 in
2251 1866 2361 1922 lia:—

777 1959 1007 2016 reditate
1036 1959 1176 2015 illius
1204 1960 1375 2014 bmres
1400 1959 1472 2014 sis
1498 1958 1710 2029 (Ibid.).

848 2052 1019 2107 Perde
1048 2051 1330 2125 pecuniam
1376 2060 1600 2123 propter
1640 2051 1859 2109 fratrem
1891 2061 1946 2109 et
1973 2053 2204 2109 amicum
2236 2052 2362 2125 (Ec-

775 2143 899 2196 cles.
926 2146 1098 2210 xxxr).

852 2234 931 2290 Ne
957 2246 1168 2289 avertas
1189 2234 1378 2291 faciem
1403 2243 1549 2290 tuam
1581 2250 1611 2290 a
1638 2235 1886 2307 proximo
1910 2242 2003 2291 tuo
2032 2233 2199 2306 (Eccl.
2226 2236 2360 2306 xm).

851 2329 953 2396 Qui
1015 2328 1223 2383 foveam
1281 2328 1416 2383 fodit
1454 2330 1733 2399 proximo,
1786 2331 1837 2383 in
1885 2328 2030 2383 illam
2079 2329 2189 2384 cito
2218 2328 2363 2383 deci-

776 2420 856 2475 dit
886 2439 899 2474 :
933 2430 988 2476 et
1024 2421 1116 2491 qui
1152 2421 1339 2476 statuit
1368 2420 1598 2491 lapidem
1634 2420 1903 2490 proximo,
1948 2417 2173 2476 ollendit
2214 2420 2267 2475 in
2296 2434 2365 2476 eo

781 2508 1009 2579 (Eccles.
1035 2512 1112 2579 x).

850 2602 951 2667 Qui
974 2603 1220 2671 laqueum
1247 2602 1403 2659 alteri
1421 2603 1595 2675 ponit,
1621 2604 1819 2674 peribit
1840 2604 1892 2660 in
1917 2603 2009 2660 illo
2026 2601 2208 2676 (Prov.
2227 2618 2360 2667 xxu,

775 2703 832 2752 et
856 2692 1056 2749 Eccles.
1083 2697 1269 2766 xxvn).

1426 2801 1703 2844 ORIGENES.

849 2879 905 2934 Si
957 2880 1077 2949 quis
1112 2895 1175 2935 ea
1220 2893 1341 2949 quae
1366 2879 1590 2935 videtin
1621 2880 1818 2936 delicto
1863 2883 2092 2950 proximi
2120 2880 2221 2946 sui,
2277 2878 2366 2934 vel

775 2988 883 3027 non
916 2973 1135 3041 indicat,
1166 2972 1250 3028 vel
1280 2973 1332 3027 in
1358 2974 1665 3030 testimonio
1684 2982 1922 3035 .vocatus
1952 2989 2058 3030 non
2088 2989 2208 3044 quae
2236 2987 2365 3029 vera

807 3074 904 3120 unt
922 3065 1146 3132 dixerit,
1182 3081 1339 3136 poma
1360 3067 1631 3121 commissi
1650 3067 1944 3121 revolvitur
1964 3067 2030 3121 ad
2066 3067 2363 3124 conscium.

1423 3172 1732 3214 GBFGOMUS.

848 3247 1216 3318 Compassioni
1282 3248 1425 3304 enim
1481 3249 1713 3319 proximi
1774 3249 2095 3319 plerumoue
2151 3248 2366 3304 obsistit

778 3342 951 3412 pictas
980 3342 1129 3396 falsa.

848 3431 949 3498 Qui
994 3433 1133 3486 cnim
1184 3431 1429 3487 dolorem
1474 3433 1677 3501 excipit
1727 3434 1779 3487 in
1811 3433 1983 3490 aliena
2014 3433 2365 3501 necessitate,

777 3541 1004 3581 crucem.
1027 3534 1205 3596 portat
1235 3527 1284 3579 iu
1316 3534 1517 3579 mente.

849 3617 1032 3685 Neque
1087 3617 1231 3671 enim
1278 3617 1434 3671 aliter
1485 3616 1863 3687 Redemptoris
1910 3619 2077 3673 nostri
2126 3619 2368 3675 membra

777 3706 1078 3772 efﬁcimur,
1132 3708 1236 3763 nisi
1288 3707 1600 3764 inltzercndo
1659 3709 1806 3775 Deo,
1871 3720 1927 3766 et
1990 3711 2369 3783 compatiendo

777 3802 1045 3873 proximo.

848 3896 992 3950 Crux
1041 3895 1242 3965 quippe
1270 3911 1299 3949 a
1329 3895 1567 3952 cruciatu
1608 3893 1804 3950 dicitur
1836 3911 1851 3950 :
1882 3904 1936 3950 et
1957 3895 2165 3951 duobus
2193 3896 2368 3953 modis

776 4004 909 4045 crux
937 3988 1159 4050 tollitur,
1183 4002 1303 4042 cum
1332 3998 1424 4041 aut
1456 4002 1554 4057 per
1579 3987 1960 4042 abstinentiam
1996 4003 2215 4043 crucem
2256 3988 2363 4043 Do-

777 4081 909 4137 mini
940 4080 1262 4148 baiulamus,
1293 4090 1386 4135 aut
1410 4096 1505 4151 per
1532 4081 1962 4151 compassionem
1993 4083 2247 4153 proximi,
2270 4097 2366 4139 ne-

778 4171 1085 4227 cessitatem
1119 4171 1259 4226 illius
1290 4181 1526 4225 nostram
1556 4184 1824 4241 putamus.

850 4262 982 4317 Nam
1018 4263 1062 4315 si
1102 4264 1213 4317 haec
1243 4264 1470 4334 quisque
1496 4279 1593 4334 pro
1622 4264 1908 4335 temporali
1939 4265 2185 4322 mercede
2212 4266 2367 4323 exbl-

778 4357 889 4418 bet,
939 4371 1154 4412 crucem
1181 4357 1396 4426 quidem
1429 4354 1652 4427 bajulat,
1701 4358 1795 4413 sed
1827 4359 1904 4413 ire
1933 4368 2055 4429 post
2082 4359 2365 4417 Dominum

778 4462 1012 4505 recusat.

854 4544 1074 4599 Duobus
1114 4544 1256 4599 enim
1314 4543 1489 4599 modis
1538 4559 1668 4599 crux
1693 4543 1955 4611 ftollitur:
1983 4561 2103 4601 cum
2134 4555 2225 4600 aut
2268 4560 2367 4616 per

779 4638 1155 4694 abstinentiam
1200 4636 1453 4705 afﬂigitur
1499 4653 1716 4707 corpus,
1759 4647 1853 4694 aut
1892 4654 1988 4709 per
2033 4641 2364 4710 compassio-
2392 4660 2447 4727 υ

781 4747 903 4786 neut
934 4732 1164 4802 proximi
1196 4731 1448 4799 allligitnr
1472 4732 1701 4786 animus.

853 4823 1293 4893 Contpassionem
1342 4825 1541 4893 quippe
1572 4825 1772 4879 ltumini
1806 4824 2082 4889 debemus,
2120 4836 2174 4881 et
2205 4830 2365 4883 recti-

780 4916 1017 4971 tudinem
1066 4931 1095 4969 a
1127 4916 1270 4969 vitiis
1298 4914 1349 4970 in
1379 4931 1445 4971 eo
1465 4908 1773 4971 desiderare
1804 4926 2040 4985 oportet,
2084 4928 2138 4973 ut
2172 4920 2223 4973 in
2258 4934 2365 4975 uno

781 5010 1079 5079 eodemque
1107 5010 1323 5065 homine
1352 5018 1403 5063 et
1442 5009 1723 5078 diligamus
1761 5009 1962 5065 bonum
1993 5012 2133 5078 quod
2166 5011 2363 5067 factum

781 5111 885 5165 est,
913 5114 967 5159 et
1000 5118 1384 5173 persequamur
1412 5105 1551 5159 mala
1584 5120 1703 5175 qua:
1736 5105 1895 5159 l‘erit:
1928 5122 1995 5160 ne
2022 5107 2145 5161 dum
2179 5108 2364 5178 culpas

780 5196 992 5250 incaute
1039 5196 1383 5259 remittimus,
1426 5211 1532 5249 non
1582 5204 1688 5250 tam
1739 5211 1834 5266 per
1859 5197 2175 5252 charitatcm
2218 5214 2363 5253 com-

782 5288 985 5357 puncti,
1035 5287 1128 5342 sed
1158 5303 1251 5357 per
1280 5287 1657 5356 negligentiam
1684 5288 1894 5343 veniam
1922 5289 2253 5345 concessisse
2282 5289 2363 5344 vi-

780 5381 1025 5435 deamur.

850 5473 962 5527 lloc
999 5488 1128 5542 ergo
1179 5487 1275 5527 nos
1316 5472 1575 5527 debemus
1604 5475 1858 5529 exhibere
1910 5476 2169 5544 proximis
2218 5477 2359 5547 quod

780 5567 1007 5635 indignis
1059 5567 1214 5622 nobis
1244 5583 1273 5620 a
1304 5568 1562 5623 Creatore
1588 5578 1772 5623 nostro
1814 5570 2176 5639 conspicimus
2205 5572 2358 5627 exhi-

777 5658 912 5713 beri.

1739 441 2163 505 DEFENSOBIS
2199 436 2746 502 LOCOCIAGENSIS
2785 441 3089 500 MONACHI

2378 563 2428 623 Α

3936 449 4038 510 6⁸16

2523 560 2675 615 Nulla
2721 574 2840 629 qua:
2886 575 3171 631 possumus
3218 560 3475 619 fratribus
3516 560 3830 635 impendere
3874 564 4031 634 bona,

2457 669 2784 711 recusemus.
3653 638 3657 643 ”

2468 823 2471 829 ι
2526 748 2656 803 Inde
2688 749 2830 803 enim
2857 749 2905 803 ei
2936 750 3131 819 quiest
3159 764 3321 819 super
3345 751 3558 823 omnia,
3591 753 4037 824 propinquamus,

2457 840 2598 895 unde
2621 855 2716 895 nos
2746 856 2842 911 per
2870 843 3294 911 compassionem
3323 844 3552 914 proximi
3580 848 3741 903 etiam
3776 849 3878 904 sub
3914 865 4039 905 nos-

2459 937 2717 1007 metipsos
2744 936 3082 1008 deponimus.

2532 1030 2798 1096 Quantum
2832 1031 2949 1099 tiles
2990 1048 3085 1102 per
3112 1034 3539 1103 compassionem
3578 1036 3811 1107 proximi
3854 1036 4044 1107 afﬂigi-

2461 1136 2603 1188 mur,
2633 1132 2840 1179 tantum
2858 1125 3017 1180 altius
3046 1126 3155 1181 Deo
3184 1128 3625 1197 propinquamur.

2534 1217 2786 1288 Quisquis
2831 1219 3002 1273 malos
3050 1235 3157 1273 non
3189 1220 3403 1285 tolerat,
3460 1221 3574 1290 ipse
3600 1221 3698 1276 sibi
3727 1236 3827 1292 per
3852 1221 4048 1279 intole-

2461 1311 2692 1366 rantiam
2724 1327 2872 1367 suam
2904 1313 3057 1367 testis
3086 1323 3167 1368 est
3188 1313 3312 1384 quia
3343 1314 3514 1370 bonus
3545 1331 3651 1369 non
3682 1323 3783 1370 est.

2537 1402 2718 1459 Bonus
2762 1420 2871 1459 non
2907 1404 3005 1459 fuit
3041 1418 3203 1474 quem
3224 1406 3488 1462 malorum
3526 1408 3760 1478 pravitas
3788 1423 3898 1464 non
3930 1423 4054 1479 pro-

2464 1493 2630 1550 bavit.

2541 1588 2763 1642 Ferrum
2808 1597 3001 1645 nostum
3045 1590 3238 1647 animae.
3277 1606 3615 1662 nequaquam
3644 1593 3963 1664 perducitur
3987 1594 4057 1650 ad

2467 1678 2816 1734 subtilitatem
2852 1678 3140 1745 acuminis,
3191 1681 3237 1737 si
3287 1682 3391 1738 hoc
3439 1698 3546 1739 non
3606 1685 3836 1742 eraserit
3882 1686 4059 1743 aliena

2465 1770 2595 1826 lima
2620 1772 2914 1840 pravitatis.

2544 1862 2773 1919 Tantum
2801 1880 2931 1935 ergo
2958 1868 3128 1937 magis
3148 1866 3273 1922 mali
3303 1866 3568 1922 tolerandi
3591 1875 3737 1934 sunt,
3771 1868 4060 1937 Lquantum

2396 1929 2444 1992 Β
2471 1960 2526 2008 et
2549 1956 2778 2024 amplius
2805 1929 3098 2013 abundant.

2538 2041 2628 2098 Sic
2670 2058 2830 2113 agere
2857 2046 3118 2103 debemus
3155 2062 3343 2104 curam
3372 2056 3635 2118 nostram,
3690 2063 3760 2105 ne
3816 2049 4062 2121 negliga-

2468 2148 2586 2189 mus
2615 2149 2799 2190 curam
2830 2138 3081 2206 proximi.

2538 2225 2626 2281 Sic
2672 2230 2815 2285 enim
2867 2237 2923 2285 et
2951 2230 3093 2300 quod
3135 2231 3372 2301 impendi
3420 2232 3576 2288 nobis
3608 2241 3758 2289 recte
3786 2233 4063 2302 volumus,

2467 2318 2585 2373 aliis
2630 2318 3136 2389 impertiamur:et
3191 2322 3335 2391 quod
3392 2324 3547 2380 nobis
3610 2322 3727 2380 ﬁeri
3784 2324 4064 2394 nolumus,

2467 2410 2575 2467 ltoc
2600 2412 2719 2467 aliis
2750 2412 2928 2469 facere
2954 2415 3056 2485 ipsi
3082 2417 3403 2471 devitemus.

2540 2502 2828 2559 Cbaritatis
2852 2504 2973 2571 jura
2999 2505 3151 2561 illaesi
3180 2521 3477 2564 servemus.

3138 2614 3396 2656 BASILIUS.

2538 2684 2695 2753 Quod
2720 2687 2815 2743 tibi
2841 2687 3091 2745 accidere
3115 2705 3227 2745 non
3250 2690 3352 2756 vis,
3380 2703 3483 2747 nec
3499 2691 3743 2762 proximo
3759 2699 3859 2749 tuo
3880 2692 4069 2765 cupias

2463 2792 2703 2835 evenire.

2536 2869 2779 2925 Condole
2807 2871 3000 2930 alienis
3031 2873 3452 2943 calamitatibus,
3483 2882 3543 2931 et
3587 2876 3802 2932 sociare
3848 2874 4067 2935 ﬂetibus

2467 2963 2520 3017 in
2551 2963 2742 3017 alienis
2767 2965 3110 3022 mmroribus.

2538 3056 2598 3112 lu
2632 3059 2980 3115 tribulatione
3006 3061 3229 3117 alterius
3253 3069 3311 3117 et
3338 3068 3395 3117 tu
3423 3068 3542 3117 esto
3564 3061 3728 3117 tristis
3752 3077 3770 3117 :
3800 3062 3930 3119 talis
3952 3071 4069 3120 esto

2467 3149 2606 3214 aliis,
2638 3152 2828 3220 quales
2868 3164 3026 3222 optas
3054 3169 3175 3210 esse
3200 3155 3347 3211 circa
3378 3164 3431 3209 te
3458 3155 3614 3211 alios.

2542 3242 2697 3309 Quod
2736 3260 2845 3300 non
2873 3246 2955 3300 vis
2977 3247 3107 3314 pati,
3140 3262 3249 3303 non
3289 3246 3487 3314 facias,
3518 3258 3574 3304 et
3611 3264 3719 3304 non
3761 3248 3968 3307 inferas
3993 3250 4067 3306 al-

2475 3336 2593 3401 teri,
2621 3336 2759 3389 mala
2788 3352 2857 3392 ne
2883 3338 3104 3407 patiaris
3137 3338 3353 3395 similia.

2539 3426 2617 3482 lta
2671 3430 2907 3485 clemens
2959 3439 3076 3486 esto
3099 3430 3153 3485 in
3179 3432 3370 3487 alienis
3410 3432 3620 3491 delictis
3665 3435 3808 3490 sicut
3842 3436 3898 3491 in
3938 3437 4063 3502 tuis,

2470 3529 2528 3576 ut
2558 3538 2659 3578 nec
2702 3524 2858 3578 aliter
2888 3532 2961 3591 te,
3010 3540 3113 3580 nec
3133 3525 3294 3581 aliter
3321 3526 3457 3583 alios
3485 3543 3684 3599 penses
3710 3547 3722 3583 :
3751 3538 3809 3586 et
3826 3531 3909 3586 sic
3933 3530 4063 3586 alios

2464 3614 2669 3687 judice,
2704 3625 2763 3671 ut
2780 3616 3011 3685 iudicari
3040 3618 3216 3688 cupis.

3148 3726 3398 3767 ΕΙἯΒΞἉΙ.

2539 3798 2675 3856 Cum
2713 3802 2857 3856 enim
2900 3802 3130 3858 invicem
3178 3819 3346 3859 onera
3380 3811 3563 3859 nostra
3594 3811 3897 3875 portamus,
3945 3804 4061 3862 col-

2466 3894 2788 3951 luctatorent
2842 3906 3090 3951 nostrum
3143 3897 3417 3953 diabolum
3458 3898 3838 3954 confundimus
3876 3908 3933 3955 et
3973 3915 4061 3955 su-

2466 4002 2740 4059 peramus,
2765 3997 2820 4045 et
2847 3988 3133 4045 Dominum
3174 3998 3418 4046 nostrum
3446 3992 3538 4063 qui
3567 3991 3621 4046 in
3648 3992 3800 4049 caelis
3826 4002 3929 4061 est,
3960 3992 4060 4048 bo-

2467 4080 2833 4138 norilicamus.

2538 4171 2690 4229 Sicut
2731 4183 2891 4245 potus
2912 4191 3065 4245 aqua:
3091 4176 3291 4233 sitienti
3330 4176 3384 4231 in
3414 4182 3569 4245 gmstu
3598 4178 3746 4243 solis,
3775 4178 3855 4234 sic
3880 4193 4060 4234 sermo

2468 4265 2858 4323 consolationis
2886 4265 3039 4322 fratri
3066 4268 3118 4321 in
3147 4266 3491 4323 tribulatione
3517 4268 3835 4325 tentationis
3859 4269 4057 4339 posito.

3037 4395 3283 4454 CAPUT.
3324 4396 3486 4453 XLV.

3092 4507 3172 4564 De
3190 4510 3432 4564 elatione.

3121 4651 3396 4692 CHRISTUS.

2539 4726 2724 4783 Omnis
2762 4727 2853 4797 qui
2880 4741 2942 4784 se
2966 4726 3189 4797 exaltat,
3222 4729 3623 4787 bumiliabitur:
3655 4739 3713 4787 et
3739 4732 3835 4802 qui
3872 4747 3933 4789 se
3962 4731 4065 4787 bu-

2469 4819 2660 4884 miliat,
2690 4818 3017 4874 exaltabitur
3048 4818 3197 4889 (Luc.
3225 4836 3311 4874 xvi
3339 4833 3396 4877 et
3424 4824 3597 4891 xvm).

3172 4928 3389 4967 PAULUS.

2538 5004 2594 5059 Si
2616 5003 2790 5057 adhuc
2811 5003 3119 5060 hominibus
3164 5005 3458 5077 placerem,
3504 5003 3701 5061 Christi
3732 5020 3926 5063 servus
3953 5021 4068 5063 non

2466 5110 2640 5151 essem
2674 5094 2796 5166 (Gal
2834 5106 2870 5149 ι.
2905 5097 2967 5165 ι).

2466 5211 2480 5245 ε
2538 5187 2654 5241 Non
2682 5188 2977 5243 clliciamur
3024 5188 3198 5244 inanis
3223 5189 3406 5258 glorirc
3434 5189 3635 5259 cupidi,
3665 5189 3899 5245 invicem
3932 5205 4067 5262 pro-

2470 5290 2743 5343 vocantes,
2771 5281 2997 5334 invicem
3028 5281 3327 5337 invidentes
3354 5282 3552 5351 (Calat.
3586 5292 3662 5349 ν).

2535 5373 2591 5426 Si
2622 5374 2742 5441 quis
2791 5374 3061 5427 existimat
3089 5388 3147 5428 se
3200 5374 3398 5444 aliquid
3451 5389 3591 5439 esse,
3636 5390 3760 5429 cum
3804 5375 3939 5431 nihil
3963 5376 4060 5447 sit,

2464 5464 2578 5535 ipse
2603 5465 2836 5533 seipsum
2861 5464 3069 5520 seducit
3099 5464 3312 5533 (Ibid).

3118 5576 3379 5615 SALuuuN.

2534 5652 2876 5707 Abominatio
2912 5659 2995 5706 est
3036 5649 3264 5706 Domino
3286 5650 3459 5706 omnis
3497 5663 3760 5720 arrogans
3790 5670 3804 5705 :
3840 5648 4065 5707 etiamsi

852 5748 1024 5803 Minus
1054 5750 1357 5818 proximum
1387 5764 1568 5805 amare
1594 5751 1945 5816 convincitur,
1989 5754 2080 5821 qui
2111 5769 2215 5809 non
2238 5770 2359 5810 cum
2461 5761 2652 5800 manus
2674 5745 2737 5799 ad
2756 5762 2969 5799 tttttttutn
2993 5745 3095 5799 lue:
3114 5745 3173 5810 it,
3200 5760 3305 5799 non
3327 5746 3429 5800 erit
3450 5744 3706 5799 innocens
3728 5740 4062 5813 (Promxvt).

777 5856 843 5896 eo
888 5841 941 5896 in
990 5842 1309 5899 necessitate
1341 5842 1499 5908 illius,
1534 5844 1693 5898 etiam
1727 5860 1790 5899 ea
1818 5859 1935 5915 qua:
1956 5846 2055 5901 sibi
2080 5856 2204 5902 sunt
2233 5864 2358 5918 par-

779 5933 925 5989 titur.

2533 5840 2948 5910 Quisejactatet
2963 5840 3173 5906 dilatat,
3192 5838 3816 5911 jurgiaconcitatU’rov.
3837 5840 4059 5915 mut).

2533 5933 2633 6000 Qui
2656 5944 2839 6004 sperat
2860 5935 2910 5988 in
2943 5933 3187 6001 Domino,
3215 5934 3524 5991 sublevatur
3558 5932 3740 6005 (Prov.
3768 5938 3938 6007 xxix).
