4194 6628
161 436 250 492 677

791 558 1100 602 GREGORIUS.

219 641 275 697 In
305 653 466 695 omne
499 638 646 708 quod
686 638 786 694 scit
823 653 942 692 sese
985 651 1137 692 mens
1163 635 1448 707 deprimat,
1479 649 1548 689 ne
1586 630 1734 704 quod

160 735 316 790 virtus
337 735 576 788 scientia:
603 740 913 800 congregat,
942 738 1135 785 ventus
1165 728 1414 783 elationis
1449 726 1623 782 tollat.

224 825 458 880 Miranda
483 825 684 894 quippe
702 823 844 878 actio
877 837 1000 877 cum
1031 821 1264 876 elatione
1293 834 1400 874 non
1424 817 1621 881 elevat,
1643 813 1738 870 sed

160 927 358 989 gravat.

227 1010 360 1064 Dum
400 1024 634 1080 superna
675 1009 845 1078 gratia
886 1007 952 1062 ad
987 1007 1175 1061 altiora
1219 1004 1560 1072 intelligenda
1592 1002 1741 1056 duci—

157 1117 301 1164 mur,
353 1110 610 1170 quantum
653 1100 901 1154 subtilius
949 1099 1206 1162 levamur,
1262 1104 1466 1148 tantum
1528 1109 1741 1163 semper

158 1193 210 1247 in
245 1193 602 1246 humilitatem
634 1191 993 1261 nosmetipsos
1024 1190 1074 1243 in
1099 1188 1374 1244 intellectu
1396 1195 1583 1243 nostro
1619 1201 1740 1255 pre-

158 1301 303 1340 mere
330 1286 609 1341 debemus.

227 1377 396 1432 Valde
427 1379 626 1447 quippe
664 1377 804 1433 elata
837 1393 988 1432 mens
1012 1376 1333 1443 retunditur,
1367 1376 1410 1431 si
1434 1375 1551 1445 ipsi,
1582 1389 1744 1444 super

157 1487 317 1542 quem
347 1488 405 1526 se
427 1473 659 1538 extollit,
684 1482 1038 1543 supponatur.

230 1566 560 1634 Arrogantes
586 1567 683 1620 viri
715 1568 854 1620 inter
880 1577 1119 1622 sanctam
1147 1567 1464 1631 Ecclesiam,
1499 1579 1745 1635 quamvrs

159 1655 328 1712 Deum
357 1657 609 1724 fugiendo
639 1656 929 1729 refugiunt,
978 1675 1100 1713 cum
1135 1667 1312 1714 tamen
1341 1659 1602 1714 veraciter
1625 1672 1745 1713 cre-

161 1750 339 1804 dendo
370 1750 715 1808 conlitentur.

845 1879 1095 1918 ISIDORUS.

233 1955 312 2010 De
344 1955 560 2024 iustitia:
589 1955 806 2018 virtute,
842 1956 986 2010 nulla
1018 1957 1251 2011 elatione
1273 1955 1569 2024 superbias.

234 2048 313 2102 De
343 2048 500 2103 bonis
529 2048 681 2104 factis
729 2065 836 2104 non
887 2049 1186 2114 extollaris,
1235 2047 1380 2101 etde
1415 2048 1557 2101 hono
1589 2060 1754 2115 opere

163 2155 272 2195 non
297 2140 564 2209 glorieris.

234 2232 417 2288 Elatio
462 2234 730 2288 excelsum
775 2233 990 2302 dejecit,
1050 2243 1104 2286 et
1148 2232 1453 2301 arrogantia
1495 2230 1752 2285 sublimes

158 2323 489 2378 humiliavit.

233 2416 398 2482 Quod
453 2417 847 2474 manifestando
891 2428 1046 2488 potes
1076 2418 1347 2484 amittere,
1375 2415 1602 2472 tacendo
1653 2431 1752 2470 cu-

161 2510 327 2564 stodi.

741 2603 969 2659 CAPUT
1001 2603 1180 2657 XLVI.

712 2716 790 2771 De
835 2719 935 2771 vita
984 2718 1227 2771 hominis.

829 2864 1101 2906 CHRISTUS.

231 2939 317 2996 Ne
364 2939 614 3007 cogitetis
643 2939 696 2992 in
727 2941 888 2994 corde
915 2948 1093 2995 vestro
1117 2939 1243 3008 quid
1273 2937 1632 3005 manducetis,
1666 2944 1758 2993 aut

156 3032 294 3102 quid
323 3030 621 3085 induamini
654 3030 868 3101 (ΜαιιΙι.
894 3035 987 3096 vi).

226 3121 434 3176 Nonne
462 3120 640 3174 anima
668 3122 786 3190 plus
806 3131 887 3174 est
916 3136 1075 3191 quam
1097 3136 1218 3176 esca
1244 3121 1475 3192 (lbid.)?

225 3213 360 3268 Non
403 3213 550 3282 quod
578 3213 743 3268 intrat
773 3215 826 3266 in
879 3229 940 3268 os
984 3214 1297 3282 coinquinat
1325 3215 1616 3279 hominem,
1657 3212 1756 3269 sed

147 3305 313 3375 quod
325 3273 574 3376 procedit
595 3319 663 3358 ex
684 3318 780 3360 ore
794 3273 1390 3373 coinquinathominem
1407 3273 1618 3374 (Man/iv.
1635 3305 1750 3376 xv).
1782 3273 1831 3338 α

850 3434 1068 3473 ΡΑιῖιυε.

222 3531 363 3586 Non
394 3540 479 3585 est
508 3545 733 3600 regnum
756 3529 852 3584 Dei
877 3547 999 3586 esca
1032 3542 1086 3586 et
1109 3542 1288 3602 potus,
1317 3532 1412 3586 sed
1432 3531 1660 3599 iustitia,
1710 3537 1765 3586 et

143 3636 295 3694 pax,
331 3631 398 3677 et
416 3623 666 3690 gaudium
697 3623 748 3676 in
779 3622 977 3692 Spiritu
1002 3634 1186 3679 sancto
1219 3625 1394 3693 (“0111.
1421 3625 1554 3692 xiv).

221 3716 525 3786 Optimum
569 3714 713 3770 enim
745 3725 845 3780 est,
885 3718 1055 3784 gratia
1084 3717 1323 3770 stabilire
1371 3731 1492 3781 cor,
1538 3731 1643 3770 non
1677 3730 1766 3770 es-

138 3811 252 3876 cis,
270 3824 530 3878 quaanon
545 3808 1328 3878 profueruntambulantibusin
1342 3810 1418 3865 eis
1431 3810 1614 3881 (Hebr.
1632 3819 1763 3880 xm).

849 3938 1109 3980 SALOMON.

218 4040 365 4096 Non
397 4038 591 4107 allligit
611 4037 868 4092 Dominus
887 4040 1118 4092 animam
1140 4041 1265 4108 justi
1289 4041 1467 4111 (Prov.
1495 4043 1570 4109 x).

218 4133 446 4186 Melior
467 4141 547 4183 est
579 4131 816 4184 buceella
849 4131 1000 4199 panis
1029 4133 1171 4186 sicca
1212 4147 1332 4186 cum
1364 4133 1575 4202 gaudio,
1609 4148 1770 4202 quam

134 4227 367 4282 domus
403 4225 567 4295 plena
597 4223 824 4279 victimis
848 4239 971 4278 cum
996 4224 1172 4294 iurgio
1195 4225 1375 4296 (Prov.
1410 4229 1556 4296 xvii).

788 4351 935 4390 JESUS
972 4353 1177 4392 SIIIACII.

210 4456 472 4511 Initium
499 4453 622 4507 vita:
651 4451 904 4521 hominis,
933 4468 1070 4522 aqua
1098 4463 1154 4508 et
1182 4456 1353 4525 panis,
1385 4465 1438 4510 et
1483 4457 1770 4512 vestimen-

1425 423 1929 485 SCINTILLABUM
1971 423 2193 480 LIBER.

1767 544 1819 602 Δ

3315 413 3421 480 6Ὶ8

2402 530 2624 588 CAPUT
2663 528 2870 585 XLVII.

2425 644 2500 697 De
2523 643 2839 698 muneribus.

2534 794 2747 834 MOYSES.

1911 874 2130 928 Munera
2159 879 2430 928 excrecant
2460 872 2648 926 oculos
2678 869 3000 939 sapientum,
3037 877 3090 924 et
3132 869 3419 926 immutant

1840 965 2002 1020 verba
2033 964 2298 1032 justorum
2332 961 2515 1032 (Deut.
2556 977 2676 1026 xvi;
2711 960 2917 1014 Eccles.
2950 976 3053 1026 xx;
3087 961 3111 1014 Ι
3141 959 3260 1014 Cor.
3292 962 3354 1029 ii)

2500 1067 2763 1107 SALOMON.

1914 1147 2130 1201 Munera
2159 1147 2225 1200 de
2254 1147 2374 1200 sinu
2405 1145 2598 1212 impius
2626 1144 2840 1214 accipit,
2877 1151 2934 1199 ut
2963 1150 3241 1215 pervertat
3273 1142 3427 1197 semi-

1845 1247 1926 1294 tas
1948 1238 2131 1307 judicii
2165 1236 2345 1305 (Prov.
2384 1234 2533 1304 xvii).

1914 1328 2030 1384 Non
2061 1328 2154 1383 des
2208 1326 2385 1380 alieno
2415 1325 2676 1378 honorem
2707 1331 2856 1376 tuum
2883 1322 3067 1391 (Prov.
3097 1326 3174 1394 v).

2437 1431 2588 1471 JESUS
2627 1432 2833 1471 SlRAClI.

1915 1511 2101 1566 Donec
2144 1510 2430 1579 accipiant,
2462 1509 2771 1562 osculantur
2820 1523 3011 1562 manus
3042 1508 3236 1573 dantis,
3271 1515 3327 1562 et
3371 1507 3427 1561 in

1849 1605 2293 1678 promissionibus
2321 1602 2431 1657 suis
2461 1602 2744 1654 humiliant
2771 1617 2932 1654 voces
2955 1617 3100 1663 suas,
3131 1610 3186 1655 et
3209 1601 3261 1655 in
3295 1609 3432 1655 tem-

1851 1714 1980 1769 pore
2009 1695 2325 1752 redditionis
2350 1692 2642 1762 p'»slulabit
2675 1700 2884 1758 tempus
2925 1688 3148 1759 (Eccles.
3187 1692 3359 1760 xxix).

1924 1792 2023 1847 Ubi
2054 1804 2240 1843 manus
2270 1789 2450 1840 multa:
2495 1793 2639 1848 sunt,
2673 1784 2880 1838 claude.
2926 1784 3293 1853 Quodcunque
3323 1791 3433 1837 tra-

1781 1916 1828 1975 Β
1854 1886 1967 1949 des,
1999 1897 2216 1935 numera
2246 1888 2299 1934 et
2328 1878 2572 1948 appende
2596 1875 2825 1946 (Ecclcs.
2861 1879 3010 1942 xui).

1927 1979 2118 2032 Datum
2154 1991 2280 2030 vero
2312 1981 2368 2027 et
2395 1980 2675 2040 acceptum
2709 1986 2869 2024 omne
2896 1970 3156 2024 describe.
3181 1968 3313 2024 Cum
3341 1969 3437 2024 de-

1855 2072 2013 2136 deris,
2050 2086 2115 2124 ne
2148 2070 2481 2136 improperes
2510 2063 2732 2133 (Eccles.
2770 2063 2901 2131 xu).

2471 2171 2814 2211 AUGUSTINUS.

1927 2252 2228 2307 Adulaatur
2258 2250 2586 2318 frequenter,
2618 2249 2761 2315 quod
2791 2261 2898 2300 non
2929 2261 2995 2300 ex
3028 2246 3313 2299 voluntate
3340 2245 3438 2301 da-

1850 2354 1940 2400 tur
1976 2362 1986 2396 :
2021 2345 2161 2412 quod
2212 2344 2354 2397 enim
2409 2357 2475 2395 ex
2522 2339 2738 2409 propria
2785 2337 3062 2393 voluntate
3111 2347 3435 2408 praestatur,

1856 2451 1976 2492 eum
2006 2434 2152 2488 omni
2180 2434 2460 2488 voluntate
2489 2430 2742 2485 donatur.

2488 2534 2800 2576 QBEGORIUS.

1930 2618 2160 2672 Tantum
2191 2630 2318 2684 ergo
2344 2629 2461 2669 esse
2490 2613 2740 2668 humilior
2769 2612 2997 2681 quisque
3027 2610 3188 2665 debet
3214 2625 3279 2665 ex
3325 2625 3443 2664 mu-

1859 2725 2007 2774 nere,
2062 2717 2321 2762 nuantum
2371 2707 2748 2775 obligatiorem
2799 2719 2920 2760 esse
2966 2719 3026 2759 se
3073 2703 3341 2774 conspicit
3388 2704 3442 2758 in

1858 2803 2131 2858 reddenda
2165 2803 2398 2855 ratione.

1931 2896 2031 2960 Qui
2057 2910 2185 2963 ergo
2215 2909 2400 2949 sacros
2427 2894 2641 2950 ordines
2665 2893 2874 2956 tribuit,
2900 2901 3029 2947 tunc
3052 2892 3120 2946 ab
3150 2909 3296 2947 omni
3321 2908 3443 2946 mu-

1862 3000 1992 3040 nere
2021 3001 2216 3038 manus
2260 2985 2464 3039 excutit
2499 3004 2509 3037 :
2543 2985 2761 3054 quando
2810 2984 2864 3037 in
2902 2983 3094 3038 divinis
3143 2983 3305 3037 rebus
3337 2999 3444 3037 non

1859 3077 2029 3132 solum
2077 3077 2276 3129 nullam
2322 3076 2627 3145 pecuniam,
2663 3076 2756 3132 sed
2798 3075 2963 3131 etiam
3005 3074 3302 3131 humanam
3330 3075 3446 3145 glo-

1862 3170 1996 3223 riam
2029 3183 2136 3222 non
2166 3167 2410 3237 requirit.

2519 3272 2794 3313 JOSBPHUS.

1937 3351 2052 3406 Non
2096 3351 2355 3406 debemus
2398 3365 2650 3406 recusare
2686 3351 2809 3405 vita:
2855 3349 3009 3407 istius
3056 3365 3269 3416 munus,
3303 3348 3448 3420 quod

1866 3444 2013 3499 dedit
2041 3444 2195 3499 nobis
2227 3446 2382 3499 Deus.

1938 3535 1995 3591 Si
2042 3536 2346 3591 hominibus
2377 3535 2498 3589 data
2548 3533 2879 3604 rejiciamus,
2930 3531 3308 3589 contumeliosi
3359 3545 3451 3587 su-

1868 3642 2024 3693 mus;
2055 3635 2260 3696 quanto
2303 3628 2474 3696 magis
2522 3639 2742 3682 servare
2789 3625 3050 3682 debemus
3090 3625 3235 3694 quod
3276 3639 3307 3680 a
3337 3625 3453 3681 Deo

1871 3729 2057 3775 nostro
2088 3719 2421 3789 accipimus?

2400 3825 2632 3882 CAPUT
2686 3823 2922 3883 XLVIII.

2441 3937 2521 3992 De
2548 3939 2906 4009 cleemosynis.

2518 4066 2794 4106 CHRISTUS.

1949 4146 2083 4200 Date
2133 4144 2556 4214 eleemosynani,
2589 4152 2643 4198 ct
2684 4159 2815 4199 ecce
2862 4143 3044 4199 omnia
3085 4143 3284 4204 munda
3330 4152 3462 4203 sunt

1875 4237 2027 4291 vobis
2054 4237 2203 4306 (Luc.
2236 4237 2334 4306 xi).

1951 4328 2174 4382 Vendite
2242 4343 2358 4397 qua:
2408 4327 2736 4398 possidetis,
2787 4335 2844 4382 et
2885 4326 3009 4382 date
3057 4325 3460 4399 eleemosynam

1876 4419 2029 4488 (Luc.
2066 4418 2186 4488 ιιι).

1950 4508 2130 4563 Facite
2154 4509 2304 4562 vobis
2329 4510 2571 4564 sacculos
2599 4509 2692 4578 qui
2719 4523 2827 4564 non
2856 4515 3218 4576 veterascnnt,
3243 4509 3462 4566 thesau-

128 4563 257 4607 tum
291 4549 554 4620 (Eccles.
590 4546 760 4616 xxix).
1950 4546 1971 4561 ‘
1994 4546 2130 4563 “”""
2162 4546 2304 4612 """j’
2325 4546 2571 4612 f’“""“"’?
2599 4546 2692 4578 ν’·
2719 4546 2827 4611 "_"“
2865 4546 3218 4612 "f""°‘“""
3243 4546 3462 4614 “""f'"

215 4645 357 4700 “la
425 4654 667 4710 “equam
742 4637 1046 4699 “050m,”
1095 4640 1162 4694 de
1227 4640 1388 4696 domo
1450 4641 1503 4695 in
1559 4641 1775 4697 domum
1804 4629 1856 4692 υ
1885 4617 2000 4656 ιύιιι
2032 4617 2136 4710 non
2183 4601 2807 4710 dehcrententinlsmilis,
2840 4605 2929 4657 tibi
2973 4600 3057 4658 fur
3087 4618 3194 4658 non
3231 4610 3462 4674 aperiat,

425 4693 539 4710 ψ’
846 4693 858 4699 ’
1108 4693 1111 4694 ⁷
1236 4693 1287 4695 θ’
1365 4693 1378 4696 ⁷
1886 4710 2058 4764 neque
2090 4696 2231 4749 tinea
2271 4695 2568 4762 corrumpit
2597 4693 2806 4763 (Ibid)

205 4832 450 4888 Melior
485 4834 570 4882 est
603 4841 751 4882 mors
790 4841 950 4898 quam
985 4827 1096 4881 vita
1125 4842 1330 4896 amara,
1375 4836 1429 4884 et
1465 4845 1678 4898 requies
1707 4847 1782 4885 :1:-

122 4935 304 4981 terna
344 4935 540 4992 quam
577 4920 803 4987 languor
839 4933 1195 4988 perseverans
1231 4918 1456 4990 (Eccles.
1484 4923 1637 4991 xxx).

205 5016 494 5074 Omnem
539 5026 722 5065 escam
763 5010 1110 5066 manducabit
1155 5022 1365 5075 venter,
1413 5022 1467 5066 et
1511 5021 1591 5066 est
1632 5013 1782 5068 cibus

121 5112 264 5165 cibo
297 5105 537 5162 melior
563 5099 790 5172 (Eccles.
827 5101 1035 5169 xxxvi).

202 5202 472 5257 Initium
510 5193 833 5248 necessaria:
859 5193 934 5247 rei
959 5193 1080 5247 vitm
1105 5193 1407 5259 hominum,
1440 5210 1595 5263 aqua,
1626 5197 1781 5266 ignis,

114 5305 180 5350 et
214 5295 499 5350 ferrum,
534 5287 620 5340 lac
643 5293 700 5340 et
730 5285 884 5354 panis
919 5286 1305 5355 similagineus,
1341 5288 1446 5341 mel
1481 5297 1536 5341 et
1573 5290 1781 5357 botrus,

120 5402 278 5451 uvae,
315 5391 384 5438 et
414 5379 622 5435 oleum
651 5386 705 5431 et
731 5375 1110 5432 vestimentum
1136 5377 1357 5449 (Eccles.
1390 5382 1599 5448 xxxix).

198 5477 352 5531 Hinc
392 5470 608 5527 omnia
640 5468 846 5524 sanctis
873 5469 928 5524 in
957 5470 1122 5535 bona,
1154 5473 1230 5526 sic
1260 5483 1313 5527 et
1356 5474 1533 5544 impiis
1576 5485 1630 5532 et
1658 5490 1785 5545 pec-

115 5569 452 5629 catoribus
491 5563 556 5617 in
587 5561 733 5614 mala
759 5569 1142 5617 convertentur
1175 5562 1391 5636 (lbid.).

2416 4801 2486 4840 EX
2526 4799 2681 4841 LIDRO
2720 4799 2911 4841 TOBIAI.

1954 4876 2143 4930 Melius
2185 4885 2266 4930 est
2310 4875 2489 4931 facere
2528 4875 2929 4946 eleemosynam
2975 4887 3137 4947 quam
3180 4873 3466 4933 thesauros

1884 4966 1999 5020 auri
2029 4967 2260 5020 condere
2290 4963 2441 5035 (Tob.
2477 4965 2600 5032 xu).

1957 5060 2056 5124 Qui
2088 5058 2290 5112 faciunt
2319 5059 2720 5129 eieemosynam
2748 5068 2807 5114 et
2828 5056 3118 5129 justitiam,
3145 5065 3468 5113 saturaoun-

1885 5162 1973 5207 tur
2005 5154 2127 5206 vita.

2559 5257 2778 5298 PAULUS.

1963 5340 2177 5395 Beatius
2208 5349 2290 5396 est
2319 5340 2447 5395 dare
2469 5353 2630 5408 quam
2659 5339 2907 5408 accipere
2939 5338 3078 5409 (Act.
3113 5341 3230 5413 xx).

1957 5432 2055 5499 Qui
2085 5448 2245 5501 parce
2273 5432 2524 5496 seminat,
2558 5446 2719 5501 parce
2756 5439 2811 5486 et
2839 5440 3005 5486 metet
3033 5431 3115 5502 (Il
3149 5431 3267 5487 Cor.
3295 5433 3393 5503 ix).

1959 5523 2165 5577 Bonum
2217 5532 2395 5578 autem
2449 5522 2710 5578 facientes
2757 5539 2864 5578 non
2911 5522 3223 5579 deﬁciamus
3272 5543 3284 5578 :
3341 5526 3466 5580 dum

821 5690 1162 5731 AUGUSTINUS.

197 5799 425 5858 Omnis
463 5789 659 5849 malus
690 5796 786 5842 aut
816 5787 938 5842 ideo
967 5789 1097 5842 vivit
1121 5797 1179 5842 ut
1200 5790 1520 5860 corrigatur,
1551 5794 1788 5853 antideo

117 5901 264 5958 vivit
304 5904 374 5951 ut
410 5903 536 5964 per
565 5884 715 5939 illum
747 5882 875 5938 boni
906 5893 1265 5940 exerceantur

1885 5626 2100 5685 tempus
2129 5615 2407 5680 habemus,
2458 5631 2749 5684 operemur
2790 5617 2984 5670 bunum
3015 5617 3083 5671 ad
3116 5631 3328 5684 omnes,
3358 5631 3471 5671 nta-

1888 5711 2031 5765 xime
2070 5717 2248 5763 autem
2276 5707 2340 5762 ad
2371 5708 2698 5763 domesticos
2730 5708 2853 5762 lidei
2879 5706 3077 5778 (Calai.
3107 5708 3201 5779 ιι).

2547 5816 2809 5856 δΑιοιιοΝ.

1964 5892 2282 5964 Redemptio
2315 5893 2506 5948 animo:
2538 5895 2654 5960 vin,
2687 5895 2885 5951 divitise
2915 5911 3024 5952 sua:
3047 5894 3232 5968 (Prov.
3258 5895 3396 5965 xui).
