4194 6542
772 418 879 475 679

1792 412 2218 475 DEFENSORIS
2258 410 2799 472 LOCOCIAGENSIS
2836 411 3162 470 MONACIII.

3938 407 4042 465 680

843 532 941 599 Qui
970 539 1151 588 autem
1179 529 1521 587 miserebitur
1548 544 1802 602 pauperi,
1827 533 2015 588 beatus
2040 533 2142 588 erit
2170 531 2347 603 (Prov.
2377 528 2430 587 Α
2455 528 2627 599 grini,
2684 544 2806 583 cum
2858 528 2963 581 illis
3010 524 3257 580 Christus
3310 523 3536 579 conviva
3594 536 3714 578 esse
3764 532 4041 578 noscatur.

768 646 908 689 XIV).

842 648 859 683 ν
895 669 908 684 .

842 632 944 790 Qui
969 722 1326 779 calumniatur
1352 738 1660 795 pauperem,
1685 724 1979 791 exprobrat
2003 722 2193 778 factori
2216 719 2349 791 ejus:

771 817 1002 873 honorat
1030 824 1211 872 autem
1242 831 1365 872 eum
1394 817 1484 886 qui
1508 816 1797 871 miseretur
1825 816 2079 887 pauperis
2103 812 2315 885 (Mitt).

1360 924 1507 963 JESUS
1544 924 1748 963 SIRACII.

841 1001 1117 1057 Conclude
1147 1004 1544 1073 eleemosynam
1581 1002 1632 1055 in
1679 1003 1797 1055 sinu
1830 1002 2102 1071 pauperis,
2152 1009 2210 1056 et
2240 1002 2353 1055 hac

768 1111 866 1163 pro
899 1104 950 1149 te
978 1094 1227 1151 exorabit
1254 1096 1319 1150 ab
1341 1095 1484 1148 omni
1514 1094 1655 1147 malo
1680 1091 1905 1164 (Eccles.
1935 1094 2111 1161 xxix).

840 1189 1023 1255 Ignem
1053 1188 1330 1243 ardentem
1372 1188 1667 1256 exstinguit
1709 1202 1869 1256 aqua,
1914 1195 1968 1241 et
2006 1186 2352 1257 eleemosyna

768 1284 968 1336 resistit
996 1292 1218 1351 peccato
1251 1280 1475 1352 (Eccles.
1508 1282 1610 1348 tu).

842 1373 955 1427 Non
995 1383 1079 1428 est
1112 1374 1192 1430 eis
1232 1374 1369 1428 bene
1414 1372 1502 1441 qni
1532 1369 1745 1426 assidue
1774 1376 1900 1425 sunt
1944 1367 2095 1431 mali,
2126 1377 2181 1424 et
2203 1368 2350 1425 elee-

769 1480 1050 1534 mosynant
1078 1480 1187 1519 non
1214 1464 1362 1518 dant.

2527 619 2710 676 Gloria
2740 621 3143 691 episcoporum,
3172 614 3496 688 pauperibus
3528 616 3813 685 providere
3840 632 3853 668 :
3885 616 4042 685 igno-

2456 713 2730 782 miniaque
2758 713 2999 768 omnium
3040 707 3406 772 sacerdotum,
3440 706 3671 777 propriis
3706 706 3927 762 Studere
3959 707 4040 761 di-

2458 804 2619 860 vitiis.

2526 896 2639 951 Non
2672 896 2747 951 sis
2774 911 2942 952 vanus
2965 912 3085 951 cum
3111 895 3303 951 feceris
3325 909 3727 966 eieemosynam
3756 891 4040 961 indigenti,

2456 1002 2633 1058 neque
2663 996 2716 1044 te
2745 988 3025 1044 meliorem
3057 986 3148 1043 illo
3179 987 3263 1042 cui
3294 986 3552 1043 feneraris
3575 986 3831 1042 aestimes.

3081 1115 3376 1157 GRECOBIUS

2526 1215 2664 1270 Sunt
2712 1214 2855 1271 enim
2902 1215 2996 1284 qui
3037 1229 3228 1284 magna
3258 1212 3506 1282 diligunt,
3547 1218 3603 1267 et
3646 1209 3814 1264 multa
3856 1223 3925 1263 ex
3957 1207 4040 1261 his

2455 1322 2575 1377 qua:
2602 1307 2879 1377 possident
2905 1306 3090 1376 egenis
3116 1306 3435 1360 distribuere
3461 1310 3812 1373 pertractant,
3843 1310 3901 1354 ut
3923 1298 4039 1353 cul-

2455 1416 2553 1469 pas
2595 1415 2721 1456 suas
2761 1408 2888 1456 ante
2933 1398 3027 1455 Dei
3074 1399 3263 1456 oculos
3312 1396 3694 1453 misericordia:
3741 1392 4039 1449 visceribus

2455 1492 2744 1550 redimam.

842 1554 1196 1653 E‘Fe'my“
1224 1554 1323 1610 viri
1352 1554 1506 1626 qua“
1547 1554 1792 1612 sacculus
1822 1570 1944 1612 cm“
1974 1568 2091 1626 ¹Ρ⁵⁰
2119 1552 2345 1625 (Eccm'
2398 1580 2443 1638 Ἳ
2525 1582 2661 1638 Dum
2690 1582 2944 1652 quaslibet
2972 1583 3272 1639 necessaria
3298 1580 3665 1653 indigentibus
3694 1581 3903 1646 damus,
3938 1594 4035 1634 sua

770 1648 939 1712 xxix).

841 1736 1070 1806 Propter
1111 1745 1425 1791 mandatum
1456 1752 1669 1792 assume
1706 1752 2020 1808 pauperem,
2050 1745 2105 1792 et
2133 1744 2350 1807 propter

768 1830 1004 1899 inopiam
1036 1831 1151 1898 ejus
1180 1846 1249 1885 ne
1278 1830 1516 1886 dimittas
1543 1846 1665 1886 eum
1692 1845 1915 1886 vacuum
1938 1828 2154 1901 (Ibid.).

840 1918 987 1973 l'one
1017 1921 1323 1974 thesaurum
1354 1920 1406 1974 in
1434 1921 1714 1990 praeceptis
1744 1920 2022 1985 Altissimi,
2054 1930 2110 1976 et
2148 1918 2347 1991 prode-

768 2009 946 2064 rittibi
965 2010 1132 2075 magis
1153 2025 1312 2079 quam
1343 2025 1532 2063 aurum
1564 2007 1772 2078 (lbid.).

838 2098 1247 2170 Eleemosynam
1280 2101 1527 2170 pauperis
1554 2116 1658 2155 non
1686 2100 1918 2165 fraudes,
1944 2108 1996 2155 et
2018 2101 2204 2158 oculos
2228 2109 2349 2157 tuos

766 2208 835 2247 ne
865 2202 1191 2249 transvertas
1213 2209 1243 2247 a
1276 2208 1511 2263 paupere
1543 2192 1767 2263 (Eccles.
1794 2196 1892 2263 tv).

840 2284 1086 2338 Animam
1118 2284 1441 2340 esurientem
1474 2302 1540 2339 ne
1565 2285 1904 2355 despexeris,
1949 2294 2003 2341 et
2034 2300 2100 2341 ne
2127 2300 2349 2358 exaspe-

763 2390 853 2431 res
883 2391 1170 2445 pauperem
1202 2377 1254 2429 in
1282 2376 1459 2445 inopia
1487 2391 1582 2430 sua
1610 2375 1821 2445 (lb.’d.).

836 2468 942 2523 Cor
970 2470 1143 2538 inopis
1174 2483 1241 2523 ne
1276 2467 1551 2537 afllixeris,
1591 2476 1648 2525 et
1694 2484 1802 2524 non
1846 2468 2128 2539 protrahas
2160 2467 2348 2524 datum

764 2560 1090 2628 angustianti
1123 2558 1335 2631 (lbid.).

835 2652 1189 2721 Rogationem
1214 2652 1559 2707 contribulati
1586 2662 1653 2707 ne
1681 2652 1926 2721 abjicias,
1970 2660 2027 2709 et
2057 2667 2164 2708 non
2189 2666 2345 2707 aver-

763 2754 848 2799 tas
878 2743 1065 2798 faciem
1090 2751 1233 2797 tuam
1263 2741 1330 2796 ab
1353 2757 1523 2812 egeno
1552 2741 1767 2813 (lbid.).
2336 2797 2347 2807 ,

836 2836 915 2888 Ab
955 2835 1117 2904 inope
1166 2850 1235 2891 ne
1278 2846 1491 2891 avertas
1549 2834 1738 2891 oculos
1782 2842 1901 2891 tuos
1944 2841 2166 2905 propter
2208 2848 2348 2889 iram

761 2924 970 2996 (Ibid).

832 3016 1201 3073 Maledicentis
1237 3019 1328 3073 tibi
1370 3032 1620 3088 pauperis
1657 3033 1712 3073 ut
1746 3018 2128 3089 amaritudine,
2177 3032 2347 3079 exau-

761 3108 939 3164 dietnr
969 3108 1210 3179 precatio
1233 3108 1395 3164 illius.

836 3200 1095 3255 Exaudiet
1124 3208 1302 3256 autem
1344 3215 1466 3255 eum
1496 3201 1587 3271 qui
1620 3199 1744 3256 fecit
1775 3200 1921 3256 illum
1950 3199 2163 3271 (Ibid.).

2455 1676 2561 1733 illis
2588 1675 2878 1741 reddimus,
2911 1692 3017 1731 non
3046 1686 3228 1731 nostra
3258 1674 3535 1744 largimur.

2523 1769 2761 1825 Terrena
2794 1770 2994 1839 quippe
3035 1772 3215 1824 omnia
3258 1768 3527 1825 servando
3577 1768 3895 1830 amittimus,
3943 1761 4036 1819 sed

2377 1893 2425 1956 Β
2452 1859 2593 1916 bene
2622 1859 2899 1927 largiendo
2928 1874 3229 1915 servamus.

2524 1950 2778 2019 Quisquis
2810 1966 2951 2005 nunc
2998 1950 3134 2006 bona
3188 1967 3355 2022 opera
3402 1949 3761 2020 indigentibus
3794 1949 4032 2011 exhibet,

2345 2074 2350 2079 ~
2451 2059 2515 2099 ea
2548 2044 2592 2098 is
2623 2043 2932 2113 specialiter
2961 2044 3224 2115 impendit
3249 2044 3324 2099 illi
3354 2046 3508 2114 cujus
3536 2044 3647 2100 ha-c
3678 2060 3862 2099 amore
3896 2058 4035 2113 pra-

2449 2134 2647 2191 buerit.

3113 2240 3367 2282 ISIDORL'S.

2521 2336 2674 2393 Nulla
2717 2339 2921 2394 scelera
2964 2338 3323 2410 eleemosynis
3360 2346 3588 2409 possunt
3632 2337 3847 2402 redimi,
3896 2336 3942 2391 si
3984 2338 4036 2391 in

2452 2430 2688 2498 peccatis
2715 2429 2941 2499 quisque
2969 2429 3342 2500 permanserit.

2522 2520 2673 2575 Nulla
2706 2531 2787 2577 est
2817 2522 2995 2577 delicti
3027 2523 3184 2578 venia
3211 2562 3226 2588 ,
3256 2521 3468 2593 quando
3496 2522 3573 2577 sic
3602 2523 3857 2579 ormcedit
3876 2521 4041 2577 mise-

2451 2612 2704 2677 ricordia,
2742 2620 2800 2667 ut
2824 2627 2942 2667 eam
2968 2623 3261 2682 sequantur
3292 2624 3531 2683 peccata.

2522 2702 2623 2769 Qui
2654 2705 2929 2761 inimicum
2960 2706 3150 2773 diligit,
3184 2714 3239 2761 et
3264 2708 3356 2775 qui
3387 2707 3588 2776 lugenti
3612 2706 3864 2763 affectum
3888 2722 4041 2762 como

2449 2796 2719 2868 passionis
2757 2806 2812 2852 et
2856 2798 3244 2853 consolationis
3286 2798 3547 2868 impertit,
3596 2808 3687 2852 aut
3728 2798 3783 2853 in
3814 2799 4038 2868 quibus-

2450 2887 2582 2943 libet
2604 2890 3014 2944 necessitatibus
3041 2890 3327 2945 consilium
3356 2890 3593 2955 adhibet,
3626 2891 4037 2962 eleemosynam

2450 2982 2637 3052 procul
2664 2982 2825 3037 dubio
2856 2981 3001 3039 facit.

2521 3072 2777 3140 Quamvis
2805 3074 3032 3143 quisque
3079 3073 3149 3130 sit
3195 3088 3380 3144 egens,
3430 3074 3605 3129 nullus
3655 3083 3841 3129 tamen
3894 3073 4034 3129 unde

2451 3164 2653 3221 tribuat
2672 3167 2849 3235 egenti
2872 3166 3275 3221 excusationem
3299 3166 3493 3236 inopite
3515 3174 3696 3237 potest
3715 3166 4035 3231 obtendere,

832 3259 1561 3359 Congregationipauperuin
1586 3290 1851 3345 affabilem
1876 3298 1928 3344 te
1945 3259 2337 3361 facitoflb.‘d.).
2374 3263 2421 3329 (ἶ
2450 3262 2666 3361 Ῥέη-αθ
2697 3277 2765 3317 e‘
2797 3259 3395 3361 ἓτεξδεθβιο,δ³,¹,ν³ί⁰¹ξί⁵
3432 3260 3593 3361 θίξ³¹¹¹
3623 3260 3851 3317 calicem
3890 3275 4040 3330 aq“

833 3380 1050 3437 Declina
1077 3381 1299 3451 pauperi
1318 3382 1435 3437 sine
1460 3382 1676 3438 tristitia
1706 3398 1891 3437 aurem
1916 3389 2085 3445 tuam,
2127 3391 2186 3436 ttt
2223 3397 2342 3453 per-

662 3508 665 3511 ›
758 3473 974 3528 ficiatur
1002 3472 1309 3542 propitiatio
1340 3480 1454 3537 tua,
1480 3481 1535 3527 et
1564 3472 1869 3528 benedictio
1899 3481 1988 3527 tua
2020 3471 2234 3544 (Ibid.).

830 3565 969 3620 Ante
998 3572 1227 3619 mortem
1256 3562 1482 3619 benefac
1509 3566 1685 3620 amico
1718 3574 1831 3631 tuo,
1866 3575 1921 3620 et
1942 3566 2239 3622 secundum
2262 3567 2345 3622 vi-

758 3671 848 3715 res
878 3666 995 3711 tuas
1024 3655 1379 3725 exporrigens
1404 3654 1470 3709 da
1502 3656 1726 3726 pauperi
1755 3655 1982 3725 (Eccles.
2014 3658 2143 3726 xlv).

828 3752 905 3805 Da
936 3750 1161 3821 pauperi
1210 3759 1266 3805 et
1296 3750 1532 3819 accipies
1562 3767 1573 3803 :
1604 3748 1843 3818 justifica
1885 3752 2120 3806 animam
2154 3760 2299 3807 tuam
2328 3772 2339 3809 :

757 3854 884 3900 ante
909 3844 1112 3900 obitum
1142 3852 1291 3899 tuum
1320 3857 1550 3913 operare
1588 3842 1850 3911 justitiam
1885 3853 2055 3913 tuam,
2085 3847 2346 3916 quoniam

758 3952 866 3992 non
896 3944 979 3990 est
1005 3934 1144 4004 apud
1173 3932 1373 3989 inferos
1402 3933 1642 3988 invenire
1673 3935 1849 3989 cibum
1883 3934 2105 4006 (Ibid.).

830 4027 930 4092 Qui
987 4025 1114 4080 facit
1190 4022 1649 4091 misericordiam,
1686 4025 1891 4080 fenerat
1944 4027 2191 4083 nroximo
2242 4041 2345 4084 suo

758 4118 984 4189 (Eccles.
1018 4116 1189 4185 ntx).

831 4208 1033 4262 Fenera
1061 4205 1311 4279 proximo
1340 4214 1433 4262 tuo
1462 4206 1514 4261 in
1541 4212 1789 4277 tempore
1817 4208 2155 4265 necessitatis
2203 4210 2345 4267 illius

758 4302 970 4375 (11:54.).

1377 4408 1719 4449 AUGUSTINUS.

830 4484 888 4539 In
918 4483 1166 4553 largitate
1195 4484 1340 4539 enim
1362 4497 1682 4555 pauperum,
1714 4499 1821 4539 non
1848 4483 2043 4554 spolia,
2075 4482 2168 4541 sed
2196 4483 2339 4541 dona

763 4577 1130 4647 requiruntur.

2447 3339 2651 3423 frigida:
2679 3353 3053 3424 praecipiantur
3087 3352 3353 3421 indigenti
3380 3352 3638 3422 praebere.

2517 3444 2644 3499 Dum
2690 3453 2816 3501 sunt
2858 3444 3214 3515 eleetnosyna:
3263 3463 3274 3499 :
3322 3458 3431 3498 una
3476 3443 3803 3514 corporalis,
3858 3441 4034 3513 egenti

2446 3536 2576 3594 dare
2597 3536 2863 3608 quidquid
2908 3538 3179 3608 potueris;
3225 3535 3395 3591 altera
3439 3536 3718 3607 spiritalis,
3760 3536 4035 3592 dimittere

2447 3642 2478 3682 a
2506 3642 2612 3697 quo
2638 3628 2794 3683 Lusus
2825 3626 3006 3685 fueris.

2518 3718 2593 3776 De
2638 3720 2840 3790 rapinis
2889 3720 3079 3775 alienis
3122 3728 3523 3793 eleemosynam
3567 3720 3770 3789 facere,
3814 3740 3925 3779 non
3955 3730 4033 3778 est

2446 3808 2681 3867 ofﬁcium
2711 3810 3093 3876 miserationis,
3124 3810 3220 3865 sed
3247 3810 3673 3867 emolumentmn
3694 3812 3943 3867 sceleris.

2517 3901 2617 3966 Qui
2662 3914 2791 3970 ergo
2843 3900 3041 3969 injuste
3088 3900 3247 3968 tollit,
3284 3900 3427 3970 juste
3474 3918 3749 3972 nunquam
3797 3905 4027 3959 tribuit:

2447 4005 2548 4047 nec
2578 3990 2733 4046 alteri
2759 3991 2899 4047 bene
2928 3991 3150 4061 praebet,
3176 3992 3323 4062 quod
3350 3993 3418 4049 ab
3441 3992 3620 4049 alieno
3670 3994 3816 4051 male
3842 4003 4029 4052 extor-

2444 4093 2594 4156 quet.

2514 4174 2767 4247 Magnum
2796 4176 2971 4233 scelus
3000 4185 3102 4243 est,
3131 4192 3219 4234 res
3248 4193 3543 4250 pauperum
3572 4191 3832 4251 praestare
3854 4183 4029 4239 diviti-

2443 4267 2565 4333 bus,
2589 4277 2645 4323 et
2681 4267 2748 4325 de
2775 4270 3077 4341 sumptibus
3106 4270 3327 4341 inopum
3354 4272 3638 4330 acquirere
3676 4289 3903 4345 sapores
3935 4292 4030 4346 po-

2443 4368 2650 4415 tentum
3472 4432 3479 4437 θ

2514 4454 2592 4511 Ne
2626 4454 2794 4525 eligas
2824 4456 2911 4510 cui
2940 4455 3271 4527 miserearis,
3303 4471 3371 4513 ne
3398 4455 3537 4513 forte
3566 4466 3864 4528 pra-tereas
3906 4475 4027 4516 eum

2446 4548 2537 4623 qui
2564 4558 2804 4605 meretur
2832 4549 3100 4620 accipere.

834 4622 1003 4733 Quale
1034 4665 1163 4721 illud
1194 4679 1387 4721 munus
1413 4673 1495 4720 est
1524 4677 1668 4735 quon
1698 4676 1837 4722 aiter
1864 4680 1988 4722 cum
2020 4667 2216 4737 gaudio
2244 4682 2338 4725 ac-
2368 4622 2420 4686 υ
2520 4642 2713 4737 Meno"
2742 4650 2825 4697 ⁸⁵⁸
2847 4642 3223 4737 Pe'P9V°'°“”‘
3251 4658 3411 4711 quam
3440 4643 3784 4737 quo‘lgd‘ﬁur'

761 4757 914 4828 cipit,
949 4756 1087 4810 alter
1117 4771 1239 4810 cum
1270 4755 1522 4826 lacrymis
1552 4756 1774 4810 amittit.

835 4851 1011 4921 Super
1034 4849 1180 4918 quod
1212 4849 1299 4905 ille
1327 4849 1649 4919 gratulatur,
1680 4850 1769 4905 ille
1798 4850 2054 4922 suspirat.

835 4942 1089 5009 Quamvis
1130 4942 1372 5011 largiaris
1416 4951 1584 5010 tuum,
1618 4944 1894 5001 meliorem
1942 4945 2343 5019 eleemosynam

766 5037 915 5101 facis,
949 5036 991 5089 si
1021 5035 1197 5090 reddis
1226 5036 1484 5091 alienum.

838 5130 1082 5184 Alienum
1113 5130 1254 5183 enim
1286 5138 1366 5183 est
1394 5129 1538 5199 quod
1582 5130 1865 5199 habemus,
1895 5133 1939 5188 si
1978 5148 2085 5188 non
2116 5148 2340 5205 compe-

768 5231 941 5277 tenter
971 5236 1035 5275 co
1068 5221 1266 5274 utimur
1298 5221 1359 5275 ad
1392 5221 1641 5277 salutem.

840 5315 960 5370 limc
990 5314 1131 5368 enim
1162 5322 1243 5367 est
1272 5313 1412 5383 apud
1457 5313 1621 5370 Deum
1651 5326 1803 5383 grata
1848 5319 2187 5388 eleemosyna
2221 5332 2340 5389 qua:

769 5421 837 5461 ex
869 5406 1153 5459 vernacula
1177 5404 1460 5460 exhibetur
1482 5407 1797 5474 substantia,
1825 5424 1931 5463 non
1955 5425 2074 5479 qua:
2105 5425 2171 5466 ex
2194 5410 2339 5467 frau-

767 5499 987 5555 dulenta
1019 5496 1193 5566 praeda
1225 5498 1496 5562 tribuitur,

840 5590 1041 5643 Malunt
1069 5603 1128 5642 se
1157 5602 1249 5641 sua
1278 5589 1504 5657 perdere
1537 5589 1830 5660 largiendo,
1865 5608 2024 5662 quam
2055 5602 2227 5650 aliena
2260 5595 2342 5651 ln-

766 5684 989 5740 stituere
1014 5681 1413 5753 componendo.

1382 5792 1727 5834 HIERONHIL'S.

840 5886 921 5931 nu
947 5869 1247 5928 mensulam
1276 5870 1367 5933 ubi
1396 5880 1522 5927 sunt
1547 5871 1777 5941 religiosi
1810 5886 2072 5947 pauperes
2098 5884 2153 5933 et
2183 5890 2339 5949 pere-

2518 4736 2619 4802 Qui
2651 4751 2774 4791 cum
2808 4734 3025 4790 tristitia
3064 4748 3282 4789 manum
3312 4734 3635 4805 porrexerit,
3668 4734 3908 4791 fructum
3938 4752 4025 4792 re-

2445 4827 2834 4885 munerationis
2861 4827 3074 4883 amittit.

2516 4923 2635 4980 Non
2675 4932 2758 4979 est
2794 4921 2939 4977 enim
2978 4920 3369 4990 misericordia,
3401 4920 3489 4977 ubi
3519 4937 3629 4979 non
3658 4931 3744 4978 est
3789 4923 4030 4982 benevo-

2443 5014 2630 5074 lentia.

2518 5106 2635 5161 Non
2664 5103 2878 5161 auferas
2906 5102 3081 5167 alteri,
3112 5101 3255 5159 unde
3284 5102 3405 5159 aliis
3438 5104 3660 5159 tribuas.

2516 5198 2657 5255 Nihil
2688 5195 2899 5269 proiicit
2919 5196 2962 5254 si
2991 5196 3155 5252 alium
3181 5196 3305 5252 inde
3333 5196 3529 5263 reficis,
3555 5196 3698 5253 unde
3727 5196 3895 5254 alium
3919 5200 4032 5255 ina-

2444 5306 2566 5348 nem
2596 5290 2746 5345 facis.

3070 5395 3379 5437 CYPIUANUS.

2514 5501 2615 5569 Qui
2644 5500 2943 5557 secundum
2965 5499 3135 5555 Deum
3162 5512 3378 5569 sapiens
3400 5504 3504 5568 est,
3536 5505 3591 5553 et
3617 5498 4028 5573 eleemosynam

2442 5594 2591 5663 facit,
2642 5592 2808 5648 Deum
2857 5590 3028 5648 credit
3059 5608 3074 5648 :
3103 5599 3160 5648 et
3206 5590 3299 5661 qui
3335 5591 3500 5647 habet
3543 5589 3666 5647 fidei
3715 5595 4026 5661 veritatem,

2441 5694 2617 5744 servat
2646 5686 2739 5742 Dei
2768 5686 3035 5741 timorem.

2512 5777 2611 5845 Qui
2642 5787 2820 5835 autem
2852 5778 3101 5833 timorem
3131 5776 3225 5833 Dei
3271 5785 3449 5833 servat
3478 5776 3532 5833 in
3582 5778 4031 5839 miserationibus

2442 5889 2759 5950 pauperum,
2792 5873 2961 5931 Deum
2991 5870 3193 5945 cogitat
3219 5879 3274 5930 et
3300 5871 3553 5930 honorat.
