4194 6596
185 423 263 478 681

739 548 965 605 CAPUT
1007 546 1190 602 XLIX.

688 664 763 718 De
793 660 1234 717 tribulationibus.

831 813 1107 852 CHRISTUS.

248 893 353 963 Ego
383 908 518 961 quos
548 906 693 954 amo,
725 903 891 959 arguo
921 896 976 942 et
1001 886 1205 954 castigo
1238 884 1426 954 (Apoc.
1461 882 1564 951 nt).

856 995 1075 1035 I‘AULUS.

252 1079 350 1133 Per
394 1077 590 1132 multas
628 1075 1011 1130 tribulationes
1052 1079 1273 1147 oportet
1303 1086 1401 1125 nos
1448 1068 1675 1123 introire
1712 1084 1764 1120 ιιι

189 1187 398 1240 regnum
432 1170 524 1223 Dei
557 1168 746 1238 (Hebr.
779 1168 895 1238 xn).

252 1261 303 1315 In
336 1260 591 1315 omnibus
622 1257 1029 1313 tribulationem
1062 1253 1317 1326 patimur,
1348 1251 1443 1308 sed
1473 1267 1579 1306 non
1608 1265 1766 1305 coan-

192 1363 454 1423 gustamur
486 1351 624 1423 (Λα.
659 1350 793 1419 xrv).
1326 1388 1333 1391 ν

255 1445 591 1513 Aporiamur,
625 1441 718 1496 sed
750 1456 856 1495 non
887 1438 1235 1494 destituimur
1262 1435 1345 1506 (11
1375 1436 1493 1490 Cor.
1529 1434 1623 1505 iv).

258 1535 693 1589 Persecutioncm
742 1532 1001 1604 patimur,
1031 1529 1126 1585 sed
1181 1546 1289 1585 non
1346 1528 1770 1597 derclinquimur

194 1628 395 1697 una).

257 1722 563 1787 ltcjicimnr,
594 1718 689 1772 sed
716 1733 822 1771 non
854 1716 1117 1785 perimus.

255 1814 474 1880 Semper
500 1811 645 1864 enim
678 1808 1150 1863 mortificationem
1177 1802 1307 1857 Jesu
1328 1801 1382 1856 in
1412 1812 1641 1869 corpore
1666 1814 1762 1853 no-

1431 405 1941 463 SlIINTlLLAilUM
1987 404 2210 461 LIBER.

3346 406 3451 461 68‘)

1784 526 1833 581 Α
1937 519 2070 572 Dum
2101 520 2243 572 enim
2294 517 2457 571 multa
2488 514 2814 571 damnabilia
2868 512 3083 584 reprobi
3107 517 3447 572 commisisse

1865 610 2147 662 vidcantur
2172 606 2413 677 despecti
2432 624 2461 662 a
2484 610 2617 673 Deo,
2639 607 2784 661 nullo
2801 607 3196 663 emendationis
3224 610 3449 664 verbere

1867 698 2148 754 feriuntur.

1935 790 2159 845 Gemina
2189 799 2270 846 est
2308 792 2584 860 percussio
2611 790 2788 845 divina
2817 809 2827 843 :
2858 806 2986 859 una,
3016 792 3067 845 in
3095 791 3295 847 bonam
3325 807 3450 863 par-

1870 892 1998 947 tem,
2020 898 2121 952 qua
2148 883 2477 952 percutimur
2502 884 2553 937 in
2578 891 2823 938 earne'ut
2845 883 3193 938 emendemur
3214 901 3229 949 ;
3254 884 3447 946 altera,

1867 989 1972 1042 qua
1989 974 2333 1029 vulncramur
2356 974 2409 1028 in
2433 975 2784 1040 conscientia,
2805 989 2873 1029 ex
2895 974 3178 1040 charitatc,
3203 983 3259 1029 ut
3282 975 3450 1030 Deum

1868 1065 2145 1126 ardentius
2168 1066 2473 1135 diligamus.

1944 1159 2081 1213 Deus
2120 1161 2240 1214 ideo
2276 1160 2476 1229 justum
2519 1158 2776 1230 ﬂagellat,
2820 1175 2890 1216 ne
2918 1161 2985 1215 de
3023 1161 3228 1231 justitia
3259 1176 3452 1230 super-

1869 1249 2021 1305 biens
2049 1252 2224 1305 cadat.

1942 1342 2235 1411 Flagellum
2268 1357 2501 1413 namque
2529 1353 2656 1397 tunc
2684 1343 2888 1397 delebit
2916 1343 3152 1413 culpam,
3185 1357 3308 1398 cum
3333 1359 3452 1397 ιιιιι-

1873 1435 2066 1487 taverit
2096 1434 2282 1488 vitam.

1943 1522 2127 1579 Omnis
2153 1524 2330 1579 divina
2366 1525 2639 1595 percussio
2668 1534 2760 1579 aut
2792 1526 3039 1596 purgatio
3069 1528 3187 1581 vitae
3221 1542 3452 1596 praesen-

1875 1618 1940 1672 tis
1969 1627 2069 1683 est,
2098 1627 2191 1671 aut
2222 1618 2428 1671 initium
2462 1634 2632 1686 prmia:
2662 1620 2958 1688 sequentis.

1941 1710 2073 1763 Nam
2102 1709 2421 1778 quibusdam
2458 1710 2668 1777 ﬂagella
2698 1710 2764 1763 ab
2792 1711 2893 1764 hac
2923 1710 3032 1763 vita
3076 1708 3354 1774 inchoant,
3397 1720 3453 1764 et

1874 1800 1928 1853 in
1957 1810 2213 1854 :etcrnam
2237 1800 2642 1868 percussionem
2671 1800 2983 1870 perdurant.
3013 1802 3271 1867 Quamvis
3308 1804 3450 1856 enim

192 1914 293 1958 stro
322 1899 783 1962 circumferentes,
817 1906 874 1951 ut
899 1904 954 1951 et
976 1896 1085 1949 vita
1115 1892 1241 1948 Jesu
1270 1891 1468 1947 Christi
1493 1890 1547 1944 in
1569 1904 1766 1958 corpo-
1802 1883 1844 1942 Β
1876 1908 1979 1947 una
2010 1892 2164 1959 culpa
2215 1907 2321 1945 non
2362 1890 2443 1944 bis
2474 1892 2796 1960 percutitur,
2825 1907 2928 1945 una
2971 1900 3147 1947 tamen
3179 1897 3453 1963 percussio

191 1995 329 2048 ribus
357 1991 560 2047 nostris
588 1988 966 2043 manifestetur
990 1983 1205 2054 (Μήτι).

806 2089 1150 2129 AUGUSTINUS.

254 2173 352 2238 Qui
384 2173 437 2225 in
470 2171 573 2224 hoc
599 2167 800 2222 mundo
828 2165 1089 2235 ﬂagellari
1124 2178 1231 2217 non
1261 2159 1573 2224 merebitur,
1610 2157 1661 2212 in
1687 2157 1768 2209 in-

194 2265 335 2317 ferno
368 2260 732 2330 torquebitur.

255 2355 386 2410 Cum
419 2355 564 2410 enim
592 2370 619 2405 a
656 2349 881 2405 Domino
904 2346 1255 2416 ﬂagellamur,
1293 2345 1339 2398 si
1378 2343 1649 2413 patienter
1683 2353 1771 2393 ac-

192 2448 429 2514 cipimus,
467 2453 521 2498 et
553 2442 717 2496 humil
748 2450 825 2494 ter
852 2440 1055 2508 gratias
1082 2438 1324 2506 agimus;
1357 2435 1403 2488 si
1433 2433 1562 2487 mali
1606 2432 1773 2485 fueri-

189 2554 320 2601 mus,
366 2544 718 2604 peccatorum
766 2529 1158 2598 indulgentiam
1198 2526 1568 2597 accipiemus;
1600 2524 1645 2579 si
1676 2538 1776 2577 au-

193 2636 294 2681 tem
324 2625 472 2690 boni,
506 2635 764 2678 aeternam
794 2620 1182 2676 beatitudinem
1212 2632 1629 2689 consequemur.

799 2727 1156 2767 IIII-ZRONIIIUS.

260 2808 359 2875 Qui
393 2807 564 2863 semel
595 2805 787 2875 recipit
814 2804 1012 2858 malum
1045 2803 1097 2856 in
1127 2802 1238 2856 vita
1276 2814 1393 2866 sua,
1420 2814 1530 2854 non
1559 2797 1778 2853 eosdem

190 2904 463 2957 cruciatus
492 2901 693 2969 patitor
721 2898 773 2950 in
800 2904 975 2950 morte
996 2909 1133 2963 quos
1162 2901 1243 2948 est
1271 2906 1464 2963 passus
1492 2892 1546 2945 in
1575 2891 1706 2946 vita.

260 2993 542 3060 Multoque
592 2989 786 3044 melius
851 2995 936 3042 est
983 2983 1323 3042 stomachum
1373 2982 1558 3039 dolere
1618 2996 1778 3052 quam

192 3093 450 3137 mentem.

256 3174 577 3229 Cavendum
608 3181 691 3226 est
716 3170 907 3224 vulnus
936 3170 1079 3239 quod
1109 3182 1230 3223 cum
1254 3167 1445 3223 dolore
1467 3175 1710 3223 curatur.

256 3270 457 3338 Magna
489 3266 860 3323 misericordia
901 3273 1001 3329 est,
1031 3261 1247 3333 quando
1293 3261 1636 3330 peccantibus
1664 3260 1776 3314 ira-

188 3364 358 3416 scitur
390 3363 559 3415 Deus.

255 3452 505 3509 Medicus
546 3451 591 3506 si
622 3447 912 3505 cessaverit
931 3461 1142 3510 curare,
1176 3443 1446 3516 desperat.

834 3554 1150 3596 GBEGOBIUS.

259 3638 456 3693 Divina
504 3633 908 3705 dispensatione
953 3632 1149 3701 agitur,
1178 3631 1267 3687 ubi
1308 3628 1601 3703 prolixiora
1631 3626 1781 3692 vitia,

188 3728 482 3797 aegrotatio
510 3725 777 3797 prolixior
803 3730 1019 3778 exurat.

864 3829 1121 3871 lSIDORUS.

259 3910 574 3963 Revertens
618 3904 762 3960 enim
803 3903 943 3958 Deus
986 3901 1259 3957 hominem
1304 3899 1514 3955 cruciat
1560 3918 1571 3951 :
1625 3912 1785 3967 quem

189 4006 522 4068 peccantem
559 3996 893 4057 deseruerat,
929 3990 1250 4059 ﬂagellando
1288 3989 1485 4044 iterum
1512 3988 1715 4044 visitat.

255 4089 532 4144 Ordinata
577 4095 659 4141 est
688 4084 963 4139 miseratio
996 4082 1109 4148 Dei,
1154 4096 1276 4151 qua:
1306 4081 1453 4150 prius
1490 4080 1579 4135 hic
1617 4079 1790 4133 homi-

188 4197 311 4235 nem
363 4196 469 4251 pcr
509 4177 723 4245 ﬂagella
783 4191 812 4228 a
852 4183 1077 4245 peccato
1106 4172 1376 4237 emendat,
1410 4180 1466 4225 et
1496 4179 1682 4239 postea
1724 4171 1789 4223 ab

185 4285 396 4327 :eterno
429 4268 710 4339 supplicio
737 4266 952 4321 liberat.

258 4363 491 4418 Electus
538 4360 685 4413 enim
717 4359 834 4423 Dei,
865 4357 1143 4412 doloribus
1166 4357 1290 4411 vita:
1332 4355 1486 4411 istius
1515 4354 1785 4418 atteritur,

188 4463 245 4507 ut
274 4454 686 4523 perfectionem
712 4449 832 4501 vitae
864 4446 1053 4500 futura:
1084 4447 1345 4501 lucretur.

1871 1981 2203 2049 intelligitur,
2250 1995 2369 2047 qua:
2417 1981 2504 2034 hic
2546 1989 2745 2050 empta,
2797 1982 2909 2036 illic
2940 1982 3254 2051 perficitur:
3290 1994 3349 2038 ut
3398 1987 3449 2038 in

1872 2076 1977 2128 illis
2001 2075 2087 2143 qui
2117 2073 2336 2127 omnino
2361 2088 2465 2128 non
2495 2074 2855 2141 corriguntur,
2882 2074 3303 2143 prmcedentium
3328 2092 3449 2145 pcr—

1872 2164 2049 2217 CUS:i0
2079 2161 2410 2230 ﬂagellorum
2442 2164 2784 2231 sequentium
2807 2165 2877 2218 sit
2908 2164 3120 2219 initium
3152 2174 3450 2220 tormento-

1873 2270 2012 2308 rum.

1947 2344 2297 2410 Quibusdam,
2329 2353 2541 2399 secreto
2570 2343 2664 2399 Dei
2688 2346 2915 2415 judicio,
2945 2347 3033 2402 hic
3058 2347 3199 2402 male
3222 2356 3327 2416 est,
3351 2348 3459 2402 illic

1875 2436 2013 2491 bene
2043 2455 2052 2488 :
2087 2435 2293 2489 scilicet
2337 2445 2394 2488 ut
2423 2436 2550 2489 dum
2592 2436 2677 2490 hic
2708 2438 2956 2504 castigati
2995 2439 3359 2508 corriguntur,
3392 2441 3459 2493 ab

1875 2534 2075 2581 aeterna
2106 2522 2457 2579 damnatione
2502 2524 2835 2591 liberentur;
2869 2528 3188 2594 quibusdam
3214 2546 3341 2585 vero
3371 2530 3459 2586 hic

1876 2616 2017 2671 bene
2046 2622 2148 2681 est,
2180 2614 2289 2669 illic
2324 2616 2505 2669 male:
2539 2614 2678 2668 sicut
2720 2615 2869 2669 diviti
2913 2616 2987 2669 illi
3018 2618 3331 2687 evangelica
3362 2632 3456 2672 ac-

1879 2710 2030 2766 cidit.

1954 2802 2123 2859 Porro
2152 2801 2473 2873 quibusdam
2503 2802 2663 2857 ethic
2688 2802 2847 2865 male,
2890 2811 2945 2857 et
2980 2802 3089 2857 ilic
3129 2804 3270 2858 male
3296 2821 3311 2859 :
3336 2808 3460 2874 quia

1884 2898 2078 2968 corrigi
2110 2899 2374 2962 nolentes,
2410 2906 2465 2952 et
2504 2897 2762 2964 ﬂagellari
2793 2898 2847 2951 in
2886 2898 2987 2951 hac
3034 2898 3140 2951 vita
3179 2899 3460 2969 incipiunt,

1883 3000 1940 3047 et
1967 2992 2021 3045 in
2047 2999 2249 3046 aeterna
2277 2991 2527 3061 passione
2551 2991 2897 3045 damnantur.

1955 3082 2292 3138 Murmurare
2321 3083 2374 3137 in
2399 3081 2620 3151 ﬂagellis
2646 3085 2736 3139 Dei
2764 3092 3013 3152 peccator
3038 3084 3201 3139 homo
3230 3099 3336 3139 non
3372 3086 3468 3139 dc-

1888 3176 1998 3241 bet,
2045 3176 2447 3245 quia‘maxime
2486 3192 2581 3246 per
2625 3177 2731 3232 hoc
2769 3176 2911 3246 quod
2957 3178 3246 3249 corripitur
3283 3194 3466 3234 emen-

1889 3268 2066 3323 datur.

1962 3358 2339 3427 Unusquisque
2368 3367 2550 3413 autem
2594 3373 2737 3412 nunc
2780 3358 2953 3413 levius
2988 3367 3169 3427 portat
3198 3364 3341 3427 quod
3374 3374 3468 3428 pa-

1888 3453 2038 3519 titur,
2068 3453 2112 3507 si
2140 3467 2238 3508 sua
2266 3452 2583 3509 discusserit
2606 3452 2767 3517 mala,
2794 3467 2893 3522 pro
2916 3454 3108 3521 quibus
3132 3453 3209 3508 illi
3240 3454 3469 3508 infertur

1888 3545 2174 3601 retributio
2200 3544 2364 3612 justa.

1962 3634 2101 3689 Justi
2141 3634 2195 3688 in
2235 3633 2476 3691 adversis
2514 3634 2736 3703 probari
2764 3647 2825 3688 se
2864 3642 3214 3701 cognoscant,
3247 3648 3354 3687 non
3378 3633 3470 3687 de-

1887 3725 2002 3794 jici.

1962 3813 2071 3866 Viri
2096 3812 2268 3867 sancti
2294 3811 2412 3881 plus
2434 3811 2725 3868 formidant
2752 3825 3007 3882 prospera
3030 3826 3188 3882 quam
3213 3811 3434 3866 adversa
3459 3832 3470 3865 :

1890 3905 2017 3971 quia
2060 3919 2246 3959 servos
2294 3903 2388 3958 Dei
2436 3918 2693 3974 prospera
2744 3903 3023 3971 dejiciunt,
3075 3904 3300 3959 adversa
3344 3921 3474 3961 vero

1893 3995 2165 4049 erudiunt.

1965 4086 2118 4141 Tunc
2149 4086 2318 4157 magis
2358 4096 2483 4142 sunt
2525 4088 2617 4143 Dei
2658 4088 2798 4143 oculi
2839 4102 3003 4157 super
3028 4089 3223 4156 justos,
3258 4090 3475 4158 quando

1895 4194 1988 4236 eos
2032 4178 2193 4248 aﬂligi
2238 4180 2305 4233 ab
2348 4180 2544 4248 iniquis
2573 4180 2910 4249 providentia
2936 4194 3170 4248 superna
3195 4180 3474 4249 permittit.

1964 4273 2115 4327 Tunc
2158 4273 2317 4342 justis
2361 4273 2553 4339 gaudia
2600 4274 2956 4342 disponuntur
2994 4282 3216 4337 aeterna,
3262 4272 3474 4343 quando

1897 4365 2147 4435 prmsenti
2180 4364 2524 4419 tribulatione
2553 4365 2870 4432 probantur.

1968 4460 2235 4523 Quantum
2266 4458 2409 4512 enim
2452 4458 2506 4510 in
2550 4457 2655 4511 hoc
2680 4456 2880 4512 saeculo
2922 4455 3236 4526 frangimur,
3267 4464 3474 4511 tantum

257 4543 431 4599 Justis
488 4540 814 4607 temporalia
860 4538 1070 4605 ﬂagella
1122 4536 1191 4590 ad
1244 4546 1446 4591 mterna
1503 4535 1793 4607 proficiunt
1822 4578 1875 4635 Β
1903 4550 1952 4602 in
1981 4560 2241 4619 perpetuo
2272 4551 2588 4604 solidam“...

189 4636 386 4707 gaudia
415 4655 429 4689 :
474 4634 719 4701 ideoque
757 4640 812 4684 et
832 4631 1007 4697 justus
1038 4630 1091 4683 in
1122 4629 1296 4697 pmnis
1321 4628 1577 4696 gaudere,
1610 4637 1665 4684 et
1695 4629 1765 4683 im

190 4729 309 4797 pius
334 4728 387 4781 in
418 4722 793 4796 prosperitate
818 4720 1001 4787 lugere
1029 4720 1209 4772 debet.

257 4822 452 4892 Neque
484 4820 668 4889 justo,
699 4830 872 4885 neque
900 4813 1150 4884 reprobo,
1184 4813 1324 4868 Dens
1369 4813 1795 4868 misericordiam

188 4913 487 4966 abstrahit.

256 5005 446 5059 Bonos
490 5001 591 5055 hic
622 5012 719 5067 per
746 4994 1095 5051 afﬂictionem
1131 4996 1360 5065 judicat,
1390 5006 1447 5051 ut
1482 4997 1589 5051 illic
1621 5013 1797 5051 remu-

188 5109 337 5151 neret
386 5112 495 5167 per
550 5090 959 5146 miserationem
993 5106 1005 5141 :
1039 5096 1093 5142 et
1140 5089 1312 5143 malos
1357 5090 1446 5143 hic
1485 5096 1801 5143 remunerat

186 5206 280 5258 per
312 5184 698 5256 temporalem
726 5180 1088 5245 clementiam,
1118 5190 1172 5234 et
1199 5180 1307 5233 illic
1334 5181 1487 5249 punit
1518 5197 1612 5251 per
1640 5191 1799 5235 teter-

183 5294 308 5332 nam
335 5275 658 5347 justitiam.

250 5370 310 5425 in
342 5372 451 5425 hac
485 5367 647 5421 enim
672 5362 780 5416 vita
806 5360 949 5416 Deus
976 5362 1148 5430 parcit
1174 5361 1371 5431 impiis,
1406 5371 1459 5416 et
1485 5370 1661 5416 tamen
1690 5378 1799 5417 non

185 5464 358 5534 parcit
389 5460 624 5516 electis.

250 5554 307 5608 In
338 5556 432 5608 illa
466 5556 674 5621 parcet
703 5546 917 5610 electis,
950 5561 1056 5601 non
1085 5548 1261 5601 tamen
1290 5559 1477 5617 parcet
1508 5548 1726 5617 iniquis.

252 5648 540 5713 Quantum
594 5639 833 5707 quisque
879 5647 972 5691 aut
1016 5637 1069 5691 in
1122 5653 1350 5707 corpore
1398 5648 1490 5692 aut
1541 5639 1591 5692 in
1623 5648 1802 5693 mente

182 5739 392 5810 ﬂagella
446 5734 735 5797 sustinet,
792 5738 1001 5786 tantum
1056 5746 1115 5787 se
1161 5732 1212 5786 in
1264 5732 1422 5787 linem
1467 5736 1799 5790 remunerari

184 5843 383 5905 speret.

546 5940 837 5999 l’A'rtmL.
888 5933 1303 5996 LXXXVI“.

1971 4641 2237 4705 Quiantnm
2270 4641 2321 4695 in
2358 4639 2612 4711 praesenti
2644 4638 2947 4710 afﬂigimur,
2981 4648 3190 4695 tantum
3222 4640 3273 4694 in
3297 4639 3477 4694 futuro

1900 4734 2268 4801 gaudebnnus.

1969 4825 2023 4880 Si
2057 4826 2141 4878 hic
2173 4824 2394 4892 ﬂagellis
2430 4824 2730 4887 atterimur,
2765 4822 2978 4895 purgati
3007 4823 3059 4879 in
3085 4822 3289 4893 judicio
3320 4822 3480 4877 adve-

1903 4920 2129 4973 nicmus.

1970 5012 2195 5078 Semper
2226 5008 2311 5062 hic
2353 5008 2492 5064 Deus
2523 5008 2715 5063 tolerat
2747 5022 2883 5077 quos
2912 5007 2981 5061 ad
3020 5006 3248 5062 salutem
3293 5022 3481 5077 perpe-

1902 5109 2046 5153 tuam
2080 5108 2367 5167 przeparat.

1972 5190 2084 5241 Non
2115 5190 2273 5255 igitur
2298 5202 2617 5251 murmures,
2644 5203 2752 5240 non
2777 5187 3137 5256 blasphemes,
3164 5202 3268 5240 non
3292 5186 3436 5241 dicas
3463 5206 3473 5240 :

1903 5279 2077 5345 Quare
2109 5278 2346 5331 sustineo
2377 5276 2557 5331 mala?
2589 5278 2712 5346 quia
2744 5276 2901 5346 juxta
2948 5276 3164 5331 modum
3208 5277 3477 5343 criminis,

1904 5369 2079 5423 tltinor
2104 5378 2188 5421 est
2217 5368 2498 5420 retributio
2526 5367 2769 5420 ultionis.

1978 5460 2074 5525 Qui
2108 5460 2249 5512 enim
2277 5460 2327 5512 in
2353 5459 2576 5525 ﬂagellis
2598 5467 2917 5521 murmurat,
2950 5460 3113 5513 Deum
3140 5459 3258 5527 plus
3283 5460 3480 5513 irritat.

1975 5552 2075 5618 Qui
2106 5566 2234 5606 vero
2279 5550 2548 5619 patienter
2587 5550 2812 5606 adversa
2857 5551 3072 5616 tolerat,
3120 5551 3283 5604 Deum
3327 5550 3483 5605 citius

1906 5646 2105 5716 placat.

1978 5736 2032 5789 Si
2059 5735 2200 5789 enim
2235 5735 2313 5790 vis
2338 5734 2551 5805 purgari
2576 5736 2626 5790 in
2654 5720 2833 5806 ptena,
2864 5743 2915 5790 te
2947 5747 3160 5799 accusa,
3193 5743 3247 5787 et
3279 5732 3368 5786 Dei
3401 5732 3485 5801 ju-

1908 5828 2103 5883 stitiam
2130 5825 2308 5879 lauda.

3172 5940 3251 5997 :12
