4194 6606
759 409 862 464 683
1721 397 2143 455 οεεεκευιιιε
2180 395 2415 453 ιοαυοι

2364 395 2717 451 CIAGENSIS
2756 394 3059 452 MUNACIII
3926 397 4020 453 σει

831 521 1092 580 l‘niversa
1124 532 1242 589 qua:
1278 516 1371 570 tibi
1405 514 1673 579 actldunt,
1704 511 1907 580 absque
1941 510 2031 564 L‘ci
2064 524 2169 564 non
2202 506 2334 562 iiunt
2362 510 2412 568 Α
3116 521 3338 561 unus.

757 618 1059 674 voluntate.
2510 599 2748 655 Tristitia
2775 613 2895 668 qua:
2920 598 3212 656 secundum
3247 598 3415 653 Deum
3436 607 3537 664 est,
3570 597 3943 668 paenitentiam
3974 616 4021 653 ιιι

828 708 1140 777 lniqttorttm
1171 710 1413 773 potestas
1433 714 1595 769 super
1626 707 1677 752 te
1699 712 1767 751 ex
1800 696 1892 752 Dei
1921 693 2332 750 daturlicentia.
2439 690 2664 745 salutem
2693 690 2937 744 stabilem
2967 698 3223 758 operatur
3254 686 3341 758 (II
3372 688 3493 744 Cor.
3528 690 3646 758 vn).

832 797 1033 854 Omnes
1061 796 1153 867 qui
1189 794 1283 849 tibi
1319 794 1686 852 adversantur,
1724 788 1815 841 Dei
1856 787 2081 841 consilio
2112 784 2333 839 faciunt.
2510 780 2586 836 Ne
2624 797 2729 850 qua
2762 780 2913 835 radix
2944 779 3318 833 amaritudinis
3348 794 3561 834 sursum
3592 792 3898 846 germinans
3929 794 4023 833 un-

831 891 1109 946 Patienter
1136 886 1338 943 leviora
1375 880 1640 953 portabis,
1668 881 1713 934 si
1756 878 2001 947 graviora
2048 874 2215 930 fueris
2253 889 2335 929 re-
2439 874 2640 942 pediat,
2672 880 2727 926 et
2750 887 2847 941 per
2876 870 3023 925 illam
3055 870 3406 938 inquinentur
3430 868 3581 923 multi
3610 867 3802 935 (Hebr.
3836 868 3933 934 xu)

761 980 1034 1037 cordatus.
3104 974 3367 1013 suouon.

828 1072 1079 1140 Languor
1106 1068 1250 1124 enim
1272 1065 1404 1120 vitia
1430 1062 1706 1135 excoquit,
1735 1062 1960 1130 languor
1987 1058 2131 1113 vires
2162 1056 2335 1112 libidi-
2509 1052 2617 1106 Cor
2642 1051 2880 1119 gaudens
2911 1050 3183 1105 exhilarat
3210 1050 3400 1104 faciem
3421 1090 3437 1116 ,
3471 1048 3523 1103 in
3567 1063 3805 1104 mcerore
3834 1050 4021 1102 anima:

758 1164 843 1219 nis
870 1162 1083 1230 frangit.
2439 1143 2691 1212 dejicitur
2714 1144 2934 1212 Spiritus
2968 1143 3149 1213 (Prov.
3185 1151 3301 1210 xv).

830 1228 1117 1309 Infirmitas
1151 1250 1328 1321 gravis
1356 1247 1589 1304 sobriam
1626 1244 1752 1298 facit
1779 1242 2035 1296 animam.
2509 1233 2736 1287 Animus
2780 1233 3020 1301 gaudens
3058 1241 3276 1287 :ctatem
3324 1228 3570 1285 ﬂoridam
3612 1228 3763 1297 facil,
3806 1231 4022 1300 spiritus

1394 1354 1707 1395 CYPRIANUS.
2440 1346 2569 1386 vero
2600 1332 2769 1385 tristis
2796 1330 3039 1385 exsiccat
3068 1345 3213 1383 ossa.

836 1439 948 1496 Nec
978 1439 1170 1506 dignus
1194 1443 1277 1492 est
1304 1436 1356 1490 in
1387 1443 1560 1489 morte
1583 1432 1829 1501 accipere
1851 1429 2126 1495 solatium,
2155 1426 2246 1497 qui
2277 1441 2337 1481 se
3045 1433 3198 1476 assus
3224 1435 3430 1475 smscn.

766 1548 872 1588 non
904 1530 1222 1599 cogitaverit
1245 1543 1365 1583 esse
1391 1527 1732 1581 moriturum.
2510 1511 2629 1575 Fili,
2664 1512 2713 1565 in
2745 1512 2903 1567 bonis
2931 1526 3041 1567 non
3086 1511 3183 1565 des
3224 1509 3522 1579 querelam,
3553 1517 3610 1563 et
3639 1508 3691 1562 in
3722 1508 3869 1563 omni
3898 1507 4021 1563 dato

829 1619 1199 1677 Inﬁrmitatem
1225 1618 1413 1672 anima:
1443 1613 1753 1669 infirmitate
1777 1610 2024 1682 corporis
2052 1610 2336 1664 vincimus.
2442 1618 2548 1658 non
2580 1602 2676 1656 des
2706 1602 2976 1655 tristitiam
3004 1602 3157 1655 verbi
3189 1602 3313 1654 mali
3347 1599 3572 1669 (Eccles.
3604 1601 3776 1671 xvnt).

830 1712 1064 1767 Scitisne
1088 1711 1226 1764 hanc
1250 1708 1341 1763 Dei
1364 1722 1484 1763 esse
1514 1720 1823 1773 censuram,
1848 1713 1907 1759 ut
1940 1705 2032 1775 qui
2061 1703 2337 1758 beneﬁciis
2509 1691 2696 1745 Οηιηίδ
2728 1692 2879 1761 lli-‘83
2905 1690 3117 1744 ῑνῖείῖιῖθ
3146 1691 3324 1745 cordis
3355 1699 3455 1744 εει·

766 1819 874 1861 nou
896 1803 1235 1867 emendatur,
1264 1800 1350 1856 vel
1373 1799 1542 1871 plagis
1567 1798 1757 1853 saltem
1786 1794 2108 1868 resipiscat?
2374 1861 2413 1871 __
2516 1778 2811 1871 Ττίδιίιίίηιι
2844 1796 2950 1834 ηοη
2980 1780 3074 1833 σεε
3104 1779 3294 1833 anim-“0
3320 1788 3441 1834 ιυωο

1296 1861 1539 1947 Ex-v1;|s
1570 1905 1804 1945 ΡΛτιιυη,
1896 1861 1915 1868 —
2373 1861 2417 1922 Β
2510 1868 2952 1926 «ιιιουιιιιὶιιιεεοτι

2373 1861 2417 1922 Β
2510 1868 2826 1925 iucunditas
2838 1871 3041 1935 cordis,
3057 1870 3171 1925 hac
3188 1871 3295 1924 vita
3314 1868 3545 1924 hominis
3559 1878 3643 1924 est
3670 1869 3900 1941 (Eccles.
3924 1870 4022 1937 ιιι).

829 1984 1021 2041 Melius
1050 1993 1133 2041 est
1156 1984 1242 2038 hic
1268 1983 1577 2054 persolvere
1600 1996 1787 2050 pinnas
1807 1994 1966 2051 quam
1992 1986 2114 2050 post
2136 1977 2339 2034 exitum
2515 1960 2811 2017 Tristitiam
2844 1960 3056 2030 expelle
3085 1976 3115 2014 a
3147 1969 3221 2025 te,
3250 1960 3452 2014 multos
3475 1960 3617 2015 enim
3640 1958 3844 2015 occidit
3875 1959 4027 2014 tristi-

761 2077 886 2133 ,ηερ
915 2076 1071 2146 huius
1100 2077 1152 2130 ίη
1180 2052 1384 2131 ωιέτηο
1408 2058 1636 2129 cm’ciari
1672 2074 1814 2141 igne.
2444 2055 2538 2118 tia,
2570 2062 2625 2108 et
2654 2069 2760 2108 non
2792 2062 2876 2108 est
2906 2052 3107 2106 utilitas
3137 2053 3189 2105 in
3221 2052 3310 2106 illa
3338 2052 3563 2123 (Eccles.
3597 2056 3751 2119 xxx).

1365 2186 1406 2239 ο
1421 2184 1467 2239 Α
1484 2184 1577 2239 ρυ
1597 2183 1641 2237 Τ
1680 2182 1739 2237 ι,
2474 2236 2485 2239 Δ
2513 2142 2871 2239 cor-pravum
2905 2141 3053 2195 dabit
3082 2141 3385 2239 tristitiam,
3419 2148 3475 2197 et
3503 2142 3666 2197 homo
3698 2140 3906 2212 peritus
3945 2154 4029 2194 reo

2443 2236 2581 2291 sistit
2604 2235 2677 2288 illi
2707 2233 2931 2299 (Eccles.
2966 2234 3173 2303 xxxvi).

2514 2324 2595 2379 Ad
2623 2324 2892 2378 tristitiam
2921 2325 3063 2378 enim
3094 2324 3311 2379 festinat
3339 2338 3507 2378 mors.

2516 2412 2757 2472 Tristitia
2787 2413 2969 2468 cordis
2998 2414 3167 2469 ﬂectit
3188 2415 3457 2470 cervicem
3488 2413 3705 2484 (Ibid.l.

2517 2505 2630 2561 Non
2674 2504 2890 2561 dederis
2940 2506 2994 2560 in
3039 2506 3309 2561 tristitiam
3350 2521 3446 2561 cor
3487 2516 3659 2565 tuum.
3695 2506 3792 2562 sed
3832 2506 4033 2577 repelle

2445 2614 2565 2654 eam
2596 2614 2626 2653 ιι
2653 2608 2706 2654 te
2736 2597 2959 2669 (Ecclea.
2991 2603 3203 2668 xxun).

3114 2705 3368 2746 ιειιοιιυε.

2524 2780 2611 2837 Vis
2640 2789 2822 2837 autem
2852 2798 3123 2853 nunquam
3158 2797 3276 2837 esse
3307 2782 3510 2837 tristis?
3537 2782 3676 2837 bene
3700 2782 3847 2835 vive.

2519 2870 2737 2927 Secreta
2764 2873 3097 2927 conscientia
3126 2872 3401 2926 tristitiam
3432 2873 3624 2927 leviter
3646 2873 3905 2927 sustinet.

2519 2963 2669 3019 Bona
2698 2968 2805 3019 vita
2835 2966 3083 3034 gaudium
3114 2980 3328 3036 semper
3356 2966 3537 3019 habet.

2520 3053 2859 3109 Conscientia
2889 3067 3066 3109 autem
3095 3054 3171 3108 rei
3197 3070 3411 3123 semper
3437 3056 3489 3108 in
3519 3069 3675 3123 poena
3705 3063 3812 3108 est.

2522 3143 2663 3199 Reus
2692 3146 2901 3199 animus
2930 3159 3205 3213 ttunquntn
3229 3160 3452 3199 securus
3481 3152 3582 3198 est.

2521 3235 2673 3291 Sicut
2690 3236 3067 3292 vestimentum
3087 3236 3251 3299 tinea.
3275 3249 3330 3290 et
3348 3235 3543 3291 vermis
3562 3234 3793 3290 devorat
3813 3235 4041 3305 lignum,

2447 3326 2518 3379 ita
2548 3326 2762 3380 tristitia
2793 3340 2890 3381 cor
2912 3326 3147 3381 hominis
3174 3326 3378 3380 exedit.

2518 3416 2627 3471 Cor
2655 3416 2836 3470 lmtum
2879 3415 3078 3470 bonam
3112 3416 3473 3472 valetudinem
3521 3414 3667 3483 facit,
3710 3416 3813 3471 viri
3858 3425 4041 3470 autem

2450 3509 2663 3565 tristitia
2689 3518 2942 3565 arescunt
2969 3524 3113 3564 ossa.

1363 2277 1440 2331 De
1470 2278 1730 2347 primitiis.

1438 2400 1655 2441 PAULUS.

836 2480 1206 2535 Beneﬁcentizn
1259 2489 1440 2533 autem
1494 2485 1549 2531 et
1609 2470 2114 2532 communicationis
2176 2469 2343 2524 nolite

765 2573 1007 2626 oblivisci
1054 2571 1245 2641 (Hebr.
1288 2570 1421 2638 Illi).
1710 2566 1713 2567 ⁷

835 2663 1053 2717 Talibus
1094 2664 1238 2717 enim
1279 2662 1469 2717 hostiis
1515 2668 1851 2731 promeretur
1890 2658 2032 2714 Deus
2070 2656 2287 2729 (lbid.).

1402 2768 1663 2807 SALONON.

847 2846 1088 2901 Victimae
1136 2844 1418 2912 impiorum
1468 2840 1859 2897 abominabiles
1906 2838 2170 2903 Domino,
2217 2847 2345 2894 vota

763 2938 1031 3005 iustorum
1062 2936 1343 3005 placabilia
1376 2934 1559 3001 (Prov.
1591 2934 1704 3003 xv).

839 3028 960 3093 Fili,
988 3028 1031 3081 si
1063 3027 1257 3093 habes,
1287 3023 1549 3080 benefac:
1580 3032 1635 3079 et
1672 3024 1785 3078 Deo
1827 3022 2015 3092 dignas
2044 3022 2347 3078 oblationes

764 3122 921 3173 offer.
986 3117 1192 3172 Memor
1249 3124 1368 3171 esto
1420 3115 1675 3186 quoniam
1747 3128 1895 3169 mors
1950 3128 2060 3169 non
2118 3112 2349 3167 tardabit

766 3209 994 3278 (Eccles.
1030 3213 1159 3279 xlv).
2373 3202 2421 3269 C

1394 3314 1545 3353 ιιευε
1566 3313 1773 3353 ειιιλοιι.

836 3394 1166 3447 lmmolantis
1238 3406 1307 3447 ex
1386 3391 1591 3461 iniquo,
1646 3391 1849 3445 oblatio
1924 3399 2010 3444 est
2077 3386 2344 3443 maculata

768 3483 993 3554 (Ecclcs.
1036 3481 1244 3552 xxxiv).

843 3580 989 3633 Dona
1013 3579 1316 3647 iniquorum
1339 3591 1447 3631 non
1475 3576 1667 3646 probat
1685 3574 1993 3630 Altissimus
2025 3572 2239 3644 (Ibid.).

837 3670 896 3724 lu
922 3669 1286 3723 oblationibus
1315 3668 1644 3735 iniquorum,
1676 3681 1779 3721 nec
1804 3666 1855 3719 in
1887 3665 2229 3721 multitudine
2257 3680 2347 3720 sa-
3054 3651 3286 3709 CAPUT
3316 3654 3423 3709 LII.

757 3759 1117 3824 crificiorum,
1148 3756 1530 3827 propitiabitur
1560 3756 1703 3809 Deus
1727 3756 1967 3824 peccatis
1994 3752 2207 3823 (lbid.).

1856 3756 1967 3808 :atis
1994 3752 2207 3823 (lbid.).
3002 3761 3083 3816 De
3105 3763 3512 3831 pulchritudine.

837 3851 938 3918 Qui
961 3849 1121 3905 olfert
1140 3848 1466 3903 sacrificium
1488 3862 1557 3902 ex
1574 3846 1877 3901 substantia
1898 3845 2172 3915 pauperis,
2196 3844 2349 3912 quasi

765 3946 860 4017 qui
883 3946 1124 3999 victimat
1144 3945 1311 3999 lilium
1334 3944 1386 3998 in
1414 3952 1710 4012 conspectu
1732 3942 1901 4011 patris
1924 3942 2006 3995 sui
2030 3939 2243 4010 (Mitt).

839 4037 956 4093 Non
1000 4037 1290 4108 apparebis
1333 4036 1387 4091 in
1434 4043 1733 4105 conspectu
1781 4032 1874 4088 Dei
1920 4047 2123 4087 vacuus
2152 4031 2346 4100 (Deut.

765 4130 921 4196 xvtt).

3099 3914 3287 3953 CIRIS‘I'
3295 3915 3376 3953 IIS.

3099 3914 3376 3954 cnnrsrus.

2522 3990 2754 4061 Spiritus
2781 3998 2867 4045 est
2898 3988 2992 4060 qui
3030 3989 3287 4056 viviﬁcat,
3319 4006 3449 4046 caro
3486 4007 3593 4047 nou
3623 3992 3850 4063 prodest
3887 3995 4043 4065 quid-

2450 4097 2611 4152 quam
2646 4082 2825 4151 (Joan.
2858 4088 2956 4151 vr).

841 4187 1055 4273 Oblatio
1078 4216 1210 4285 justi
1249 4215 1549 4285 impinguat
1585 4213 1780 4278 altare,
1810 4220 1868 4267 et
1894 4212 2032 4267 odor
2069 4211 2352 4268 suavitatis
2527 4263 2709 4285 om“
2739 4262 2907 4285 ___‘=_
2940 4270 2988 4285 Α.
3022 4187 3494 4285 ῃ-ξλξξῗῖθξςῲᾳε

848 4260 1053 4273 ν-ι--πν
1078 4260 1210 4285 .----
1249 4260 1549 4285 ---r---o——-
1585 4260 1780 4278 —--—-—.
1814 4260 1867 4267 --
1897 4260 2022 4267 --ν-
2070 4260 2348 4268 "mn—"—

769 4318 855 4362 est
878 4309 930 4361 in
961 4314 1251 4375 conspectu
1275 4305 1529 4359 Altissimi
1561 4303 1785 4373 (Eoi-les.
1811 4306 1999 4367 xxxv).

2527 4263 2711 4317 Fallax
2738 4262 2910 4331 gratia
2936 4270 2993 4318 et
3022 4276 3155 4317 vana
3177 4272 3262 4317 est
3287 4260 3631 4331 pulchritudo
3652 4260 3841 4333 (Prov.
3874 4264 4046 4331 xxxi).

3120 4368 3371 4407 IASIUUS.

844 4401 1179 4455 Sacriticium
1204 4398 1336 4467 justi
1359 4405 1638 4467 acceptum
1664 4404 1768 4461 est,
1791 4404 1848 4450 et
1870 4395 2185 4451 memoriam
2212 4396 2352 4452 illius

774 4505 882 4545 non
913 4488 1258 4542 obliviscetur
1288 4486 1543 4541 Dominus
1575 4485 1784 4556 (lbid.).

844 4580 965 4634 Noli
996 4576 1192 4633 oflerre
1221 4591 1443 4632 munera
1467 4534 1653 4647 prava,
1680 4590 1787 4631 non
1810 4575 1953 4631 enim
1981 4575 2239 4646 suscipiet
2264 4575 2349 4630 illa
2378 4556 2430 4618 Ῐ)
2459 4534 2530 4587 la!

776 4673 920 4725 Deus
938 4668 1147 4737 (Ibid.).

853 4764 1002 4817 Bono
1032 4764 1215 4816 animo
1259 4762 1483 4829 gloriam
1529 4760 1693 4817 redde
1727 4762 1858 4827 Deo,
1904 4770 1957 4815 et
2001 4778 2105 4817 non
2149 4762 2358 4816 minuas

776 4859 1041 4929 primitias
1061 4872 1315 4911 manuum
1338 4865 1548 4912 tuarum
1572 4856 1785 4927 (Ibid.).

1410 4964 1719 5005 GBEGOBIUS.

853 5040 1042 5109 Magna
1091 5038 1411 5109 purgatione
1469 5041 1859 5097 sacrificiorum
1913 5043 2173 5098 diluenda:
2231 5051 2358 5098 sunt

782 5132 954 5201 culpae
979 5130 1366 5185 conviciorum.

2529 4442 2880 4498 Pulchritudo
2910 4443 3178 4511 diligenda
3209 4451 3311 4510 est,
3344 4442 3441 4509 ﬁli,
3469 4458 3590 4514 qua:
3622 4442 3867 4500 lmtitiam
3888 4446 4048 4516 spiri-

2536 4551 2618 4587 cm
2649 4534 2926 4588 consuevit
2955 4533 3253 4588 infundere.

2532 4624 2807 4679 Evitemus
2833 4622 3096 4693 pretiosas
3117 4622 3565 4693 pulchritudines,
3590 4637 3661 4678 ne
3680 4625 3926 4680 omnium
3949 4641 4057 4679 nia-

2461 4717 2635 4771 lorum
2664 4729 2861 4783 genera
2894 4714 2945 4767 in
2976 4729 3074 4767 nos
3104 4714 3431 4782 irrogentur.

2530 4808 2760 4878 Sapiens
2786 4807 2868 4861 vir
2896 4821 3003 4860 non
3032 4805 3344 4860 considerat
3378 4803 3623 4874 corporis
3645 4803 3931 4871 decorem,
3960 4806 4054 4859 sed

2458 4902 2672 4955 animm.

2529 4992 2791 5061 insipiens
2818 4998 2996 5045 autem
3025 4990 3076 5044 in
3107 4988 3416 5045 carnalibus
3442 5003 3503 5044 se
3531 4987 3762 5044 detinet.

2530 5083 2759 5153 Sapiens
2786 5083 3071 5136 mulierem
3094 5081 3301 5150 respuit
3328 5088 3661 5148 gestuosam.

2532 5177 2739 5231 Stultus
2767 5186 2945 5230 autem
2975 5172 3366 5243 concupiscens
3389 5188 3510 5227 eam
3538 5174 3949 5243 supplantatur.

1360 5241 1516 5296 (ῙΑΡ
1536 5243 1635 5297 UT
1666 5243 1758 5297 ῘᾸ·
2535 5266 2626 5319 V'ir
2656 5267 2892 5335 prudens
2938 5264 3005 5318 ab
3030 5241 3355 5333 imprudenti
3383 5241 3620 5318 muliere
3635 5241 3839 5318 avertit
3868 5264 4059 5320 oculos

1410 5336 1483 5388 De
1513 5338 1738 5389 tristitia.
2463 5372 2607 5410 suos.

1429 5463 1702 5506 cnntsrtzs.
2536 5447 2865 5502 Luxuriosus
2896 5458 3075 5501 autem
3110 5449 3324 5502 intuens
3354 5463 3498 5506 eam.
3522 5446 3751 5503 solvitur
3781 5456 3846 5502 ut
3871 5464 3999 5504 cera
4026 5464 4058 5502 a

861 5536 1056 5601 Amen,
1090 5552 1248 5590 amen
1278 5538 1397 5593 dico
1428 5540 1581 5593 vobis
1611 5543 1734 5609 quia
1777 5541 2056 5609 plorabitis
2085 5551 2139 5595 ει
2167 5540 2360 5597 ﬂebitis
2466 5539 2596 5593 facie
2628 5539 2781 5606 ignis.

790 5645 907 5694 vos,
936 5629 1165 5685 mundus
1197 5640 1374 5684 autem
1406 5632 1656 5699 gaudebit
1686 5632 1865 5702 (Joau.
1898 5636 2029 5701 xvi).
2536 5630 2676 5685 Deus
2706 5649 2811 5687 nou
2841 5630 2893 5685 in
2923 5633 3188 5701 corporis,
3218 5630 3311 5685 sed
3348 5632 3399 5685 in
3426 5646 3617 5685 animm
3647 5631 4060 5701 pulchritudine

860 5720 969 5776 Vos
1014 5731 1191 5776 autem
1244 5726 1716 5793 contristaliintini,
1774 5726 1865 5781 sed
1918 5728 2128 5780 tristitia
2186 5739 2362 5783 ve~tra
2467 5726 2785 5780 delectatur.

792 5822 1031 5867 vertetur
1060 5812 1107 5866 in
1138 5815 1408 5879 gaudium.
2540 5816 2685 5870 Iliam
2717 5834 2841 5885 ergo
2875 5827 2925 5868 et
2952 5828 3002 5870 tu
3035 5818 3214 5883 dilige.
3250 5818 3299 5872 in
3330 5833 3432 5884 qua
3461 5817 3764 5871 delectatur
3808 5818 3981 5872 Deus.
