4194 6540
157 427 258 482 685

760 542 840 592 (ΖΛ
856 539 985 594 PL‘T
1013 538 1139 592 Llll.

763 631 840 684 De
869 633 1014 684 ronvi
1022 632 1130 682 riis.

809 741 1082 778 ClllllSTL’S.

225 818 361 874 Cum
410 815 540 873 facis
587 817 926 878 conviviuu,
978 833 1108 871 voca
1157 830 1453 885 pauperes,
1505 814 1741 878 debiles,

158 909 398 969 claudos,
421 923 592 962 cmcos
616 925 631 938 ο
662 917 716 958 et
737 913 925 960 beatus
946 907 1070 969 eris,
1097 922 1145 974 qr
1172 906 1219 957 ia
1247 921 1350 957 non
1377 905 1577 956 habent
1605 903 1744 957 unde

159 1000 458 1053 retribuant
487 998 579 1050 libi
613 996 760 1056 (Luc.
797 996 930 1063 xiv).

227 1089 617 1144 lletribueutur
645 1088 787 1142 enim
813 1087 907 1140 tibi
942 1087 992 1139 in
1025 1086 1424 1141 resurrectione
1447 1087 1741 1153 justorum.

843 1194 1064 1233 PAULUS.

224 1270 354 1326 Sive
382 1285 510 1340 ergo
539 1270 892 1333 Inanducatis,
924 1271 1035 1323 sive
1066 1269 1264 1330 bibitis,
1299 1268 1411 1322 sive
1444 1265 1586 1320 aliud
1615 1264 1742 1333 quid

159 1365 390 1431 faciatis,
422 1366 603 1419 omnia
635 1365 686 1418 in
711 1365 935 1435 gloriam
966 1363 1056 1416 Dei
1087 1363 1244 1416 facite
1274 1360 1354 1429 (ll
1386 1360 1510 1415 Cor.
1543 1360 1623 1427 χ).

827 1469 1087 1508 ελιοιιοκ.

227 1545 422 1600 Melius
450 1554 534 1600 est
561 1545 744 1599 vocari
775 1544 842 1598 ad
881 1545 1027 1599 olera
1063 1558 1182 1597 eum
1216 1541 1431 1611 gaudio,
1474 1553 1637 1607 quam
1680 1537 1744 1589 ad

161 1639 384 1694 vitulum
412 1639 714 1708 saginatum
742 1654 862 1692 cum
895 1639 1020 1692 odio
1049 1636 1225 1704 (Prov.
1259 1638 1371 1704 xv).

230 1729 350 1782 Noli
386 1730 574 1780 avidus
597 1744 716 1782 csse
743 1729 795 1780 in
825 1728 970 1781 omni
998 1727 1324 1794 epulatione,
1357 1732 1411 1778 et
1441 1741 1548 1779 non
1583 1731 1634 1777 te
1665 1720 1745 1775 ef-

161 1819 352 1874 fundas
380 1835 542 1887 super
571 1834 786 1873 onmem
817 1833 996 1872 escam
1027 1815 1250 1887 (Eccles.
1283 1816 1510 1884 xxxvn).

1442 424 1944 482 SlZlNTll.l..~\ﬂU.\l
1991 425 2188 478 UBE“

3325 421 3429 478 686

1922 539 2144 592 Animus
2173 540 2435 606 gaudens,
2477 548 2691 593 :etatem
2725 541 2970 596 ﬂoridam
3002 540 3167 596 facit:
3201 542 3430 611 spiritus

1851 643 1977 681 vero
2008 629 2171 682 tristis
2196 632 2434 684 exsiccat
2461 647 2580 686 ossa
2611 630 2793 696 (Prov.
2823 636 2975 699 xvn).

1920 716 2078 771 Risus
2106 717 2297 772 dolore
2329 721 2662 788 miscebitur,
2693 732 2747 775 et
2776 731 3017 778 extrema
3046 723 3228 792 gaudii
3253 723 3428 778 luctus

1847 810 2135 878 occumbit
2164 811 2344 879 (Prov.
2380 815 2511 883 xiv).

1918 901 2077 967 Quasi
2108 919 2200 972 per
2235 905 2398 958 risum
2431 908 2630 960 stultus
2660 916 2919 977 operatur
2939 908 3113 963 scelus
3138 909 3318 964 (Prov.
3347 913 3426 968 x).

1917 995 2119 1058 Quzerit
2149 995 2358 1049 derisor
2402 1000 2744 1065 sapientiam,
2790 1009 2845 1053 et
2890 1014 2997 1053 non
3039 1001 3277 1054 invenit:
3332 1003 3430 1054 do—

1848 1084 2020 1137 ctrina
2045 1087 2364 1152 prudcntnm
2388 1087 2559 1140 facilis
2583 1089 2764 1154 (Prov.
2791 1094 2924 1159 xtv).

1924 1173 2115 1228 Parata
2159 1187 2286 1230 sunt
2317 1179 2644 1232 derisoribus
2690 1180 2912 1248 judicia,
2943 1191 2998 1236 et
3029 1182 3206 1236 mallei
3241 1197 3430 1253 percu-

1851 1264 2047 1320 tientes
2076 1267 2363 1322 stultorum
2395 1285 2622 1336 corpora
2653 1270 2835 1340 (Prov.
2871 1276 3007 1343 xix).

2438 1377 2585 1416 JESUS
2610 1377 2795 1417 διπλοῦ
2807 1407 2816 1416 .

1920 1450 2122 1505 Fatuus
2150 1452 2200 1505 in
2231 1454 2335 1506 risu
2361 1455 2564 1508 exaltat
2593 1471 2779 1509 vocem
2807 1471 2956 1509 suam
2985 1475 2996 1508 :
3032 1473 3112 1511 vir
3135 1467 3314 1514 autem
3342 1474 3430 1514 sa-

1850 1544 1999 1615 piens
2029 1544 2114 1597 vix
2146 1545 2304 1599 tacite
2335 1547 2526 1601 ridebit
2554 1547 2780 1614 (Eccles.
2816 1548 3031 1617 xxvnt).

2472 1651 2812 1690 AUGUSTINUS.

1920 1723 2129 1779 Lrtitia
2162 1725 2342 1779 szeculi
2375 1727 2606 1791 vanitas,
2639 1743 2763 1781 cum
2795 1742 2987 1796 magna
3029 1730 3434 1798 exspectatione

1849 1824 2099 1883 speratur
2147 1824 2205 1869 ut
2250 1816 2453 1881 veniat,
2504 1825 2560 1870 et
2589 1832 2698 1871 non
2744 1825 2927 1886 potest
2967 1818 3140 1875 teneri
3178 1833 3302 1872 eum
3339 1835 3432 1874 ve-

228 1912 284 1966 ln
338 1913 522 1966 multis
551 1913 693 1966 enim
742 1913 883 1966 escis
923 1913 1026 1964 erit
1069 1911 1373 1975 infirmitas,
1416 1919 1471 1964 et
1517 1908 1746 1962 aviditas
1780 1897 1821 1956 Β
1851 1905 2010 1958 nerit.

161 2002 615 2071 apprOpinquabit
643 2017 814 2070 usque
838 2001 907 2054 ad
938 2002 1212 2055 choleram
1247 2001 1455 2070 (tbid.).

225 2094 404 2160 Super
435 2108 675 2148 mensam
707 2109 814 2146 non
846 2093 1109 2147 extendas
1153 2108 1368 2146 manum
1400 2101 1546 2144 tuam
1576 2089 1745 2158 prior,

159 2198 223 2236 ne
253 2183 456 2236 invidia
482 2184 880 2237 contaminatus
910 2185 1204 2238 erubescas
1233 2184 1458 2251 (Eccles.
1487 2189 1664 2249 xxxi).

228 2274 284 2329 Si
313 2276 368 2327 in
399 2276 577 2328 medio
609 2275 782 2338 sedes,
817 2286 871 2328 tu
897 2275 1047 2344 prior
1077 2276 1178 2328 illis
1209 2291 1314 2328 non
1340 2273 1600 2327 extendas
1629 2286 1744 2325 ma-

163 2381 284 2418 num
320 2376 489 2429 tuam,
522 2380 621 2418 nec
649 2365 796 2434 prior
816 2380 1006 2434 poscas
1041 2365 1224 2419 bibere
1253 2364 1462 2433 (Ibid).

224 2455 279 2508 Si
311 2463 538 2508 coactus
563 2454 726 2507 fueris
753 2455 802 2507 in
833 2454 1045 2508 edendo
1079 2455 1323 2518 multum,
1355 2467 1514 2519 surge
1539 2453 1607 2506 de
1635 2466 1748 2506 me-

160 2546 243 2598 dio
270 2553 329 2598 et
363 2559 540 2606 vome,
581 2552 634 2597 et
664 2544 1005 2611 rel’rigerabit
1034 2553 1109 2610 te,
1135 2553 1190 2597 et
1231 2559 1339 2598 non
1368 2541 1599 2596 adduces
1626 2556 1747 2595 cor-

158 2638 270 2705 pori
305 2645 402 2688 tuo
426 2636 790 2688 infirmitatem
821 2635 1033 2705 (lbid.).

223 2723 281 2778 In
312 2723 567 2777 convivio
592 2722 697 2775 viui
732 2737 841 2776 non
866 2737 1058 2790 arguas
1076 2722 1398 2792 proximum,
1425 2730 1479 2774 et
1512 2736 1618 2774 non
1645 2720 1745 2774 de-

156 2817 354 2884 spicias
383 2831 504 2868 eu:u
538 2814 589 2868 in
615 2814 953 2881 jucunditate
986 2815 1130 2868 illius
1165 2814 1390 2884 (Eccles.
1421 2814 1598 2881 xxxi).

223 2907 320 2962 Vir
369 2908 664 2976 respiciens
708 2908 760 2961 in
803 2923 1041 2962 mensam
1073 2909 1329 2974 alienam,
1375 2923 1480 2962 non
1513 2917 1596 2961 est
1636 2908 1746 2960 vita

154 3004 267 3069 ejus
295 3002 349 3054 in
391 3001 724 3068 cogitatione
768 3005 943 3054 victus
975 3020 987 3052 :
1031 3001 1127 3053 alit
1156 3001 1298 3055 enim
1328 3000 1564 3054 animam
1595 3015 1748 3055 suam

153 3098 284 3152 cibis
314 3095 510 3150 alienis
541 3093 764 3164 (Eccles.
802 3101 909 3162 XL).

782 3204 1131 3242 lllERDNYuUS.

1919 1991 2108 2046 Melior
2143 2002 2228 2047 est
2269 1992 2480 2048 tristitia
2512 1994 2695 2064 iniqua
2736 1995 3014 2064 patientis,
3047 2010 3207 2065 quam
3251 1996 3433 2051 lmtitia

1850 2084 2032 2152 iniqua
2064 2085 2330 2140 facientis.

1922 2175 2111 2230 Melior
2139 2184 2221 2230 est
2252 2177 2330 2230 ira
2368 2177 2498 2240 risu,
2531 2181 2658 2247 quia
2691 2192 2790 2247 per
2818 2181 2984 2233 risum
3014 2179 3160 2234 stulti
3201 2194 3435 2251 operan-

1851 2277 1940 2323 tur
1966 2269 2166 2324 scelus.

2465 2377 2820 2417 IIIERONYMUS.

1923 2450 2018 2506 Vir
2058 2453 2276 2521 sapiens
2329 2454 2592 2521 gravitate
2637 2468 2851 2508 morum
2891 2453 3193 2509 hilaritates
3244 2454 3438 2509 frontis

1853 2553 2138 2614 temperat.

1921 2637 1977 2689 Si
2010 2637 2239 2690 felicitas
2270 2637 2503 2702 eluceat,
2542 2654 2651 2692 non
2694 2638 2766 2692 sis
2790 2638 3037 2707 iactans;
3082 2639 3126 2694 si
3156 2639 3440 2692 calamitas

1853 2729 2156 2797 contigerit,
2187 2731 2544 2799 pusillanimis
2577 2747 2681 2786 non
2713 2733 2936 2787 existas.

1925 2821 2024 2888 Qui
2047 2824 2365 2878 temerarius
2385 2833 2466 2877 est
2484 2825 2534 2876 in
2553 2823 2757 2892 laetitia,
2773 2825 3025 2894 perennis
3047 2827 3149 2879 erit
3172 2826 3224 2879 in
3255 2840 3438 2892 paena.

2490 2931 2801 2972 CREGONUS.

1925 3003 2215 3061 Prmseutia
2245 3005 2433 3076 gaudia
2459 3017 2759 3074 sequuntur
2791 3016 3050 3077 perpetua
3082 3007 3340 3062 lamenta.

1924 3098 2093 3152 Nemo
2135 3099 2337 3152 etenim
2368 3107 2546 3167 potest
2577 3111 2632 3152 et
2663 3099 2748 3152 hic
2777 3100 3014 3167 gaudere
3041 3115 3164 3155 cum
3197 3101 3394 3155 smculo
3419 3143 3436 3166 ,

1855 3198 1910 3242 et
1937 3189 2045 3242 illic
2077 3201 2304 3255 regnare
2340 3204 2462 3241 cum
2496 3189 2746 3242 Domino.

223 3282 305 3335 Ad
334 3281 645 3336 convivium
675 3282 974 3349 peccatoris
1011 3288 1254 3348 rogatus,
1284 3278 1351 3332 ad
1393 3280 1496 3334 hoc
1533 3276 1749 3332 ambula
1778 3245 1821 3305 Ο
1928 3280 1986 3335 Si
2029 3295 2136 3350 qua
2185 3289 2270 3336 est
2316 3281 2597 3350 prazsentis
2653 3281 2914 3350 temporis
2970 3280 3184 3345 laetitia,
3237 3283 3311 3336 ita
3361 3292 3446 3337 est

157 3383 213 3427 ut
241 3373 559 3442 spirituales
590 3373 862 3424 invitatori
898 3381 990 3424 tuo
1019 3373 1256 3441 prsebeas
1287 3372 1456 3425 cibos.

222 3461 503 3517 Bonarum
535 3477 716 3516 rerum
747 3462 1038 3530 postulatio
1065 3471 1169 3528 est,
1194 3461 1411 3531 quando
1439 3476 1636 3532 c0rpus
1658 3476 1752 3515 ea-

156 3554 277 3608 dem
303 3553 426 3608 vult
455 3553 656 3607 habere
685 3569 804 3623 quae
835 3562 889 3606 et
920 3554 1159 3621 spiritus.

803 3659 894 3697 (illi
907 3660 1112 3699 matrs.

223 3734 527 3790 Abundare
579 3735 630 3788 in
687 3737 950 3790 conviviis
986 3737 1284 3807 loquacitas
1331 3737 1493 3802 solet,
1538 3752 1754 3808 semper

154 3828 298 3882 enim
332 3826 590 3896 voluptas
618 3828 910 3880 comitatur
937 3828 1144 3896 epulas.

223 3917 360 3972 Cum
394 3933 598 3987 corpus
628 3918 682 3970 in
721 3918 1028 3972 retectionis
1053 3916 1420 3974 delectatione
1441 3917 1749 3984 resolvitur,

155 4025 251 4064 cor
271 4009 342 4064 ad
375 4010 542 4064 inane
564 4008 816 4076 gaudium
848 4008 1146 4063 relaxatur.

222 4101 462 4168 Semper
489 4100 678 4169 epulas
719 4099 1018 4167 loquacitas
1061 4099 1329 4170 sequitur,
1362 4115 1590 4170 cumque
1617 4117 1752 4156 ven-

153 4202 236 4250 ter
257 4190 528 4258 reﬁcitur,
559 4192 741 4262 lingua
768 4193 1034 4250 defrenat.
1272 4177 1274 4180 l

775 4344 1002 4402 CAPUT
1031 4345 1162 4401 ων.

681 4460 759 4514 De
789 4461 897 4514 risu
924 4471 974 4514 et
1001 4462 1234 4515 tristitia.

831 4589 1096 4629 ειιιιιετυε.

230 4669 382 4723 Beati
429 4666 527 4737 qui
559 4666 743 4733 lugent
773 4679 934 4729 nunc,
966 4664 1222 4732 quoniam
1254 4664 1356 4733 ipsi
1382 4667 1747 4722 consolabun-

158 4771 237 4816 tur
267 4761 499 4822 (κακὴ.
537 4761 608 4826 v).

224 4856 315 4909 Va:
366 4854 530 4908 vobis
559 4853 649 4920 qui
689 4851 878 4908 ridetis
916 4866 1075 4918 nunc,
1109 4851 1232 4921 quia
1262 4850 1512 4920 lugebitis
1551 4862 1605 4906 et
1650 4852 1748 4907 fle-

156 4945 274 5002 bitis
305 4945 468 5016 (Luc.
502 4949 600 5012 γι).

850 5049 1066 5088 Ρλυιυε.

219 5126 471 5183 Gaudete
506 5134 561 5180 et
588 5124 811 5194 perfecti
837 5133 1010 5179 estote
1037 5123 1120 5193 (ll
1154 5123 1272 5178 Cor.
1310 5142 1434 5190 xu,.

836 5231 1076 5270 JACODL’S.

223 5310 402 5366 Miseri
454 5317 668 5371 estote,
711 5307 890 5374 lugete
937 5316 991 5362 et
1021 5307 1252 5376 plorate,
1298 5308 1438 5363 risus
1476 5317 1656 5364 vester
1699 5311 1750 5366 in

157 5401 358 5455 luctum
439 5406 818 5462 convertatur,
888 5407 942 5452 et
1015 5399 1265 5465 gaudium
1343 5399 1396 5453 in
1463 5416 1751 5456 maerorem

158 5491 358 5556 (Iacob.
395 5500 494 5559 IV).

823 5598 1084 5636 ωιοὶίοκ.

223 5675 331 5729 Lux
360 5676 642 5745 justorum
668 5674 904 5728 lzeliticat
935 5675 1167 5728 animam
1201 5674 1382 5743 (Prov.
1423 5680 1534 5746 xv).

217 5765 323 5820 Cor
351 5765 603 5834 gaudens
634 5765 904 5820 exhilarat
932 5767 1124 5820 faciem
1155 5764 1370 5834 (Ibid).

219 5855 273 5910 In
306 5870 551 5914 maerore
582 5856 776 5910 animm
808 5856 1054 5926 dejicitur
1083 5857 1325 5928 spiritus.

1855 3373 2064 3442 agenda
2097 3382 2155 3427 ut
2184 3388 2464 3442 nunquam
2497 3373 2804 3428 amaritudo
2831 3375 3109 3442 sequentis
3133 3373 3323 3442 judicii
3358 3390 3443 3429 re-

1854 3467 2011 3521 cedat
2042 3480 2072 3519 a
2103 3466 2391 3520 memoria.

2521 3573 2775 3613 tsmonvs.

1925 3648 2134 3703 Habeto
2160 3657 2640 3718 temperamentum
2667 3650 2718 3702 in
2743 3664 3014 3719 prosperis
3041 3669 3050 3702 :
3084 3659 3319 3706 mentem
3343 3667 3442 3708 nec

1854 3739 2048 3808 gaudio
2079 3754 2181 3793 nec
2219 3754 2452 3793 mwrore
2481 3748 2803 3795 commutes.

1926 3830 1995 3883 Et
2023 3828 2090 3882 ad
2119 3831 2261 3883 bona
2294 3829 2455 3897 igitur
2484 3839 2540 3883 et
2569 3828 2635 3883 ad
2665 3830 2803 3883 mala
2832 3838 3075 3901 tempera
3107 3846 3203 3886 cor
3232 3841 3403 3886 tuum.

2526 3936 2776 3974 “\SILIUS.

1923 4009 2042 4064 Noli
2069 4008 2343 4062 dissolutis
2371 4008 2529 4063 labiis
2556 4011 2718 4064 risum
2750 4013 3010 4079 proferre.

1925 4100 2172 4154 Amentia
2196 4114 2429 4168 namque
2455 4109 2536 4153 est
2560 4116 2684 4154 cum
2707 4102 2936 4170 strepitu
2959 4101 3158 4167 ridere.
3185 4105 3279 4159 sed
3311 4106 3442 4161 sub-

1855 4190 2080 4244 ridendo
2111 4200 2320 4244 tantum
2351 4190 2592 4244 lmtitiam
2622 4193 2817 4246 mentis
2847 4193 3042 4246 indica.

1926 4282 2042 4337 Non
2066 4282 2321 4337 convenit
2349 4281 2397 4336 ei
2420 4283 2513 4349 qui
2542 4282 2610 4336 ad
2634 4282 3024 4352 perfectionem
3055 4285 3241 4340 nititur
3263 4287 3438 4356 jocari

1854 4389 1976 4429 eum
2007 4387 2194 4444 puero.

1924 4465 1990 4519 Et
2016 4467 2068 4519 in
2099 4466 2281 4520 lzetitia
2315 4467 2592 4535 parvulus,
2624 4477 2677 4523 et
2709 4468 2788 4522 vir
2821 4470 3091 4539 perfectus
3120 4470 3171 4522 in
3195 4487 3380 4526 sensu.

1928 4559 1985 4612 lu
2016 4559 2333 4628 quibusdam
2364 4568 2416 4614 te
2446 4560 2645 4614 exhibe
2669 4576 2874 4623 senem,
2919 4562 2974 4615 in
3011 4561 3328 4630 quibusdam
3360 4563 3442 4616 in-

1857 4651 2076 4704 fantem.

1922 4742 2088 4798 Jocus
2109 4753 2289 4797 autem
2323 4743 2600 4797 remissam
2632 4742 2796 4797 efficit
2823 4745 3055 4798 animam
3078 4745 3438 4812 negligentem

1856 4850 1980 4903 erga
2007 4835 2097 4887 Dei
2127 4845 2393 4904 prmcepta
2420 4851 2434 4886 :
2465 4844 2522 4889 et
2545 4844 2656 4887 tum
2689 4850 2787 4888 nec
2815 4835 3008 4888 delicta
3040 4850 3137 4888 sua
3169 4843 3346 4903 potest
3371 4839 3440 4890 ad

1856 4928 2172 4980 memoriam
2205 4941 2484 4988 revocare,
2529 4933 2585 4979 et
2630 4924 2956 4980 obliviscens
2987 4939 3072 4990 ea,
3115 4941 3221 4979 non
3249 4940 3311 4979 se
3359 4925 3442 4979 in-

1852 5021 2013 5086 stlgat
2039 5019 2106 5072 ad
2139 5020 2530 5088 pmnitentiam.

1924 5107 2136 5161 Nullum
2175 5109 2394 5160 habebit
2423 5124 2699 5162 accessum
2733 5111 2914 5164 cordis
2956 5118 3319 5179 compunctto,
3353 5111 3441 5164 ubi

1855 5196 2014 5252 fuerit
2046 5201 2428 5254 inunoderatus
2452 5202 2593 5254 risus
2622 5218 2686 5255 ac
2711 5202 2887 5270 jocus.

2454 5332 2683 5388 C.‘.l’UT
2716 5333 2824 5388 LV.

2346 5445 2420 5498 De
2447 5448 2639 5500 honore
2668 5459 2957 5516 parentum.

2351 5597 2597 5635 CHRISTUS
2627 5599 2692 5635 ΕΤ
2725 5599 2940 5637 ηομες.

1933 5671 2150 5726 llouora
2184 5681 2390 5740 patrem
2421 5681 2567 5726 tuum
2596 5683 2650 5726 et
2675 5685 2900 5727 matrem
2926 5683 3095 5742 tuam,
3125 5684 3178 5728 ut
3211 5676 3346 5730 bene
3371 5679 3441 5730 sit

1861 5767 1975 5826 tibi.
2011 5775 2066 5820 et
2094 5767 2168 5819 sis
2201 5767 2470 5832 |0ugrevus
2509 5782 2671 5833 super
2702 5777 2928 5832 terram,
2972 5783 3133 5836 quam
3187 5768 3442 5823 Dominus

1865 5861 2001 5914 Deus
2034 5867 2157 5913 tuus
2187 5857 2331 5912 dabit
2363 5858 2456 5913 tibi
2491 5857 2703 5920 (Matth.
2735 5876 2824 5924 xv,
2852 5857 3025 5915 Exod.
3059 5862 3173 5927 xx).
