4194 6540
731 428 832 484 687

1717 425 2136 481 DEFENSOIHS
2175 424 2409 477 ιιιιςυυι
2433 423 2704 479 \GENSIS
2746 423 3046 479 MUNACIII

801 539 1008 607 Patres,
1039 541 1206 596 nolite
1225 539 1292 595 ad
1325 538 1652 594 lracundiam
1686 554 1982 608 provocare
2030 539 2164 595 ﬁlios
2218 555 2304 592 ve-
2337 545 2383 600 Α
2414 541 2486 593 sis
2541 541 2808 608 longzevns
2856 555 3015 610 super
3062 548 3261 594 terram
3309 538 3546 609 (Ep/tes.
3602 557 3685 605 vt;
3735 542 3894 596 Deut.
3939 561 4000 606 v;

731 644 901 698 atros,
935 635 1027 689 sed
1058 634 1251 690 docete
1299 634 1418 689 illos
1460 635 1512 688 in
1561 634 1840 701 disciplina
1885 643 1940 689 et
1969 634 2309 688 COI‘t‘rt‘liOltc

733 721 940 778 Domini
970 723 1187 792 (Ephcs.
1220 727 1316 792 vi).

801 815 910 870 Nec
940 817 1083 870 enim
1111 816 1310 870 debent
1341 816 1430 870 ﬁlii
1462 815 1772 884 parentibus
1799 817 2182 874 thesaurizare.
2215 815 2310 868 sed

731 915 986 974 parentes
1013 905 1132 960 liliis
1163 905 1248 977 (ΙΙ
1282 905 1400 961 Cor.
1431 912 1547 974 xu).

1395 1010 1452 1049 SA
1461 1010 1654 1050 LOION.

801 1082 900 1150 Qui
930 1083 1118 1155 al'lligit
1146 1093 1375 1154 patrem,
1407 1094 1462 1140 et
1483 1085 1618 1156 fugit
1643 1095 1892 1150 matrem,
1917 1084 2308 1154 ignominiosus

730 1182 812 1226 est
839 1181 896 1227 et
923 1174 1108 1230 infelix
1140 1173 1317 1244 (Prov.
1353 1176 1490 1242 xtx).

802 1263 967 1319 Filius
995 1267 1205 1334 sapiens
1233 1266 1465 1322 Izntilicat
1496 1273 1736 1337 patrem,
1766 1265 1910 1321 ﬁlius
1950 1264 2146 1320 stultus
2178 1280 2310 1318 nio:-

729 1353 875 1408 stitia
898 1363 978 1410 est
1001 1356 1186 1411 matris
1206 1371 1316 1411 sua:
1341 1357 1520 1428 (Rom.
1553 1361 1634 1425 ιι).

1328 1465 1478 1504 ιεδυε
1505 1464 1708 1503 διιιιιειι.

803 1539 953 1595 Sicut
987 1539 1075 1611 qui
1108 1541 1454 1604 thesaurizat,
1492 1540 1565 1594 ita
1593 1539 1685 1608 qui
1732 1535 2052 1593 bonoriﬁcat
2079 1545 2306 1591 matrem

729 1649 881 1687 suam
915 1634 1136 1702 (Eccles.
1169 1634 1270 1701 ιιι).
1619 1617 1626 1624 ’

2412 628 2582 683 Exod.
2619 646 2730 692 ιιι).

3075 740 3334 780 ελιοιιοκ.

2483 815 2662 866 Βυιιιις
2704 824 2858 884 pater
2906 816 3161 885 relinquit
3201 815 3463 880 haeredes,
3497 815 3636 872 ﬁlios
3673 825 3730 873 et
3769 829 4001 889 nepotes

2410 904 2593 971 (Prov.
2629 908 2766 972 xm).

2480 998 2583 1063 Qui
2612 1001 2781 1066 parcit
2811 999 2988 1066 virga),
3024 999 3138 1052 odit
3167 998 3335 1052 lilium
3360 1013 3519 1054 suum
3546 997 3758 1069 (Ibid)

2477 1088 2578 1154 Qui
2595 1098 2769 1142 autem
2785 1090 2954 1157 diligit
2970 1105 3114 1150 eum,
3133 1089 3395 1144 instanter
3415 1089 3564 1144 illum
3581 1090 3759 1146 erudit
3779 1091 3996 1161 (Νῆα)

2479 1177 2690 1232 Corona
2721 1194 2907 1232 senum
2938 1178 3030 1232 lilii
3065 1179 3318 1244 liliorum,
3343 1187 3399 1234 et
3425 1178 3598 1248 gloria
3633 1179 3863 1236 ﬁliorum
3891 1197 3996 1252 pa-

2409 1276 2520 1321 tres
2546 1284 2733 1322 eoruin
2764 1268 2947 1330 (Prov.
2983 1272 3133 1336 xvn).

2481 1356 2560 1410 Ira
2587 1359 2752 1426 patris
2778 1359 2916 1412 lilius
2941 1359 3156 1424 stultus,
3185 1366 3242 1414 et
3268 1357 3425 1414 dolor
3453 1358 3639 1414 matris
3658 1372 3778 1430 quae
3805 1363 3992 1430 genuit

2409 1463 2529 1501 eum
2561 1449 2765 1518 (ibid).

3008 1556 3158 1594 JE~US
3188 1555 3394 1596 SII'IACII.

2479 1629 2535 1684 Si
2568 1629 2659 1684 lilii
2687 1631 2776 1686 tibi
2806 1640 2951 1695 sunt,
2981 1632 3131 1686 crudi
3173 1632 3293 1687 illos
3333 1648 3363 1686 a
3394 1631 3621 1702 pueritia
3654 1646 3838 1689 eorum
3866 1634 3991 1701 (Ec—

799 1728 902 1793 Qui
953 1726 1182 1782 honorat
1239 1734 1444 1796 patrem
1491 1739 1668 1792 suum,
1717 1725 1824 1779 vita
1872 1725 2016 1778 vivet
2066 1721 2308 1790 longiore
2410 1723 2532 1777 clas.
2560 1725 2694 1790 xix).

733 1815 943 1886 (Ibid).

805 1906 907 1971 Qui
936 1906 1199 1961 obedicrit
1227 1907 1388 1978 patri,
1420 1906 1755 1976 refrigeravit
1784 1915 2008 1960 matrem
2042 1903 2250 1974 (Ibid).

804 1995 904 2060 Qui
937 1998 1087 2050 timet
1119 1999 1303 2062 Deum,
1337 1998 1568 2053 honorat
1594 2007 1847 2067 parentes
1876 1997 2086 2066 (lbid.).

805 2083 1022 2140 lionora
1049 2095 1253 2155 patrem
1278 2097 1447 2152 tuum,
1478 2096 1536 2142 ut
1565 2088 1911 2156 superveniat
1952 2085 2046 2140 tibi
2090 2083 2309 2140 benedi-

732 2172 840 2228 ctio
861 2188 890 2226 a
922 2174 1145 2229 Domino
1171 2174 1381 2246 (Ibid).

807 2263 1124 2319 Benedictio
1150 2268 1319 2335 patris
1357 2268 1532 2321 ﬁrmat
1572 2267 1762 2324 domos
1801 2267 2029 2322 ﬁliorum
2071 2283 2087 2321 :
2137 2265 2308 2320 male--

731 2357 898 2412 dictio
928 2370 1105 2412 autem
1139 2362 1324 2415 matris
1351 2362 1586 2415 eradicat
1615 2361 1955 2416 fundamenta
1990 2358 2201 2429 (Ibid).

805 2447 883 2501 Ne
928 2448 1173 2514 glorieris
1220 2449 1272 2503 in
1317 2451 1640 2504 contumelia
1690 2451 1857 2520 patris
1910 2449 2025 2504 tui:
2073 2463 2180 2502 non
2229 2455 2312 2502 est

736 2542 879 2596 enim
908 2543 1000 2596 tibi
1026 2542 1214 2611 gloria,
1245 2543 1336 2597 sed
1360 2544 1601 2598 conlusio
1628 2542 1836 2613 (Ibid).

821 2637 1004 2691 Gloria
1037 2637 1177 2692 enim
1209 2638 1440 2692 hominis
1467 2652 1534 2692 ex
1573 2637 1776 2691 honore
1805 2637 1969 2705 patris
1995 2634 2077 2690 sui
2102 2641 2224 2689 est:
2257 2639 2310 2687 et

733 2727 970 2782 dedecus
1001 2727 1115 2790 lilii,
1149 2738 1300 2796 pater
1328 2728 1443 2782 sine
1469 2727 1675 2782 honore
1702 2726 1913 2793 (lbiil.).

808 2819 928 2887 Fili,
960 2821 1171 2888 suscipe
1197 2828 1473 2874 senectam
1513 2819 1680 2888 patris
1717 2819 1813 2884 tui,
1843 2826 1898 2872 et
1926 2831 1994 2871 ne
2021 2816 2309 2871 contristes

739 2927 861 2966 eum
894 2911 946 2965 in
979 2911 1082 2963 vita
1112 2911 1254 2963 illius
1282 2928 1292 2961 :
1329 2918 1383 2963 et
1421 2909 1487 2962 da
1511 2909 1720 2962 veniam
1751 2910 1792 2963 si
1823 2907 2080 2961 defecerit
2107 2921 2268 2961 sensu
2292 2951 2306 2973 ,

731 3011 787 3058 et
813 3017 879 3056 ne
908 3016 1128 3070 spernas
1156 3015 1277 3054 eum
1308 2999 1359 3052 in
1389 3007 1478 3053 tua
1509 2999 1704 3053 virtute
1733 2997 1955 3069 (Eccles.
1985 3001 2086 3062 ιιι).

810 3097 1163 3166 Eleeiuosyna
1223 3096 1367 3150 enim
1418 3094 1583 3163 patris
1626 3108 1732 3147 non
1781 3093 1886 3148 erit
1932 3092 1986 3145 in
2032 3089 2308 3146 oblivione

731 3191 948 3260 (Ibid).

803 3285 955 3340 Mala:
983 3283 1133 3338 fama:
1163 3290 1245 3337 est
1269 3279 1358 3351 qui
1396 3279 1647 3349 relinquit
1677 3286 1881 3348 patrem
1908 3294 1921 3330 :
1953 3286 2010 3333 et
2039 3284 2121 3332 est
2146 3275 2311 3330 male-

733 3381 910 3435 dictns
937 3394 967 3433 a
1002 3379 1110 3432 Deo
1129 3377 1219 3446 qui
1248 3383 1535 3444 exasperat
1565 3381 1788 3428 matrem
1815 3371 2028 3441 (Ibid.).

806 3472 1022 3526 Honora
1062 3476 1272 3538 patrem
1320 3475 1492 3530 tuum,
1533 3473 1588 3518 et
1624 3464 1854 3533 gemitus
1899 3461 2087 3517 matris
2115 3470 2218 3515 tua:
2247 3475 2313 3514 ne

733 3562 1069 3618 obliviscaris
1103 3579 1118 3615 ;
1150 3567 1420 3615 memento
1447 3557 1701 3627 quoniam
1759 3557 1859 3612 nisi
1894 3572 1991 3626 per
2045 3555 2167 3610 illos
2205 3569 2311 3609 non

735 3651 946 3708 fuisses.

807 3742 1066 3798 Retribue
1096 3741 1406 3813 parentibus
1425 3739 1698 3809 quomodo
1726 3738 1802 3794 illi
1829 3737 1922 3794 tibi
1943 3737 2164 3807 (Erclu.
2194 3736 2309 3806 vn).

1348 3846 1540 3885 lllEIlON
1551 3846 1702 3884 ιἰιυε.

809 3927 1017 3981 Bonum
1049 3931 1131 3979 cst
1154 3923 1370 3991 quidem
1402 3930 1525 3992 post
1553 3921 1717 3976 Deum
1749 3935 1930 3976 amare
1967 3929 2216 3990 parentes
2251 3937 2313 3975 ac

736 4015 911 4079 lilios;
940 4013 1035 4068 sed
1059 4013 1104 4066 si
1127 4013 1418 4066 necessitas
1442 4011 1649 4065 venerit
1677 4019 1733 4062 ut
1761 4025 1912 4064 amor
1941 4019 2220 4077 parentum
2251 4026 2312 4064 ac

740 4108 972 4162 lihorum
1003 4105 1094 4159 Dei
1119 4103 1288 4157 amori
1320 4111 1676 4171 comparetur,
1705 4109 1759 4154 et
1780 4116 1885 4154 non
1910 4100 2079 4168 possit
2103 4109 2312 4154 utrum-

735 4215 842 4267 que
871 4197 1094 4260 servari,
1137 4204 1264 4249 tunc
1311 4193 1362 4247 in
1417 4191 1747 4262 propinquos
1799 4189 2001 4254 odium,
2033 4189 2204 4258 pietas
2261 4194 2312 4243 in

742 4293 907 4345 Deum
937 4297 1037 4342 est.

813 4380 1026 4435 llonora
1049 4388 1278 4450 patrem,
1299 4377 1393 4433 sed
1412 4377 1456 4432 si
1486 4385 1537 4432 te
1560 4391 1589 4430 a
1615 4391 1740 4431 vero
1762 4385 1912 4445 patre
1928 4389 2034 4429 non
2057 4383 2271 4441 separat
2297 4393 2307 4426 :

741 4472 924 4525 tandiu
951 4471 1024 4524 sis
1053 4480 1106 4524 tu
1128 4470 1400 4540 sanguinis
1418 4469 1627 4539 copula,
1649 4469 1885 4538 quandiu
1915 4468 2005 4522 ille
2026 4483 2180 4521 suum
2206 4483 2305 4519 no-

741 4563 878 4617 verit
903 4561 1236 4616 Creatorem.
2272 4557 2275 4566 ’

1392 4667 1641 4705 Βιειιιεδ.

812 4753 1068 4807 Parentes
1107 4754 1320 4801 nostros
1355 4754 1412 4798 ut
1441 4744 1655 4813 propria
1683 4741 1887 4796 viscera
1928 4740 2234 4807 diligamus,
2264 4737 2310 4792 si

743 4841 1000 4897 accedere
1022 4853 1120 4892 nos
1140 4835 1206 4890 ad
1227 4834 1534 4890 servitutem
1558 4831 1754 4886 Christi
1783 4846 1890 4885 non
1911 4830 2304 4900 prohibuerint.

813 4929 869 4984 Si
900 4937 1076 4983 autem
1100 4924 1489 4998 prohibuerint,
1518 4937 1616 4977 nec
1637 4921 1882 4991 sepulcra
1912 4920 2125 4975 illorum
2154 4919 2308 4972 nobis

743 5022 1025 5077 debentur.

1339 5146 1562 5204 CAPUT
1601 5146 1732 5200 LVI.

1408 5259 1486 5312 De
1513 5259 1653 5328 ﬁliis.

1399 5411 1669 5457 CIIIIISTUS.

820 5495 921 5561 Qui
949 5499 1091 5544 amat
1132 5490 1292 5542 ﬁlium
1324 5496 1415 5542 aut
1447 5487 1606 5564 ﬁliam
1647 5499 1807 5554 super
1838 5499 1942 5546 me,
1975 5498 2082 5538 non
2121 5491 2202 5538 est
2230 5499 2314 5537 ine

753 5589 939 5653 (lignus
972 5581 1184 5649 (Matth.
1219 5585 1297 5645 x).

1435 5685 1650 5724 PAULES.

821 5765 959 5826 Filii.
1009 5761 1220 5818 obedite
1263 5760 1568 5831 parentibus
1601 5761 1792 5814 vestris
1822 5760 1870 5812 in
1914 5759 2167 5823 Domino;
2215 5759 2318 5814 hoc

754 5858 892 5911 enim
921 5856 1117 5926 justum
1148 5864 1247 5908 est.
1283 5851 1496 5906 Ilonora
1529 5860 1753 5921 patrem,
1779 5861 1835 5903 ut
1857 5851 1992 5907 bene
2023 5852 2086 5906 sit
2121 5852 2233 5916 til-i,
2266 5863 2316 5907 et

2483 1811 2625 1866 Filia:
2651 1815 2692 1867 si
2718 1814 2810 1867 tibi
2841 1825 2982 1870 sunt.
3013 1829 3168 1869 serva
3214 1831 3410 1886 corpus
3435 1832 3645 1885 earum,
3672 1825 3727 1873 et
3755 1834 3864 1875 non
3899 1836 3993 1876 os-

2343 1899 2385 1957 B
2416 1902 2844 1957 tendashilarcm
2877 1906 3067 1959 faciem
3099 1915 3244 1960 tuam
3275 1907 3342 1961 ad
3368 1909 3484 1964 illas
3510 1907 3716 1977 (Ibid).

2490 1994 2566 2048 Ne
2600 1995 2914 2063 jucunderis
2970 1996 3022 2050 in
3073 1997 3193 2051 liliis
3222 1998 3419 2067 impiis,
3464 1999 3509 2054 si
3565 1999 3993 2069 multiplicentur

2416 2084 2642 2155 (Eccles.
2677 2086 2808 2156 xvi).

2483 2177 2561 2232 Ne
2602 2179 2892 2234 oblecteris
2931 2195 3095 2249 super
3127 2177 3284 2247 filios,
3339 2181 3386 2235 si
3436 2197 3541 2236 nou
3587 2191 3670 2238 est
3708 2184 3869 2239 timor
3893 2185 3990 2239 Dei

2412 2285 2532 2324 cum
2552 2271 2678 2340 ipsis
2703 2271 2912 2341 (ltitia).

2484 2361 2674 2416 Melior
2713 2372 2797 2417 est
2835 2379 2973 2420 unus
3003 2365 3195 2421 timens
3243 2365 3434 2434 Deum,
3493 2384 3655 2438 quam
3711 2369 3857 2424 mille
3903 2367 3996 2422 ﬁlii

2414 2456 2560 2526 impii
2580 2457 2786 2529 (llud).

2482 2547 2583 2612 Qui
2629 2549 2801 2618 diligit
2855 2551 3022 2605 lilium
3092 2567 3289 2618 suum,
3356 2553 3593 2608 assiduat
3648 2552 3723 2607 illi
3774 2551 3986 2622 ﬂagella

2414 2637 2640 2707 (Ecclcs.
2676 2641 2828 2709 xxx).
3578 2652 3583 2656 ’

2482 2730 2583 2796 Qui
2615 2731 2776 2786 docet
2832 2731 2994 2787 lilium
3042 2749 3219 2799 suum,
3261 2734 3566 2790 laudabitur
3606 2736 3657 2789 in
3696 2735 3811 2802 illo,
3836 2745 3894 2790 et
3941 2737 3994 2790 in

2413 2821 2594 2875 medio
2635 2821 3060 2878 domesticorum
3100 2826 3420 2893 gloriabitur
3448 2824 3659 2894 (Ibid.).
3760 2867 3762 2872 ι

2485 2908 2585 2974 Qui
2615 2910 2772 2966 docet
2811 2912 2976 2966 ﬁliuni
3001 2929 3178 2977 suum,
3215 2915 3266 2968 in
3300 2913 3470 2969 zelum
3501 2915 3666 2968 mittit
3693 2914 3994 2979 inimicum,

2413 3009 2467 3057 et
2495 3002 2550 3056 in
2576 3002 2734 3056 melio
2764 3002 3104 3058 inimicorum
3130 3003 3447 3071 gloriabitur
3470 3005 3525 3058 in
3551 3005 3644 3058 illo
3669 3004 3880 3073 (Ibid.).

2487 3097 2601 3152 Non
2633 3098 2726 3152 des
2763 3098 2869 3151 ﬁlio
2902 3106 3223 3166 potestatem
3275 3114 3303 3151 τι
3336 3099 3620 3167 iuventute
3661 3114 3782 3164 sua,
3825 3109 3882 3152 et
3924 3116 3993 3154 ne

2420 3187 2686 3256 despicias
2705 3189 2968 3252 cogitatus
2995 3187 3134 3242 illius
3165 3186 3374 3258 (lbid.).

2489 3276 2532 3329 A
2566 3275 2690 3330 ﬁliis
2733 3276 2838 3330 tuis
2883 3292 3034 3342 eave,
3061 3285 3117 3332 et
3180 3292 3210 3331 a
3240 3277 3555 3333 domesticis
3594 3278 3699 3332 luis
3740 3293 3998 3350 separare

2418 3366 2646 3438 (Eccles.
2679 3370 2832 3434 xxii).

2489 3459 2623 3513 Filio
2646 3467 2699 3512 et
2727 3458 2960 3523 mulieri,
2992 3457 3140 3512 fratri
3169 3466 3224 3512 et
3253 3458 3448 3527 amico,
3477 3474 3584 3513 non
3627 3457 3723 3514 des
3750 3470 3993 3530 potesta-

2416 3559 2522 3604 tem
2553 3563 2713 3620 super
2736 3558 2787 3602 te
2816 3549 2870 3602 in
2900 3549 3010 3602 vita
3039 3556 3127 3602 tua
3152 3547 3375 3616 (Eccles.
3407 3551 3616 3617 χχχιιι).

2487 3642 2675 3697 Melius
2703 3650 2786 3696 est
2832 3641 2974 3695 enim
3004 3649 3062 3695 ut
3090 3639 3184 3694 lilii
3212 3649 3263 3694 te
3300 3649 3513 3709 rogent,
3545 3654 3706 3709 quam
3743 3647 3800 3696 te
3819 3641 3993 3712 reapi-

2416 3747 2542 3786 cere.
2571 3732 2624 3785 in
2653 3746 2844 3786 manus
2869 3729 3098 3784 ﬁliorum
3127 3728 3343 3800 (Ibid.).

2491 3822 2679 3877 [Itilius
2708 3829 2790 3876 est
2829 3820 2945 3877 sine
2976 3820 3097 3875 liliis
3133 3820 3272 3876 mori
3301 3834 3466 3890 quam
3504 3819 3814 3890 relinquere
3858 3822 3994 3876 ﬁlios

2418 3915 2627 3982 impios.

2478 4008 2622 4062 Doce
2652 4006 2815 4060 ﬁlium
2844 4013 3020 4070 tuum,
3053 4011 3108 4060 et
3133 4018 3364 4074 operare
3407 4003 3461 4058 in
3505 4003 3617 4067 illo,
3648 4017 3716 4058 ne
3745 4003 3800 4057 in
3823 4005 3993 4074 turpi-

2417 4099 2652 4155 tudinem
2681 4101 2823 4154 illius
2851 4098 3092 4160 olfendas
3114 4098 3339 4168 (Eccles.
3374 4097 3526 4164 xxx).

2488 4193 2561 4247 Ne
2574 4192 2785 4247 dederis
2802 4192 2890 4246 alii
2910 4191 3298 4261 possessionem
3312 4197 3476 4254 tuam,
3499 4203 3565 4243 ne
3583 4187 3720 4244 forte
3733 4187 3992 4257 pmniteat

2419 4299 2469 4342 te
2497 4288 2723 4358 (δίεισι.
2762 4287 2969 4353 xxxiii).

2487 4378 2658 4447 Super
2709 4377 2869 4430 ﬁliam
2928 4375 3259 4430 luxuriosam
3330 4373 3482 4428 ﬁrma
3545 4371 3866 4435 custodiam,
3924 4387 3991 4424 ne

2415 4476 2630 4544 quando
2657 4475 2817 4529 faciat
2847 4474 2900 4527 in
2930 4472 3276 4542 opprobrium
3298 4471 3482 4524 venire
3510 4469 3737 4523 inimicis
3761 4466 3986 4536 (Eccles.

2345 4602 2396 4660 υ
2420 4570 2572 4632 xui).

3026 4665 3380 4705 ιιιειιοιηῑιιιτε.

2493 4747 2582 4801 Vir
2603 4747 2816 4816 sapiens
2837 4745 3049 4816 quando
3080 4744 3244 4798 tilium
3265 4756 3419 4797 suum
3439 4741 3594 4796 bonze
3616 4739 3811 4794 indolis
3831 4739 3990 4792 amit—

2420 4837 2500 4901 tit,
2533 4853 2638 4890 non
2678 4836 2859 4890 doleat
2884 4834 3026 4899 quod
3072 4833 3234 4888 talem
3264 4830 3575 4902 perdiderit,
3608 4829 3705 4886 sed
3756 4828 3990 4898 gaudeat

2418 4928 2563 4998 quod
2594 4929 2754 4982 talem
2782 4926 3048 4980 habuerit.

2991 5071 3215 5128 CAPUT
3255 5070 3410 5125 LVII.

2828 5187 2903 5243 De
2931 5190 3166 5242 divitibus
3189 5197 3236 5240 et
3260 5184 3588 5256 pauperibus.

3063 5313 3334 5354 ειιιιιετυε.

2491 5396 2648 5450 Dives
2691 5391 2905 5447 difﬁcile
2939 5390 3156 5444 intrabit
3210 5389 3260 5442 in
3319 5401 3542 5455 regnum
3589 5390 3889 5441 cmlorum:
3938 5395 3992 5440 et

2421 5487 2624 5542 facilius
2651 5493 2732 5539 est
2762 5483 3027 5538 camelum
3058 5497 3150 5548 per
3171 5481 3408 5533 foramen
3429 5492 3556 5532 acus
3579 5477 3802 5543 intrare,
3825 5490 3985 5545 quam

2419 5581 2635 5634 divitem
2666 5579 2716 5631 in
2743 5591 2963 5643 regnum
2993 5573 3249 5628 cwlorum
3273 5569 3486 5640 (Matth.
3517 5568 3646 5636 xix).

3126 5680 3302 5718 Μνιυ.

2493 5761 2750 5814 Patientia
2814 5773 3106 5828 pauperum
3180 5772 3283 5812 non
3338 5755 3532 5824 peribit
3605 5755 3654 5806 in
3728 5762 3984 5808 aeternum

2421 5854 2636 5923 (lt'phes.
2657 5857 2732 5916 ix)
