4194 6540
1474 400 1977 460 SCINTILLARUM
2021 405 2247 461 LIBER.

3364 422 3470 478 690

253 505 387 560 Dum
416 508 662 577 superbit
709 509 924 580 impius,
967 511 1274 567 incenditur
1317 528 1524 583 pauper
1553 513 1764 587 (ΗΜ).
1801 520 1850 576 Α
1953 516 2096 571 Bona
2115 529 2169 574 et
2195 521 2357 588 mala,
2392 523 2496 577 vita
2521 531 2576 577 et
2603 541 2766 592 mors,
2792 537 3085 598 paupertas
3113 544 3165 586 et
3189 535 3467 603 honestas,

844 615 1094 657 ιΑεοιιυε.

250 687 396 743 Deus
424 689 586 759 elegit
636 707 907 763 pauperes
954 695 1011 749 in
1059 695 1162 750 hoc
1213 696 1439 764 mundo,
1483 697 1678 752 divites
1725 699 1776 753 in

1881 623 1909 660 ιι
1945 607 2052 662 Deo
2080 619 2206 664 sunt
2236 610 2459 682 (Eccles.
2489 621 2587 684 ιι).

1949 700 2222 758 Memento
2305 710 2639 778 paupertatis
2690 713 2744 765 in
2791 721 3032 785 tempore
3084 715 3463 782 abundantia).

180 779 309 844 fide,
339 790 396 834 et
425 781 670 838 haeredes
723 785 874 855 regni
913 786 1059 857 quod
1085 789 1396 858 repromisit
1425 788 1776 860 diligentibus
1877 802 1932 847 et
1962 797 2337 852 necessitatem
2376 804 2708 872 paupertatis
2760 805 2813 859 in
2861 806 2947 862 die
2994 808 3303 866 divitiarum
3335 808 3461 880 (Ec-

180 886 238 925 se
270 871 320 942 (J
331 873 481 927 acab.
517 877 598 944 ιι).

868 985 1082 1024 ΡΑυιυε.

249 1052 522 1111 Divitibus
539 1056 697 1125 hujus
717 1060 898 1114 smeuli
920 1064 1150 1132 principe
1175 1078 1284 1118 non
1302 1065 1534 1134 superbe
1555 1081 1767 1136 sapere,

177 1165 281 1203 nec
310 1165 534 1219 sperare
561 1152 841 1209 inincerto
871 1156 1195 1223 divitiarum,
1227 1159 1320 1214 sed
1347 1161 1399 1213 in
1427 1160 1656 1214 Domino
1679 1160 1769 1230 qui

175 1248 402 1305 praestat
448 1241 604 1298 nobis
656 1245 835 1300 omnia
871 1246 1207 1304 abundanter
1257 1249 1323 1304 ad
1378 1249 1664 1307 fruendum
1695 1254 1712 1322 (
1742 1253 1770 1306 1

175 1330 317 1385 Tim.
352 1333 446 1394 vi).

245 1422 350 1489 Qui
413 1427 603 1480 volunt
657 1429 850 1485 divites
886 1430 1003 1486 fieri
1038 1433 1355 1489 inciduntin
1404 1437 1769 1494 tentationem

174 1525 228 1567 et
261 1516 314 1568 in
346 1516 598 1584 laqueum
630 1519 837 1575 diaboli
871 1523 1084 1594 (lilii).

245 1605 400 1661 Sicut
428 1619 670 1677 egentes,
702 1613 903 1669 multos
954 1626 1134 1672 autem
1183 1620 1577 1690 .ocupletantes
1609 1641 1620 1675 :
1649 1631 1765 1677 tan-

171 1715 336 1767 quam
369 1701 500 1757 nihil
523 1704 810 1772 habentes,
833 1717 889 1762 et
913 1711 1092 1764 omnia
1116 1713 1477 1781 possidentes.

830 1837 886 1877 SA
896 1839 1091 1879 LOMON.

1876 885 1997 938 cies.
2045 889 2220 957 xviii).

2475 999 2819 1043 AUGUSTINUS.

1947 1068 2070 1126 Plus
2100 1081 2183 1127 est
2221 1075 2441 1145 pauperi
2491 1079 2675 1136 videre
2713 1082 2912 1147 cmlum
2962 1083 3262 1154 stellatum,
3285 1103 3478 1159 ,quam‘

1872 1157 2022 1214 diviti
2053 1169 2249 1217 tectum
2281 1166 2611 1222 inauratum.

2489 1278 2842 1322 ιιιειιοΝιἮυε.

1947 1346 2214 1412 Quantum
2235 1351 2376 1406 enim
2395 1353 2566 1422 major
2587 1354 2782 1424 honor,
2813 1367 3016 1415 tantum
3046 1363 3224 1431 majus
3243 1366 3458 1435 pericu-

1873 1437 2004 1491 lum.

1934 1528 2054 1582 Cito
2078 1530 2277 1598 petitur
2303 1531 2508 1589 insidiis
2537 1535 2822 1603 gloriosus.

1943 1619 2059 1674 Non
2107 1621 2223 1676 laus
2263 1631 2347 1678 est
2387 1626 2663 1694 possidere
2692 1628 2923 1696 divitias,
2971 1633 3061 1688 sed
3092 1649 3192 1704 pro
3231 1635 3449 1694 Christo

1872 1728 1963 1766 eas
1987 1723 2357 1771 contemnere.

1943 1805 2152 1861 Sufﬁcit
2183 1809 2334 1864 nobis
2363 1809 2429 1866 de
2459 1815 2814 1881 prmsentibus
2843 1815 3002 1888 hujus
3041 1823 3224 1878 saeculi
3278 1839 3452 1894 angu-

243 1909 560 1968 Benedictio
587 1911 798 1969 Domini
822 1915 1013 1972 divites
1042 1917 1188 1984 facit,
1234 1933 1334 1974 nec
1362 1921 1657 1976 sociabitur
1681 1922 1760 1977 eis

1867 1897 1982 1952 stiis
2008 1899 2267 1967 cogitare.

170 1999 413 2057 afflictio.

244 2092 364 2146 Non
393 2093 693 2161 proderunt
719 2095 915 2151 divitia:
946 2099 1000 2152 in
1027 2098 1115 2154 die
1143 2099 1384 2171 ultionis,
1403 2103 1610 2172 justitia
1633 2121 1762 2161 vero

171 2181 432 2237 liberabit
455 2199 484 2236 a
516 2195 690 2240 morte
721 2186 901 2255 (Prov.
937 2193 1111 2259 xviii).

241 2273 344 2341 Qui
370 2274 593 2330 conﬁdit
621 2277 676 2331 in
707 2277 902 2334 divitiis
923 2282 1052 2347 suis,
1087 2291 1310 2338 corruet
1337 2282 1522 2354 (Prov.
1550 2287 1649 2356 xi).

237 2365 558 2420 Custoditur
581 2366 727 2435 justo
756 2369 1056 2425 substantia
1086 2374 1387 2441 peccatoris
1414 2373 1621 2444 (lbid.).

239 2459 343 2525 Qui
376 2471 672 2530 congregat
713 2463 993 2521 thesauros
1033 2466 1213 2537 lingua
1255 2470 1545 2539 mendacii,
1591 2489 1761 2529 vanus

170 2561 272 2615 cst,
303 2561 356 2605 et
383 2553 707 2623 impingetur
729 2558 793 2611 ad
819 2558 1043 2628 laqueos
1073 2563 1264 2618 mortis
1295 2563 1476 2635 (Prov.
1511 2566 1649 2635 xm).

242 2638 438 2696 Melior
469 2652 552 2698 est
576 2659 782 2715 pauper
804 2655 859 2702 et
887 2650 1160 2706 sufficiens
1190 2652 1313 2720 sibi,
1344 2669 1505 2724 quam
1533 2658 1613 2711 vir
1642 2657 1769 2727 glo~

176 2729 354 2784 riosus
375 2739 430 2784 et
462 2732 704 2800 indigens
734 2750 873 2804 pane
897 2737 1078 2807 (Prov.
1111 2743 1245 2809 xxi).
1300 2742 1309 2755 '

243 2820 347 2886 Qui
387 2824 616 2893 despicit
667 2841 981 2897 pauperem,
1017 2833 1310 2901 exprobrat
1350 2836 1539 2891 factori
1594 2840 1708 2908 ejus
1743 2861 1754 2896 :

174 2923 230 2969 et
252 2915 345 2983 qui
376 2918 428 2970 in
468 2919 621 2974 ruina
652 2920 874 2976 alterius
916 2923 1150 2995 lwtatur,
1182 2943 1290 2983 non
1335 2930 1438 2984 erit
1467 2932 1761 3002 impunitus

176 3005 360 3069 (Prov.
394 3010 514 3078 ιιι).

243 3094 344 3162 Qui
371 3099 728 3156 calumniatur
748 3119 1060 3174 pauperem,
1084 3108 1380 3179 exprobrat
1403 3112 1594 3169 factori
1641 3116 1758 3186 ejus

173 3184 354 3241 (Prov.
390 3193 539 3259 xvn).

243 3279 488 3335 l-lonorat
534 3291 714 3340 autem
765 3284 933 3342 Deum
963 3327 978 3353 ,
1029 3289 1119 3360 qui
1166 3291 1485 3350 misceretur
1533 3301 1756 3370 pauperi

175 3367 354 3432 (Prov.
389 3371 520 3439 xlv).

239 3459 497 3517 Potentes
513 3473 690 3520 autem
703 3477 956 3537 potenter
969 3482 1234 3531 tormenta
1254 3480 1522 3548 patientur
1540 3481 1588 3538 fl
1598 3483 1751 3552 bid.).

243 3548 464 3607 Fortior
493 3553 657 3610 instat
685 3560 945 3617 cruciatio
973 3562 1078 3619 illis
1109 3567 1266 3637 (Sap.
1297 3570 1392 3639 vi).

744 3666 894 3708 JESUS
931 3671 1139 3712 διιιΑοιι.

240 3733 362 3789 ΝοΙὶ
416 3739 699 3794 attendere
731 3744 799 3796 ad
855 3750 1223 3814 possessiones
1263 3752 1505 3825 iniquas:
1550 3765 1605 3815 et
1647 3775 1753 3816 non

166 3826 370 3880 dixeris
396 3844 409 3879 :
440 3825 537 3882 Est
564 3830 696 3885 mihi
725 3834 997 3893 sufficiens
1027 3840 1136 3895 vita
1169 3842 1396 3909 (Eccles.
1429 3850 1504 3915 v).

240 3918 360 3973 Noli
390 3920 582 3976 anxius
602 3936 720 3978 esse
740 3925 794 3979 in
815 3926 1238 4000 divitiisinjustis
1263 3953 1276 3988 :
1305 3938 1434 3992 nihil
1459 3941 1601 3996 enim
1627 3958 1754 4012 pro-

168 4007 368 4063 derunt
389 4012 484 4065 tibi
515 4012 567 4066 in
595 4013 681 4068 die
708 4016 926 4074 ultionis
954 4029 1010 4075 et
1032 4023 1300 4080 vindictm.

241 4104 363 4158 Noli
397 4104 628 4161 fenerari
657 4108 862 4166 homini
892 4112 1098 4169 fortiori
1123 4125 1207 4172 te:
1240 4121 1381 4188 quod
1401 4122 1446 4176 si
1472 4121 1755 4181 fenerave-

169 4199 268 4262 ris,
298 4207 554 4267 tanquam
577 4201 847 4270 perditum
875 4205 1014 4261 habe
1034 4207 1260 4277 (Eccles.
1295 4216 1434 4282 vni).

238 4286 340 4352 Qui
365 4289 627 4354 gloriatur
648 4291 701 4345 in
723 4293 1040 4365 substantia,
1074 4309 1445 4371 paupertatem
1486 4319 1749 4366 vereatur.

169 4374 399 4438 (licitas.
431 4379 602 4449 xviii).

241 4467 366 4532 Fili,
397 4483 466 4523 ne
517 4471 568 4524 in
627 4472 808 4529 multis
838 4476 947 4530 sint
989 4488 1143 4534 actus
1173 4485 1248 4536 tui
1308 4494 1469 4542 etiam
1512 4496 1556 4544 sl
1603 4493 1756 4548 dives

169 4557 354 4620 fueris,
386 4573 494 4612 non
526 4561 631 4614 eris
658 4561 909 4622 immunis
931 4581 960 4620 a
993 4568 1188 4626 delicto
1220 4573 1442 4643 (Eccles.
1478 4581 1575 4649 xi).

243 4646 393 4700 Bona
427 4658 509 4702 est
533 4651 852 4720 substantia,
873 4657 956 4711 cui
981 4674 1087 4714 non
1119 4671 1201 4716 est
1233 4677 1512 4733 peccatum
1534 4646 1588 4725 in
1617 4690 1751 4728 oon-

167 4755 207 4789 s-.
229 4740 391 4792 lentia
421 4739 642 4805 (Eccles.
679 4747 820 4816 xm).

241 4832 430 4886 Divitis
451 4844 630 4890 autem
655 4846 710 4892 et
731 4843 981 4909 pauperis
1003 4859 1096 4898 cor
1118 4846 1338 4916 bonum,
1365 4853 1416 4906 in
1442 4859 1584 4911 omni
1617 4867 1754 4914 tem-

169 4939 303 4991 pore
335 4925 513 4977 vultus
543 4942 726 4982 eorum
757 4930 940 4986 hilaris
973 4933 1197 5004 (Eccles.
1233 4943 1402 5010 xxvi).

244 5016 344 5081 Qui
400 5020 593 5084 qui-rit
636 5019 999 5090 locupletari,
1055 5031 1251 5085 avertit
1309 5035 1524 5091 oculum
1592 5055 1748 5098 suum

170 5103 398 5166 (Et-cies.
433 5109 622 5175 xxvn).

239 5195 423 5248 Bonus
463 5198 632 5266 dives,
663 5201 756 5269 qui
809 5202 1056 5264 iuventus
1109 5219 1193 5264 est
1245 5213 1361 5269 sine
1389 5221 1596 5276 macula
1622 5222 1751 5292 (Ec-

165 5289 288 5340 des.
319 5289 496 5357 xui).

235 5375 565 5432 Substantite
597 5380 913 5450 injustorum
951 5389 1090 5445 sicut
1138 5393 1330 5453 fluvius
1378 5401 1744 5473 siccabuntur,

166 5478 219 5519 et
248 5469 388 5522 sicut
432 5473 730 5528 tonitruum
780 5492 1030 5547 magnum
1074 5485 1124 5539 in
1171 5488 1347 5556 pluvia
1403 5502 1744 5563 pertransivit

169 5555 396 5612 f'Eccfcs.
424 5565 539 5627 XL).

234 5649 327 5704 Est
356 5654 690 5722 nequissima
709 5671 993 5729 paupertas
1015 5667 1065 5720 in
1093 5683 1189 5724 ore
1218 5671 1363 5741 impii
1392 5675 1570 5746 (Prov.
1603 5689 1735 5751 xm).

236 5740 524 5800 Lahorabit
554 5761 765 5816 pauper
787 5750 837 5804 in
867 5753 1219 5817 diminutione
1251 5740 1420 5823 victus
1445 5771 1582 5838 ejus,
1611 5783 1663 5829 et
1693 5740 1744 5831 in

167 5829 267 5886 ﬁne
296 5837 351 5888 fit
385 5835 537 5908 inops
565 5837 796 5907 (Ercln.
835 5847 1000 5912 xxiii).

1942 1987 2078 2051 Quid
2128 2005 2349 2046 necesse
2395 2000 2479 2047 est
2519 2008 2737 2051 sensum
2767 1997 2836 2052 ad
2879 1998 3084 2058 incerta
3111 2018 3175 2057 ea
3222 2004 3450 2062 tendere

1866 2093 1984 2147 qua:
2014 2090 2106 2134 aut
2133 2083 2388 2153 consequi
2430 2100 2537 2141 non
2583 2101 3030 2158 possumus,hant
3076 2096 3186 2151 cito
3230 2097 3448 2155 inventa

1867 2172 2059 2241 perdi?

1939 2263 2184 2330 Quamnu
2214 2283 2490 2328 versamur
2513 2273 2565 2329 in
2589 2276 2734 2332 curis
2761 2277 2919 2348 hujus
2945 2282 3150 2348 surculi,
3181 2293 3235 2338 et
3264 2286 3445 2341 anima

1865 2369 2047 2414 nostra
2087 2365 2489 2430 possessionum
2533 2371 2912 2436 procuratione
2966 2372 3211 2430 devincta
3251 2386 3352 2443 est,
3378 2381 3448 2437 do

1865 2451 1975 2505 Deo
2007 2453 2174 2508 libere
2200 2457 2442 2526 cogitare
2469 2475 2576 2514 non
2605 2476 2913 2530 possumus.

2498 2592 2810 2636 GBEGORIUS.

1938 2660 2052 2717 Ter?
2083 2679 2173 2718 ana
2204 2665 2433 2724 altitudo
2454 2671 2826 2742 confunditur,
2848 2689 2970 2731 cum
2996 2678 3259 2737 celsitudo
3280 2682 3446 2740 caele.

1862 2753 1957 2807 stis
1980 2755 2241 2822 aperitur.
2598 2775 2601 2777 ‘

1931 2843 1988 2898 lu
2016 2847 2118 2901 hoc
2147 2850 2346 2905 smculo
2390 2863 2583 2921 potens
2611 2857 2836 2924 quilibet
2865 2863 2910 2915 si
2942 2861 3175 2918 fructum
3204 2882 3313 2922 non
3339 2869 3440 2924 hac

1859 2935 1986 2990 beat
2015 2938 2170 2994 bona:
2194 2944 2547 3013 operationis,
2568 2948 2732 3003 etiam
2760 2951 3202 3021 impedimentum
3225 2968 3445 3028 praestat

1859 3032 2092 3086 caeteris.

1931 3120 1989 3175 In
2019 3125 2219 3193 populo
2246 3127 2367 3198 plus
2402 3129 2579 3186 solent
2605 3134 2822 3190 nomina
2850 3137 3075 3196 divitum
3106 3155 3266 3212 quam
3308 3159 3445 3216 pau-

1784 3239 1831 3303 ρ
1863 3228 2051 3283 perum
2079 3218 2223 3273 sciri.

1936 3305 2088 3362 Solet
2117 3311 2260 3366 enim
2289 3328 2474 3370 eorum
2518 3318 2842 3378 abundantia
2894 3333 3040 3383 tanto
3065 3330 3232 3399 magis
3261 3331 3445 3389 divino
3469 3378 3471 3380 .

1862 3399 2059 3453 timore
2104 3411 2342 3458 mentem
2387 3407 2626 3479 solvere,
2656 3422 2861 3482 quanto
2889 3419 3058 3488 magis
3104 3421 3244 3478 hanc
3287 3425 3444 3496 erigit

1861 3488 2071 3542 diversa
2095 3493 2353 3559 cogitare.

1933 3578 2011 3633 Ad
2041 3581 2298 3650 majorem
2342 3586 2588 3646 dolorem
2613 3603 2847 3652 mentem
2876 3614 3216 3662 commovent
3247 3609 3443 3668 damna

1861 3685 2087 3740 majora.

1931 3761 2214 3833 Nunquam
2243 3768 2448 3840 quippe
2473 3772 2592 3831 sine
2623 3775 2812 3835 dolore
2855 3783 3137 3853 amittitur,
3165 3789 3268 3846 nisi
3299 3794 3442 3864 quod

1859 3867 1979 3906 cum
2002 3853 2190 3912 dolore
2216 3861 2548 3928 possidetur.

1932 3945 2169 4016 Quisque
2207 3949 2335 4006 dum
2387 3959 2705 4026 temporalia
2759 3977 2821 4018 ac
2873 3967 3134 4025 defectiva
3175 3985 3439 4047 sequitur,

1860 4051 2111 4092 occasum
2143 4041 2297 4109 petit.

1932 4128 2032 4194 Qui
2064 4146 2195 4187 vero
2234 4150 2467 4206 superna
2517 4142 2809 4214 desiderat,
2859 4152 2913 4204 in
2942 4157 3440 4224 orienteliahitaro

1858 4223 2211 4282 demonstrat.

2493 4344 2800 4389 CYPRIANUS.

1929 4403 2146 4462 Poenam
2175 4409 2243 4465 de
2271 4412 2510 4472 adversis
2555 4422 2758 4478 mundi.
2800 4425 2890 4482 ille
2927 4432 3109 4497 sentit,
3141 4437 3227 4491 cui
3255 4437 3436 4497 laetitia

1859 4505 1914 4548 et
1942 4512 2095 4553 amor
2131 4503 2306 4558 omnis
2327 4505 2380 4559 in
2410 4509 2612 4566 mundo
2643 4523 2744 4570 est.

1787 4599 1834 4657 ι)
1932 4586 2148 4645 Leviter
2192 4591 2282 4648 ille
2311 4606 2503 4653 mmret
2545 4609 2598 4656 et
2623 4602 2802 4672 deflet,
2831 4610 2958 4678 quia
3005 4615 3147 4671 male
3190 4621 3356 4687 gessit
3384 4625 3442 4685 in

1860 4679 2078 4748 saeculo,
2110 4683 2196 4736 cui
2229 4699 2335 4740 non
2360 4697 2539 4757 potest
2563 4693 2705 4751 bene
2746 4712 2867 4756 esse
2892 4713 3017 4772 post
3051 4711 3327 4767 saeculum.

2519 4799 2774 4843 lSlDORUS.

1931 4865 2132 4923 llivites
2153 4869 2204 4923 in
2246 4873 2346 4927 hac
2372 4872 2547 4932 fallaci
2575 4879 2708 4948 vita,
2740 4882 2864 4938 dum
2892 4887 2959 4942 de
2990 4897 3244 4959 potentiae
3271 4901 3443 4968 gloria

1859 4972 2036 5012 rerum
2077 4962 2463 5023 abundantiam
2512 4973 2767 5039 gestiunt,
2800 4984 3079 5047 repentina
3115 4986 3248 5044 hora
3274 4962 3438 5060 quam

1859 5051 2126 5117 nesciunt,
2171 5055 2462 5124 improviso
2520 5062 2668 5117 exitu
2701 5068 3000 5136 rapiuntur,
3038 5083 3201 5145 atque
3250 5051 3439 5140 absor-

1857 5139 2017 5195 hente
2039 5145 2320 5211 profundo,
2352 5149 2624 5207 cruciandi
2654 5159 2868 5216 aeternis
2889 5139 3149 5230 gebenntn
3177 5170 3440 5233 incendiis

1854 5232 2201 5300 deputantur.

1927 5323 2138 5388 Quanto
2167 5328 2396 5398 quisque
2429 5337 2658 5405 amplius
2696 5344 2968 5402 saecularis
3001 5349 3226 5411 honoris
3268 5359 3439 5428 digni.

1856 5425 1965 5470 tate
2004 5418 2344 5489 sublimatur,
2378 5433 2526 5481 tanto
2573 5434 2787 5499 gravius
2816 5452 3067 5497 curarum
3108 5418 3437 5515 ponderibus

1853 5518 2189 5575 aggravatur.

1924 5596 2136 5663 Quanto
2159 5601 2384 5674 quisque
2414 5609 2556 5666 curis
2574 5615 2759 5669 mundi
2787 5619 3081 5688 majoribus
3108 5643 3428 5702 occupatur,

1854 5695 2004 5742 tanto
2033 5688 2363 5749 facilioribus
2386 5698 2528 5753 vitiis
2559 5706 2836 5770 premitur.

1919 5779 1978 5833 Si
2000 5779 2137 5834 enim
2169 5781 2254 5836 vix
2284 5785 2423 5842 valet
2447 5802 2665 5858 peccata
2698 5797 2908 5854 animus
2932 5801 3171 5862 devitarc
3193 5814 3428 5886 quietus,

1851 5882 2051 5941 quanto
2074 5877 2240 5946 magis
2273 5883 2625 5948 occupatione
2652 5888 2891 5945 scertdari
2925 5892 3216 5954 detentus?
