4194 6542
725 419 823 475 691

1711 396 2139 457 DEFENSOIHS
2179 389 2711 448 LOCUUI.\CE\'SIS
2751 387 3052 444 MONACIII

3887 397 3988 451 69‘!

800 530 903 598 Qui
929 528 1037 586 hoc
1074 525 1272 585 saeculo
1301 522 1438 578 bene
1464 520 1712 588 imperat.
1739 515 1854 569 sine
1884 513 1989 566 line
2029 512 2081 565 in
2111 522 2304 580 perpe-
2336 507 2387 567 Α
2483 505 2597 598 lion
2640 512 2723 557 est
2761 504 2902 598 enim
2950 520 3305 598 personarum
3334 507 3576 577 acceptio
3615 521 3756 577 apuo
3800 507 3982 564 Deum.

730 632 882 678 tuum
912 625 1121 687 regnat,
1150 623 1205 671 et
1234 612 1302 668 de
1350 610 1518 682 gloria
1547 604 1728 660 seculi
1762 602 1920 671 hujus
1947 600 2014 655 ad
2051 608 2309 653 :eternam

730 712 925 769 transit
954 708 1199 781 gloriam.

798 802 899 868 Qui
922 814 1053 854 vero
1092 806 1314 864 regnum
1350 803 1519 860 prave
1554 791 1825 849 exercent,
1858 788 2078 851 propter
2107 783 2311 868 vestem

734 864 1052 960 fulgentem,
1075 895 1132 943 et
1157 886 1387 940 nitorem
1418 878 1746 948 lapillorum,
1778 873 1903 929 nudi
1932 881 1983 927 et
2032 868 2215 923 miseri
2244 864 2311 919 ad

737 982 944 1037 inferna
978 975 1257 1046 torquendi
1285 970 1633 1027 descendunt.
2299 1049 2312 1060 .

808 1072 913 1125 I'ro
943 1068 1145 1124 malitia
1192 1063 1361 1134 plebis
1389 1060 1549 1113 etiam
1590 1070 1746 1126 reges
1782 1061 2095 1108 mutantur:
2138 1058 2194 1106 et
2223 1058 2315 1119 qui

739 1168 863 1215 ante
885 1158 1207 1213 videbantur
1235 1168 1353 1209 esse
1374 1151 1524 1214 boni,
1548 1156 1774 1217 accepto
1792 1159 1957 1214 regno
1975 1143 2109 1199 ftunt
2124 1141 2314 1211 iniqui.

809 1248 1080 1317 Quosdam
1106 1245 1368 1316 superbos
1416 1240 1610 1296 divites
1655 1238 1807 1307 copia
1837 1251 2015 1291 rerum
2045 1232 2173 1287 facit
2208 1232 2317 1286 ela-

742 1352 850 1397 105.

816 1432 931 1486 Νοιι
959 1436 1085 1484 sunt
1110 1442 1243 1497 opes
1265 1427 1317 1479 in
1345 1422 1497 1488 vitio,
1520 1419 1616 1474 sed
1646 1419 1917 1473 voluntas.

812 1521 945 1573 Nam
968 1520 1169 1574 crimen
1201 1517 1251 1568 in
1284 1512 1445 1566 rebus
1485 1526 1590 1563 non
1620 1515 1721 1570 est,
1749 1505 1841 1560 sed
1883 1506 1935 1559 in
1965 1518 2064 1557 usu
2094 1500 2318 1570 agentis.

817 1608 980 1663 Bonis
1005 1608 1144 1661 bene
1183 1611 1427 1665 utuntur,
1453 1600 1544 1667 qui
1573 1592 1785 1651 divitias
1824 1595 1924 1649 sibi
1955 1604 2241 1647 concessas
2268 1589 2319 1642 in

750 1701 908 1755 rebus
931 1696 1251 1753 salutaribus
1272 1693 1637 1763 perfruuntur.

822 1791 983 1846 Bonis
1023 1788 1162 1842 male
1189 1793 1410 1840 utuntur
1444 1780 1535 1849 qui
1584 1787 1675 1833 aut
1717 1778 1864 1845 juste
1913 1792 2012 1847 pro
2042 1772 2323 1843 temporali

754 1884 906 1938 lucro
946 1879 1209 1949 judicant,
1253 1882 1346 1928 aut
1391 1870 1589 1940 aliquid
1628 1870 1754 1925 boni
1801 1884 1898 1938 pro
1947 1881 2097 1921 vana:
2140 1864 2325 1934 gloria:
2360 1858 2402 1915 Β

760 1971 999 2042 appetitu
1031 1969 1253 2023 faciunt.

831 2060 985 2116 Malis
1010 2059 1149 2112 male
1175 2066 1394 2109 utuntur
1416 2050 1507 2122 qui
1552 2050 1739 2103 noxias
1765 2047 2121 2116 cogitationes
2149 2043 2330 2113 operi-

761 2155 859 2207 bus
884 2150 1063 2222 pravis
1090 2148 1395 2219 perficiunt.

834 2242 979 2295 Bene
1007 2240 1163 2293 malis
1191 2246 1413 2291 utuntur
1449 2234 1539 2302 qui
1564 2232 1830 2287 luxuriam
1860 2228 2037 2285 carnis
2066 2224 2333 2295 conjugali

764 2332 1044 2387 honestate
1073 2328 1421 2393 restringunt.

834 2422 1082 2477 Graviter
1127 2420 1180 2474 in
1232 2419 1399 2473 Deum
1430 2416 1747 2483 delinquunt
1784 2412 1875 2483 qui
1918 2408 2118 2464 divitiis
2148 2422 2178 2461 a
2226 2405 2338 2460 Deo

766 2512 1038 2567 concessis
1065 2525 1172 2564 non
1219 2511 1273 2562 in
1323 2508 1483 2562 rebus
1523 2505 1869 2569 salutaribus,
1916 2501 2012 2557 sed
2051 2502 2104 2555 in
2156 2499 2340 2554 usibus

768 2604 949 2675 pravis
977 2611 1219 2656 utuntur.

838 2692 981 2746 Cave
1007 2692 1238 2745 honores
1279 2704 1415 2758 quos
1437 2689 1551 2743 sine
1581 2688 1737 2755 culpa
1767 2696 1950 2741 tenere
1990 2701 2098 2740 non
2153 2691 2333 2757 potes.

840 2784 1160 2840 Sublimitas
1181 2783 1469 2844 honorum,
1502 2780 1809 2847 magnitudo
1837 2778 2100 2834 scelerum
2132 2785 2236 2832 est.

841 2873 959 2929 Hoc
1006 2874 1168 2927 habet
1203 2882 1383 2925 tamen
1439 2872 1635 2925 bonum
1668 2869 1957 2937 possessio
2002 2867 2343 2936 praesentium

774 2979 979 3029 rerum,
1027 2964 1073 3018 si
1109 2965 1272 3017 vitam
1324 2961 1532 3016 reliciat
1574 2960 1929 3022 miserorum;
1983 2966 2205 3028 propter
2242 2957 2347 3013 hoc

774 3056 1002 3111 tentatio
1029 3063 1110 3108 est
1132 3052 1312 3107 mundi
1336 3053 1559 3106 lucrum.

846 3144 1126 3213 Tantoque
1144 3143 1346 3212 majora
1368 3143 1629 3213 supplicia
1660 3144 1709 3195 in
1739 3138 1918 3197 futuro
1939 3139 2160 3206 dabunt,
2176 3154 2347 3211 quan-

778 3248 892 3295 tum
925 3246 979 3291 et
1001 3236 1112 3305 ipsa
1142 3235 1345 3303 majora
1374 3244 1519 3288 sunt.

854 3328 955 3381 Diu
978 3327 1118 3381 enim
1140 3340 1260 3379 eum
1284 3326 1443 3379 rebus
1465 3324 1662 3378 nostris
1686 3323 1881 3377 durare
1907 3338 2014 3378 non
2044 3338 2349 3393 possumus,

781 3418 906 3486 quia
930 3424 1024 3470 aut
1047 3429 1147 3469 nos
1173 3414 1291 3470 illas
1327 3412 1604 3469 moriendo
1646 3412 1961 3480 deserimus,
1990 3421 2085 3466 aut
2129 3413 2233 3467 illa:
2256 3428 2354 3468 nos

782 3506 1079 3559 morientes
1098 3504 1372 3558 deserunt.

852 3593 1100 3649 Potestas
1124 3594 1234 3648 cito
1262 3593 1471 3647 ruinam
1497 3593 1718 3662 patitur.

854 3685 1138 3755 Nunquam
1164 3684 1358 3739 utentis
1387 3685 1629 3753 requiem
1656 3684 1818 3740 habet
1845 3686 1939 3755 qui
1963 3686 2104 3740 curis
2124 3687 2355 3742 terrenis

785 3795 845 3834 se
867 3779 1068 3835 subdit.

855 3870 1080 3939 Semper
1106 3870 1345 3939 requiem
1374 3870 1571 3926 mentis
1608 3869 1890 3936 habebitis,
1934 3872 1980 3927 si
2009 3879 2137 3926 ante
2172 3872 2353 3925 mundi

787 3972 973 4012 curam
993 3957 1339 4025 reliqueritis.

860 4044 1027 4099 Valde
1051 4060 1231 4100 rarum
1259 4055 1363 4111 est,
1401 4055 1461 4101 ut
1489 4046 1579 4118 qui
1608 4047 1822 4103 divitias
1847 4047 2141 4120 possident,
2169 4048 2235 4103 ad
2266 4064 2356 4103 re-

788 4137 969 4207 quiem
986 4130 1234 4192 'tendant.

862 4226 959 4283 Est
983 4227 1145 4281 elatio
1171 4241 1464 4297 pauperum
1515 4243 1654 4297 quos
1692 4244 1793 4284 nec
1821 4228 2019 4283 divitia:
2041 4229 2273 4292 elevant,
2303 4242 2357 4284 et

790 4316 1042 4370 voluntas
1060 4317 1124 4369 'in
1163 4316 1241 4370 eis
1270 4317 1382 4369 sola
1412 4319 1660 4385 superbia
1689 4328 1791 4372 est.
1837 4320 1930 4373 llis
1958 4322 2058 4374 etsi
2108 4336 2239 4391 opes
2266 4322 2358 4375 de-

790 4414 937 4471 sunt,
977 4416 1202 4475 propter
1244 4409 1439 4463 mentis
1486 4415 1665 4463 tamen
1713 4420 1992 4477 tumorem,
2036 4413 2154 4482 plus
2196 4429 2355 4482 quam

792 4494 1012 4565 superbi
1041 4494 1232 4549 divites
1257 4496 1700 4555 condemnamur.

863 4583 1121 4642 Potentes
1165 4586 1209 4640 si
1236 4586 1476 4641 iracundi
1511 4598 1653 4653 sunt,
1697 4590 1878 4645 vinum
1925 4607 2031 4646 non
2061 4591 2266 4659 bibant,
2292 4609 2359 4649 ne

794 4689 918 4730 cum
948 4676 1197 4742 biberint,
1226 4677 1608 4733 obliviscantur
1636 4681 1930 4749 sapientize.

869 4766 1058 4821 Paucis
1096 4780 1329 4834 przeesse
1371 4777 1560 4822 natura
1590 4769 1755 4837 dedit,
1806 4772 2043 4840 pluribus
2079 4776 2360 4846 obtempe-

795 4868 939 4909 rare.

1356 4989 1581 5047 CAPUT
1620 4992 1792 5047 LVIII.

1185 5100 1264 5154 De
1296 5108 1586 5172 acceptione
1622 5124 1974 5176 personarum.

1476 5254 1687 5294 ιιοιδεε.

869 5321 984 5376 Non
1033 5325 1267 5393 accipias
1316 5342 1598 5396 personam
1642 5348 1742 5387 nec
1786 5338 2207 5392 muneraznulla
2261 5342 2363 5395 erit

802 5412 1049 5467 distantia
1095 5431 1481 5482 personarum:
1535 5424 1605 5477 ita
1662 5440 1883 5493 parvum
1934 5430 2114 5485 audias
2159 5442 2216 5486 ut
2252 5450 2363 5487 ma-

799 5519 981 5571 gnum.
1015 5505 1195 5576 (Deut.
1228 5525 1314 5561 xvt
1338 5519 1391 5565 et
1417 5509 1587 5567 Exod.
1621 5517 1699 5581 ιι).

1466 5622 1682 5662 ΡᾹυιΙΖΞ.

868 5684 1043 5740 Gloria
1075 5697 1251 5743 autem
1280 5700 1332 5745 et
1362 5707 1463 5761 pax
1495 5699 1637 5752 omni
1669 5706 1910 5769 operanti
1935 5705 2153 5773 bonum,
2179 5709 2363 5767 Judteo

805 5773 1027 5839 primum
1054 5787 1108 5831 et
1135 5780 1327 5838 ϐιωςο
1359 5783 1533 5853 (Rom.
1562 5787 1640 5856 ιι).

2375 3199 2422 3266 C

2484 592 2538 647 Si
2573 610 2855 662 personam
2889 596 3120 650 hominis
3147 612 3252 650 non
3298 598 3513 666 accipit,
3561 613 3669 654 non
3695 609 3778 655 est
3804 616 3986 671 perso-

2415 701 2602 739 narunt
2632 696 2883 755 acceptor
2920 688 3096 756 (Rom.
3131 706 3189 756 ll,
3218 699 3274 745 et
3294 688 3407 744 Col.
3432 694 3540 759 ιιι).

2485 778 2584 843 Qui
2614 778 2766 832 timet
2793 788 2849 832 et
2902 790 3157 849 operatur
3181 780 3471 851 justitiam,
3506 790 3763 854 acceptus
3791 793 3876 839 est
3918 785 3988 839 illi

2416 872 2551 939 (Act.
2590 872 2666 936 κ).

3072 980 3335 1019 εΑιοιιοΝ.

2491 1052 2752 1123 Accipere
2782 1070 3067 1123 personam
3100 1056 3270 1123 impii,
3305 1071 3414 1111 non
3442 1064 3527 1111 est
3550 1056 3778 1125 bonum,
3810 1066 3871 1114 ut
3903 1059 3992 1115 de-

2417 1142 2584 1198 clines
2611 1159 2639 1196 a
2671 1144 3095 1213 veritatejudicii
3119 1145 3302 1214 (Prov.
3336 1148 3509 1216 xvut).

2489 1234 2591 1302 Qui
2621 1235 2749 1289 dicit
2782 1236 2942 1304 itnpio
2968 1256 2977 1287 :
3004 1234 3189 1292 Justus
3217 1253 3295 1303 es,
3326 1238 3652 1294 maledicent
3692 1240 3741 1294 ei
3788 1241 3993 1309 populi,

2420 1338 2473 1381 et
2522 1328 2931 1383 detestabuntur
2975 1344 3097 1382 eum
3139 1330 3345 1384 tribus:
3388 1340 3442 1385 et
3470 1332 3560 1399 qui
3605 1340 3835 1399 arguunt
3875 1347 3995 1385 cum

2422 1421 2822 1486 laudabuntur,
2873 1430 2928 1476 et
2987 1436 3151 1490 super
3221 1421 3368 1491 ipsos
3436 1425 3619 1477 veniet
3696 1422 3996 1477 benedictio

2425 1509 2610 1580 (Prov.
2640 1513 2811 1578 utv).

2495 1600 2594 1665 Qui
2624 1601 2902 1667 cognoscit
2940 1600 2990 1656 in
3039 1600 3242 1669 judicio
3293 1600 3509 1670 faciem,
3549 1616 3658 1657 non
3705 1601 3834 1657 facit
3866 1600 4001 1655 bene

2428 1691 2606 1763 (Prov.
2642 1695 2849 1759 xxvm).

2994 1798 3141 1838 JESUS
3178 1797 3385 1838 SIBACH.

2504 1872 2620 1927 Non
2647 1874 2875 1941 accipias
2894 1888 3177 1941 personam
3202 1883 3258 1928 ut
3286 1874 3566 1943 delinquas
3590 1872 3819 1944 (Eccles.
3848 1875 3999 1944 xui).

2503 1964 2615 2017 Νυιι
2641 1964 2829 2018 resiste
2850 1972 3036 2017 contra
3063 1964 3252 2018 faciem
3280 1966 3516 2033 potentis
3534 1968 3551 2032 (
3569 1964 3764 2018 Eccles.
3790 1968 3885 2034 tv).

2504 2052 2656 2107 Sicut
2685 2054 3011 2107 abominatio
3037 2064 3120 2107 est
3163 2056 3395 2123 superbo
3423 2055 3720 2123 humilitas,
3749 2056 3826 2112 sic
3852 2072 4005 2112 exse-

2436 2145 2606 2198 cratio
2627 2144 2805 2198 divitis
2838 2144 2891 2197 in
2914 2160 3152 2213 paupere
3179 2144 3404 2211 (Ecclcs.
3440 2150 3580 2215 χιιι).

2506 2236 2827 2290 Substauti-J:
2865 2238 3079 2305 superbi
3107 2237 3545 2303 eradicabuntur,
3575 2246 3631 2292 et
3659 2245 3852 2294 domus
3894 2254 4008 2309 qua:

2438 2328 2596 2382 nitnis
2616 2327 2853 2396 locuples
2874 2336 2976 2392 est,
3002 2327 3341 2382 annulabitur
3365 2330 3636 2398 superbia.

3050 2435 3401 2474 HIERONYMUS.

2512 2507 3022 2576 Aunumjudicium
3046 2509 3259 2576 est,ubi
3296 2526 3402 2565 non
3433 2525 3698 2581 personae,
3726 2511 3822 2566 sed
3853 2526 4011 2582 opera

2441 2599 2868 2655 considerantur.

3079 2710 3390 2750 GllEGOBIUS.

2516 2784 2652 2851 Quid
2681 2800 2809 2839 vero
2856 2783 2998 2855 apud
3026 2783 3193 2840 Deum
3245 2787 3399 2841 vilius
3436 2795 3519 2842 est
3556 2802 3720 2857 quam
3764 2789 4018 2842 honorem

2448 2874 2590 2943 apud
2621 2876 2869 2931 homines
2906 2891 3143 2943 servare,
3172 2886 3227 2932 et
3277 2878 3477 2934 interni
3507 2879 3658 2933 testis
3685 2878 3875 2933 oculos
3918 2895 4021 2932 non

2450 2964 2639 3019 timere
2659 2965 2680 3016 ?

3108 3074 3358 3113 ISIDOBL‘S.

2522 3152 2639 3208 Non
2664 3162 2745 3208 est
2763 3168 2991 3224 persona
3014 3154 3280 3223 injudicio
3301 3152 3820 3220 consideranda,sed
3844 3168 4021 3209 causa.

2523 3245 2649 3302 Plus
2670 3256 2995 3302 venerantur
3030 3246 3275 3300 homines
3305 3246 3359 3299 in
3401 3245 3506 3301 ltoc
3532 3247 3733 3300 sazculo
3763 3262 3863 3316 pro
3894 3256 4024 3300 tem-

2452 3338 2623 3409 porali
2650 3338 2912 3408 potentia,
2940 3352 3098 3407 quam
3122 3352 3217 3408 pro
3245 3337 3543 3392 reverentia
3574 3340 3900 3393 sanctitatis.

2522 3427 2836 3499 Suspiciunt
2859 3432 3001 3484 enim
3024 3430 3169 3499 quod
3196 3431 3366 3497 magis
3388 3439 3513 3484 sunt
3539 3431 3772 3487 divites:
3803 3443 3859 3486 et
3884 3428 4024 3499 quod

2453 3521 2697 3576 homines
2730 3533 2876 3588 sunt,
2906 3525 3126 3579 omnino
3151 3539 3259 3577 non
3285 3524 3600 3594 reSpiciunt.

2521 3612 2751 3670 Causam
2778 3617 3005 3685 reSpice,
3036 3632 3143 3670 non
3174 3631 3482 3686 personam.

3039 3770 3267 3828 CAPUT
3305 3771 3438 3827 LIX.

3081 3904 3161 3961 De
3190 3909 3394 3962 itinere.

3098 4056 3371 4097 CHRISTUS.

2527 4148 2725 4207 Intrate
2746 4167 2844 4223 per
2867 4164 3144 4224 angustam
3174 4164 3399 4224 portam,
3426 4158 3553 4225 quia
3581 4157 3689 4213 lata
3717 4172 3773 4215 et
3799 4162 4032 4230 spatiosa

2458 4252 2539 4299 est
2568 4246 2653 4299 via
2685 4261 2802 4314 qum
2832 4246 2978 4302 ducit
3012 4247 3078 4300 ad
3119 4248 3500 4317 perditionem,
3523 4258 3581 4305 et
3612 4251 3767 4307 multi
3793 4265 3922 4308 sunt
3944 4256 4034 4321 qui

2460 4336 2659 4391 intrant
2683 4352 2776 4404 per
2802 4352 2917 4391 eam
2943 4336 3158 4408 (Matth.
3188 4339 3302 4409 vn).

2532 4429 2700 4492 Quam
2751 4439 2974 4495 angusta
3006 4439 3090 4483 est
3138 4431 3221 4483 via
3270 4440 3326 4484 et
3353 4430 3587 4485 diflicilis
3633 4449 3754 4502 qua:
3791 4434 3939 4489 ducit
3972 4437 4037 4487 ad

2388 4548 2438 4607 ο
2466 4523 2645 4586 vitam,
2678 4524 2835 4592 pauci
2858 4534 2981 4577 sunt
3004 4524 3093 4592 qui
3123 4524 3399 4578 inveniunt
3419 4541 3538 4579 eant
3572 4526 3786 4596 (lbid.).

3141 4634 3355 4674 PAULUS.

2537 4702 2721 4759 Videte
2776 4704 2959 4773 itaque
3011 4708 3281 4776 quomodo
3335 4717 3493 4765 caute
3569 4709 3879 4777 arnbuletis,
3931 4731 4038 4769 non

2461 4794 2614 4862 quasi
2648 4793 2977 4861 insipientes,
3008 4796 3101 4850 sed
3134 4806 3193 4851 ut
3218 4800 3487 4867 sapientes
3516 4802 3731 4869 (Ep/tes.
3762 4804 3837 4871 v).

2532 4885 2757 4941 Gressus
2783 4898 2959 4943 rectos
2980 4886 3139 4943 facite
3170 4890 3392 4958 pedibus
3417 4892 3627 4956 vestris,
3661 4902 3720 4946 ut
3748 4910 3855 4948 non
3888 4896 4039 4950 clau-

2464 4979 2643 5033 dicans
2668 4979 2788 5047 quis
2826 4989 2988 5046 erret,
3026 4981 3197 5049 magis
3236 4991 3416 5037 autem
3443 4994 3662 5039 sanetur
3691 4985 3885 5056 (Hebr.
3917 4992 4038 5054 xu).

3114 5089 3375 5127 SALOMON.

2532 5158 2647 5212 Non
2676 5159 2961 5215 delecteris
2982 5162 3186 5217 semitis
3214 5164 3517 5233 impiorum,
3550 5179 3652 5221 nec
3668 5166 3762 5221 tibi
3786 5168 4041 5237 placeant

2462 5248 2560 5300 vite
2587 5248 2847 5303 malorum
2875 5250 3054 5319 (Prov.
3081 5258 3178 5319 tv).

2534 5341 2805 5396 Justorum
2836 5353 3012 5399 autem
3044 5346 3266 5409 semitae,
3290 5347 3441 5416 quasi
3463 5348 3554 5401 lux
3573 5348 3888 5417 splendens.
3913 5369 4040 5421 pro-

2464 5435 2661 5489 cedunt
2693 5446 2747 5490 et
2775 5447 3027 5491 crescunt
3052 5455 3218 5508 usque
3240 5440 3307 5493 ad
3338 5440 3630 5510 perfectum
3656 5444 3799 5497 dietn
3822 5446 4037 5513 (Mitt).

2537 5525 2631 5579 Via
2662 5528 2944 5596 impiorunt
3001 5530 3308 5595 tenebrosa,
3368 5534 3612 5588 nesciunt
3649 5536 3739 5590 ubi
3775 5546 4037 5591 corruunt

2465 5619 2676 5687 (lbid.).

2537 5711 2687 5766 Oculi
2734 5713 2808 5767 tui
2854 5727 2999 5770 recta
3040 5717 3275 5785 videant,
3300 5729 3352 5775 et
3390 5720 3657 5793 palpebrae
3686 5731 3788 5779 tuae
3840 5741 4038 5795 prace-

2468 5804 2594 5857 dant
2622 5820 2831 5873 grezsus
2862 5822 2977 5863 tuos
3008 5808 3196 5875 (Mitt)
