4194 6542
224 419 327 472 69⁸5

298 527 476 592 Dirige
531 525 778 579 semitam
837 521 1063 591 pedibus
1091 520 1215 585 tuis,
1266 526 1320 570 et
1347 531 1537 570 omnes
1578 516 1678 570 viae
1712 524 1814 568 tua:
1844 519 1890 572 Α

223 615 565 670 stabilientur
597 612 815 685 (lbid.).

298 708 498 761 Avertc
527 706 716 776 pedem
740 714 888 758 tuum
912 718 941 756 a
973 701 1145 756 malo:
1179 701 1294 754 vias
1322 699 1601 768 enimquae
1628 713 1658 752 a
1682 696 1816 752 dex-

234 801 333 851 tris
357 807 502 860 sunt,
528 797 676 850 novit
702 794 961 850 Dominus
991 792 1211 861 (Ibid.).

305 885 548 955 Respicit
582 884 840 939 Dominus
863 885 980 939 vias
1009 884 1262 950 hominis,
1291 889 1347 937 et
1376 896 1566 936 omnes
1603 894 1820 948 gressus

225 981 368 1032 illius
389 976 702 1031 considerat
742 977 922 1046 (Prov.
955 977 1032 1045 v).

299 1067 408 1122 iter
439 1077 618 1122 autem
648 1068 931 1136 impiorum
960 1067 1191 1135 decipiet
1220 1080 1312 1120 eos
1337 1065 1522 1135 (Prov.
1558 1063 1674 1130 xu).

295 1164 391 1217 Vir
422 1164 661 1233 prudens
690 1161 885 1234 diriget
910 1175 1124 1228 gressus
1154 1158 1337 1229 (Prov.
1370 1160 1488 1228 xv).

304 1256 441 1311 Dum
493 1256 795 1325 placuerint
875 1253 1096 1308 Domino
1155 1253 1254 1307 via:
1305 1250 1558 1316 hominis,
1611 1247 1812 1304 inimici

223 1364 447 1419 quoque
477 1348 597 1417 ejus
620 1355 1005 1402 convertentur
1035 1345 1103 1400 ad
1135 1360 1324 1416 pacem
1361 1344 1544 1416 (Prov.
1575 1352 1709 1412 xvi).

823 1453 973 1491 JESl‘S
1007 1451 1216 1490 SIﬂACll.

296 1529 418 1582 Non
449 1529 679 1583 ventiles
729 1536 782 1583 te
812 1529 864 1582 in
913 1542 1130 1582 omnem
1158 1535 1394 1592 ventum,
1421 1534 1474 1582 et
1506 1541 1612 1579 non
1642 1539 1738 1580 eas
1765 1525 1817 1579 in

224 1635 447 1674 onmem
476 1621 620 1674 viam
657 1620 884 1692 (Ecclrs.
917 1623 1016 1688 ix).

288 1710 426 1764 Cum
454 1711 658 1765 andace
710 1726 816 1765 non
846 1725 940 1765 cas
968 1711 1021 1764 in
1052 1710 1154 1774 via,
1185 1726 1252 1765 ne
1297 1708 1436 1763 forte
1467 1715 1650 1776 gravet
1681 1707 1818 1760 mala

219 1816 312 1855 sua
342 1801 396 1855 in
434 1810 484 1856 lc
508 1801 730 1870 (Ecclea.
764 1801 897 1869 vttt).

291 1894 345 1945 ln
384 1893 469 1946 via
500 1894 669 1946 ruina:
713 1909 821 1948 non
851 1908 963 1959 eas,
1001 1903 1196 1948 etnon
1224 1890 1463 1947 otl'endas
1513 1892 1563 1944 in
1611 1889 1816 1959 lapides

219 1981 449 2048 (Eccles.
483 1984 657 2051 xxxi).

880 2089 1155 2130 ORIGENES.

293 2165 487 2221 Melius
531 2175 614 2220 est
644 2167 789 2220 enim
830 2167 1126 2236 perfectam
1157 2165 1319 2219 vitam
1360 2166 1618 2234 querenti
1645 2168 1698 2218 ln
1730 2164 1814 2217 ili-

223 2272 354 2311 nerc
407 2258 564 2321 mori,
599 2273 762 2327 quam
813 2273 914 2312 nec
955 2255 1226 2327 proﬁcisci
1258 2256 1474 2326 quidem
1516 2255 1585 2308 ad
1634 2255 1812 2324 perfe-

215 2348 454 2402 ctionem
488 2349 863 2417 qumrendam.

860 2455 1175 2496 CBEGOMUS.

284 2530 504 2586 Stultus
531 2531 705 2586 viator
722 2540 804 2586 est
827 2533 939 2601 qui,
964 2533 1016 2586 in
1043 2533 1236 2586 itinere
1264 2547 1476 2586 amoma
1501 2539 1655 2586 orata
1685 2547 1814 2586 con-

215 2623 476 2692 spicieos,
512 2624 854 2679 obliviscitur
885 2639 992 2692 quo
1034 2623 1314 2680 tendebat.

291 2715 572 2769 lnoﬂ’cnso
619 2716 759 2785 pede
789 2717 892 2770 iter
939 2724 1182 2771 nostrum
1236 2716 1432 2785 agitur,
1476 2715 1520 2770 si
1564 2715 1705 2770 Deus
1753 2731 1817 2771 ac

217 2808 506 2876 proximus
533 2808 745 2877 integra
774 2817 955 2863 mente
984 2808 1330 2878 diligatur...

835 2920 1062 2975 CAPUT
1104 2920 1215 2976 LX.

839 3012 918 3067 De
947 3014 1201 3068 smsibus.
1285 3065 1290 3071 .

889 3123 1166 3162 CHRISTUS.

1526 405 2029 459 S.Cl.\'l‘lLl..’s'liU\l
2078 403 2298 457 LlliEll.

3412 408 3516 460 694

1993 509 2046 563 lu
2081 509 2258 565 medio
2279 511 2674 565 insensatorum
2705 525 2859 566 serva
2891 511 3116 565 verbum
3173 519 3511 582 temporibus

1919 599 2138 670 (lout).

1991 694 2070 749 Ab
2113 711 2218 750 uno
2262 707 2477 751 sensato
2510 694 2896 749 iuhabitabitur
2925 693 3121 766 patria.
3159 705 3214 750 ct
3261 713 3289 751 a
3323 698 3496 753 tribus

1924 787 2104 858 impiis
2132 788 2432 842 deseretur.

1990 877 2049 933 In
2080 878 2367 949 praeceptis
2394 880 2486 935 Dei
2518 884 2810 948 cogitatum
2842 881 3004 934 hane.

2510 990 2736 1044 CAPUT
2776 990 2910 1045 LXI.

2407 1079 2484 1135 De
2512 1083 2668 1134 servis
2693 1090 2740 1132 et
2769 1081 3014 1136 dominis.

2581 1187 2857 1226 CHRISTUS.

1993 1265 2139 1319 Beati
2180 1265 2316 1319 servi
2347 1264 2439 1328 illi,
2472 1280 2610 1333 quos
2640 1280 2764 1319 cum
2798 1267 3005 1321 venerit
3037 1268 3316 1336 Dominus,
3350 1269 3496 1323 inve-

1923 1358 2062 1411 nerit
2092 1356 2374 1424 vigilantes
2409 1354 2559 1424 (Luc.
2594 1360 2772 1424 xvut).

1995 1448 2164 1502 Nemo
2210 1457 2390 1517 potest
2428 1447 2640 1501 duobus
2677 1447 2913 1504 dominis
2956 1451 3195 1515 servire;
3228 1460 3321 1504 aut
3369 1451 3513 1504 enim

1926 1555 2088 1592 unum
2122 1540 2288 1603 odiet,
2317 1550 2371 1592 et
2405 1539 2637 1592 alterum
2670 1538 2856 1608 diliget
2891 1559 2904 1594 :
2935 1551 3028 1596 aut
3059 1542 3146 1596 uni
3179 1543 3508 1605 adhaerebit.

1926 1643 1976 1686 et
2006 1633 2229 1687 alterum
2260 1641 2571 1687 contemnet
2603 1633 2819 1702 (Matth.
2839 1637 2938 1704 vi).

2608 1745 2832 1784 PETﬂliS.

1996 1821 2170 1886 Servi,
2201 1819 2400 1875 subditi
2430 1826 2607 1874 estote
2637 1821 2689 1872 in
2720 1821 2866 1876 omni
2895 1821 3088 1877 timore
3117 1821 3371 1887 dominis,
3395 1837 3511 1876 non

1935 1922 2141 1967 tantum
2206 1914 2358 1966 bonis
2418 1921 2474 1966 et
2541 1911 2845 1980 modestis,
2903 1915 3001 1969 sed
3060 1915 3227 1970 etiam
3296 1915 3514 1971 discolis

1921 2013 1938 2075 (
1950 2008 1972 2058 I
2010 2005 2151 2061 l’etr.
2196 2007 2278 2077 ιι).
2602 2092 2799 2133 “cum

1993 2170 2252 2225 Dominus
2285 2179 2467 2226 autem
2516 2173 2742 2242 Spiritus
2782 2179 2899 2234 est;
2936 2170 3025 2224 ubi
3069 2180 3248 2226 autem
3290 2172 3514 2242 spiritus

1921 2262 2153 2323 Domini,
2186 2263 2255 2317 ibi
2284 2263 2505 2318 libertas
2530 2263 2616 2335 (11
2651 2263 2772 2318 Cor.
2808 2264 2911 2328 ιιι).

1990 2354 2309 2421 Quicunque
2336 2368 2461 2408 sunt
2493 2356 2592 2410 sub
2617 2355 2746 2424 jugo
2768 2353 3060 2422 servitutis,
3097 2353 3349 2410 dominos
3378 2371 3504 2410 suos

1919 2444 2068 2496 omni
2096 2445 2301 2499 honore
2331 2446 2523 2514 dignos
2549 2446 2880 2500 arbitrentur
2911 2445 2960 2515 (Ι
2998 2444 3133 2500 Tim.
3158 2447 3258 2513 vn).

1990 2534 2222 2600 Domini,
2272 2536 2414 2603 quod
2458 2537 2665 2605 justum
2713 2545 2796 2591 est
2845 2546 2901 2591 et
2927 2551 3139 2606 aequum
3171 2537 3340 2592 servis
3371 2551 3507 2606 pra:-

1917 2633 2075 2690 state,
2109 2629 2344 2683 scientes
2374 2629 2628 2698 quoniam
2659 2636 2714 2684 et
2741 2645 2837 2685 vos
2868 2628 3151 2684 Dominum
3202 2629 3418 2684 habetis
3446 2629 3500 2682 in

1918 2717 2056 2770 coelo
2075 2716 2294 2788 (uid).

1994 2805 2383 2881 Unusquisque
2424 2812 2786 2883 quodcunque
2831 2812 3016 2867 fecerit
3044 2814 3265 2879 bonum,
3299 2813 3403 2870 hoc
3429 2829 3514 2868 re-

1918 2909 2082 2978 cupiet
2113 2921 2143 2961 a
2183 2907 2436 2973 Domino,
2468 2908 2583 2962 sive
2611 2922 2819 2972 servus,
2849 2907 2961 2963 sive
2991 2907 3126 2962 liber
3157 2905 3377 2978 (Ep/tes.
3411 2908 3511 2977 vt).

2590 3015 2856 3055 SALOIION.

1990 3090 2189 3145 Servus
2218 3100 2464 3146 scnsatus
2490 3090 2854 3145 dominabitur
2881 3088 3001 3146 ﬁliis
3031 3091 3234 3156 stultis,
3274 3101 3331 3147 et
3360 3091 3503 3147 inter

286 3196 534 3252 Lucerna
577 3198 823 3268 corporis
861 3199 936 3253 tui
983 3207 1067 3252 est
1111 3197 1300 3253 oculus
1359 3207 1505 3254 tuus.
1543 3199 1600 3254 Si
1622 3216 1810 3257 ocums

1924 3180 2114 3237 fratres
2136 3183 2503 3238 hmreditatem
2528 3181 2726 3236 dividet
2756 3181 2940 3252 (Prov.
2968 3185 3147 3252 xvn).f

216 3300 342 3345 tuus
370 3290 536 3344 fuerit
558 3292 806 3361 simplex,
832 3299 1004 3346 totum
1032 3305 1228 3360 corpus
1250 3298 1398 3344 tuum
1429 3291 1662 3347 lucidum
1687 3296 1810 3349 erit.

214 3382 272 3436 Si
302 3393 494 3438 autem
537 3399 789 3454 nequam,
824 3385 986 3441 etiam
1036 3399 1234 3454 corpus
1273 3393 1422 3440 tuum
1468 3387 1814 3443 tenebrosum

215 3473 321 3526 crit
355 3473 519 3542 (Luc.
557 3479 658 3543 xx).

914 3563 1135 3601 Παῦε.

287 3635 677 3707 Unusquisque
727 3639 779 3693 in
838 3653 938 3694 suo
985 3655 1143 3694 sensu
1197 3640 1434 3696 abundet
1463 3642 1642 3712 (Rom.
1677 3646 1811 3714 XlV).

284 3729 405 3782 Non
442 3730 734 3784 ambuletis
783 3729 920 3784 sicut
949 3738 1134 3795 gentes
1166 3732 1444 3786 ambulant
1476 3733 1527 3787 in
1574 3735 1812 3790 vanitate

213 3824 296 3876 sui
332 3839 553 3885 sensus,
589 3823 827 3877 tenebris
880 3823 1225 3879 obscuratum
1279 3825 1540 3883 habentes
1597 3828 1814 3884 intelle-

213 3923 364 3966 ctum
394 3913 623 3981 (Ep/tes.
653 3913 749 3982 tv).

813 4019 968 4060 JISUS
1004 4021 1213 4061 διηλειι.

284 4099 480 4154 Bonus
525 4113 714 4153 sensus
744 4115 917 4170 usque
974 4099 1028 4155 in
1073 4108 1286 4170 tempus
1343 4102 1622 4158 abscondit
1654 4107 1815 4161 verba

214 4193 356 4260 ejus.
390 4201 453 4246 et
500 4190 640 4245 labia
708 4191 1004 4247 multorum
1053 4194 1382 4249 enarrabunt
1429 4209 1647 4251 sensum
1698 4197 1817 4264 ejus

215 4281 445 4350 (Eccles.
488 4284 548 4341 ι).

281 4373 485 4427 llonor
511 4383 566 4428 et
593 4373 764 4442 gloria
797 4374 848 4429 in
880 4389 1130 4430 sermone
1156 4376 1353 4430 sensati
1380 4376 1603 4447 (Ecclex.
1628 4378 1710 4445 v).

281 4465 495 4532 Lingua
513 4483 640 4520 vero
660 4465 1010 4536 imprudentis
1026 4468 1301 4520 subversio
1317 4476 1395 4521 est
1415 4468 1580 4536 ipsius
1599 4467 1815 4540 (lbid.).

1993 3275 2094 3341 Qui
2123 3275 2350 3330 delicate
2378 3290 2408 3329 a
2457 3275 2687 3346 pueritia
2720 3275 2887 3329 nutrit
2933 3291 3150 3330 servum
3193 3292 3372 3344 suum,
3406 3294 3510 3348 po-

1920 3375 2035 3421 stea
2066 3367 2264 3421 sentiet
2293 3365 2442 3421 illum
2474 3374 2848 3421 contumacem
2880 3364 3066 3437 (Prov.
3101 3369 3276 3439 xm).

2515 3476 2665 3515 JESUS
2702 3476 2910 3516 SIRACII.

1997 3557 2112 3610 Non
2161 3555 2328 3612 lzedas
2373 3570 2591 3610 servum
2642 3563 2958 3625 operantem
3009 3556 3060 3611 in
3105 3558 3335 3614 veritate
3382 3559 3511 3631 (Ec~

1919 3648 2044 3703 cles.
2075 3648 2195 3717 vn).

1991 3741 2190 3796 Servus
2239 3749 2490 3796 scnsatus
2540 3741 2695 3811 quasi
2768 3739 2952 3799 anima
3011 3751 3100 3799 tua
3155 3744 3386 3804 dilectus
3439 3751 3512 3804 sit

1921 3829 2128 3901 (Ibid).

1990 3922 2106 3975 Non
2137 3919 2426 3976 defraudes
2453 3936 2665 3976 servum
2697 3930 2841 3977 tuum
2870 3931 3168 3993 sensatum,
3216 3941 3392 3998 neque
3430 3929 3511 3984 ln-

1920 4029 2078 4082 oiiem
2110 4012 2454 4081 derelinquas
2485 4012 2633 4066 illum
2667 4011 2895 4084 (Eccles.
2930 4015 3008 4083 ι).

1994 4102 2168 4158 Servo
2215 4111 2434 4156 scnsalo
2468 4102 2620 4156 liberi
2656 4102 2916 4170 serviunt,
2949 4114 3005 4159 et
3035 4103 3239 4161 inscius
3269 4122 3375 4163 non
3407 4108 3509 4166 ho-

1921 4194 2198 4248 norabitur
2227 4192 2455 4261 (Eccles.
2489 4193 2705 4263 xum).

1993 4283 2204 4337 Cibaria
2247 4291 2302 4337 et
2344 4284 2514 4352 virga,
2563 4294 2617 4337 et
2656 4300 2793 4340 onus
2840 4284 2993 4340 asino
3028 4305 3038 4339 :
3073 4287 3225 4356 panis
3263 4297 3318 4343 et
3345 4288 3509 4345 disci-

1923 4377 2088 4445 plina,
2123 4387 2172 4429 et
2205 4392 2342 4446 opus
2373 4393 2531 4430 servo
2568 4376 2780 4447 (lbid.).

1993 4467 2184 4536 Jugum
2217 4481 2270 4522 et
2318 4484 2457 4523 onus
2489 4479 2714 4523 curvant
2744 4469 3006 4524 cervicem
3051 4470 3263 4532 duram.
3306 4481 3360 4527 ct
3395 4489 3509 4528 ser-

281 4555 339 4610 Si
372 4557 578 4610 videris
607 4565 904 4623 sensatum,
942 4557 1135 4626 evigila
1164 4556 1229 4611 ad
1263 4558 1411 4611 illum
1449 4559 1674 4627 (Ecclea.
1706 4561 1807 4630 γι).
1841 4592 1897 4652 D
1923 4574 2044 4611 vum
2079 4559 2338 4612 inclinant
2366 4559 2709 4628 Operationes
2739 4559 2962 4614 assiduae
2997 4559 3211 4627 (lbid.).

284 4648 360 4702 Ex
394 4649 515 4702 visu
549 4649 896 4715 cognoscitur
925 4651 1026 4711 vir,
1054 4658 1110 4704 ct
1149 4650 1217 4704 ab
1247 4665 1477 4705 occursu
1527 4651 1685 4705 faciei
1721 4667 1810 4705 co-

213 4740 502 4806 gnoscitur
533 4747 808 4794 scnsatus.

283 4831 403 4885 Non
465 4839 554 4885 cst
604 4846 794 4886 sensus
860 4830 949 4885 ubi
1025 4831 1262 4886 abundat
1304 4832 1607 4887 amaritudo
1661 4834 1786 4904 (It'c

214 4924 334 4978 cleo.
361 4923 512 4989 xxi).

283 5015 541 5067 Amietus
580 5013 844 5084 corporis,
886 5021 941 5067 et
982 5014 1119 5068 risus
1149 5015 1411 5083 dentium,
1457 5027 1511 5072 ct
1539 5034 1815 5088 ingressus

215 5109 454 5162 hominis
484 5109 773 5161 enuntiant
799 5107 864 5160 de
890 5107 982 5160 illo
1014 5106 1239 5178 (Erclca.
1281 5111 1412 5175 xw).

285 5201 337 5253 In
369 5199 536 5252 labiis
561 5199 758 5252 sensati
783 5197 1049 5251 invenitur
1075 5200 1246 5267 gratia
1277 5200 1499 5269 (Eccles.
1533 5205 1665 5273 xxi).

285 5288 515 5344 Tacitus
545 5297 599 5341 et
625 5295 872 5342 scnsatus
901 5288 1276 5344 houorabitur.

286 5386 463 5440 Serva
517 5385 584 5440 ab
631 5385 926 5450 insensato,
975 5393 1034 5439 ut
1077 5403 1185 5440 non
1234 5389 1554 5443 modestiam
1604 5393 1814 5449 nabeas

215 5477 429 5546 (lbid.).

287 5567 534 5622 Dt'nl‘th
565 5565 632 5619 ab
656 5566 949 5630 insons-ato,
978 5577 1031 5622 et
1061 5569 1302 5624 invenies
1331 5573 1600 5641 requiem,
1627 5587 1681 5630 et
1705 5594 1813 5632 non

219 5659 640 5716 exacerbaberis
670 5660 723 5713 in
752 5659 976 5714 stultitia
1008 5662 1148 5717 illius
1175 5661 1397 5734 (Eoo/es.
1435 5666 1593 5738 un).

287 5752 544 5825 Pungens
565 5754 786 5808 oculum
811 5753 1028 5810 deduxit
1056 5757 1120 5810 ad
1153 5761 1416 5830 laerymas
1444 5779 1455 5814 :
1481 5769 1532 5817 et
1561 5762 1650 5832 qui
1676 5779 1815 5833 put»

223 5845 296 5916 ιὶι
325 5864 438 5914 cor,
473 5848 685 5920 profyrt
716 5861 930 5905 sensum
965 5847 1172 5921 (15:31.).

1999 4649 2166 4702 Servo
2198 4649 2465 4702 malevolo
2499 4657 2700 4704 tortura
2733 4660 2786 4702 et
2826 4651 3137 4720 compedes,
3168 4652 3323 4707 mitte
3353 4652 3504 4707 illum

1927 4741 1978 4794 in
2007 4740 2403 4810 Operationem,
2434 4756 2502 4795 ne
2537 4747 2690 4795 vacet
2718 4739 2933 4812 (Ibid.).

1997 4834 2050 4888 Si
2091 4833 2184 4887 tibi
2214 4842 2296 4887 est
2327 4849 2515 4888 set-vus
2548 4833 2738 4898 ﬁdelis,
2770 4835 2840 4887 sit
2869 4835 2960 4888 tibi
2990 4836 3142 4904 quasi
3179 4837 3357 4891 anima
3387 4847 3502 4899 tua.

1925 4936 1978 4981 et
2008 4927 2156 4995 quasi
2177 4927 2394 4979 fratrem
2423 4926 2636 4980 siceum
2667 4936 2835 4981 tracta
2861 4927 3077 4997 (lbid.).

1999 5021 2052 5074 Si
2079 5018 2274 5072 lazscris
2319 5032 2531 5073 servum
2578 5017 2791 5087 injuste,
2831 5019 2882 5072 in
2922 5019 3100 5089 fugam
3161 5032 3512 5077 convertemr

1927 5111 2141 5181 (tona).

1995 5204 2136 5257 Laxa
2167 5220 2356 5258 manus
2385 5219 2563 5266 servo,
2593 5211 2646 5256 et
2669 5211 2876 5274 quaeret
2900 5203 3202 5258 libertatem
3243 5203 3461 5275 (lbid.).

1998 5295 2184 5349 Melior
2213 5303 2298 5350 est
2326 5295 2567 5365 subjecta
2614 5293 2847 5349 servitus
2891 5309 3053 5363 quam
3095 5295 3236 5350 elata
3288 5297 3510 5353 libertas

1930 5386 2148 5458 (Eccles.
2183 5389 2402 5456 χχχιιι).

1996 5478 2052 5532 1η
2083 5494 2250 5546 Opere
2296 5476 2568 5533 constitue
2613 5493 2827 5532 servum
2869 5485 3042 5546 tuum,
3082 5480 3160 5534 sic
3198 5482 3341 5534 enim
3371 5497 3508 5534 eon-

1925 5573 2082 5626 decet
2109 5571 2254 5624 illum
2289 5568 2510 5639 (Ibid).

2541 5680 2890 5720 BIERONYMLS.

1996 5755 2135 5826 Quid
2168 5757 2337 5827 majus
2369 5766 2548 5828 potest
2579 5766 2821 5814 praestari
2854 5771 3011 5814 servo
3041 5770 3199 5827 quam
3238 5772 3355 5816 esse
3381 5773 3509 5815 cum

1926 5851 2180 5905 domino?
