4194 6568
734 420 840 480 695

809 534 952 589 Satis
976 533 1125 588 dives
1150 542 1231 588 est
1257 534 1346 601 qui
1370 548 1507 602 pane
1533 547 1640 585 non
1672 530 1893 597 indiget.

808 627 1041 683 Nimium
1070 635 1263 696 potens
1291 635 1373 680 est
1396 625 1485 694 qui
1519 624 1723 679 servire
1758 638 1865 677 non
1897 621 2128 690 cogitur.

1394 729 1651 768 ISlDtlllUS.

814 810 962 865 linus
989 808 1130 863 enim
1170 806 1426 861 Dominus
1454 804 1731 876 aequaliter
1759 815 1814 861 et
1841 803 2074 860 dominis
2114 812 2167 859 et
2195 818 2310 857 ser-

741 902 815 956 vis
842 899 945 955 fert
966 898 1353 954 barreditatem.

1371 1006 1674 1046 CYPRIANUS.

807 1087 1029 1154 Qualem
1071 1086 1222 1156 cupis
1265 1099 1391 1154 erga
1432 1094 1485 1139 te
1523 1099 1643 1139 esse
1690 1082 1996 1146 Dominum,
2031 1081 2153 1135 talis
2196 1088 2314 1135 esto

734 1179 853 1248 Ipse
880 1186 1068 1235 contra
1098 1191 1313 1233 servum
1347 1187 1523 1230 tuum.

1312 1298 1541 1353 CAPI'T
1580 1298 1733 1352 LXII.

1006 1391 1086 1445 De
1115 1393 1371 1447 consortio
1402 1391 1648 1445 bonorum
1677 1400 1726 1445 et
1756 1390 2036 1446 malorum.

1412 1521 1631 1560 PAULL‘S.

810 1594 1082 1663 Rogamus
1109 1609 1226 1656 vos,
1259 1594 1475 1660 fratres,
1511 1604 1568 1647 ut
1596 1593 1926 1647 subtrahatis
1960 1608 2055 1647 vos
2079 1592 2146 1647 ab
2173 1593 2317 1647 omni

736 1686 903 1738 fratre
931 1684 1236 1738 ambulante
1267 1684 1567 1737 inordinate
1592 1682 1674 1753 (ll
1711 1682 1892 1736 Thess.
1923 1686 2026 1752 ιιι).

812 1772 1095 1829 Discedam
1131 1775 1198 1828 ab
1238 1774 1516 1842 iniquitate
1550 1789 1739 1830 omnes
1778 1775 1869 1844 qui
1912 1775 2171 1830 invocant.
2218 1792 2316 1831 no-

738 1880 859 1920 men
892 1865 1099 1919 Domini
1136 1863 1223 1932 (Η
1252 1864 1382 1918 Tim.
1416 1864 1495 1931 ιι).

811 1956 1021 2010 .lustum
1053 1957 1214 2024 igitur
1259 1965 1313 2010 et
1342 1956 1494 2010 valde
1528 1956 1732 2023 justum
1772 1965 1855 2010 est
1899 1972 2156 2027 separare
2196 1972 2318 2012 eum

736 2047 830 2116 qui
854 2046 1046 2101 salvari
1077 2046 1191 2100 vult
1212 2046 1279 2100 ab
1306 2061 1372 2101 eo
1401 2048 1491 2115 qui
1524 2063 1630 2101 non
1661 2048 1792 2101 vult.

1399 2153 1656 2193 δΑιοιιυΝ.

811 2229 909 2285 Fili
936 2231 1027 2295 mi,
1060 2231 1101 2285 si
1136 2240 1188 2286 te
1217 2230 1533 2286 lactaverint
1560 2239 1899 2301 peccatores,
1924 2247 2035 2288 non
2095 2232 2317 2302 acquie-

736 2339 858 2381 scas
887 2324 962 2377 eis
988 2322 1167 2390 (Prov.
1199 2321 1261 2391 ι).

814 2416 891 2469 Ne
918 2415 1183 2470 aemuleris
1208 2414 1480 2471 hominem
1512 2415 1791 2485 injustum,
1818 2429 1919 2471 nec
1947 2414 2176 2471 imiteris
2208 2415 2322 2470 vias

740 2508 856 2574 ejus
881 2505 1059 2577 (Prov.
1090 2508 1173 2574 ιι).

1332 2593 1480 2633 ιεευε
1516 2594 1726 2633 SIRACII.

815 2667 1041 2723 Discede
1070 2668 1136 2724 ab
1170 2669 1375 2738 iniquo,
1419 2676 1474 2724 et
1514 2669 1764 2725 deficient
1810 2668 1950 2724 mala
1978 2668 2075 2725 abs
2110 2677 2162 2723 te
2192 2666 2321 2740 (Ec-

740 2757 863 2812 clus.
894 2758 1015 2825 vn).

814 2846 926 2901 Viri
951 2847 1082 2917 justi
1122 2848 1230 2901 sint
1260 2848 1351 2901 tibi
1384 2848 1646 2910 convivm,
1687 2858 1742 2902 et
1790 2848 1843 2903 iu
1887 2849 2082 2902 timore
2129 2846 2224 2901 Dei
2255 2845 2325 2901 sit

742 2938 839 2991 tibi
870 2937 1118 3004 gloriatio
1148 2936 1372 3005 (licrlcs.
1410 2938 1509 3005 ix).

820 3025 1031 3081 Pondus
1058 3042 1222 3095 super
1250 3042 1309 3080 se
1342 3027 1502 3086 tollit,
1536 3027 1627 3094 qui
1658 3025 1954 3081 honestiori
1982 3040 2042 3079 se
2073 3040 2318 3080 commu-

743 3122 889 3173 nicat
918 3135 931 3172 :
963 3128 1018 3173 et
1046 3117 1225 3172 ditiori
1258 3127 1308 3172 te
1337 3134 1405 3172 nc
1434 3119 1612 3173 socius
1637 3118 1801 3172 fueris
1827 3117 2054 3187 (Eccles.
2088 3116 2225 3188 xm).

817 3208 1204 3278 Quemcunque
1261 3211 1578 3278 cognoveris
1642 3210 2021 3264 observantem
2075 3210 2321 3265 timorem

747 3302 865 3368 Dei,
895 3300 1137 3355 assiduus
1160 3310 1277 3356 esto
1306 3302 1380 3355 illi
1409 3300 1636 3372 (Ecctes.
1669 3303 1897 3370 xxxvii).

1380 3408 1688 3447 AMBROSIUS.

815 3484 1138 3538 Sanctorum
1164 3483 1271 3537 vita
1298 3485 1509 3537 czcteris
1539 3483 1748 3537 vivendi
1780 3497 1968 3536 norma
1997 3492 2102 3537 est.

1386 3591 1696 3630 GIIEGORIL'S.

817 3668 920 3733 Qui
949 3683 1069 3721 cum
1101 3676 1291 3723 sancto
1324 3668 1439 3722 viro
1467 3669 1727 3734 adlimret,
1759 3682 1825 3721 ex
1859 3666 1976 3735 ejus
2006 3665 2326 3720 assiduitate

747 3773 805 3815 et
835 3775 930 3814 usu
975 3760 1267 3815 locutionis
1296 3759 1603 3827 exemplum
1641 3761 1821 3828 aperis
1852 3760 1978 3815 boni
2010 3760 2228 3827 accipit,
2272 3768 2329 3812 ut

746 3849 1073 3903 accendatur
1101 3850 1152 3903 in
1181 3865 1420 3905 amorem
1453 3850 1753 3906 charitatis.

817 3940 918 4007 Qui
974 3943 1107 3996 alios
1162 3942 1231 3996 ad
1277 3942 1612 4012 iniquitatem
1672 3944 1947 3997 suadendo
1992 3945 2330 4013 pertrahunt,

751 4033 802 4085 in
834 4034 1136 4101 semetipsis
1167 4033 1522 4086 ministerium
1556 4034 1858 4087 dzrmonum
1888 4036 1956 4088 ob
1989 4036 2325 4103 iniquitatem

753 4127 1073 4195 suscipiunt,
1100 4130 1344 4194 quamvis
1374 4142 1471 4194 per
1500 4137 1746 4180 naturam
1771 4129 2043 4183 daemones
2067 4145 2171 4182 non
2198 4130 2327 4183 sint.

820 4218 1019 4271 Sancta
1047 4222 1192 4272 enim
1224 4219 1465 4273 Ecclesia
1501 4219 1553 4272 in
1583 4221 1893 4276 carnalibus
1934 4221 2110 4289 ampla
2141 4229 2245 4283 est,
2280 4220 2332 4273 in

753 4310 1123 4379 spiritualibus
1152 4320 1396 4379 angusta.

835 4401 1017 4470 Neque
1045 4402 1186 4456 enim
1216 4402 1371 4456 valde
1402 4402 1673 4457 laudabile
1718 4413 1800 4458 est
1829 4403 2029 4459 bonum
2060 4419 2178 4459 esse
2207 4420 2328 4458 cum

754 4499 931 4561 bonis,
964 4498 1057 4553 sed
1089 4499 1287 4553 bonum
1316 4514 1436 4553 esse
1463 4515 1583 4552 cum
1617 4499 1797 4551 malis.

1707 416 2125 472 DEFENSUIHS
2165 412 2690 471 LUCOCIAGENSIS
2732 410 3040 466 MONACIII

2342 532 2387 588 Α
2479 523 2669 579 Melius
2682 533 2765 580 est
2778 524 2977 579 habere
2991 522 3254 577 malorum
3272 522 3448 577 odium
3462 535 3622 590 quam
3639 520 3992 576 consortium.

3897 404 4002 461 695

2486 612 2639 668 Sicut
2684 614 2850 669 multa
2898 614 3039 667 bona
3082 612 3246 667 habet
3291 611 3596 667 communis
3636 614 3747 666 vita
3782 620 3993 667 sancto-

2416 718 2555 769 rum,
2588 704 2667 759 sic
2699 703 2849 773 plura
2873 702 3013 756 mala
3035 701 3193 757 affert
3218 702 3459 759 societas
3484 701 3774 758 malorum.

2985 816 3214 873 CAPUT
3250 816 3433 871 LXIII.

2844 915 2923 968 De
2948 915 3176 968 amicitia
3202 923 3250 969 et
3277 913 3570 968 inimicitia.

3051 1042 3327 1083 οιιιιιετυε.

2486 1120 2596 1174 Vos
2624 1121 2779 1176 amici
2810 1120 2916 1176 mei
2948 1120 3100 1184 estis,
3131 1121 3177 1175 si
3209 1117 3448 1175 feceritis
3469 1131 3591 1186 qua:
3618 1114 3875 1186 prazcipio
3900 1131 3997 1168 vo-

2417 1211 2499 1266 bis
2528 1210 2707 1281 (Joan.
2745 1212 2841 1281 vr).

3095 1297 3314 1336 PAULUS.

2491 1372 2639 1426 Finis
2672 1382 2851 1427 autem
2893 1373 3143 1442 prmcepti
3170 1384 3253 1426 est
3278 1372 3515 1425 charitas
3543 1372 3609 1426 de
3637 1371 3805 1427 corde
3840 1384 4004 1441 puro,

2419 1468 2749 1523 conscientia
2782 1468 2923 1521 bona
2950 1475 3004 1520 et
3032 1466 3133 1520 fide
3164 1480 3272 1519 non
3304 1465 3430 1519 licta
3466 1463 3515 1532 (l
3542 1462 3679 1519 Tim.
3709 1462 3772 1531 ι).

3095 1574 3336 1613 ιΑοοιιυξ.

2494 1651 2741 1706 Amicitia
2773 1652 2932 1720 hujus
2958 1650 3138 1703 mundi
3164 1649 3378 1704 inimica
3408 1655 3492 1702 est
3520 1645 3631 1701 Deo
3656 1644 3869 1709 (lat-ob.
3902 1648 3999 1709 Iv).

2491 1742 2810 1808 Quicunque
2835 1757 2963 1809 ergo
2988 1741 3219 1794 voluerit
3240 1755 3361 1793 esse
3383 1739 3589 1793 amicus
3615 1737 3800 1791 smeuli
3822 1736 4007 1805 hujus,

2424 1832 2669 1887 inimicus
2699 1832 2793 1887 Dei
2825 1833 3185 1887 constituetur
3211 1830 3423 1899 (Ibid.).

3076 1934 3343 1979 saLouox.

2495 2014 2570 2068 Ne
2603 2014 2751 2067 dicas
2780 2013 2956 2069 amico
2988 2023 3080 2069 tuo
3125 2034 3135 2066 :
3183 2013 3330 2069 Vade
3373 2023 3429 2067 et
3473 2022 3769 2080 revertere,
3802 2021 3861 2067 et
3890 2027 4013 2067 cras

2425 2103 2564 2157 dabo
2596 2104 2710 2166 tibi,
2740 2120 2859 2158 cum
2888 2105 3070 2157 statim
3102 2105 3274 2173 possis
3303 2104 3434 2158 dare
3458 2102 3639 2173 (Prov.
3669 2106 3749 2171 ιι).

2494 2196 2571 2249 Ne
2601 2196 2844 2249 moliaris
2873 2195 3050 2250 amico
3087 2204 3181 2250 tuo
3214 2195 3438 2262 malum,
3469 2210 3591 2250 cum
3621 2194 3711 2249 ille
3741 2194 3796 2248 in
3828 2202 3883 2249 te
3909 2193 4010 2248 ha-

2423 2288 2547 2343 beat
2575 2289 2819 2343 fiduciam
2852 2288 3034 2358 (Prov.
3062 2291 3163 2355 ιιι).

2496 2382 2595 2448 Qui
2642 2382 2868 2452 despicit
2915 2382 3150 2437 amicum
3194 2396 3387 2446 suum,
3435 2380 3681 2450 indigens
3722 2379 3891 2436 corde
3929 2390 4017 2435 est

2426 2475 2606 2543 (Prov.
2642 2480 2740 2542 χι).

2497 2568 2671 2623 Amici
2717 2567 2941 2622 divitum
2990 2566 3167 2621 multi.
3208 2565 3441 2620 Causam
3490 2574 3638 2619 tuam
3680 2573 3853 2620 tracta
3886 2580 4012 2619 cum

2428 2660 2602 2713 amico
2664 2668 2778 2723 tuo,
2843 2669 2900 2715 et
2970 2666 3239 2713 secretum
3321 2665 3585 2713 extraneo
3643 2672 3753 2711 non
3809 2656 4023 2711 rcvelcs

2430 2750 2611 2820 (Prov.
2644 2752 2772 2819 ειν).

2497 2844 2649 2899 Sicut
2679 2844 2770 2913 qui
2798 2843 2961 2897 mittit
2989 2844 3202 2898 lanceas
3230 2852 3284 2897 et
3312 2843 3534 2912 sagittas
3560 2842 3611 2895 in
3644 2848 3898 2903 mortem,
3930 2841 4013 2892 sic

2429 2936 2508 2989 vir
2529 2935 2618 3003 qui
2645 2934 3011 2990 fraudulenter
3034 2942 3194 2989 nocet
3220 2934 3395 2988 amico
3424 2949 3522 2987 suo
3552 2932 3738 2998 (Prov.
3774 2930 3947 3001 xxvi).

2498 3026 2615 3080 Noli
2646 3026 2757 3081 fieri
2782 3043 2877 3097 pro
2900 3027 3076 3080 amico
3104 3025 3349 3079 inimicus
3368 3025 3616 3094 proximo
3650 3022 3872 3093 (Ibid.).

3020 3134 3168 3173 JESUS
3204 3134 3410 3172 SlIlACll.

2502 3212 2740 3265 Verbum
2770 3211 2927 3265 dulce
2961 3210 3286 3281 multiplicat
3322 3209 3548 3277 amicos,
3578 3217 3636 3263 et
3673 3208 3887 3279 mitigat
3916 3208 4021 3262 ini-

2430 3302 2598 3356 micos
2629 3302 2854 3369 (licem.
2886 3302 2984 3369 vi).

2500 3392 2556 3447 Si
2608 3394 2848 3461 possides
2887 3392 3140 3454 amicum,
3188 3391 3240 3445 in
3269 3391 3566 3446 tentatione
3605 3389 3829 3461 posside
3869 3404 4021 3453 eum,

2429 3494 2485 3539 et
2514 3498 2581 3538 ne
2610 3486 2763 3538 facile
2790 3484 2979 3538 credas
3009 3484 3083 3536 illi
3117 3482 3338 3554 (Ibid.).

2503 3574 2599 3627 Est
2627 3576 2768 3627 enim
2802 3574 3005 3628 amicus
3036 3572 3332 3627 secundum
3364 3582 3574 3642 tempus
3605 3588 3788 3638 suum,
3820 3583 3876 3629 et
3906 3590 4016 3627 non

2432 3669 2771 3739 permanebit
2804 3668 2856 3721 in
2884 3668 2973 3721 die
3004 3667 3367 3721 tribulationis
3398 3665 3614 3736 (Ibid)

2503 3759 2596 3815 Est
2624 3760 2829 3815 amicus
2857 3760 2950 3829 qui
2976 3760 3249 3827 egreditur
3276 3760 3343 3813 ad
3371 3759 3681 3814 amicitiam.
3712 3758 3911 3827 (Ibid.)

2506 3851 2604 3905 Est
2633 3861 2815 3904 autem
2844 3852 3051 3904 amicus
3079 3852 3258 3905 socius
3285 3865 3503 3917 mensae,
3534 3850 3629 3918 qui
3656 3866 3769 3906 non
3802 3867 4021 3922 penna-

2434 3942 2581 3996 ncbit
2610 3942 2659 3995 in
2690 3942 2775 3995 die
2807 3943 3160 3997 necessitatis.

2508 4034 2725 4086 Amicus
2753 4034 2798 4086 si
2828 4034 3185 4102 permanserit
3213 4032 3369 4099 fixus,
3401 4034 3507 4089 erit
3532 4034 3624 4089 tibi
3654 4037 3811 4106 quasi
3838 4051 4020 4105 xequa-

2434 4126 2518 4189 lis,
2551 4136 2606 4181 et
2636 4128 2687 4180 in
2719 4126 3031 4181 domesticis
3054 4127 3160 4180 tuis
3183 4126 3411 4181 fideliter
3438 4136 3561 4196 aget
3584 4127 3813 4198 (Eccles.
3849 4129 3948 4195 vi).

2506 4220 2585 4272 Ab
2616 4218 2928 4272 amicistuis
2953 4218 3263 4281 attende,et
3282 4219 3349 4271 ab
3374 4218 3603 4273 inimicis
3624 4220 4019 4290 tuisseparare.

2509 4311 2729 4366 Amicus
2761 4310 2949 4374 Iidelis,
2976 4310 3241 4379 protectio
3268 4308 3421 4363 fortis
3452 4309 3666 4379 (Ibid).

2511 4403 2612 4467 Qui
2645 4412 2822 4455 autem
2856 4402 3060 4455 invenit
3088 4401 3259 4467 illum,
3294 4403 3501 4455 invenit
3530 4403 3871 4456 thesaurum.

2510 4496 2696 4549 Amico
2732 4495 2871 4548 fideli
2904 4495 3045 4551 nulla
3075 4507 3158 4548 est
3183 4497 3519 4563 comparatio
3548 4495 3763 4567 (lbid.).

826 4586 977 4642 Sicut
996 4587 1139 4641 enim
1161 4586 1430 4655 gravioris
1460 4587 1629 4655 culpa:
1656 4597 1738 4640 est
1768 4589 1906 4641 inter
1932 4589 2104 4643 bonos
2126 4589 2324 4643 bonmn
2365 4603 2413 4663 υ
2510 4589 2727 4642 Amicus
2759 4588 2929 4641 lidelis
2959 4589 3408 4645 medicamentum
3438 4589 3563 4644 vita:
3595 4600 3676 4645 est
3706 4599 3761 4645 et
3793 4592 4015 4646 immor-

758 4696 865 4733 non
895 4694 1032 4743 esse,
1067 4680 1140 4732 ita
1170 4679 1413 4732 immensi
1443 4680 1694 4747 praeconii
1719 4688 1801 4734 est
1822 4679 2021 4735 bonum
2051 4682 2211 4734 etiam
2244 4682 2334 4735 in-

756 4783 839 4827 ter
866 4772 1040 4827 malos
1069 4772 1269 4826 bonum
1293 4773 1585 4826 exstitisse.

1415 4879 1672 4917 ISIDORUS.

835 4954 988 5009 Sicut
1018 4955 1160 5009 enim
1192 4956 1483 5024 Optandum
1512 4966 1594 5011 cst
1623 4966 1679 5010 ut
1710 4957 1834 5010 boui
1876 4973 2063 5026 pacem
2102 4959 2336 5013 habeant

776 5047 840 5099 ad
888 5048 1133 5110 invicem,
1173 5047 1251 5102 sic
1297 5047 1586 5117 optandum
1630 5057 1711 5103 est
1743 5058 1799 5101 ut
1828 5049 1952 5103 mali
1996 5049 2061 5102 ad
2108 5049 2333 5105 invicem

758 5138 865 5193 sint
889 5137 1183 5192 discordes.

830 5228 895 5282 lli
925 5229 1014 5297 qui
1063 5244 1349 5299 supernam
1380 5230 1606 5299 patriam
1640 5229 1970 5294 desiderant,
2019 5247 2127 5284 non
2159 5232 2332 5286 solum

757 5322 1021 5376 malorum
1050 5336 1227 5375 mores
1252 5322 1346 5376 sed
1376 5332 1429 5375 et
1457 5324 1728 5377 consortia
1761 5323 1984 5387 fugiant.

833 5412 890 5463 Si
939 5411 1104 5465 Iueris
1149 5412 1328 5466 socius
1358 5412 1787 5467 conversationis
1828 5412 2111 5473 bonorum,
2147 5411 2254 5465 eris
2284 5426 2338 5467 ct

760 5506 976 5559 virtutis
1008 5521 1219 5558 eorum.

830 5593 1030 5649 Similis
1061 5596 1203 5649 enim
1231 5596 1389 5650 simili
1418 5596 1669 5666 conjungi
1701 5596 1864 5652 solet.

837 5683 1137 5747 Periculum
1164 5700 1293 5739 vere
1323 5694 1403 5740 est
1431 5688 1594 5742 vitam
1626 5703 1748 5743 cum
1778 5689 1933 5743 malis
1964 5688 2184 5755 ducere,
2214 5703 2336 5756 per-

762 5775 1022 5831 niciosum
1050 5787 1131 5832 est
1172 5793 1293 5832 cum
1324 5778 1405 5833 his
1437 5779 1526 5849 qui
1556 5796 1731 5850 pravae
1764 5780 2056 5837 voluntatis
2087 5790 2210 5836 sunt
2242 5795 2303 5837 so

759 5865 911 5924 ciari,

2443 4680 2663 4735 talitatis
2693 4680 2910 4749 (Ibid).

2510 4774 2609 4838 Qui
2652 4780 2897 4826 metuunt
2944 4772 3250 4837 Dominum,
3300 4773 3579 4827 inveniunt
3622 4775 3857 4828 amicum
3889 4774 4010 4826 fide

2440 4866 2541 4918 lem
2575 4864 2781 4929 (Ibid).

2510 4957 2622 5010 Non
2655 4956 2996 5023 derelinquas
3039 4958 3269 5011 amicum
3311 4958 3591 5027 antiquum
3624 4977 3635 5009 :
3671 4975 3845 5013 novus
3881 4962 4014 5014 enin

2440 5065 2544 5101 non
2576 5052 2677 5100 erit
2704 5049 2891 5103 similis
2921 5050 2993 5101 illi
3019 5048 3241 5116 (Eccles.
3278 5052 3377 5107 Ix).

2515 5139 2703 5191 Vinum
2736 5154 2931 5192 novum
2980 5140 3185 5191 amicus
3241 5155 3413 5193 novus
3440 5158 3449 5191 :
3482 5139 3525 5193 si
3558 5141 3868 5205 veterascit,
3902 5158 4034 5195 cum

2439 5234 2701 5285 suavitate
2731 5232 2882 5285 bibes
2910 5232 3036 5285 illud
3064 5231 3289 5301 (Eccles.
3326 5234 3425 5297 ιι).

2513 5322 2624 5374 Non
2669 5338 2883 5379 omnem
2924 5321 3194 5376 hominem
3241 5324 3460 5377 inducas
3506 5322 3558 5377 in
3601 5322 3824 5379 domum
3878 5335 4038 5380 tuam

2443 5414 2662 5483 (Eccles.
2694 5415 2790 5478 ιιι).

2512 5505 2692 5558 Multa:
2723 5506 2863 5558 enim
2887 5514 3013 5560 sunt
3044 5506 3244 5559 insidia:
3270 5507 3470 5561 diaboli
3500 5506 3677 5559 dolosi
3712 5507 3928 5576 (Ibid)

2512 5596 2629 5649 Non
2657 5596 2964 5663 agnoscitur
2989 5596 3039 5649 in
3079 5596 3231 5649 bonis
3257 5598 3483 5659 amicus,
3517 5605 3572 5651 et
3599 5613 3708 5652 non
3739 5598 4031 5653 abscondi-

2442 5697 2529 5740 tur
2558 5687 2608 5740 in
2638 5686 2792 5739 malis
2824 5685 3069 5741 inimicus
3108 5687 3335 5753 (Eccles.
3372 5689 3486 5760 xu).

2515 5779 2702 5832 Amico
2733 5788 2787 5833 et
2832 5780 3049 5833 inimico
3081 5780 3187 5835 noli
3221 5794 3439 5834 narrare
3489 5797 3705 5836 sensum
3748 5794 3923 5845 tuum,
3980 5798 4045 5839 et

2441 5876 2486 5925 ei
2513 5879 2594 5925 est
2624 5870 2718 5924 tibi
2740 5868 3015 5937 delictum,
3050 5870 3157 5927 noli
3190 5872 3391 5927 nudare
3423 5890 3433 5923 ;
3469 5871 3651 5927 audiet
3688 5874 3831 5928 enim
3861 5882 3939 5940 te,
3978 5886 4043 5931 et
