4194 6542
191 414 290 468 697

1457 405 1960 464 δειΝτιιιΑιιυιι
2003 409 2224 467 LIBER.

3372 415 3476 472 698

190 520 455 576 custodiet
487 530 576 586 te;
606 529 662 574 et
689 520 844 589 quasi
899 517 1196 574 defendens
1224 524 1528 586 peccatum,
1554 517 1700 572 odiet
1736 525 1789 571 te
1817 519 1864 578 A
1964 517 2110 583 Quos
2138 521 2370 576 charitas
2393 522 2588 590 jungit,
2622 529 2887 578 terrarum
2935 522 3214 592 longitudo
3237 541 3343 580 non
3390 544 3478 584 se-

191 615 414 684 (Eccles.
448 614 582 679 ιιι).

258 703 472 758 Audisti
500 702 724 756 verbum
770 701 1028 758 adversus
1073 700 1382 770 proximum
1426 709 1600 764 tuum,
1628 715 1778 754 com-

188 797 453 852 moriatur
477 794 532 849 in
577 803 648 860 te,
704 792 878 849 fidens
917 792 1173 862 quoniam
1224 807 1333 847 non
1381 799 1436 846 te
1481 791 1781 859 disrumpet

190 889 402 961 (Ibid).

254 983 484 1051 Corripe
511 980 769 1046 amicum,
797 995 867 1034 ne
902 979 1042 1033 forte
1072 993 1178 1033 nou
1207 977 1474 1044 intelligat
1507 985 1580 1041 te,
1611 983 1668 1028 et
1695 974 1776 1027 di-

187 1088 270 1131 cat
301 1096 312 1128 :
345 1075 462 1128 Non
485 1073 586 1127 feci
621 1091 632 1124 :
665 1080 759 1127 aut
783 1072 828 1127 si
871 1071 1034 1135 fecit,
1065 1086 1132 1124 ne
1159 1071 1351 1124 iterum
1380 1068 1543 1122 addat
1569 1066 1771 1120 facere.

254 1169 355 1235 Qui
382 1167 720 1223 conviciatur
748 1164 946 1230 amico,
983 1164 1028 1218 is
1052 1162 1296 1218 dissolvit
1325 1160 1619 1215 amicitiam
1651 1158 1778 1229 (Ec-

188 1263 304 1315 cles.
332 1263 492 1315 χιιι).

256 1279 304 1315 a.
332 1275 443 1314 xxu
478 1299 492 1314 .

256 1352 337 1404 Ad
371 1260 604 1403 am)icum
630 1347 791 1401 etiam
823 1360 868 1399 St
895 1349 1213 1414 produxeris
1240 1347 1498 1410 gladium,
1527 1355 1636 1394 non
1669 1345 1769 1392 de-

185 1457 373 1513 speres
408 1459 422 1494 :
455 1449 539 1494 est
565 1439 707 1494 enim
743 1451 1017 1505 regressus
1043 1435 1110 1490 ad
1141 1436 1371 1488 amicum
1402 1432 1624 1504 (Ibid).

251 1533 306 1587 Si
336 1531 701 1587 humiliaverit
722 1545 782 1584 se
810 1544 992 1582 coram
1019 1536 1091 1589 te,
1124 1535 1179 1580 et
1206 1541 1236 1579 a
1262 1525 1398 1578 facie
1425 1533 1509 1576 tua
1536 1524 1771 1575 abscouo

187 1626 320 1679 derit
346 1640 429 1688 se,
463 1622 775 1677 unanimem
815 1619 1039 1674 habebis
1069 1618 1358 1672 amicitiam
1407 1615 1607 1669 bonam
1649 1611 1773 1674 (Ec-

188 1719 307 1771 cles.
338 1719 414 1783 v).

255 1807 479 1861 Amicus
523 1804 572 1859 si
614 1803 926 1874 apparuerit
967 1817 1029 1857 os
1082 1800 1256 1866 triste,
1289 1812 1358 1853 ne
1411 1797 1602 1852 timeas
1657 1793 1775 1860 (Ec-

188 1902 309 1952 cles.
334 1902 492 1952 χιιι).

251 1916 309 1952 rs.
334 1913 443 1950 xxii
479 1937 492 1949 .

251 1896 500 2045 Amicur)n
547 1987 785 2042 salutare
829 2001 937 2040 non
973 1982 1350 2048 confundaris,
1381 1996 1412 2034 a
1446 1979 1584 2033 facie
1631 1978 1773 2031 illius

189 2099 290 2137 non
323 2092 374 2135 te
407 2081 752 2135 abscondas:
783 2087 840 2133 et
862 2079 906 2131 si
939 2077 1076 2131 mala
1107 2077 1200 2130 tibi
1227 2073 1549 2130 obvenerint
1581 2086 1676 2140 per
1709 2070 1770 2124 il-

187 2176 316 2239 lum,
346 2174 558 2228 sustine
582 2171 793 2239 (Ibid)

251 2264 454 2318 Beatus
483 2264 574 2332 qui
605 2262 809 2316 invenit
832 2262 1064 2314 amicum
1091 2275 1277 2314 verum
1312 2259 1494 2329 (Prov.
1530 2265 1646 2331 xv).

251 2359 354 2423 Qui
388 2357 627 2412 denudat
650 2370 845 2408 arcana
869 2354 1046 2414 amici,
1071 2353 1248 2421 perdit
1273 2353 1453 2418 fidem,
1481 2365 1536 2409 et
1561 2371 1665 2410 non
1697 2355 1771 2410 in.

182 2449 364 2501 veniet
393 2447 624 2500 amicum
647 2444 715 2499 ad
743 2444 975 2498 animam
996 2458 1148 2498 suam
1180 2443 1405 2513 (Eccles.
1431 2449 1625 2515 xxvu).

249 2540 540 2594 Denudare
581 2547 764 2593 autem
809 2537 968 2592 amici
1015 2539 1291 2608 mysteria,
1343 2539 1653 2610 desperatio
1686 2549 1772 2597 est

181 2635 376 2688 animm
403 2632 622 2702 (Ibid)

248 2724 390 2778 Cum
421 2727 601 2779 amico
632 2736 724 2779 tuo
753 2725 1011 2780 confirma
1041 2724 1289 2788 verbum,
1320 2732 1374 2778 et
1402 2724 1632 2779 fideliter
1671 2739 1771 2794 age

179 2834 299 2872 cum
328 2819 446 2883 illo,
479 2827 534 2872 et
558 2819 704 2872 omni
734 2828 979 2888 tempore
1005 2817 1247 2872 invenies
1270 2816 1415 2886 quod
1440 2818 1536 2872 tibi
1579 2833 1770 2873 neces-

177 2910 380 2962 sarium
411 2916 498 2962 est
525 2907 751 2976 (Eccles.
785 2909 956 2977 xxix).

246 3000 345 3054 Est
375 3000 586 3054 amicus
615 2999 733 3054 solo
764 3002 982 3054 nomine
1009 3000 1216 3054 amicus
1246 2998 1470 3068 (Ecclea.
1500 3000 1732 3069 xxxvu).

243 3093 363 3148 Non
395 3093 736 3147 obliviscaris
765 3094 922 3147 amici
947 3093 1021 3146 lui
1045 3092 1097 3145 in
1127 3092 1307 3145 animo
1324 3099 1439 3160 tuo,
1458 3101 1640 3148 etnon
1668 3094 1768 3148 im-

177 3201 387 3240 memor
414 3187 493 3239 sis
519 3185 661 3240 illius
686 3185 736 3239 in
777 3186 1031 3253 operibus
1061 3185 1163 3239 tuis
1190 3183 1402 3254 (lbid.).

241 3278 345 3343 Qui
379 3277 538 3331 timet
568 3276 878 3342 Dominum,
928 3276 1148 3330 habebit
1177 3276 1470 3331 amicitiam
1512 3277 1711 3332 bonam
1743 3295 1756 3331 :

172 3371 435 3437 quoniam
481 3366 782 3423 secundum
836 3368 985 3422 illum
1034 3368 1137 3422 erit
1181 3367 1414 3422 amicitia
1450 3368 1596 3424 illius
1639 3366 1771 3440 (Ec-

169 3461 291 3514 rles.
313 3474 413 3516 vn.

241 3551 564 3607 Secundum
593 3551 847 3604 virtutem
885 3559 1030 3602 tuam
1059 3565 1190 3605 cave
1220 3558 1273 3605 te
1313 3565 1342 3604 a
1369 3553 1618 3620 proximo
1646 3559 1762 3621 tuo,

165 3654 218 3698 et
247 3661 374 3700 cum
407 3644 744 3713 sapientibus
775 3651 940 3696 tracta
973 3641 1198 3711 (Eccles.
1229 3643 1326 3712 ix).

231 3735 355 3789 Non
378 3735 577 3789 credas
606 3734 824 3787 inimico
856 3741 947 3787 tuo
975 3734 1028 3787 in
1057 3742 1316 3788 :eternum
1348 3733 1573 3798 (Eccles.
1605 3736 1726 3806 xu).

233 3827 391 3881 Sicut
423 3826 574 3882 enim
601 3834 955 3880 teramentum
994 3825 1311 3893 mruginabit
1342 3827 1546 3882 malitia
1620 3829 1763 3884 illius

166 3917 384 3985 (Ibid).

234 4009 292 4062 ln
323 4009 492 4064 labiis
523 4008 638 4062 suis
679 4007 920 4062 indulcat
957 4007 1226 4072 inimicus,
1277 4017 1333 4064 et
1378 4010 1430 4065 in
1458 4009 1622 4068 corde
1665 4026 1764 4068 suo

163 4099 477 4163 insidiatur,
510 4108 571 4152 ut
593 4099 872 4152 subvertat
903 4107 956 4153 te
985 4100 1036 4153 in
1065 4099 1277 4155 foveam
1307 4101 1522 4171 (Μία)

231 4190 288 4245 In
310 4189 496 4244 oculis
526 4189 634 4243 tuis
664 4189 991 4260 lacrymatur
1025 4191 1294 4260 inimicus,
1322 4203 1378 4248 et
1407 4195 1558 4265 quasi
1607 4195 1765 4266 adju-

162 4293 292 4337 'tans
314 4279 587 4336 sutl’odiet
615 4280 826 4350 plantas
857 4289 994 4334 tuas.

229 4373 416 4444 Caput
445 4389 611 4427 suum
641 4373 899 4439 movebit,
928 4385 981 4428 et
1007 4375 1174 4429 multa
1204 4391 1487 4431 susurrans
1517 4392 1763 4431 commu-

167 4468 298 4521 tabit
329 4467 552 4520 vultum
583 4481 761 4518 suum.

232 4561 286 4614 ln
314 4559 503 4614 oculis
535 4557 639 4611 tuis
667 4558 991 4627 lacrymatur
1031 4559 1295 4625 inimicus,
1328 4568 1383 4614 et
1423 4561 1466 4615 si
1499 4561 1762 4617 invenerit
1794 4585 1847 4646 ι)

163 4662 393 4721 tempus,
427 4665 549 4704 non
575 4648 858 4702 satiabitur
885 4651 1144 4717 sanguine
1173 4648 1397 4717 (Eccles.
1432 4652 1553 4720 xu).

229 4741 286 4796 Si
331 4739 677 4798 incurrerint
710 4739 806 4792 tibi
854 4740 1015 4805 mala,
1063 4739 1303 4796 invenies
1332 4741 1442 4796 illic
1485 4741 1764 4797 inimicum

169 4843 313 4886 tuum
346 4833 602 4904 priorem
636 4829 848 4898 (lbid.).

229 4923 508 4979 Peccator
558 4922 798 4976 turbabit
846 4922 1099 4989 amicum,
1149 4931 1204 4977 et
1250 4923 1303 4976 in
1347 4923 1524 4978 medio
1571 4939 1760 4992 pacem

164 5015 480 5069 habentium
515 5011 762 5066 immittit
791 5011 1124 5066 inimicitiam
1156 5011 1380 5082 (Eccles.
1416 5017 1626 5084 xxvut).

231 5105 348 5160 Non
391 5111 614 5159 statuas
641 5101 915 5156 inimicum
947 5111 1094 5158 tuum
1123 5119 1288 5171 penes
1320 5113 1392 5168 te,
1427 5121 1526 5159 nec
1578 5105 1762 5160 sedeat

167 5199 229 5252 ad
258 5198 556 5254 dexteram
585 5204 734 5250 tuam
767 5193 992 5264 (Eccles.
1025 5197 1144 5265 xu).

793 5303 1138 5342 AUGUSTINUS.

234 5383 542 5438 Malevolus
573 5395 707 5435 vero
733 5379 944 5433 animus
971 5381 1338 5445 contristatur,
1365 5381 1408 5437 si
1437 5381 1554 5450 ejus
1588 5383 1760 5436 inimi-

167 5487 254 5531 cus
283 5481 593 5544 correptus
622 5470 880 5526 evaserit.

798 5576 1152 5617 HIERONYIUS.

233 5656 288 5710 ln
318 5657 520 5712 amicis
559 5654 707 5707 enim
753 5668 861 5706 non
904 5669 989 5710 res
1030 5655 1309 5723 quaeritur,
1358 5656 1449 5710 sed
1495 5657 1764 5712 voluntas.

231 5749 462 5805 Sanctus
485 5763 651 5802 amor
673 5746 1064 5815 impatientiam
1089 5764 1194 5804 non
1219 5749 1398 5814 habet,
1428 5748 1588 5806 falsus
1614 5768 1762 5808 amor

169 5846 270 5898 cito
299 5843 657 5914 epprimttur.

1892 619 2064 677 parat.

2526 698 2840 738 οιιεοοιιιυε.

1960 772 2110 826 Tunc
2135 774 2276 828 enim
2305 775 2572 830 veraciter
2599 774 2782 830 fideles
2811 790 3018 844 sumus,
3046 777 3092 832 si
3121 777 3266 847 quod
3301 778 3477 836 verbis

1889 863 2271 932 promittimus,
2301 880 2466 932 opere
2495 865 2872 934 adimplemus.

1960 953 2057 1019 Qui
2108 955 2250 1006 enim
2300 954 2570 1009 inimicum
2606 955 2785 1025 gladio
2823 970 2932 1011 non
2973 964 3156 1026 potest
3195 959 3471 1029 persequi.

1889 1054 2238 1112 persequatur
2268 1045 2533 1099 oratione.

2550 1155 2805 1193 lSlDOBUS.

1956 1225 2106 1281 Tunc
2136 1243 2263 1281 vere
2295 1229 2498 1283 amicus
2523 1238 2754 1295 amatur,
2787 1236 2830 1284 si
2860 1247 2967 1286 non
2999 1247 3098 1302 pro
3126 1246 3205 1300 se,
3237 1232 3332 1288 sed
3373 1248 3472 1303 pro

1887 1313 1998 1368 Deo
2029 1326 2255 1368 ametur.

1959 1407 2057 1472 Qui
2089 1412 2230 1461 enini
2262 1409 2682 1478 intemperanter
2705 1411 2936 1466 amicum
2961 1423 3126 1481 amat,
3151 1431 3249 1485 pro
3269 1431 3329 1472 se
3351 1430 3469 1471 ma-

1887 1500 1966 1568 gis
1996 1501 2157 1564 illum,
2187 1517 2294 1554 non
2328 1517 2424 1568 pro
2457 1502 2565 1555 lleo
2596 1511 2761 1555 amat.

1955 1580 2110 1660 Stcpe
2142 1608 2235 1660 per
2264 1592 2664 1647 simulationem
2698 1593 2931 1650 amicitia
2959 1595 3250 1664 colligitur,
3283 1605 3343 1651 ut
3366 1599 3459 1668 qui

1889 1699 1995 1736 non
2029 1683 2201 1749 putuit
2239 1696 2427 1750 aperte
2455 1683 2725 1752 decipere,
2759 1685 2996 1755 decipiat
3024 1687 3412 1742 fraudulenter.

1963 1773 2112 1827 Tunc
2143 1774 2370 1841 quisque
2400 1772 2569 1842 magis
2600 1776 2657 1827 fit
2699 1777 2885 1844 pietati
2923 1777 3222 1848 divinzeque
3245 1779 3469 1848 jusLtim

1815 1871 1856 1930 Β
1888 1866 2213 1930 contrarius,
2248 1882 2368 1921 cum
2398 1867 2624 1936 despicit
2652 1869 2885 1924 amicum
2926 1871 3104 1941 aliqua
3145 1873 3470 1930 adversitate

1884 1972 2221 2025 percussum.

1957 2048 2103 2102 Unde
2137 2050 2276 2102 enim
2306 2049 2530 2105 adversa
2563 2052 2885 2121 procedunt,
2911 2055 3116 2110 amicus
3145 2055 3461 2112 fraudulen-

1879 2147 1964 2192 tus
1993 2139 2277 2206 detegitur,
2326 2143 2617 2214 statimque
2655 2144 2883 2214 despicit
2936 2161 3096 2215 quem
3148 2162 3209 2203 se
3240 2148 3466 2219 diligere

1878 2231 2172 2285 simulavit.

1950 2321 2204 2375 Amicitia
2233 2333 2384 2377 certa
2412 2325 2556 2379 nulla
2597 2326 2649 2379 vi
2676 2326 3000 2395 excluditur,
3029 2329 3175 2385 nullo
3219 2339 3466 2401 tempore

1880 2411 2130 2466 aboletur
2167 2431 2178 2465 :
2214 2415 2520 2485 ubicunque
2546 2431 2605 2471 se
2628 2417 2851 2473 verterit
2892 2429 3123 2492 tempus,
3157 2422 3244 2477 illa
3271 2425 3465 2479 tinnis-

1876 2518 2014 2556 sima
2052 2514 2152 2558 081..

1949 2592 2074 2647 llari
2097 2605 2222 2649 sunt
2248 2597 2428 2663 amici,
2454 2601 2544 2667 qui
2572 2614 2741 2669 usque
2764 2600 2829 2654 ad
2855 2602 3012 2658 linem
3035 2604 3270 2659 existant
3291 2605 3461 2660 chari.

1948 2683 2060 2749 Quc
2128 2687 2269 2740 enim
2303 2689 2467 2756 aliqui
2507 2690 2907 2758 conglutinatos
2952 2696 3217 2751 cliaritate
3260 2697 3464 2750 habueo

1875 2784 2019 2838 runt,
2057 2786 2344 2845 postquam
2375 2779 2440 2832 ad
2479 2779 2693 2835 culmen
2724 2780 2947 2838 honoris
2968 2787 3232 2853 venerint,
3264 2788 3467 2843 amicos

1877 2864 2077 2918 habere
2105 2866 2427 2935 despiciunt.

1949 2955 2043 3009 llla
2091 2972 2217 3010 vera
2249 2959 2482 3013 amicitia
2516 2970 2620 3029 est,
2666 2977 2785 3031 quze
2820 2965 2952 3019 nihil
2991 2980 3059 3020 ex
3105 2968 3266 3023 rebus
3305 2969 3466 3024 amici

1878 3046 2091 3113 quzerit,
2126 3047 2225 3100 nisi
2255 3049 2426 3102 solam
2457 3051 2923 3122 benevolentiam,
2957 3057 3186 3124 scilicet,
3218 3069 3275 3113 ut
3301 3061 3467 3128 gratis

1881 3144 2025 3188 ιιωει
2050 3146 2345 3191 amantem.

1802 3224 1848 3287 C
1961 3223 2287 3297 Plerumque
2322 3229 2555 3284 amicitia
2589 3246 2653 3285 ex
2679 3235 3004 3291 necessitate
3042 3237 3128 3292 vel
3173 3237 3462 3308 indigentia

1876 3321 2136 3386 nascitur,
2170 3330 2226 3375 ut
2253 3323 2323 3376 sit
2366 3338 2460 3392 per
2496 3339 2659 3392 quem
2705 3327 2937 3394 quisque
2979 3330 3121 3397 quod
3162 3330 3459 3398 desiderat,

1874 3421 2258 3481 consequatur.

1942 3503 2038 3559 ille
2070 3515 2252 3560 autem
2298 3507 2567 3562 veraciter
2616 3510 2908 3564 amicitiam
2934 3513 3144 3581 quierit,
3188 3513 3281 3582 qui
3329 3514 3465 3570 nihil

1872 3597 2084 3665 agendo
2112 3613 2230 3651 eam
2259 3601 2489 3668 appetit.
3369 3598 3371 3600 ’

1942 3688 2074 3741 Nam
2102 3688 2191 3744 illa
2223 3704 2290 3743 ex
2319 3690 2500 3760 inopia
2527 3691 2706 3747 brevis
2751 3702 2807 3747 et
2835 3693 3035 3759 fucata,
3065 3694 3165 3749 ista
3204 3711 3340 3766 pura
3373 3707 3459 3753 at-

1867 3794 1974 3849 que
1997 3790 2277 3850 perpetua.

1939 3871 2055 3925 Non
2086 3871 2158 3925 sis
2200 3871 2332 3925 levis
2361 3871 2414 3924 in
2445 3872 2680 3927 amicitia
2712 3882 2821 3940 tua,
2867 3876 3041 3931 retine
3087 3892 3303 3948 semper
3329 3892 3449 3934 eam

1868 3960 1924 4015 in
1951 3961 2166 4016 vinculo
2193 3961 2490 4016 charitatis.

1941 4052 2043 4117 Qui
2073 4053 2301 4106 amicum
2342 4052 2556 4106 fidelem
2593 4054 2913 4123 perdiderit,
2963 4066 3090 4114 tunc
3126 4059 3292 4116 sentit
3324 4061 3454 4132 quid

1867 4144 1992 4199 boni
2021 4145 2291 4211 habuerit,
2323 4154 2606 4214 postquam
2638 4146 2842 4203 habere
2867 4148 3113 4206 desierit.

1939 4235 2133 4289 Melius
2167 4244 2249 4291 est
2290 4237 2601 4292 inimicitias
2629 4237 2907 4293 hominum
2947 4241 3240 4299 infidelium
3266 4245 3450 4301 subire

1869 4334 2178 4396 perpetuas,
2209 4341 2369 4395 quam
2411 4326 2507 4381 Dei
2551 4326 2810 4383 offensam
2832 4332 3085 4388 amicitiis
3124 4334 3298 4389 noxiis
3326 4351 3454 4405 pro-

1870 4433 2085 4473 voearc.

1943 4509 2000 4565 Si
2025 4509 2284 4565 ceciderit
2305 4509 2555 4566 inimicus
2580 4519 2726 4580 tuus,
2750 4513 2857 4568 noli
2881 4517 3161 4583 gratulari.

1946 4602 2060 4656 Non
2097 4603 2296 4656 lteteris
2331 4617 2495 4673 super
2531 4603 2732 4659 inimici
2773 4608 3073 4676 interitum,
3103 4625 3172 4666 ne
3195 4625 3451 4682 superve-

1873 4694 2023 4748 niant
2050 4695 2102 4749 in
2128 4704 2181 4750 te
2209 4697 2421 4752 similia.

1944 4787 2043 4853 Qui
2068 4788 2210 4841 enim
2233 4789 2441 4857 gaudet
2462 4789 2662 4844 inimici
2685 4805 2835 4854 casu,
2858 4792 2966 4848 cito
2993 4794 3180 4850 incidit
3199 4795 3254 4853 in
3277 4796 3448 4853 illum.

2436 4899 2662 4955 CAPUT
2699 4900 2885 4956 LXIV.

2474 4991 2555 5045 De
2583 4993 2834 5047 consiliis.

2308 5121 2376 5158 EX
2416 5119 2561 5158 ACTIS
2600 5119 3004 5161 APOS'I'OLOIIUM.

1950 5199 2003 5252 Si
2035 5208 2117 5251 est
2145 5214 2209 5251 ex
2239 5198 2543 5252 hominibus
2571 5197 2852 5252 consilium
2881 5207 2973 5254 aut
2999 5213 3154 5269 opus,
3179 5201 3443 5258 dissolva—

1871 5299 1959 5341 tur
1990 5290 2125 5356 (Act.
2158 5289 2234 5353 v).

1938 5381 1994 5434 Si
2017 5395 2145 5434 vero
2175 5396 2242 5435 ex
2273 5379 2383 5435 Deo
2405 5387 2505 5446 est,
2536 5396 2642 5435 non
2671 5389 2850 5452 potest
2877 5381 3096 5438 dissolvi
3137 5383 3354 5455 (Ibid.).

2524 5489 2786 5526 SALOMUN.

1939 5563 2233 5618 Consilium
2275 5563 2546 5618 custodiet
2587 5572 2662 5630 te,
2692 5573 2746 5618 et
2791 5563 3074 5633 prudentia
3129 5565 3366 5621 servabit
3399 5578 3453 5622 te

1872 5656 2052 5722 (Prov.
2087 5655 2166 5721 ιι).

1942 5745 2162 5800 Custodi
2191 5744 2362 5811 legem
2387 5753 2553 5812 atque
2581 5743 2864 5811 judicium,
2892 5754 2948 5799 et
2987 5744 3087 5800 erit
3115 5744 3221 5800 vita
3249 5745 3446 5803 auium

1873 5850 1991 5898 tum,
2028 5837 2195 5907 gloria
2225 5836 2462 5891 faucibus
2491 5844 2593 5890 tuis
2623 5836 2808 5906 (Prov.
2846 5837 2948 5903 ιιι).
