4194 6538
751 433 855 488 699

825 552 918 603 Via
950 547 1100 604 stulti
1145 555 1292 601 recta
1321 546 1374 600 ln
1397 544 1567 601 oculis
1595 543 1714 614 ejus
1739 541 1924 612 (Prov.
1953 541 2073 607 xu).

819 641 920 708 Qui
950 649 1126 694 autem
1156 637 1368 704 sapiens
1397 644 1498 699 est,
1530 635 1677 689 audit
1707 632 1929 688 consilia
1960 629 2180 701 (Ibid)

821 734 921 799 Qui
949 733 1134 785 ineunt
1160 732 1305 800 pacis
1336 728 1580 792 consilia,
1613 734 1867 795 sequetur
1893 740 1988 778 eos
2015 721 2289 791 gaudium.

821 821 923 889 Qui
950 831 1127 875 autem
1154 827 1320 889 agunt
1344 830 1538 875 cuneta
1565 832 1684 872 cum
1713 815 1961 880 consilio,
1993 821 2224 881 aguntur
2241 827 2326 865 sa-

754 913 952 983 pientia
981 913 1165 971 (Prov.
1202 911 1344 977 xm).

823 1005 1043 1057 Astutus
1070 1001 1248 1055 omnia
1277 1000 1385 1067 agit
1412 1013 1532 1053 cum
1564 996 1790 1050 consilio
1824 993 2035 1064 (Ibid).

825 1096 1159 1162 Dissipantur
1210 1090 1568 1161 cogitationes
1633 1087 1724 1141 ubi
1770 1102 1874 1141 non
1916 1096 1998 1140 est
2044 1085 2325 1138 consilium

755 1186 936 1259 (Prov.
965 1189 1078 1256 xv).

824 1278 925 1332 Ubi
977 1293 1104 1331 vero
1146 1275 1324 1346 plures
1372 1282 1497 1329 sunt
1567 1271 1898 1336 consiliarii,
1944 1269 2328 1324 conﬁrmantur

756 1367 970 1439 (Ibid).

826 1459 1191 1526 Cogitationes
1230 1457 1467 1512 consiliis
1512 1454 1917 1516 confirmantur,
1964 1458 2020 1505 et
2061 1450 2330 1520 guberna-

755 1555 890 1607 culis
918 1552 1193 1606 traetanda
1217 1559 1341 1604 sunt
1370 1549 1506 1603 bella
1532 1548 1711 1616 (Prov.
1749 1547 1863 1616 xx).

831 1644 942 1696 la‘rit
967 1644 1108 1696 salus
1139 1643 1225 1695 ubi
1254 1641 1416 1694 multa
1441 1640 1662 1695 consilia
1692 1649 1820 1694 sunt
1843 1637 2024 1708 (Prov.
2064 1636 2231 1706 xxiv).

827 1733 977 1785 Sicut
1022 1746 1160 1800 aqua
1209 1730 1494 1801 profunda,
1546 1736 1624 1784 sic
1665 1729 1945 1783 consilium
1989 1728 2042 1782 in
2085 1743 2180 1783 ore
2212 1728 2330 1793 viri,

756 1824 850 1879 sed
879 1825 1043 1879 homo
1069 1825 1279 1894 sapiens
1300 1823 1582 1878 exhauriet
1610 1821 1735 1876 illud
1760 1821 1974 1891 (lbid.).

1345 1931 1494 1969 JESCS
1530 1930 1738 1968 SIIMCII.

832 2005 977 2059 Multi
1005 2005 1210 2074 paciﬁci
1242 2007 1350 2060 sint
1377 2007 1489 2066 tibi,
1518 2005 1859 2060 consiliarius
1880 2005 1950 2059 sit
1977 2003 2074 2058 tibi
2103 2019 2240 2058 unus
2267 2004 2333 2058 do

758 2097 904 2149 nzillc
929 2095 1150 2164 (Eccles.
1185 2099 1280 2164 vt).

827 2186 960 2241 Cum
1019 2171 1177 2240 fatuis
1207 2202 1272 2239 ne
1303 2187 1579 2241 consilium
1614 2185 1812 2239 habeas
1844 2183 2069 2251 (Eccles.
2101 2189 2239 2252 vin).

830 2277 943 2331 l\'ou
976 2278 1120 2331 enim
1177 2285 1433 2347 poterunt
1471 2277 1714 2344 diligere,
1754 2276 1854 2330 nisi
1911 2289 2030 2344 qua:
2057 2273 2184 2342 ipsis
2222 2271 2337 2343 pla-

757 2380 880 2423 cent
910 2367 1125 2437 (1ῡῑ‹ι.).

829 2460 1022 2513 Coram
1053 2469 1310 2512 extraneo
1336 2473 1402 2512 ne
1433 2458 1598 2512 facias
1622 2457 1906 2512 consilium
1941 2456 2156 2525 (Ibid.).

830 2553 947 2606 Non
977 2554 1119 2606 onmi
1171 2552 1372 2606 homini
1406 2568 1500 2605 cor
1530 2561 1679 2604 tuum
1723 2550 2053 2615 manifestos,
2098 2565 2167 2605 ne
2195 2549 2338 2605 forte

759 2647 966 2700 auferat
996 2647 1088 2698 tilii
1119 2646 1364 2712 gratiam,
1392 2654 1446 2698 et
1473 2644 1809 2698 eonvicietur
1840 2644 1931 2697 tibi
1961 2643 2179 2712 (lbid.).

832 2747 1028 2808 Lingua
1057 2743 1310 2811 SileIt'nIIS
1332 2743 1482 2809 quasi
1513 2739 1771 2794 diluvium
1797 2739 2112 2804 abundabit,
2134 2746 2190 2794 et
2215 2753 2341 2794 con-

758 2837 933 2890 silium
965 2834 1081 2902 ejus
1111 2834 1248 2886 sicut
1275 2833 1390 2884 l‘ons
1417 2832 1538 2884 vita:
1564 2839 1645 2883 est
1676 2829 1898 2900 (Eccles.
1927 2831 2064 2895 xxi).

835 2923 1214 2976 Loramentum
1268 2920 1500 2986 ligneum
1532 2920 1840 2986 colligatum
1887 2921 1939 2972 in
1988 2919 2340 2972 fundamento

758 3010 967 3065 :edil‘tcii
1002 3025 1108 3062 non
1139 3009 1485 3067 dissolvetur.
1537 3008 1615 3062 sic
1662 3017 1716 3061 et
1744 3023 1838 3062 cor
1871 3008 2248 3062 conﬁrmatum
2287 3008 2339 3060 in

758 3102 1090 3170 cogitatione
1120 3098 1324 3152 consilii
1352 3097 1576 3166 (Et-clas.
1613 3106 1764 3163 χχιι).

835 3192 1070 3246 Faeienti
1102 3186 1486 3258 nequissimum
1518 3189 1821 3254 consilium,
1847 3202 2008 3257 super
2033 3189 2208 3257 ipsum
2230 3185 2340 3239 dis-

762 3284 1021 3346 solvetur,
1071 3292 1124 3336 ct
1179 3297 1287 3334 non
1354 3286 1608 3346 agnoscet
1655 3277 1794 3334 unde
1860 3279 2044 3333 veniat
2103 3277 2178 3332 illi
2222 3276 2344 3346 (Ec-

762 3378 886 3430 cles.
919 3378 1108 3442 xxvn).

833 3471 961 3523 Sine
988 3466 1210 3519 consilio
1244 3465 1372 3517 nihil
1404 3463 1588 3527 facias,
1621 3470 1675 3516 et
1705 3470 1827 3530 post
1855 3459 2054 3515 factum
2083 3475 2194 3515 non
2230 3475 2346 3531 pte-

768 3557 961 3615 nitehit
991 3555 1216 3625 (lirrlcs.
1247 3553 1438 3621 xxxii).

841 3651 885 3705 Α
906 3649 1202 3704 zelantibns
1233 3656 1286 3700 te
1317 3643 1586 3699 absconde
1603 3643 1885 3697 consilium
1912 3641 2080 3713 (Eccl.
2116 3641 2346 3710 xxxvn).

837 3740 968 3794 Cum
995 3740 1112 3792 viro
1143 3737 1395 3804 religioso
1419 3742 1588 3790 tracta
1611 3733 1680 3789 de
1709 3733 2014 3801 sanctitate,
2045 3741 2100 3789 et
2124 3748 2245 3788 cum
2263 3731 2349 3800 ju-

767 3839 852 3884 sto
876 3831 938 3882 de
964 3829 1196 3898 justitia.

843 3916 950 3971 Cor
981 3918 1179 3971 bonum
1206 3914 1428 3968 consilia
1457 3921 1682 3968 statuet.

844 4015 983 4068 Ante
1013 4026 1228 4066 onmem
1253 4019 1428 4065 aetum
1467 4016 1616 4062 tuum
1647 4005 1934 4061 consilium
1963 4004 2157 4059 stabile
2183 4004 2276 4058 sit.

1403 4115 1721 4157 CREGORIL‘S.

844 4195 1255 4250 Consiliatorem
1307 4194 1516 4246 animus
1562 4189 1825 4245 inhabitat
1853 4228 1869 4256 ,
1915 4188 2008 4258 qui
2050 4186 2240 4243 dolens
2286 4185 2347 4239 de

776 4289 1125 4360 prmsentibus
1153 4287 1219 4341 ad
1243 4295 1444 4341 interna
1475 4284 1716 4340 festinat.

1440 4392 1698 4431 ιδιυοιιυε.

847 4471 984 4524 Ante
1032 4470 1227 4524 factum
1276 4468 1474 4535 cogita,
1521 4475 1645 4520 ante
1688 4473 1897 4533 tempus
1937 4463 2201 4518 meditare
2239 4463 2350 4528 ditt,

775 4560 905 4631 quid
955 4561 1035 4614 vis
1078 4574 1237 4628 agere
1283 4560 1373 4613 diu
1405 4559 1645 4626 exquire,
1696 4557 1882 4626 proba,
1926 4564 1979 4610 et
2017 4556 2094 4609 sic
2140 4555 2346 4610 facies:
2378 4595 2431 4656 Β

775 4665 897 4704 cum
927 4650 1015 4704 diu
1045 4649 1385 4718 cogitaveris,
1420 4658 1546 4702 tunc
1573 4647 1654 4702 fac
1681 4645 1823 4716 quod
1853 4645 2188 4716 probaveris.

1437 4755 1688 4793 BASELIUS.

851 4839 906 4890 In
933 4835 1079 4890 omni
1129 4849 1292 4904 opere
1328 4835 1467 4903 quod
1517 4836 1724 4902 cogitas
1771 4831 1966 4892 facere,
2001 4831 2228 4900 pvimum
2259 4845 2350 4883 co-

779 4929 885 4997 gita
917 4930 1099 4990 Deum,
1132 4935 1187 4980 et
1211 4927 1252 4978 si
1284 4925 1576 4980 secundum
1626 4925 1791 4978 Deum
1823 4933 1906 4976 est
1934 4922 2078 4991 quod
2124 4921 2350 4988 cogitas,

780 5017 1062 5085 diligenter
1089 5016 1331 5070 examina
1369 5034 1379 5068 :
1415 5025 1470 5068 et
1513 5016 1556 5068 si
1604 5023 1688 5068 est
1734 5024 1937 5068 rectum
1991 5028 2171 5066 coram
2218 5013 2349 5074 Deo,

779 5115 979 5179 perlice
1008 5109 1171 5172 illud;
1217 5109 1262 5162 si
1300 5123 1428 5163 vero
1475 5121 1785 5177 perversum
1826 5103 2007 5170 fuerit,
2043 5119 2143 5159 nec
2188 5104 2350 5158 etiam

781 5200 974 5269 incipe.

1356 5289 1581 5343 CAPUT
1625 5289 1781 5343 LXV.

1372 5381 1450 5434 De
1479 5381 1756 5450 defunctis.

1429 5509 1696 5548 ειιιιιετιῖδ.

851 5587 1041 5649 Stulte,
1076 5602 1175 5640 nae
1201 5595 1357 5640 nocte
1385 5588 1557 5640 anima
1590 5596 1678 5639 tua
1718 5586 2020 5655 egredietur
2053 5600 2078 5636 a
2113 5593 2164 5639 te
2191 5601 2203 5648 ;
2237 5599 2354 5652 quae

784 5687 959 5734 autem
987 5679 1206 5749 parasti,
1238 5676 1392 5747 cujus
1421 5687 1578 5732 erunt
1605 5676 1753 5743 (Luc.
1794 5676 1930 5744 xu)?

1436 5786 1683 5825 IOANNES.

851 5865 998 5922 Beati
1020 5865 1234 5933 mortui,
1259 5865 1347 5936 qui
1372 5865 1423 5920 in
1442 5864 1665 5920 Domino
1687 5866 1984 5918 moriuntur
2008 5863 2186 5932 (Apoc.
2219 5881 2292 5918 ιιι
2311 5865 2352 5931 ).

1713 421 2134 482 DEFENSORIS
2172 414 2705 476 LOCOCIAGENSIS
2748 415 3046 470 MONACIII

2361 537 2409 595 A

3919 406 4013 458 720

3107 540 3327 581 PAULLI.

2507 620 2674 675 Nemo
2702 621 2843 674 enim
2875 627 3118 674 nostrum
3170 617 3272 673 sibi
3302 615 3457 684 vivit,
3487 623 3541 668 et
3570 627 3729 668 nemo
3770 610 3874 668 sibi
3902 627 4009 666 mo-

2433 712 2566 764 ritur
2586 710 2762 778 (Rom.
2795 713 2932 779 xw).

2504 801 2627 856 Sive
2657 803 2798 856 enim
2847 801 3093 863 vhimus,
3130 799 3358 853 Domino
3388 797 3620 852 vivimus
3649 813 3662 849 :
3692 796 3808 851 sive
3848 795 4009 850 mori-

2433 908 2571 958 mur,
2606 894 2829 948 Βοιιιὶιιο
2861 892 3118 947 morimur
3145 890 3321 958 (llam.
3356 891 3493 958 vtn).

3085 999 3348 1037 SALOSION.

2504 1077 2764 1130 Memoria
2792 1076 2920 1144 justi
2948 1091 3068 1130 cum
3098 1075 3370 1141 laudibus,
3397 1083 3453 1128 et
3481 1087 3678 1126 nomen
3726 1070 4008 1138 impiorum

2435 1172 2694 1240 putrescit
2718 1168 2908 1238 (Prov.
2934 1170 3013 1235 χ).

2502 1265 2712 1319 Mortuo
2736 1263 2951 1317 homine
2969 1261 3151 1330 impio,
3174 1260 3315 1320 nulla
3336 1258 3436 1312 erit
3456 1258 3590 1311 ultra
3608 1270 3732 1326 spes
3748 1253 3930 1325 (Prov.
3955 1254 4011 1320 t).

3023 1367 3172 1405 JESUS
3209 1364 3417 1402 διιιΑωι.

2505 1443 2715 1497 Mortuo
2746 1457 2852 1495 non
2895 1440 3179 1511 prohibeas
3207 1440 3430 1507 gratiam
3459 1437 3684 1504 (Eccles.
3714 1439 3830 1502 vn).

2505 1532 2639 1588 Cum
2670 1531 2969 1599 lugentibus
2998 1530 3235 1592 ambula,
3269 1542 3376 1580 non
3412 1535 3464 1579 te
3489 1525 3672 1594 pigeat
3701 1525 3920 1576 visitare
3944 1523 4016 1575 iu-

2437 1625 2645 1680 ﬁrmum
2673 1625 2884 1692 (ΗΜΛ).

2508 1715 2586 1769 hx
2613 1716 2696 1768 bis
2724 1715 2866 1768 enim
2892 1712 2944 1765 in
2967 1709 3254 1764 dilectione
3279 1706 3580 1761 versaberis
3602 1704 3823 1772 (Ibid)

2509 1808 2628 1863 Noli
2651 1809 2717 1862 de
2744 1815 2956 1860 mortuo
3000 1804 3216 1857 inimico
3245 1801 3498 1871 gaudere,
3533 1799 3710 1852 sciens
3754 1798 4013 1865 quonam

2361 1883 2407 1943 Β
2439 1917 2626 1958 omnes
2655 1899 2894 1954 morituri
2923 1912 3106 1950 sutnus
3130 1894 3348 1963 (Et-cies.
3380 1895 3517 1956 vnt).

2509 1989 2694 2045 Omnis
2723 1995 3030 2058 potentatus
3056 1984 3234 2038 brevis
3261 1983 3367 2036 vita
3404 1997 3416 2034 :
3449 1982 3669 2034 brevem
3703 1979 4016 2044 languorem

2440 2083 2677 2155 praecidit
2707 2081 2942 2134 medicus
2975 2075 3197 2144 (Eccles.
3231 2076 3308 2141 χ).

2507 2175 2600 2230 Sic
2627 2184 2682 2229 et
2711 2190 2805 2228 rex
2835 2172 2997 2226 hodie
3026 2181 3130 2233 est,
3162 2178 3217 2222 et
3245 2182 3364 2220 cras
3396 2167 3654 2220 morietur
3686 2162 3898 2230 (Ηιὶᾱ)

2511 2269 2643 2325 Cum
2675 2270 2817 2322 enim
2864 2266 3088 2318 moritur
3117 2263 3304 2325 homo,
3352 2258 3693 2313 Increditabit
3722 2263 4020 2325 serpentes,

2440 2373 2495 2416 et
2520 2361 2720 2415 bestias
2748 2367 2802 2411 et
2831 2371 3046 2410 vermes
3077 2353 3290 2420 (Ibid)

2511 2453 2778 2508 Modicum
2811 2450 2959 2518 plora
3000 2463 3162 2516 super
3194 2452 3487 2504 mortuum,
3521 2442 3776 2511 quoniam
3811 2440 4023 2507 requie-

2443 2545 2518 2598 vit
2549 2544 2639 2597 qu
2669 2543 2805 2610 ejus.
2839 2540 2894 2593 In
2923 2550 3168 2607 tempore
3193 2537 3370 2590 exitus
3402 2534 3478 2587 ttti
3507 2533 3771 2586 distribue
3802 2529 4021 2584 haeredio

2442 2647 2607 2692 tatem
2640 2645 2784 2688 tuam
2814 2632 3037 2698 (Eccles.
3071 2645 3179 2683 xxn
3210 2637 3262 2681 et
3295 2628 3504 2694 χχχιιι).

2511 2730 2636 2795 Fili,
2667 2729 2718 2781 iu
2765 2735 3039 2782 mortuum
3087 2721 3294 2788 produc
3325 2721 3609 2789 lacrytnas,
3652 2727 3708 2772 et
3736 2717 3889 2784 quasi
3914 2714 4025 2770 dira

2443 2838 2632 2894 passus
2661 2819 2837 2888 incipe
2865 2819 3079 2887 plurale
3111 2814 3336 2879 (Eccles.
3371 2814 3618 2878 xxxviii).

3062 2921 3412 2961 IIIEIIONIlIL'S.

2514 3004 2615 3071 Qui
2648 3002 2700 3056 in
2725 3001 2830 3055 hoc
2864 3009 3106 3068 tempore
3143 2999 3389 3061 llIOlIlIIl‘,
3423 3012 3528 3049 non
3555 3007 3662 3048 tam
3692 2993 4027 3064 plangendus

2445 3106 2527 3152 est
2548 3095 2691 3166 quod
2722 3093 2823 3148 hac
2849 3093 2965 3145 luce
2995 3091 3248 3151 caruerit,
3275 3105 3436 3158 quant
3461 3088 3924 3157 congratulandus
3952 3094 4027 3141 es‘

2369 3234 2420 3301 ϐ
2449 3190 2595 3260 quod
2625 3189 2693 3244 de
2723 3186 2885 3241 tantis
2913 3185 3068 3238 malis
3095 3183 3348 3236 evaserit.

3085 3289 3393 3329 οιιεαοιιιυς.

2519 3372 2673 3426 Sicut
2699 3369 2904 3423 electos
2933 3365 3213 3420 beatitudo
3245 3365 3502 3426 lmtilicat,
3528 3363 3599 3416 ita
3627 3360 3774 3415 credi
3812 3375 4036 3415 necesse

2448 3475 2549 3527 est,
2590 3463 2714 3532 quia
2745 3462 2830 3514 die
2859 3462 3034 3514 exitus
3054 3457 3137 3512 sui
3170 3457 3306 3524 ignis
3343 3455 3604 3522 reprobos
3633 3461 3848 3506 exurat.

2519 3554 2671 3608 Tunc
2699 3550 2914 3618 maligni
2940 3549 3162 3618 spiritus
3187 3545 3500 3612 egredieutc
3520 3543 3719 3602 anima,
3751 3555 3850 3594 sua
3872 3555 4036 3610 opera

2451 3647 2771 3714 requirnnt:
2805 3651 2933 3696 tunc
2979 3639 3118 3693 mala
3154 3652 3274 3706 qua:
3304 3643 3611 3700 suaserunt,
3648 3635 3950 3703 replieant,
3983 3643 4038 3686 ut

2450 3751 2633 3792 secum
2665 3749 2783 3788 eam
2811 3732 2877 3786 ad
2907 3737 3172 3784 tormenta
3207 3727 3440 3780 trahant.

3107 3839 3359 3879 ISIDORUS.

2524 3925 2740 3991 Iniquus
2779 3928 2906 3992 post
2950 3927 3180 3972 mortem
3225 3916 3435 3968 ducitur
3476 3913 3820 3976 erueiandus,
3862 3914 4042 3983 justus

2452 4031 2580 4070 vero
2611 4012 2810 4067 dormit
2837 4019 2960 4080 post
2986 4009 3224 4062 laborem
3255 4021 3498 4061 securus.

2524 4104 2589 4156 Et
2616 4105 2660 4157 si
2689 4103 2857 4171 pietas
2884 4114 2985 4170 pro
3016 4096 3287 4152 defunctis
3320 4095 3435 4150 ﬁeri
3468 4093 3753 4160 habeatur,
3789 4093 3926 4150 ﬁdes
3956 4104 4036 4149 ta-

2452 4211 2574 4251 men
2603 4209 2700 4262 pro
2730 4192 2860 4262 ipsis
2892 4192 3072 4254 lugere
3100 4195 3264 4240 vetat.

2523 4286 2599 4339 illi
2628 4285 2767 4339 enim
2799 4280 3117 4351 deplorandi
3146 4287 3273 4332 sunt
3315 4277 3368 4331 in
3413 4285 3614 4341 morte,
3645 4291 3784 4344 quos
3814 4277 4044 4329 miseros

2455 4378 2692 4432 infernus
2721 4389 2788 4428 ex
2829 4374 2930 4427 hac
2960 4372 3067 4426 vita
3099 4369 3313 4439 recipit,
3348 4383 3455 4423 non
3485 4381 3623 4436 quos
3651 4366 3892 4422 cmlestis
3921 4367 4042 4420 aula

2458 4465 2730 4521 Lctiticans
2760 4463 3006 4518 includit.

3113 4565 3228 4604 JOSE
3239 4563 3386 4604 PIIUS.

2525 4649 2694 4704 Nemo
2723 4645 2922 4716 poterit
2951 4655 3200 4698 recusare
3253 4646 3508 4694 eventum
3549 4650 3710 4707 quem
3755 4635 3844 4691 vel
3873 4649 4035 4689 casus

2459 4738 2716 4802 intulerit,
2746 4735 2829 4791 vel
2859 4733 2956 4790 Dei
2985 4733 3238 4788 voluntas
3268 4727 3586 4797 signaverit.

3032 4859 3257 4919 CAPUT
3290 4858 3468 4914 LXVI.

3035 4977 3109 5031 De
3139 4975 3232 5030 Dei
3263 4975 3501 5029 consilio.

3126 5125 3398 5164 CHRISTUS.

2531 5214 2642 5267 Non
2692 5219 2870 5281 potest
2918 5221 3080 5262 nomo
3125 5221 3154 5258 a
3193 5219 3251 5259 se
3299 5202 3549 5271 accipere
3579 5199 3899 5268 quidquam,
3947 5198 4048 5253 nisi

2463 5309 2619 5361 fuerit
2641 5307 2688 5358 ei
2717 5305 2896 5357 datum
2925 5301 2993 5354 de
3021 5298 3157 5353 caelo
3187 5295 3370 5367 (Joan.
3406 5294 3506 5365 tn).

2531 5399 2644 5454 Non
2676 5396 2890 5452 difﬁcile
2919 5394 3128 5450 salvare
3148 5401 3232 5446 est
3259 5389 3508 5455 Domino,
3533 5387 3618 5443 vel
3642 5387 3693 5441 in
3724 5386 3937 5453 multis,
3965 5388 4051 5440 vel

2463 5492 2511 5544 in
2546 5490 2729 5560 paucis
2759 5487 2808 5557 (Ι
2843 5485 2971 5557 Reg.
3011 5485 3141 5552 xtv).

3144 5589 3359 5629 PAULUS.

2531 5674 2727 5728 Omnes
2775 5671 2916 5726 enim
2973 5672 3336 5740 peccaverunt
3384 5671 3438 5717 et
3495 5668 3656 5729 egent
3711 5660 3886 5728 gloria
3955 5658 4053 5714 Dei

2464 5764 2639 5832 (Rom.
2667 5762 2762 5834 ιιι).
3675 5804 3678 5812 .

2533 5860 2585 5911 Si
2622 5857 2757 5913 Deus
2788 5872 2885 5925 pro
2914 5854 3088 5912 nobis,
3117 5851 3236 5922 quis
3266 5859 3449 5905 contra
3485 5862 3582 5902 nos
3616 5843 3795 5899 (Rom.
3834 5844 3994 5916 vin)?
