4194 6542
208 392 300 445 701

1460 389 1968 447 SCINTILLA‘RUM
2010 394 2233 450 LIBER.

3386 411 3489 467 701

267 504 435 574 Igitur
473 519 581 557 non
613 503 867 569 volentis.
900 519 1074 576 neque
1106 504 1395 570 currentis,
1428 502 1523 559 sed
1566 512 1652 558 est
1698 502 1792 557 Dei
1821 501 1872 563 Δ
1897 516 2062 559 canos
2088 505 2329 561 invenies
2353 507 2675 577 sapientum
2706 508 2933 581 (Ecclu.
2970 514 3067 582 vn).

206 597 506 653 miserentis
536 594 716 666 (Rom.
743 599 844 669 ix).

867 703 1127 743 SALOSIOXV.

266 780 419 835 llabe
450 778 699 837 fiduciam
728 782 781 836 in
810 782 1041 837 Domino
1073 782 1185 837 Deo
1216 789 1311 837 tuo
1344 781 1530 853 (Prov.
1559 780 1663 850 tu).

264 872 341 927 Ne
399 890 604 941 paveas
652 876 940 943 repentino
983 884 1232 942 terrore,
1277 876 1343 930 ad
1386 877 1656 930 irruentes
1694 873 1790 928 tibi

200 966 469 1034 potentias
498 967 783 1036 impiorum
810 966 1023 1033 (Ibid.).

268 1058 535 1114 Dominus
564 1061 667 1113 erit
706 1060 756 1114 in
803 1060 973 1115 latere
1016 1068 1132 1126 tuo,
1176 1068 1233 1117 et
1279 1058 1555 1115 custodiet
1594 1062 1786 1130 pedem

198 1160 342 1203 tuum
370 1168 438 1204 ne
467 1152 701 1220 capiaris
730 1152 945 1221 (lbid.).

266 1243 523 1297 Eruditns
563 1244 616 1298 in
667 1243 833 1299 \erbo
863 1246 1099 1314 reperiet
1140 1249 1325 1300 bona:
1360 1252 1414 1300 et
1443 1246 1533 1314 qui
1579 1245 1632 1299 in
1682 1243 1787 1300 Do-

198 1336 335 1387 mino
359 1345 564 1406 sperat,
596 1338 783 1392 beatus
812 1346 894 1391 est
924 1338 1104 1407 (Prov.
1134 1339 1269 1406 μοι).

804 1444 1161 1483 ιιιειιοΝυιυε.

259 1517 468 1573 Felices
494 1529 621 1574 sunt
651 1521 846 1589 quibus
873 1522 1017 1577 Deus
1056 1536 1181 1593 spes
1209 1529 1320 1582 est.
1354 1528 1411 1576 et
1452 1535 1615 1576 omne
1646 1536 1782 1591 opus

194 1622 455 1677 Operatio.

258 1705 479 1773 Absque
505 1704 697 1759 notitia
730 1704 1003 1760 Creatoris
1033 1706 1115 1761 sui
1146 1707 1309 1762 homo
1340 1720 1503 1776 pecus
1531 1713 1635 1762 est.

827 1813 1139 1855 GRECORIUS.

258 1890 401 1944 Deus
425 1890 518 1959 qui
543 1890 981 1961 imperfectorum
1005 1892 1269 1946 desideria
1293 1891 1543 1960 dignatur
1567 1890 1772 1944 inllam-

188 1996 352 2043 mare.
378 1997 477 2036 eOs
505 1980 838 2052 quandoque
868 1984 934 2036 ad
966 1982 1432 2051 imperfectiouem
1462 1984 1707 2038 roborat.

852 2090 1109 2130 lSlDOllL'S.

255 2166 307 2219 In
338 2165 486 2218 omni
518 2180 684 2224 opere
711 2174 802 2219 tuo
829 2166 919 2219 Dei
950 2166 1208 2219 auxilium
1234 2180 1418 2236 posce.

837 2271 1114 2311 JOSEPIIUS.

248 2346 482 2405 Necesse
512 2357 595 2403 est
622 2348 816 2404 adesse
844 2350 1108 2414 divinum,
1152 2350 1243 2404 ubi
1273 2350 1565 2405 humanum
1598 2359 1775 2406 cessat

182 2439 462 2494 auxilium.

743 2532 970 2588 CAPUT
1009 2532 1214 2588 LXVII.

617 2624 690 2679 De
728 2628 932 2679 senibus
963 2637 1009 2679 et
1029 2626 1328 2696 juvenibus.

837 2735 1107 2773 CllillSTUS.

245 2811 422 2867 Sinite
455 2812 710 2881 parvulos
740 2813 927 2866 venire
969 2810 1035 2865 ad
1065 2828 1173 2878 me,
1207 2820 1261 2867 et
1289 2827 1357 2866 ne
1385 2810 1771 2882 prohibueritis

176 2921 206 2960 e
242 2920 289 2960 s.
323 2905 537 2958 Talium
568 2912 650 2958 est
679 2905 823 2959 enim
856 2917 1077 2971 regnum
1101 2905 1362 2959 caelorum
1390 2901 1603 2967 (Manli.
1631 2901 1766 2971 xix).

245 2997 418 3049 Amen
452 2995 575 3049 dico
603 2994 779 3059 vobis,
807 2994 907 3048 nisi
939 2996 1186 3050 conversi
1212 2994 1441 3058 fueritis,
1477 3002 1531 3047 et
1558 2992 1766 3049 efficia-

170 3085 299 3138 mini
332 3087 395 3139 sit
420 3094 479 3138 ut
512 3085 745 3154 parvuli,
777 3103 885 3141 non
918 3085 1186 3141 intrabitis
1230 3086 1285 3139 in
1328 3098 1554 3155 regnum
1598 3084 1769 3141 cmlo-

170 3193 283 3232 rum
316 3176 539 3247 (Matth.
574 3177 749 3247 xviii).

868 3286 1087 3324 PAULL'S.

233 3358 527 3416 Seniorem
557 3377 626 3417 ne
654 3361 1041 3432 inerepaveris,
1066 3360 1159 3418 sed
1184 3369 1411 3418 obsecra
1442 3372 1499 3418 ut
1527 3373 1761 3434 patretn,

158 3450 390 3521 juvenes
422 3461 483 3506 ut
509 3451 705 3507 fratres
734 3451 785 3522 (1
818 3452 951 3507 Tim.
978 3460 1053 3522 v).

229 3540 505 3598 Juvenilia
537 3554 718 3598 autem
750 3544 1018 3598 desideria
1060 3544 1179 3612 fuge
1212 3542 1300 3614 (11
1328 3542 1463 3599 Tim.
1500 3544 1582 3615 ιι).

226 3636 464 3693 Sectare
492 3652 625 3691 vero
651 3636 913 3706 justitiam
944 3636 1103 3705 (Tim.
1137 3642 1218 3707 ιι).

226 3728 403 3783 Senes
436 3728 600 3782 sobrii
633 3729 766 3795 sint,
796 3728 996 3799 pudici.
1034 3728 1367 3798 prudentes:
1400 3729 1518 3783 sani
1551 3728 1604 3783 in
1633 3728 1759 3796 fide,

158 3821 459 3877 dilectione
490 3830 547 3875 et
575 3821 836 3891 patientia
862 3818 1077 3889 (Ibid).

225 3912 411 3969 Nolite
457 3912 613 3983 pueri
652 3910 795 3966 efﬁci
835 3914 1120 3976 sensibus,
1167 3911 1262 3966 sed
1305 3911 1509 3966 malitia
1552 3915 1761 3983 parvuli

159 4014 358 4073 estote,
386 4004 646 4060 sensibus
674 4014 854 4058 autem
887 4004 1108 4073 perfecti
1139 4012 1315 4059 estote
1344 4002 1395 4074 (Ι
1426 4003 1548 4061 Cor.
1575 4009 1672 4073 tv).

841 4111 1103 4149 SALOHON.

222 4187 500 4242 Senectus
522 4186 665 4241 enim
692 4186 1011 4239 venerabilis
1035 4194 1118 4239 est
1147 4202 1252 4241 non
1276 4186 1549 4251 diuturna,
1581 4202 1758 4256 neque

155 4295 382 4333 numero
410 4294 681 4332 annorum
713 4287 1024 4347 computata
1061 4278 1218 4347 (Sep.
1247 4276 1346 4348 tv).

223 4369 359 4425 Cani
392 4376 525 4424 sunt
550 4377 731 4422 autem
759 4383 948 4424 sensus
974 4368 1223 4431 hominis,
1254 4377 1310 4423 et
1335 4376 1468 4425 mtas
1507 4378 1761 4425 senectu-

156 4463 224 4517 tis
253 4463 362 4516 vita
402 4462 753 4515 immaculata
783 4460 1001 4529 placens
1034 4462 1140 4513 Deo
1164 4460 1385 4530 (Ibid.).

221 4554 495 4609 Adversio
520 4551 861 4623 parvulorum
896 4553 1181 4607 interliciet
1204 4568 1299 4607 eos
1328 4553 1509 4625 (Prov.
1545 4555 1607 4623 t).

221 4644 522 4712 lntelligite
549 4643 754 4713 parvuli
779 4645 1054 4710 astutiam,
1084 4652 1139 4698 et
1166 4644 1484 4715 insipientes
1511 4647 1751 4701 animad-

153 4739 346 4792 vertite
374 4735 567 4806 (Prov.
601 4739 747 4803 vtu).
1495 4789 1498 4792 .

219 4828 542 4899 Relinquite
585 4826 894 4892 infantiam,
941 4836 996 4881 et
1032 4827 1233 4895 vivite,
1276 4837 1331 4883 et
1360 4829 1629 4884 ambulate
1657 4845 1753 4899 per

154 4923 261 4977 vias
290 4922 602 4993 prudenti-.c
635 4918 817 4986 (Prov.
844 4919 946 4987 tv).

222 5014 297 5069 Ex
337 5015 541 5069 studiis
584 5014 696 5068 suis
738 5013 983 5081 intelligit
1016 5029 1163 5082 puer,
1198 5030 1241 5069 Sl
1290 5016 1486 5068 munda
1534 5022 1658 5070 sunt
1698 5024 1753 5069 et

151 5119 294 5163 recta
329 5122 506 5178 opera
534 5106 669 5174 ejus.

219 5200 441 5256 Corona
473 5198 752 5266 dignitatis
774 5207 1047 5264 senectus,
1068 5214 1187 5267 qua:
1210 5200 1262 5252 in
1287 5199 1386 5253 viis
1411 5199 1635 5268 justitire
1660 5216 1746 5255 re-

152 5293 388 5362 perietur
422 5290 619 5357 (l’rov.
653 5289 789 5355 xvi).

220 5382 538 5437 Exsultatio
576 5381 834 5451 juvenum
878 5381 1133 5438 fortitudo
1165 5399 1376 5449 eorum,
1420 5394 1475 5440 et
1520 5384 1749 5453 dignitas

152 5490 340 5531 senum
371 5476 607 5530 canities
639 5472 821 5542 (Prov.
856 5490 974 5539 xx).

773 5583 923 5621 JESUS
951 5584 1155 5622 SlllACll.

218 5657 350 5727 Quae
372 5658 525 5714 enim
557 5658 609 5711 in
639 5657 918 5726 iuventute
943 5675 1048 5712 non
1080 5660 1440 5729 congregasti,
1474 5663 1748 5731 quomodo

153 5751 394 5807 invenies
420 5766 489 5807 ea
523 5750 574 5805 in
605 5750 930 5804 senectute?

218 5843 337 5911 Fili,
382 5862 413 5898 a
456 5845 749 5913 iuventute
793 5840 979 5911 excipe
1028 5842 1345 5908 doctrinam,
1379 5855 1430 5897 et
1479 5858 1645 5911 usque
1678 5844 1742 5897 ad

1974 595 2188 651 Corona
2225 614 2415 654 senum
2463 600 2633 656 multa
2660 603 2877 673 peritia,
2916 613 2971 660 et
2996 604 3165 675 gloria
3195 621 3381 664 eorum
3415 610 3485 664 ti-

1899 701 2020 740 mor
2052 688 2281 746 Domini.

1967 778 2096 845 Fili,
2144 780 2195 834 in
2228 782 2335 835 vita
2367 792 2458 836 tua
2489 790 2636 839 tenta
2678 784 2911 839 animam
2943 796 3089 841 tuam
3117 806 3129 841 :
3159 797 3215 843 et
3250 789 3295 843 si
3324 789 3487 845 fuerit

1896 886 2147 941 nequam,
2174 890 2281 929 non
2306 874 2401 930 des
2432 877 2503 931 illi
2530 888 2858 947 potestatem
2884 898 2897 933 :
2925 896 3033 936 non
3063 883 3207 939 enim
3233 884 3485 940 omnibus

1894 965 2071 1019 omnia
2101 968 2392 1035 expediunt
2413 968 2625 1042 (lbid.).

2526 1080 2851 1138 cnecontus.

1959 1167 2316 1240 Quoadusque
2336 1172 2477 1226 enim
2501 1171 2695 1227 infirmi
2718 1190 2919 1240 sumus,
2940 1174 3218 1230 continere
3236 1187 3474 1231 nosmet-

1888 1260 2033 1330 ipsos
2075 1261 2349 1327 debemus,
2397 1280 2465 1318 ne
2506 1265 2633 1319 dum
2677 1265 2817 1321 bona
2872 1276 3108 1332 terrena,
3153 1283 3275 1338 qua:
3315 1269 3471 1323 citius

1886 1356 2238 1423 ostendimus,
2265 1357 2597 1413 amittamus.

2554 1488 2805 1529 BASILIUS.

1956 1560 2013 1615 ln
2044 1562 2364 1631 quibusdam
2407 1570 2459 1618 te
2485 1564 2680 1618 exhibe
2704 1579 2914 1629 senem,
2958 1565 3012 1620 in
3041 1565 3362 1635 quibusdam
3390 1566 3475 1620 in-

1884 1654 2105 1711 fantem.

1959 1744 2237 1802 Perfectus
2263 1747 2406 1801 enim
2446 1746 2665 1816 dicitur,
2698 1760 2810 1802 non
2842 1746 2936 1817 qui
2965 1747 3021 1801 in
3060 1753 3244 1813 aetate,
3287 1744 3384 1802 sed
3413 1746 3468 1801 in

1812 1861 1855 1921 Β
1884 1851 2043 1891 sensu
2074 1839 2341 1907 perfectus
2369 1846 2471 1893 est.

1957 1928 2073 1982 Non
2102 1928 2197 1982 tibi
2223 1929 2380 1983 obest
2405 1929 2624 1997 puerilis
2662 1937 2812 1993 aetas,
2855 1930 2900 1984 si
2932 1929 3094 1984 fueris
3123 1937 3307 1984 mente
3342 1944 3469 1998 per-

1884 2015 2059 2069 fectus
2085 2036 2095 2068 :
2138 2030 2241 2071 nec
2269 2017 2436 2071 semel
2464 2017 2708 2087 proderit
2744 2027 2899 2084 mtas,
2929 2017 2977 2073 si
3007 2016 3173 2074 fueris
3213 2015 3472 2093 parvulus

1881 2125 2061 2164 SCDSU.

2416 2209 2643 2263 CAPUT
2684 2205 2914 2262 LXVIII.

2443 2322 2522 2376 De
2549 2322 2894 2377 contentione.

2553 2474 2774 2515 PAULUS.

1946 2552 2081 2607 Cum
2112 2553 2258 2608 enim
2289 2553 2359 2606 sit
2390 2553 2529 2608 inter
2560 2568 2654 2606 vos
2685 2552 2835 2606 zelus
2862 2560 2917 2605 et
2943 2549 3220 2605 contentio
3240 2590 3255 2616 ,
3289 2562 3468 2603 nonne

1874 2647 2121 2702 earna'es
2173 2646 2334 2711 estis,
2383 2653 2439 2700 et
2484 2644 2777 2701 secundum
2828 2643 3103 2698 hominem
3162 2640 3462 2696 ambulatis

1874 2737 1922 2809 (Ι
1960 2737 2080 2813 Cor.
2106 2738 2185 2809 tu)
2210 2738 2233 2790 ?

1944 2830 2120 2885 Nolite
2164 2829 2341 2885 verbis
2396 2827 2746 2893 contendere,
2798 2827 2866 2883 ad
2916 2826 3134 2881 nihilum
3184 2825 3328 2879 enim
3374 2834 3464 2881 est

1872 2921 2023 2985 utile,
2051 2920 2155 2973 nisi
2186 2920 2249 2973 ad
2276 2919 2687 2974 subversionem
2740 2917 3069 2971 audientium
3099 2914 3186 2985 (Il
3212 2915 3347 2968 Tim.
3371 2914 3453 2984 ιι).

1943 3009 2171 3084 Oportet
2201 3013 2433 3065 hmreses
2464 3025 2603 3075 esse,
2637 3017 2697 3063 ut
2722 3016 2776 3064 et
2805 3009 2898 3078 qui
2925 3007 3138 3079 probati
3164 3015 3310 3075 sunt,
3340 3020 3459 3061 mae

1872 3102 2051 3157 nifesti
2082 3102 2212 3157 fiant
2242 3104 2294 3157 in
2323 3102 2476 3156 vobis
2506 3102 2556 3171 (Ι
2592 3100 2713 3156 Cor.
2745 3109 2846 3166 ιι).

1795 3217 1844 3282 c
1946 3192 2268 3247 Hmreticum
2294 3192 2567 3246 hominem
2599 3198 2722 3261 post
2752 3206 2915 3246 unam
2940 3197 3034 3245 aut
3073 3190 3302 3245 alteram
3330 3202 3456 3245 cor-

1871 3284 2173 3354 reptionem
2198 3282 2377 3338 devita
2404 3281 2531 3354 (Tit.
2560 3286 2665 3351 ιιι).

2532 3406 2796 3445 ελιοιιοκ.

1937 3480 2086 3538 lnter
2112 3483 2376 3552 superbos
2401 3498 2618 3552 semper
2642 3482 2816 3551 jurgia
2849 3491 3004 3546 sunt,
3035 3496 3253 3554 semper
3277 3482 3453 3551 iurgia

1867 3576 2063 3645 qumrit
2086 3575 2258 3631 malus
2290 3574 2472 3644 (Prov.
2505 3576 2661 3643 xvu).

1938 3667 2179 3736 Angelus
2232 3676 2413 3722 autem
2482 3665 2718 3721 crudelis
2769 3666 3017 3721 mittetur
3073 3672 3266 3722 contra
3330 3679 3456 3721 eum

1866 3758 2087 3830 (1nd,).

2471 3864 2622 3904 ιεςυε
2648 3864 2856 3904 ειιιΑειι.

1936 3941 2052 3996 Non
2080 3940 2259 4010 litiges
2288 3956 2409 3995 cum
2449 3941 2667 3997 homine
2697 3949 2941 4010 potente,
2972 3955 3042 3995 ne
3074 3940 3213 3997 forte
3244 3940 3452 3996 incidas

1863 4032 1916 4086 in
1946 4047 2137 4087 manus
2163 4033 2305 4087 illius
2330 4048 2344 4084 :
2377 4047 2476 4086 nec
2504 4046 2627 4085 cum
2657 4030 2914 4101 bilingue,
2944 4040 3002 4087 ut
3033 4045 3141 4088 non
3170 4040 3354 4088 struas
3392 4031 3449 4087 in

1861 4124 2002 4179 illius
2027 4123 2205 4192 ignem
2233 4123 2379 4193 ligna
2414 4122 2639 4191 (Eccles.
2675 4127 2812 4195 vni).

2344 4253 2414 4293 ΙΞΧ
2451 4253 2610 4293 ιιιιιιο
2646 4253 2964 4293 οιειιεατις.

1933 4346 2050 4403 Hoc
2074 4362 2402 4417 quzcramus,
2431 4351 2572 4419 quod
2605 4350 2837 4405 libenter
2865 4363 3027 4419 agere
3050 4358 3290 4420 oportet.

1930 4442 2060 4495 Nam
2090 4442 2135 4495 si
2158 4443 2409 4509 exiguum
2443 4444 2547 4498 hoc
2572 4443 2695 4498 vittc
2726 4454 2940 4513 tempus
2968 4458 3315 4513 permanens,
3349 4457 3447 4501 oc-

1785 4570 1838 4631 D
1863 4548 2121 4603 cupemus
2163 4535 2440 4589 inutilibus
2466 4536 2883 4604 qumstionibus,
2924 4536 3110 4590 inanes
3134 4533 3251 4590 sine
3278 4533 3446 4589 dubio

1862 4633 1917 4679 et
1947 4625 2099 4679 vacui
2129 4638 2415 4694 peigemus
2454 4628 2520 4681 ad
2568 4627 2757 4692 Deum,
2790 4626 2879 4681 ubi
2906 4625 3170 4696 judicium
3218 4639 3445 4696 operum

1857 4726 2162 4772 nostrorum
2196 4718 2309 4773 lict.
2702 4720 2705 4723 ’

2488 4825 2803 4865 σιιεοοιιιυξ.

1922 4898 2120 4957 Omnes
2168 4901 2406 4955 haeretici
2451 4899 2577 4955 dum
2611 4901 2779 4956 Deum
2813 4900 3103 4957 defendere
3152 4901 3429 4964 nituntur,

1854 4992 2149 5048 offendunt.

1925 5083 2311 5138 llanreticorum
2334 5082 2604 5137 sacrificia
2625 5092 2850 5153 accepta
2872 5097 2992 5139 esse
3013 5080 3126 5139 Deo
3148 5093 3441 5153 nequeunt.

2518 5212 2770 5250 lSlDOllt‘JS.

1923 5288 1977 5341 In
2024 5290 2166 5343 nulla
2214 5304 2373 5344 causa
2423 5289 2757 5355 contendas,
2807 5288 2934 5359 quia
2979 5288 3256 5346 contentio
3309 5287 3366 5345 lit

1855 5391 2027 5453 parat.

1924 5474 2212 5529 Contentio
2244 5473 2385 5526 rixas
2411 5472 2601 5542 gignit.

1927 5565 2214 5621 Contentio
2245 5566 2430 5620 fauces
2460 5566 2707 5621 odiorum
2737 5568 3002 5623 accendit.

1924 5656 2216 5711 Contentio
2246 5657 2597 5712 concordiam
2628 5659 2829 5727 rumpit

1924 5750 2075 5804 Sicut
2135 5748 2402 5804 instruere
2468 5747 2606 5805 solet
2648 5744 2980 5813 concordia.
3036 5749 3109 5804 ita
3164 5746 3442 5807 contentio

1855 5840 2101 5896 destruit.
