  <div class='ocr_page' id='page_1' title='image "/cluster/home/n/w/nwhite01/storage/ocr_20150623/88-89/uc1.31175000868714/355.png"; bbox 0 0 4194 6568; ppageno 0'>
   <div class='ocr_carea' id='block_1_1' title="bbox 727 431 1746 571">
    <p class='ocr_par' dir='ltr' id='par_1_1' title="bbox 727 431 1746 571">
     <span class='ocr_line' id='line_1_1' title="bbox 727 431 1746 489; baseline -0.015 0"><span class='ocrx_word' id='word_1_1' title='bbox 727 431 832 489; x_wconf 75' lang='lat'><strong>703</strong></span> <span class='ocrx_word' id='word_1_2' title='bbox 1690 431 1746 475; x_wconf 85' lang='lat' dir='ltr'><strong>Dl</strong></span> 
     </span>
     <span class='ocr_line' id='line_1_2' title="bbox 1284 509 1746 571; baseline -0.013 -1"><span class='ocrx_word' id='word_1_3' title='bbox 1284 513 1513 571; x_wconf 76' lang='lat' dir='ltr'><strong>CAPUT</strong></span> <span class='ocrx_word' id='word_1_4' title='bbox 1566 509 1746 566; x_wconf 77' lang='lat' dir='ltr'><strong>LXIX.</strong></span> 
     </span>
    </p>
   </div>
   <div class='ocr_carea' id='block_1_2' title="bbox 1314 628 1729 684">
    <p class='ocr_par' dir='ltr' id='par_1_2' title="bbox 1314 628 1729 684">
     <span class='ocr_line' id='line_1_3' title="bbox 1314 628 1729 684; baseline -0.01 -1"><span class='ocrx_word' id='word_1_5' title='bbox 1314 630 1390 684; x_wconf 84' lang='lat' dir='ltr'><strong>De</strong></span> <span class='ocrx_word' id='word_1_6' title='bbox 1416 628 1729 684; x_wconf 72' lang='lat' dir='ltr'><strong>curiositate.</strong></span> 
     </span>
    </p>
   </div>
   <div class='ocr_carea' id='block_1_3' title="bbox 1381 778 1655 822">
    <p class='ocr_par' dir='ltr' id='par_1_3' title="bbox 1381 778 1655 822">
     <span class='ocr_line' id='line_1_4' title="bbox 1381 778 1655 822; baseline -0.018 -1"><span class='ocrx_word' id='word_1_7' title='bbox 1381 778 1655 822; x_wconf 72' lang='grc' dir='ltr'><strong>ειιιιιδτυε.</strong></span> 
     </span>
    </p>
   </div>
   <div class='ocr_carea' id='block_1_4' title="bbox 804 844 2313 925">
    <p class='ocr_par' dir='ltr' id='par_1_4' title="bbox 804 844 2313 925">
     <span class='ocr_line' id='line_1_5' title="bbox 804 844 2313 925; baseline -0.019 -2"><span class='ocrx_word' id='word_1_8' title='bbox 804 867 1084 923; x_wconf 81' lang='lat' dir='ltr'><strong>Neminem</strong></span> <span class='ocrx_word' id='word_1_9' title='bbox 1127 858 1471 925; x_wconf 89' lang='lat' dir='ltr'><strong>concutiatis,</strong></span> <span class='ocrx_word' id='word_1_10' title='bbox 1513 868 1690 924; x_wconf 90' lang='lat' dir='ltr'><strong>neque</strong></span> <span class='ocrx_word' id='word_1_11' title='bbox 1732 850 2053 909; x_wconf 79' lang='lat' dir='ltr'><strong>calumniam</strong></span> <span class='ocrx_word' id='word_1_12' title='bbox 2101 844 2313 899; x_wconf 84' lang='lat' dir='ltr'><strong>faciatis</strong></span> 
     </span>
    </p>
   </div>
   <div class='ocr_carea' id='block_1_5' title="bbox 733 956 1015 1026">
    <p class='ocr_par' dir='ltr' id='par_1_5' title="bbox 733 956 1015 1026">
     <span class='ocr_line' id='line_1_6' title="bbox 733 956 1015 1026; baseline -0.011 -16"><span class='ocrx_word' id='word_1_13' title='bbox 733 956 881 1026; x_wconf 86' lang='lat' dir='ltr'><strong>(Luc.</strong></span> <span class='ocrx_word' id='word_1_14' title='bbox 914 958 1015 1023; x_wconf 89' lang='lat' dir='ltr'><strong>tu).</strong></span> 
     </span>
    </p>
   </div>
   <div class='ocr_carea' id='block_1_6' title="bbox 809 1026 2312 1102">
    <p class='ocr_par' dir='ltr' id='par_1_6' title="bbox 809 1026 2312 1102">
     <span class='ocr_line' id='line_1_7' title="bbox 809 1026 2312 1102; baseline -0.015 0"><span class='ocrx_word' id='word_1_15' title='bbox 809 1050 921 1102; x_wconf 70' lang='lat' dir='ltr'><strong>Non</strong></span> <span class='ocrx_word' id='word_1_16' title='bbox 962 1044 1126 1100; x_wconf 83' lang='lat' dir='ltr'><strong>stabit</strong></span> <span class='ocrx_word' id='word_1_17' title='bbox 1157 1042 1309 1098; x_wconf 82' lang='lat' dir='ltr'><strong>testis</strong></span> <span class='ocrx_word' id='word_1_18' title='bbox 1353 1054 1491 1093; x_wconf 89' lang='lat' dir='ltr'><strong>unus</strong></span> <span class='ocrx_word' id='word_1_19' title='bbox 1530 1043 1719 1093; x_wconf 88' lang='lat' dir='ltr'><strong>contra</strong></span> <span class='ocrx_word' id='word_1_20' title='bbox 1755 1032 2012 1101; x_wconf 89' lang='lat' dir='ltr'><strong>aliquem,</strong></span> <span class='ocrx_word' id='word_1_21' title='bbox 2055 1026 2312 1098; x_wconf 78' lang='lat' dir='ltr'><strong>quidquid</strong></span> 
     </span>
    </p>
   </div>
   <div class='ocr_carea' id='block_1_7' title="bbox 736 1123 2027 1206">
    <p class='ocr_par' dir='ltr' id='par_1_7' title="bbox 736 1123 2027 1206">
     <span class='ocr_line' id='line_1_8' title="bbox 736 1123 2027 1206; baseline -0.015 -13"><span class='ocrx_word' id='word_1_22' title='bbox 736 1140 862 1195; x_wconf 80' lang='lat' dir='ltr'><strong>illud</strong></span> <span class='ocrx_word' id='word_1_23' title='bbox 887 1134 1092 1206; x_wconf 88' lang='lat' dir='ltr'><strong>peccati</strong></span> <span class='ocrx_word' id='word_1_24' title='bbox 1122 1142 1176 1189; x_wconf 89' lang='lat' dir='ltr'><strong>et</strong></span> <span class='ocrx_word' id='word_1_25' title='bbox 1208 1130 1461 1186; x_wconf 79' lang='lat' dir='ltr'><strong>facinoris</strong></span> <span class='ocrx_word' id='word_1_26' title='bbox 1489 1127 1650 1183; x_wconf 88' lang='lat' dir='ltr'><strong>fuerit</strong></span> <span class='ocrx_word' id='word_1_27' title='bbox 1677 1123 1855 1193; x_wconf 81' lang='lat' dir='ltr'><strong>(Deut.</strong></span> <span class='ocrx_word' id='word_1_28' title='bbox 1890 1124 2027 1187; x_wconf 80' lang='lat' dir='ltr'><strong>xix).</strong></span> 
     </span>
    </p>
   </div>
   <div class='ocr_carea' id='block_1_8' title="bbox 804 1209 2315 1283">
    <p class='ocr_par' dir='ltr' id='par_1_8' title="bbox 804 1209 2315 1283">
     <span class='ocr_line' id='line_1_9' title="bbox 804 1209 2315 1283; baseline -0.015 0"><span class='ocrx_word' id='word_1_29' title='bbox 804 1229 910 1283; x_wconf 88' lang='lat' dir='ltr'><strong>Sed</strong></span> <span class='ocrx_word' id='word_1_30' title='bbox 936 1228 986 1281; x_wconf 89' lang='lat' dir='ltr'><strong>iu</strong></span> <span class='ocrx_word' id='word_1_31' title='bbox 1018 1242 1113 1280; x_wconf 87' lang='lat' dir='ltr'><strong>ore</strong></span> <span class='ocrx_word' id='word_1_32' title='bbox 1142 1224 1369 1279; x_wconf 91' lang='lat' dir='ltr'><strong>duorum</strong></span> <span class='ocrx_word' id='word_1_33' title='bbox 1393 1230 1488 1276; x_wconf 90' lang='lat' dir='ltr'><strong>aut</strong></span> <span class='ocrx_word' id='word_1_34' title='bbox 1514 1217 1673 1273; x_wconf 89' lang='lat' dir='ltr'><strong>trium</strong></span> <span class='ocrx_word' id='word_1_35' title='bbox 1698 1213 1934 1276; x_wconf 91' lang='lat' dir='ltr'><strong>testium,</strong></span> <span class='ocrx_word' id='word_1_36' title='bbox 1966 1209 2131 1265; x_wconf 91' lang='lat' dir='ltr'><strong>stabit</strong></span> <span class='ocrx_word' id='word_1_37' title='bbox 2151 1222 2315 1263; x_wconf 88' lang='lat' dir='ltr'><strong>omne</strong></span> 
     </span>
    </p>
   </div>
   <div class='ocr_carea' id='block_1_9' title="bbox 736 1313 1350 1386">
    <p class='ocr_par' dir='ltr' id='par_1_9' title="bbox 736 1313 1350 1386">
     <span class='ocr_line' id='line_1_10' title="bbox 736 1313 1350 1386; baseline -0.002 -16"><span class='ocrx_word' id='word_1_38' title='bbox 736 1321 957 1374; x_wconf 86' lang='lat' dir='ltr'><strong>verbum</strong></span> <span class='ocrx_word' id='word_1_39' title='bbox 990 1315 1165 1386; x_wconf 76' lang='lat' dir='ltr'><strong>(Deut.</strong></span> <span class='ocrx_word' id='word_1_40' title='bbox 1197 1313 1350 1383; x_wconf 76' lang='lat' dir='ltr'><strong>xvu).</strong></span> 
     </span>
    </p>
   </div>
   <div class='ocr_carea' id='block_1_10' title="bbox 1392 1414 1655 1459">
    <p class='ocr_par' dir='ltr' id='par_1_10' title="bbox 1392 1414 1655 1459">
     <span class='ocr_line' id='line_1_11' title="bbox 1392 1414 1655 1459; baseline -0.027 -1"><span class='ocrx_word' id='word_1_41' title='bbox 1392 1414 1655 1459; x_wconf 70' lang='lat' dir='ltr'><strong>SALOION.</strong></span> 
     </span>
    </p>
   </div>
   <div class='ocr_carea' id='block_1_11' title="bbox 812 1484 2322 1563">
    <p class='ocr_par' dir='ltr' id='par_1_11' title="bbox 812 1484 2322 1563">
     <span class='ocr_line' id='line_1_12' title="bbox 812 1484 2322 1563; baseline -0.01 -11"><span class='ocrx_word' id='word_1_42' title='bbox 812 1499 911 1563; x_wconf 87' lang='lat' dir='ltr'><strong>Qui</strong></span> <span class='ocrx_word' id='word_1_43' title='bbox 952 1506 1133 1551; x_wconf 86' lang='lat' dir='ltr'><strong>autem</strong></span> <span class='ocrx_word' id='word_1_44' title='bbox 1174 1494 1527 1561; x_wconf 75' lang='lat' dir='ltr'><strong>investigator</strong></span> <span class='ocrx_word' id='word_1_45' title='bbox 1556 1489 1820 1545; x_wconf 90' lang='lat' dir='ltr'><strong>malorum</strong></span> <span class='ocrx_word' id='word_1_46' title='bbox 1852 1497 1955 1553; x_wconf 89' lang='lat' dir='ltr'><strong>est,</strong></span> <span class='ocrx_word' id='word_1_47' title='bbox 1986 1484 2322 1555; x_wconf 82' lang='lat' dir='ltr'><strong>opprimetur</strong></span> 
     </span>
    </p>
   </div>
   <div class='ocr_carea' id='block_1_12' title="bbox 740 1587 1053 1659">
    <p class='ocr_par' dir='ltr' id='par_1_12' title="bbox 740 1587 1053 1659">
     <span class='ocr_line' id='line_1_13' title="bbox 740 1587 1053 1659; baseline 0 -18"><span class='ocrx_word' id='word_1_48' title='bbox 740 1587 922 1659; x_wconf 74' lang='lat' dir='ltr'><strong>(Prov.</strong></span> <span class='ocrx_word' id='word_1_49' title='bbox 958 1589 1053 1655; x_wconf 79' lang='lat' dir='ltr'><strong>xl).</strong></span> 
     </span>
    </p>
   </div>
   <div class='ocr_carea' id='block_1_13' title="bbox 1329 1689 1725 1731">
    <p class='ocr_par' dir='ltr' id='par_1_13' title="bbox 1329 1689 1725 1731">
     <span class='ocr_line' id='line_1_14' title="bbox 1329 1689 1725 1731; baseline -0.013 0"><span class='ocrx_word' id='word_1_50' title='bbox 1329 1692 1482 1731; x_wconf 74' lang='lat' dir='ltr'><strong>JESCS</strong></span> <span class='ocrx_word' id='word_1_51' title='bbox 1518 1689 1725 1730; x_wconf 72' lang='lat' dir='ltr'><strong>SIBACII.</strong></span> 
     </span>
    </p>
   </div>
   <div class='ocr_carea' id='block_1_14' title="bbox 814 1762 2321 1839">
    <p class='ocr_par' dir='ltr' id='par_1_14' title="bbox 814 1762 2321 1839">
     <span class='ocr_line' id='line_1_15' title="bbox 814 1762 2321 1839; baseline -0.011 -13"><span class='ocrx_word' id='word_1_52' title='bbox 814 1776 868 1826; x_wconf 92' lang='lat' dir='ltr'><strong>In</strong></span> <span class='ocrx_word' id='word_1_53' title='bbox 917 1770 1262 1839; x_wconf 78' lang='lat' dir='ltr'><strong>supervacuis</strong></span> <span class='ocrx_word' id='word_1_54' title='bbox 1302 1770 1462 1823; x_wconf 87' lang='lat' dir='ltr'><strong>rebus</strong></span> <span class='ocrx_word' id='word_1_55' title='bbox 1505 1766 1613 1819; x_wconf 90' lang='lat' dir='ltr'><strong>noli</strong></span> <span class='ocrx_word' id='word_1_56' title='bbox 1644 1762 1873 1819; x_wconf 82' lang='lat' dir='ltr'><strong>scrutari</strong></span> <span class='ocrx_word' id='word_1_57' title='bbox 1916 1774 2133 1815; x_wconf 88' lang='lat' dir='ltr'><strong>sensum</strong></span> <span class='ocrx_word' id='word_1_58' title='bbox 2172 1767 2321 1812; x_wconf 91' lang='lat' dir='ltr'><strong>tuum</strong></span> 
     </span>
    </p>
   </div>
   <div class='ocr_carea' id='block_1_15' title="bbox 1690 400 3029 475">
    <p class='ocr_par' dir='ltr' id='par_1_15' title="bbox 1690 400 3029 475">
     <span class='ocr_line' id='line_1_16' title="bbox 1690 400 3029 475; baseline -0.014 0"><span class='ocrx_word' id='word_1_59' title='bbox 1690 413 2112 475; x_wconf 73' lang='lat' dir='ltr'><strong>DEI-‘ENSORIS</strong></span> <span class='ocrx_word' id='word_1_60' title='bbox 2152 401 2690 468; x_wconf 75' lang='lat' dir='ltr'><strong>LOCOCIAGENSIS</strong></span> <span class='ocrx_word' id='word_1_61' title='bbox 2729 400 3029 461; x_wconf 72' lang='lat' dir='ltr'><strong>MONACHI</strong></span> 
     </span>
    </p>
   </div>
   <div class='ocr_carea' id='block_1_16' title="bbox 2336 491 3994 563">
    <p class='ocr_par' dir='ltr' id='par_1_16' title="bbox 2336 491 3994 563">
     <span class='ocr_line' id='line_1_17' title="bbox 2336 491 3994 563; baseline -0.007 -8"><span class='ocrx_word' id='word_1_62' title='bbox 2336 501 2384 563; x_wconf 80' lang='grc' dir='ltr'><strong>Α</strong></span> <span class='ocrx_word' id='word_1_63' title='bbox 2412 498 2799 563; x_wconf 87' lang='lat' dir='ltr'><strong>curiositatem,</strong></span> <span class='ocrx_word' id='word_1_64' title='bbox 2853 496 3047 553; x_wconf 87' lang='lat' dir='ltr'><strong>omitte</strong></span> <span class='ocrx_word' id='word_1_65' title='bbox 3094 507 3279 549; x_wconf 89' lang='lat' dir='ltr'><strong>curam</strong></span> <span class='ocrx_word' id='word_1_66' title='bbox 3310 506 3428 563; x_wconf 75' lang='lat' dir='ltr'><strong>qua:</strong></span> <span class='ocrx_word' id='word_1_67' title='bbox 3473 491 3539 547; x_wconf 81' lang='lat' dir='ltr'><strong>ad</strong></span> <span class='ocrx_word' id='word_1_68' title='bbox 3578 502 3801 547; x_wconf 80' lang='lat' dir='ltr'><strong>causam</strong></span> <span class='ocrx_word' id='word_1_69' title='bbox 3844 496 3994 544; x_wconf 78' lang='lat' dir='ltr'><strong>tuam</strong></span> 
     </span>
    </p>
   </div>
   <div class='ocr_carea' id='block_1_17' title="bbox 2416 592 2801 661">
    <p class='ocr_par' dir='ltr' id='par_1_17' title="bbox 2416 592 2801 661">
     <span class='ocr_line' id='line_1_18' title="bbox 2416 592 2801 661; baseline -0.003 -16"><span class='ocrx_word' id='word_1_70' title='bbox 2416 606 2520 645; x_wconf 90' lang='lat' dir='ltr'><strong>non</strong></span> <span class='ocrx_word' id='word_1_71' title='bbox 2551 592 2801 661; x_wconf 82' lang='lat' dir='ltr'><strong>pertinet.</strong></span> 
     </span>
    </p>
   </div>
   <div class='ocr_carea' id='block_1_18' title="bbox 3892 394 3996 451">
    <p class='ocr_par' dir='ltr' id='par_1_18' title="bbox 3892 394 3996 451">
     <span class='ocr_line' id='line_1_19' title="bbox 3892 394 3996 451; baseline 0.038 -4"><span class='ocrx_word' id='word_1_72' title='bbox 3892 394 3996 451; x_wconf 72' lang='grc'><strong>706</strong></span> 
     </span>
    </p>
   </div>
   <div class='ocr_carea' id='block_1_19' title="bbox 2483 675 3617 749">
    <p class='ocr_par' dir='ltr' id='par_1_19' title="bbox 2483 675 3617 749">
     <span class='ocr_line' id='line_1_20' title="bbox 2483 675 3617 749; baseline -0.005 -14"><span class='ocrx_word' id='word_1_73' title='bbox 2483 681 2778 735; x_wconf 81' lang='lat' dir='ltr'><strong>Curiositas</strong></span> <span class='ocrx_word' id='word_1_74' title='bbox 2805 680 3108 749; x_wconf 90' lang='lat' dir='ltr'><strong>periculosa</strong></span> <span class='ocrx_word' id='word_1_75' title='bbox 3134 675 3486 747; x_wconf 67' lang='lat' dir='ltr'><strong>praesumptio</strong></span> <span class='ocrx_word' id='word_1_76' title='bbox 3515 682 3617 730; x_wconf 89' lang='lat' dir='ltr'><strong>est.</strong></span> 
     </span>
    </p>
   </div>
   <div class='ocr_carea' id='block_1_20' title="bbox 2488 762 3996 834">
    <p class='ocr_par' dir='ltr' id='par_1_20' title="bbox 2488 762 3996 834">
     <span class='ocr_line' id='line_1_21' title="bbox 2488 762 3996 834; baseline -0.007 -7"><span class='ocrx_word' id='word_1_77' title='bbox 2488 773 2638 827; x_wconf 81' lang='lat' dir='ltr'><strong>Multi</strong></span> <span class='ocrx_word' id='word_1_78' title='bbox 2665 773 2891 827; x_wconf 88' lang='lat' dir='ltr'><strong>aliorum</strong></span> <span class='ocrx_word' id='word_1_79' title='bbox 2922 772 3052 826; x_wconf 82' lang='lat' dir='ltr'><strong>vitia</strong></span> <span class='ocrx_word' id='word_1_80' title='bbox 3082 770 3419 834; x_wconf 84' lang='lat' dir='ltr'><strong>discernunt,</strong></span> <span class='ocrx_word' id='word_1_81' title='bbox 3442 781 3539 821; x_wconf 89' lang='lat' dir='ltr'><strong>sua</strong></span> <span class='ocrx_word' id='word_1_82' title='bbox 3560 779 3670 820; x_wconf 88' lang='lat' dir='ltr'><strong>non</strong></span> <span class='ocrx_word' id='word_1_83' title='bbox 3691 762 3996 833; x_wconf 86' lang='lat' dir='ltr'><strong>aspiciunt:</strong></span> 
     </span>
    </p>
   </div>
   <div class='ocr_carea' id='block_1_21' title="bbox 2414 855 3996 935">
    <p class='ocr_par' dir='ltr' id='par_1_21' title="bbox 2414 855 3996 935">
     <span class='ocr_line' id='line_1_22' title="bbox 2414 855 3996 935; baseline -0.006 -15"><span class='ocrx_word' id='word_1_84' title='bbox 2414 878 2468 921; x_wconf 88' lang='lat' dir='ltr'><strong>et</strong></span> <span class='ocrx_word' id='word_1_85' title='bbox 2499 882 2618 919; x_wconf 78' lang='lat' dir='ltr'><strong>cum</strong></span> <span class='ocrx_word' id='word_1_86' title='bbox 2665 866 2764 935; x_wconf 84' lang='lat' dir='ltr'><strong>ipsi</strong></span> <span class='ocrx_word' id='word_1_87' title='bbox 2798 864 3045 918; x_wconf 80' lang='lat' dir='ltr'><strong>maximis</strong></span> <span class='ocrx_word' id='word_1_88' title='bbox 3073 861 3390 915; x_wconf 80' lang='lat' dir='ltr'><strong>criminibus</strong></span> <span class='ocrx_word' id='word_1_89' title='bbox 3422 867 3708 914; x_wconf 81' lang='lat' dir='ltr'><strong>teneantur</strong></span> <span class='ocrx_word' id='word_1_90' title='bbox 3745 855 3996 919; x_wconf 76' lang='lat' dir='ltr'><strong>obnoxii.</strong></span> 
     </span>
    </p>
   </div>
   <div class='ocr_carea' id='block_1_22' title="bbox 2415 951 3639 1024">
    <p class='ocr_par' dir='ltr' id='par_1_22' title="bbox 2415 951 3639 1024">
     <span class='ocr_line' id='line_1_23' title="bbox 2415 951 3639 1024; baseline -0.004 -14"><span class='ocrx_word' id='word_1_91' title='bbox 2415 957 2633 1010; x_wconf 89' lang='lat' dir='ltr'><strong>minima</strong></span> <span class='ocrx_word' id='word_1_92' title='bbox 2664 965 2885 1024; x_wconf 86' lang='lat' dir='ltr'><strong>peccata</strong></span> <span class='ocrx_word' id='word_1_93' title='bbox 2919 954 3175 1008; x_wconf 78' lang='lat' dir='ltr'><strong>fratribus</strong></span> <span class='ocrx_word' id='word_1_94' title='bbox 3205 968 3310 1006; x_wconf 92' lang='lat' dir='ltr'><strong>non</strong></span> <span class='ocrx_word' id='word_1_95' title='bbox 3341 951 3639 1005; x_wconf 88' lang='lat' dir='ltr'><strong>dimittunt.</strong></span> 
     </span>
    </p>
   </div>
   <div class='ocr_carea' id='block_1_23' title="bbox 2487 1039 3999 1116">
    <p class='ocr_par' dir='ltr' id='par_1_23' title="bbox 2487 1039 3999 1116">
     <span class='ocr_line' id='line_1_24' title="bbox 2487 1039 3999 1116; baseline -0.004 -15"><span class='ocrx_word' id='word_1_96' title='bbox 2487 1047 2641 1116; x_wconf 70' lang='lat' dir='ltr'><strong>Smpe</strong></span> <span class='ocrx_word' id='word_1_97' title='bbox 2671 1048 2893 1102; x_wconf 83' lang='lat' dir='ltr'><strong>adversa</strong></span> <span class='ocrx_word' id='word_1_98' title='bbox 2926 1047 2978 1100; x_wconf 92' lang='lat' dir='ltr'><strong>in</strong></span> <span class='ocrx_word' id='word_1_99' title='bbox 3006 1046 3125 1099; x_wconf 89' lang='lat' dir='ltr'><strong>aliis</strong></span> <span class='ocrx_word' id='word_1_100' title='bbox 3153 1044 3472 1108; x_wconf 86' lang='lat' dir='ltr'><strong>indicamus,</strong></span> <span class='ocrx_word' id='word_1_101' title='bbox 3498 1056 3618 1111; x_wconf 78' lang='lat' dir='ltr'><strong>qua:</strong></span> <span class='ocrx_word' id='word_1_102' title='bbox 3637 1040 3693 1096; x_wconf 89' lang='lat' dir='ltr'><strong>in</strong></span> <span class='ocrx_word' id='word_1_103' title='bbox 3719 1039 3877 1096; x_wconf 89' lang='lat' dir='ltr'><strong>nobis</strong></span> <span class='ocrx_word' id='word_1_104' title='bbox 3897 1053 3999 1095; x_wconf 88' lang='lat' dir='ltr'><strong>no-</strong></span> 
     </span>
    </p>
   </div>
   <div class='ocr_carea' id='block_1_24' title="bbox 2419 1136 3381 1205">
    <p class='ocr_par' dir='ltr' id='par_1_24' title="bbox 2419 1136 3381 1205">
     <span class='ocr_line' id='line_1_25' title="bbox 2419 1136 3381 1205; baseline -0.004 -14"><span class='ocrx_word' id='word_1_105' title='bbox 2419 1137 2535 1191; x_wconf 83' lang='lat' dir='ltr'><strong>civa</strong></span> <span class='ocrx_word' id='word_1_106' title='bbox 2564 1152 2683 1191; x_wconf 80' lang='lat' dir='ltr'><strong>esse</strong></span> <span class='ocrx_word' id='word_1_107' title='bbox 2714 1136 2887 1190; x_wconf 84' lang='lat' dir='ltr'><strong>minus</strong></span> <span class='ocrx_word' id='word_1_108' title='bbox 2915 1136 3193 1189; x_wconf 87' lang='lat' dir='ltr'><strong>sentimus.</strong></span> <span class='ocrx_word' id='word_1_109' title='bbox 3378 1204 3381 1205; x_wconf 15' lang='grc' dir='ltr'><em>ν</em></span> 
     </span>
    </p>
   </div>
   <div class='ocr_carea' id='block_1_25' title="bbox 2492 1219 4003 1292">
    <p class='ocr_par' dir='ltr' id='par_1_25' title="bbox 2492 1219 4003 1292">
     <span class='ocr_line' id='line_1_26' title="bbox 2492 1219 4003 1292; baseline -0.002 -14"><span class='ocrx_word' id='word_1_110' title='bbox 2492 1225 2725 1279; x_wconf 77' lang='lat' dir='ltr'><strong>Facilius</strong></span> <span class='ocrx_word' id='word_1_111' title='bbox 2757 1225 2882 1279; x_wconf 86' lang='lat' dir='ltr'><strong>vitia</strong></span> <span class='ocrx_word' id='word_1_112' title='bbox 2925 1222 3345 1292; x_wconf 90' lang='lat' dir='ltr'><strong>uniuscujusque</strong></span> <span class='ocrx_word' id='word_1_113' title='bbox 3373 1236 3535 1291; x_wconf 90' lang='lat' dir='ltr'><strong>quam</strong></span> <span class='ocrx_word' id='word_1_114' title='bbox 3567 1219 3797 1276; x_wconf 83' lang='lat' dir='ltr'><strong>virtutes</strong></span> <span class='ocrx_word' id='word_1_115' title='bbox 3826 1220 4003 1275; x_wconf 48' lang='lat' dir='ltr'><strong>inten-</strong></span> 
     </span>
    </p>
   </div>
   <div class='ocr_carea' id='block_1_26' title="bbox 2421 1315 2614 1368">
    <p class='ocr_par' dir='ltr' id='par_1_26' title="bbox 2421 1315 2614 1368">
     <span class='ocr_line' id='line_1_27' title="bbox 2421 1315 2614 1368; baseline 0 0"><span class='ocrx_word' id='word_1_116' title='bbox 2421 1315 2614 1368; x_wconf 81' lang='lat' dir='ltr'><strong>dimus.</strong></span> 
     </span>
    </p>
   </div>
   <div class='ocr_carea' id='block_1_27' title="bbox 2493 1401 4003 1474">
    <p class='ocr_par' dir='ltr' id='par_1_27' title="bbox 2493 1401 4003 1474">
     <span class='ocr_line' id='line_1_28' title="bbox 2493 1401 4003 1474; baseline -0.002 -16"><span class='ocrx_word' id='word_1_117' title='bbox 2493 1407 2605 1459; x_wconf 64' lang='lat' dir='ltr'><strong>Non</strong></span> <span class='ocrx_word' id='word_1_118' title='bbox 2644 1405 2769 1474; x_wconf 91' lang='lat' dir='ltr'><strong>quid</strong></span> <span class='ocrx_word' id='word_1_119' title='bbox 2818 1404 2944 1459; x_wconf 86' lang='lat' dir='ltr'><strong>boui</strong></span> <span class='ocrx_word' id='word_1_120' title='bbox 2989 1406 3105 1474; x_wconf 84' lang='lat' dir='ltr'><strong>quis</strong></span> <span class='ocrx_word' id='word_1_121' title='bbox 3135 1404 3359 1471; x_wconf 76' lang='lat' dir='ltr'><strong>gesserit</strong></span> <span class='ocrx_word' id='word_1_122' title='bbox 3384 1417 3700 1473; x_wconf 82' lang='lat' dir='ltr'><strong>agnoscere,</strong></span> <span class='ocrx_word' id='word_1_123' title='bbox 3754 1401 3848 1456; x_wconf 83' lang='lat' dir='ltr'><strong>sed</strong></span> <span class='ocrx_word' id='word_1_124' title='bbox 3877 1402 4003 1471; x_wconf 79' lang='lat' dir='ltr'><strong>quid</strong></span> 
     </span>
    </p>
   </div>
   <div class='ocr_carea' id='block_1_28' title="bbox 2422 1497 3244 1563">
    <p class='ocr_par' dir='ltr' id='par_1_28' title="bbox 2422 1497 3244 1563">
     <span class='ocr_line' id='line_1_29' title="bbox 2422 1497 3244 1563; baseline -0.002 -14"><span class='ocrx_word' id='word_1_125' title='bbox 2422 1497 2548 1549; x_wconf 89' lang='lat' dir='ltr'><strong>mali</strong></span> <span class='ocrx_word' id='word_1_126' title='bbox 2578 1497 2801 1563; x_wconf 80' lang='lat' dir='ltr'><strong>gesserit</strong></span> <span class='ocrx_word' id='word_1_127' title='bbox 2828 1504 3244 1563; x_wconf 85' lang='lat' dir='ltr'><strong>perscrutamur.</strong></span> 
     </span>
    </p>
   </div>
   <div class='ocr_carea' id='block_1_29' title="bbox 2496 1584 4006 1653">
    <p class='ocr_par' dir='ltr' id='par_1_29' title="bbox 2496 1584 4006 1653">
     <span class='ocr_line' id='line_1_30' title="bbox 2496 1584 4006 1653; baseline -0.002 -14"><span class='ocrx_word' id='word_1_128' title='bbox 2496 1586 2611 1639; x_wconf 84' lang='lat' dir='ltr'><strong>Erit</strong></span> <span class='ocrx_word' id='word_1_129' title='bbox 2638 1597 2816 1640; x_wconf 86' lang='lat' dir='ltr'><strong>autem</strong></span> <span class='ocrx_word' id='word_1_130' title='bbox 2851 1586 2939 1640; x_wconf 91' lang='lat' dir='ltr'><strong>ille</strong></span> <span class='ocrx_word' id='word_1_131' title='bbox 2970 1585 3107 1653; x_wconf 87' lang='lat' dir='ltr'><strong>apud</strong></span> <span class='ocrx_word' id='word_1_132' title='bbox 3140 1584 3307 1638; x_wconf 79' lang='lat' dir='ltr'><strong>Deum</strong></span> <span class='ocrx_word' id='word_1_133' title='bbox 3334 1586 3744 1645; x_wconf 85' lang='lat' dir='ltr'><strong>condemnatus,</strong></span> <span class='ocrx_word' id='word_1_134' title='bbox 3788 1586 3883 1653; x_wconf 90' lang='lat' dir='ltr'><strong>qui</strong></span> <span class='ocrx_word' id='word_1_135' title='bbox 3912 1584 4006 1637; x_wconf 89' lang='lat' dir='ltr'><strong>ad-</strong></span> 
     </span>
    </p>
   </div>
   <div class='ocr_carea' id='block_1_30' title="bbox 2426 1674 4006 1735">
    <p class='ocr_par' dir='ltr' id='par_1_30' title="bbox 2426 1674 4006 1735">
     <span class='ocr_line' id='line_1_31' title="bbox 2426 1674 4006 1735; baseline -0.003 -4"><span class='ocrx_word' id='word_1_136' title='bbox 2426 1692 2614 1732; x_wconf 79' lang='lat' dir='ltr'><strong>versus</strong></span> <span class='ocrx_word' id='word_1_137' title='bbox 2670 1678 3011 1730; x_wconf 89' lang='lat' dir='ltr'><strong>innocentem</strong></span> <span class='ocrx_word' id='word_1_138' title='bbox 3068 1674 3256 1729; x_wconf 85' lang='lat' dir='ltr'><strong>falsum</strong></span> <span class='ocrx_word' id='word_1_139' title='bbox 3311 1675 3675 1730; x_wconf 84' lang='lat' dir='ltr'><strong>testimonium</strong></span> <span class='ocrx_word' id='word_1_140' title='bbox 3726 1676 3809 1728; x_wconf 81' lang='lat' dir='ltr'><strong>vel</strong></span> <span class='ocrx_word' id='word_1_141' title='bbox 3859 1675 4006 1735; x_wconf 88' lang='lat' dir='ltr'><strong>dicit,</strong></span> 
     </span>
    </p>
   </div>
   <div class='ocr_carea' id='block_1_31' title="bbox 2427 1765 4009 1835">
    <p class='ocr_par' dir='ltr' id='par_1_31' title="bbox 2427 1765 4009 1835">
     <span class='ocr_line' id='line_1_32' title="bbox 2427 1765 4009 1835; baseline -0.002 -14"><span class='ocrx_word' id='word_1_142' title='bbox 2427 1769 2510 1823; x_wconf 86' lang='lat' dir='ltr'><strong>vel</strong></span> <span class='ocrx_word' id='word_1_143' title='bbox 2562 1768 2861 1823; x_wconf 87' lang='lat' dir='ltr'><strong>dicentibus</strong></span> <span class='ocrx_word' id='word_1_144' title='bbox 2917 1767 3107 1822; x_wconf 86' lang='lat' dir='ltr'><strong>credit.</strong></span> <span class='ocrx_word' id='word_1_145' title='bbox 3175 1766 3408 1835; x_wconf 78' lang='lat' dir='ltr'><strong>[mprobi</strong></span> <span class='ocrx_word' id='word_1_146' title='bbox 3462 1765 3674 1835; x_wconf 89' lang='lat' dir='ltr'><strong>judiees</strong></span> <span class='ocrx_word' id='word_1_147' title='bbox 3727 1772 4009 1835; x_wconf 87' lang='lat' dir='ltr'><strong>opponunt</strong></span> 
     </span>
    </p>
   </div>
   <div class='ocr_carea' id='block_1_32' title="bbox 743 1851 2795 1932">
    <p class='ocr_par' dir='ltr' id='par_1_32' title="bbox 743 1851 2795 1932">
     <span class='ocr_line' id='line_1_33' title="bbox 743 1851 2795 1932; baseline -0.009 -15"><span class='ocrx_word' id='word_1_148' title='bbox 743 1862 1108 1932; x_wconf 79' lang='lat' dir='ltr'><strong>multipliciter</strong></span> <span class='ocrx_word' id='word_1_149' title='bbox 1139 1878 1152 1914; x_wconf 89' lang='lat'><strong>:</strong></span> <span class='ocrx_word' id='word_1_150' title='bbox 1184 1875 1290 1914; x_wconf 91' lang='lat' dir='ltr'><strong>non</strong></span> <span class='ocrx_word' id='word_1_151' title='bbox 1321 1866 1405 1913; x_wconf 89' lang='lat' dir='ltr'><strong>est</strong></span> <span class='ocrx_word' id='word_1_152' title='bbox 1434 1857 1529 1911; x_wconf 89' lang='lat' dir='ltr'><strong>tibi</strong></span> <span class='ocrx_word' id='word_1_153' title='bbox 1560 1854 1922 1910; x_wconf 90' lang='lat' dir='ltr'><strong>necessarium</strong></span> <span class='ocrx_word' id='word_1_154' title='bbox 1952 1865 2017 1906; x_wconf 90' lang='lat' dir='ltr'><strong>ea</strong></span> <span class='ocrx_word' id='word_1_155' title='bbox 2045 1864 2168 1919; x_wconf 74' lang='lat' dir='ltr'><strong>qua:</strong></span> <span class='ocrx_word' id='word_1_156' title='bbox 2197 1856 2321 1901; x_wconf 90' lang='lat' dir='ltr'><strong>sunt</strong></span> <span class='ocrx_word' id='word_1_157' title='bbox 2353 1851 2397 1911; x_wconf 82' lang='grc' dir='ltr'><strong>Β</strong></span> <span class='ocrx_word' id='word_1_158' title='bbox 2425 1858 2586 1915; x_wconf 54' lang='grc' dir='ltr'><strong>[διεοε</strong></span> <span class='ocrx_word' id='word_1_159' title='bbox 2610 1868 2795 1913; x_wconf 53' lang='lat' dir='ltr'><strong>gestes,</strong></span> 
     </span>
    </p>
   </div>
   <div class='ocr_carea' id='block_1_33' title="bbox 744 1947 2323 2012">
    <p class='ocr_par' dir='ltr' id='par_1_33' title="bbox 744 1947 2323 2012">
     <span class='ocr_line' id='line_1_34' title="bbox 744 1947 2323 2012; baseline -0.01 -3"><span class='ocrx_word' id='word_1_160' title='bbox 744 1953 1058 2009; x_wconf 87' lang='lat' dir='ltr'><strong>abscondita</strong></span> <span class='ocrx_word' id='word_1_161' title='bbox 1089 1950 1273 2005; x_wconf 85' lang='lat' dir='ltr'><strong>videre</strong></span> <span class='ocrx_word' id='word_1_162' title='bbox 1301 1949 1471 2004; x_wconf 90' lang='lat' dir='ltr'><strong>oculis</strong></span> <span class='ocrx_word' id='word_1_163' title='bbox 1498 1948 1621 2001; x_wconf 87' lang='lat' dir='ltr'><strong>tuis.</strong></span> <span class='ocrx_word' id='word_1_164' title='bbox 1657 1947 1733 2000; x_wconf 89' lang='lat' dir='ltr'><strong>De</strong></span> <span class='ocrx_word' id='word_1_165' title='bbox 1763 1958 1823 1998; x_wconf 91' lang='lat' dir='ltr'><strong>re</strong></span> <span class='ocrx_word' id='word_1_166' title='bbox 1864 1957 1929 1998; x_wconf 91' lang='lat' dir='ltr'><strong>ea</strong></span> <span class='ocrx_word' id='word_1_167' title='bbox 1956 1955 2076 2012; x_wconf 81' lang='lat' dir='ltr'><strong>qua:</strong></span> <span class='ocrx_word' id='word_1_168' title='bbox 2118 1950 2171 1995; x_wconf 86' lang='lat' dir='ltr'><strong>te</strong></span> <span class='ocrx_word' id='word_1_169' title='bbox 2214 1954 2323 1994; x_wconf 90' lang='lat' dir='ltr'><strong>non</strong></span> 
     </span>
    </p>
   </div>
   <div class='ocr_carea' id='block_1_34' title="bbox 745 2034 1827 2108">
    <p class='ocr_par' dir='ltr' id='par_1_34' title="bbox 745 2034 1827 2108">
     <span class='ocr_line' id='line_1_35' title="bbox 745 2034 1827 2108; baseline -0.012 -7"><span class='ocrx_word' id='word_1_170' title='bbox 745 2046 1016 2108; x_wconf 85' lang='lat' dir='ltr'><strong>molestat,</strong></span> <span class='ocrx_word' id='word_1_171' title='bbox 1050 2058 1118 2099; x_wconf 90' lang='lat' dir='ltr'><strong>ne</strong></span> <span class='ocrx_word' id='word_1_172' title='bbox 1145 2040 1441 2098; x_wconf 86' lang='lat' dir='ltr'><strong>certaveris</strong></span> <span class='ocrx_word' id='word_1_173' title='bbox 1469 2036 1698 2107; x_wconf 78' lang='lat' dir='ltr'><strong>(Eccles.</strong></span> <span class='ocrx_word' id='word_1_174' title='bbox 1725 2034 1827 2105; x_wconf 88' lang='grc' dir='ltr'><strong>ιιι).</strong></span> 
     </span>
    </p>
   </div>
   <div class='ocr_carea' id='block_1_35' title="bbox 1024 2148 1708 2189">
    <p class='ocr_par' dir='ltr' id='par_1_35' title="bbox 1024 2148 1708 2189">
     <span class='ocr_line' id='line_1_36' title="bbox 1024 2148 1708 2189; baseline -0.012 2"><span class='ocrx_word' id='word_1_175' title='bbox 1024 2178 1029 2181; x_wconf 58' lang='grc' dir='ltr'><strong><em>τ</em></strong></span> <span class='ocrx_word' id='word_1_176' title='bbox 1366 2148 1708 2189; x_wconf 72' lang='lat' dir='ltr'><strong>AUGUSTINUS.</strong></span> 
     </span>
    </p>
   </div>
   <div class='ocr_carea' id='block_1_36' title="bbox 815 2214 2324 2295">
    <p class='ocr_par' dir='ltr' id='par_1_36' title="bbox 815 2214 2324 2295">
     <span class='ocr_line' id='line_1_37' title="bbox 815 2214 2324 2295; baseline -0.01 -14"><span class='ocrx_word' id='word_1_177' title='bbox 815 2227 861 2281; x_wconf 78' lang='grc'><strong>0</strong></span> <span class='ocrx_word' id='word_1_178' title='bbox 885 2241 1043 2295; x_wconf 83' lang='lat' dir='ltr'><strong>quam</strong></span> <span class='ocrx_word' id='word_1_179' title='bbox 1086 2221 1597 2294; x_wconf 87' lang='lat' dir='ltr'><strong>irreprehensihiles</strong></span> <span class='ocrx_word' id='word_1_180' title='bbox 1625 2233 1748 2274; x_wconf 90' lang='lat' dir='ltr'><strong>esse</strong></span> <span class='ocrx_word' id='word_1_181' title='bbox 1774 2226 2111 2288; x_wconf 83' lang='lat' dir='ltr'><strong>poteramus,</strong></span> <span class='ocrx_word' id='word_1_182' title='bbox 2139 2214 2184 2269; x_wconf 91' lang='lat' dir='ltr'><strong>si</strong></span> <span class='ocrx_word' id='word_1_183' title='bbox 2214 2222 2324 2267; x_wconf 89' lang='lat' dir='ltr'><strong>tam</strong></span> 
     </span>
    </p>
   </div>
   <div class='ocr_carea' id='block_1_37' title="bbox 745 2305 2328 2383">
    <p class='ocr_par' dir='ltr' id='par_1_37' title="bbox 745 2305 2328 2383">
     <span class='ocr_line' id='line_1_38' title="bbox 745 2305 2328 2383; baseline -0.009 -13"><span class='ocrx_word' id='word_1_184' title='bbox 745 2317 1029 2383; x_wconf 77' lang='lat' dir='ltr'><strong>diligenter</strong></span> <span class='ocrx_word' id='word_1_185' title='bbox 1064 2321 1251 2368; x_wconf 86' lang='lat' dir='ltr'><strong>nostra</strong></span> <span class='ocrx_word' id='word_1_186' title='bbox 1293 2311 1425 2366; x_wconf 86' lang='lat' dir='ltr'><strong>vitia</strong></span> <span class='ocrx_word' id='word_1_187' title='bbox 1455 2322 1791 2374; x_wconf 83' lang='lat' dir='ltr'><strong>caveremus,</strong></span> <span class='ocrx_word' id='word_1_188' title='bbox 1843 2305 1985 2362; x_wconf 84' lang='lat' dir='ltr'><strong>sicut</strong></span> <span class='ocrx_word' id='word_1_189' title='bbox 2026 2310 2328 2359; x_wconf 86' lang='lat' dir='ltr'><strong>scrutamur</strong></span> 
     </span>
    </p>
   </div>
   <div class='ocr_carea' id='block_1_38' title="bbox 746 2410 943 2462">
    <p class='ocr_par' dir='ltr' id='par_1_38' title="bbox 746 2410 943 2462">
     <span class='ocr_line' id='line_1_39' title="bbox 746 2410 943 2462; baseline -0.01 0"><span class='ocrx_word' id='word_1_190' title='bbox 746 2410 943 2462; x_wconf 71' lang='lat' dir='ltr'><strong>ahena.</strong></span> 
     </span>
    </p>
   </div>
   <div class='ocr_carea' id='block_1_39' title="bbox 819 2486 2328 2566">
    <p class='ocr_par' dir='ltr' id='par_1_39' title="bbox 819 2486 2328 2566">
     <span class='ocr_line' id='line_1_40' title="bbox 819 2486 2328 2566; baseline -0.007 -15"><span class='ocrx_word' id='word_1_191' title='bbox 819 2497 925 2553; x_wconf 81' lang='lat' dir='ltr'><strong>Sed</strong></span> <span class='ocrx_word' id='word_1_192' title='bbox 948 2497 1073 2551; x_wconf 87' lang='lat' dir='ltr'><strong>hinc</strong></span> <span class='ocrx_word' id='word_1_193' title='bbox 1096 2505 1179 2552; x_wconf 88' lang='lat' dir='ltr'><strong>est</strong></span> <span class='ocrx_word' id='word_1_194' title='bbox 1202 2494 1348 2566; x_wconf 92' lang='lat' dir='ltr'><strong>quod</strong></span> <span class='ocrx_word' id='word_1_195' title='bbox 1376 2500 1565 2549; x_wconf 89' lang='lat' dir='ltr'><strong>nostra</strong></span> <span class='ocrx_word' id='word_1_196' title='bbox 1592 2490 1980 2555; x_wconf 83' lang='lat' dir='ltr'><strong>obliviscimur,</strong></span> <span class='ocrx_word' id='word_1_197' title='bbox 2002 2487 2129 2544; x_wconf 88' lang='lat' dir='ltr'><strong>dum</strong></span> <span class='ocrx_word' id='word_1_198' title='bbox 2152 2486 2328 2542; x_wconf 89' lang='lat' dir='ltr'><strong>aliena</strong></span> 
     </span>
    </p>
   </div>
   <div class='ocr_carea' id='block_1_40' title="bbox 747 2597 1069 2644">
    <p class='ocr_par' dir='ltr' id='par_1_40' title="bbox 747 2597 1069 2644">
     <span class='ocr_line' id='line_1_41' title="bbox 747 2597 1069 2644; baseline -0.006 0"><span class='ocrx_word' id='word_1_199' title='bbox 747 2597 1069 2644; x_wconf 70' lang='grc' dir='ltr'><strong>εετυιειηιυτ.</strong></span> 
     </span>
    </p>
   </div>
   <div class='ocr_carea' id='block_1_41' title="bbox 1367 2690 1718 2732">
    <p class='ocr_par' dir='ltr' id='par_1_41' title="bbox 1367 2690 1718 2732">
     <span class='ocr_line' id='line_1_42' title="bbox 1367 2690 1718 2732; baseline -0.006 0"><span class='ocrx_word' id='word_1_200' title='bbox 1367 2690 1718 2732; x_wconf 69' lang='lat' dir='ltr'><strong>IISRONYIIUI.</strong></span> 
     </span>
    </p>
   </div>
   <div class='ocr_carea' id='block_1_42' title="bbox 826 2764 2329 2838">
    <p class='ocr_par' dir='ltr' id='par_1_42' title="bbox 826 2764 2329 2838">
     <span class='ocr_line' id='line_1_43' title="bbox 826 2764 2329 2838; baseline -0.002 -17"><span class='ocrx_word' id='word_1_201' title='bbox 826 2768 926 2835; x_wconf 85' lang='lat' dir='ltr'><strong>Qui</strong></span> <span class='ocrx_word' id='word_1_202' title='bbox 954 2768 1217 2838; x_wconf 87' lang='lat' dir='ltr'><strong>proficere</strong></span> <span class='ocrx_word' id='word_1_203' title='bbox 1262 2767 1459 2829; x_wconf 90' lang='lat' dir='ltr'><strong>studet,</strong></span> <span class='ocrx_word' id='word_1_204' title='bbox 1494 2782 1600 2821; x_wconf 91' lang='lat' dir='ltr'><strong>non</strong></span> <span class='ocrx_word' id='word_1_205' title='bbox 1630 2764 1936 2822; x_wconf 74' lang='lat' dir='ltr'><strong>consideret</strong></span> <span class='ocrx_word' id='word_1_206' title='bbox 1958 2764 2103 2835; x_wconf 91' lang='lat' dir='ltr'><strong>quod</strong></span> <span class='ocrx_word' id='word_1_207' title='bbox 2129 2764 2329 2820; x_wconf 87' lang='lat' dir='ltr'><strong>malum</strong></span> 
     </span>
    </p>
   </div>
   <div class='ocr_carea' id='block_1_43' title="bbox 757 2856 2184 2929">
    <p class='ocr_par' dir='ltr' id='par_1_43' title="bbox 757 2856 2184 2929">
     <span class='ocr_line' id='line_1_44' title="bbox 757 2856 2184 2929; baseline -0.004 -14"><span class='ocrx_word' id='word_1_208' title='bbox 757 2862 848 2915; x_wconf 91' lang='lat' dir='ltr'><strong>alii</strong></span> <span class='ocrx_word' id='word_1_209' title='bbox 878 2860 1094 2925; x_wconf 61' lang='lat' dir='ltr'><strong>faciant,</strong></span> <span class='ocrx_word' id='word_1_210' title='bbox 1124 2859 1221 2915; x_wconf 87' lang='lat' dir='ltr'><strong>sed</strong></span> <span class='ocrx_word' id='word_1_211' title='bbox 1247 2859 1392 2929; x_wconf 91' lang='lat' dir='ltr'><strong>quod</strong></span> <span class='ocrx_word' id='word_1_212' title='bbox 1421 2860 1619 2914; x_wconf 89' lang='lat' dir='ltr'><strong>bonum</strong></span> <span class='ocrx_word' id='word_1_213' title='bbox 1650 2857 1740 2912; x_wconf 91' lang='lat' dir='ltr'><strong>ille</strong></span> <span class='ocrx_word' id='word_1_214' title='bbox 1770 2857 1947 2911; x_wconf 88' lang='lat' dir='ltr'><strong>facere</strong></span> <span class='ocrx_word' id='word_1_215' title='bbox 1972 2856 2184 2911; x_wconf 88' lang='lat' dir='ltr'><strong>debeat.</strong></span> 
     </span>
    </p>
   </div>
   <div class='ocr_carea' id='block_1_44' title="bbox 824 2943 2324 3018">
    <p class='ocr_par' dir='ltr' id='par_1_44' title="bbox 824 2943 2324 3018">
     <span class='ocr_line' id='line_1_45' title="bbox 824 2943 2324 3018; baseline -0.005 -13"><span class='ocrx_word' id='word_1_216' title='bbox 824 2951 1175 3006; x_wconf 88' lang='lat' dir='ltr'><strong>Commillere</strong></span> <span class='ocrx_word' id='word_1_217' title='bbox 1207 2950 1366 3018; x_wconf 89' lang='lat' dir='ltr'><strong>igitur</strong></span> <span class='ocrx_word' id='word_1_218' title='bbox 1391 2956 1601 3012; x_wconf 87' lang='lat' dir='ltr'><strong>caveat,</strong></span> <span class='ocrx_word' id='word_1_219' title='bbox 1633 2946 1727 3017; x_wconf 91' lang='lat' dir='ltr'><strong>qui</strong></span> <span class='ocrx_word' id='word_1_220' title='bbox 1756 2945 2160 3015; x_wconf 82' lang='lat' dir='ltr'><strong>reprehendere</strong></span> <span class='ocrx_word' id='word_1_221' title='bbox 2186 2943 2324 2998; x_wconf 90' lang='lat' dir='ltr'><strong>vult.</strong></span> 
     </span>
    </p>
   </div>
   <div class='ocr_carea' id='block_1_45' title="bbox 827 3034 2328 3108">
    <p class='ocr_par' dir='ltr' id='par_1_45' title="bbox 827 3034 2328 3108">
     <span class='ocr_line' id='line_1_46' title="bbox 827 3034 2328 3108; baseline -0.003 -15"><span class='ocrx_word' id='word_1_222' title='bbox 827 3039 1037 3093; x_wconf 84' lang='lat' dir='ltr'><strong>Sufficit</strong></span> <span class='ocrx_word' id='word_1_223' title='bbox 1066 3040 1222 3093; x_wconf 90' lang='lat' dir='ltr'><strong>nobis</strong></span> <span class='ocrx_word' id='word_1_224' title='bbox 1259 3038 1326 3093; x_wconf 91' lang='lat' dir='ltr'><strong>de</strong></span> <span class='ocrx_word' id='word_1_225' title='bbox 1353 3037 1701 3108; x_wconf 71' lang='lat' dir='ltr'><strong>prmsentibus</strong></span> <span class='ocrx_word' id='word_1_226' title='bbox 1730 3035 1890 3104; x_wconf 91' lang='lat' dir='ltr'><strong>hujus</strong></span> <span class='ocrx_word' id='word_1_227' title='bbox 1929 3034 2109 3091; x_wconf 73' lang='lat' dir='ltr'><strong>sasculi</strong></span> <span class='ocrx_word' id='word_1_228' title='bbox 2160 3048 2328 3104; x_wconf 85' lang='lat' dir='ltr'><strong>angu-</strong></span> 
     </span>
    </p>
   </div>
   <div class='ocr_carea' id='block_1_46' title="bbox 751 3130 1154 3197">
    <p class='ocr_par' dir='ltr' id='par_1_46' title="bbox 751 3130 1154 3197">
     <span class='ocr_line' id='line_1_47' title="bbox 751 3130 1154 3197; baseline -0.012 -11"><span class='ocrx_word' id='word_1_229' title='bbox 751 3130 869 3186; x_wconf 87' lang='lat' dir='ltr'><strong>stiis</strong></span> <span class='ocrx_word' id='word_1_230' title='bbox 898 3131 1154 3197; x_wconf 86' lang='lat' dir='ltr'><strong>cogitare.</strong></span> 
     </span>
    </p>
   </div>
   <div class='ocr_carea' id='block_1_47' title="bbox 3014 1964 3437 2021">
    <p class='ocr_par' dir='ltr' id='par_1_47' title="bbox 3014 1964 3437 2021">
     <span class='ocr_line' id='line_1_48' title="bbox 3014 1964 3437 2021; baseline -0.002 0"><span class='ocrx_word' id='word_1_231' title='bbox 3014 1964 3241 2021; x_wconf 69' lang='lat' dir='ltr'><strong>CAPLT</strong></span> <span class='ocrx_word' id='word_1_232' title='bbox 3276 1965 3437 2020; x_wconf 80' lang='lat' dir='ltr'><strong>LXX.</strong></span> 
     </span>
    </p>
   </div>
   <div class='ocr_carea' id='block_1_48' title="bbox 2848 2077 3601 2131">
    <p class='ocr_par' dir='ltr' id='par_1_48' title="bbox 2848 2077 3601 2131">
     <span class='ocr_line' id='line_1_49' title="bbox 2848 2077 3601 2131; baseline 0.001 -1"><span class='ocrx_word' id='word_1_233' title='bbox 2848 2077 2921 2130; x_wconf 84' lang='lat' dir='ltr'><strong>De</strong></span> <span class='ocrx_word' id='word_1_234' title='bbox 2942 2080 3225 2131; x_wconf 75' lang='lat' dir='ltr'><strong>utausuetia</strong></span> <span class='ocrx_word' id='word_1_235' title='bbox 3249 2086 3298 2131; x_wconf 82' lang='lat' dir='ltr'><strong>et</strong></span> <span class='ocrx_word' id='word_1_236' title='bbox 3327 2079 3601 2131; x_wconf 75' lang='lat' dir='ltr'><strong>timoratis.</strong></span> 
     </span>
    </p>
   </div>
   <div class='ocr_carea' id='block_1_49' title="bbox 3088 2228 3359 2266">
    <p class='ocr_par' dir='ltr' id='par_1_49' title="bbox 3088 2228 3359 2266">
     <span class='ocr_line' id='line_1_50' title="bbox 3088 2228 3359 2266; baseline 0.004 -1"><span class='ocrx_word' id='word_1_237' title='bbox 3088 2228 3359 2266; x_wconf 74' lang='lat' dir='ltr'><strong>CHRISTUS.</strong></span> 
     </span>
    </p>
   </div>
   <div class='ocr_carea' id='block_1_50' title="bbox 2498 2301 4019 2373">
    <p class='ocr_par' dir='ltr' id='par_1_50' title="bbox 2498 2301 4019 2373">
     <span class='ocr_line' id='line_1_51' title="bbox 2498 2301 4019 2373; baseline 0.001 -15"><span class='ocrx_word' id='word_1_238' title='bbox 2498 2301 2698 2359; x_wconf 87' lang='lat' dir='ltr'><strong>Discite</strong></span> <span class='ocrx_word' id='word_1_239' title='bbox 2746 2319 2777 2357; x_wconf 92' lang='lat' dir='ltr'><strong>a</strong></span> <span class='ocrx_word' id='word_1_240' title='bbox 2819 2319 2905 2359; x_wconf 89' lang='lat' dir='ltr'><strong>me</strong></span> <span class='ocrx_word' id='word_1_241' title='bbox 2954 2304 3075 2373; x_wconf 88' lang='lat' dir='ltr'><strong>quia</strong></span> <span class='ocrx_word' id='word_1_242' title='bbox 3147 2304 3288 2358; x_wconf 86' lang='lat' dir='ltr'><strong>mitis</strong></span> <span class='ocrx_word' id='word_1_243' title='bbox 3332 2319 3449 2360; x_wconf 83' lang='lat' dir='ltr'><strong>sum</strong></span> <span class='ocrx_word' id='word_1_244' title='bbox 3506 2312 3560 2358; x_wconf 92' lang='lat' dir='ltr'><strong>et</strong></span> <span class='ocrx_word' id='word_1_245' title='bbox 3609 2304 3825 2360; x_wconf 81' lang='lat' dir='ltr'><strong>humilis</strong></span> <span class='ocrx_word' id='word_1_246' title='bbox 3852 2305 4019 2362; x_wconf 81' lang='lat' dir='ltr'><strong>corde</strong></span> 
     </span>
    </p>
   </div>
   <div class='ocr_carea' id='block_1_51' title="bbox 2428 2395 2754 2469">
    <p class='ocr_par' dir='ltr' id='par_1_51' title="bbox 2428 2395 2754 2469">
     <span class='ocr_line' id='line_1_52' title="bbox 2428 2395 2754 2469; baseline -0.009 -18"><span class='ocrx_word' id='word_1_247' title='bbox 2428 2395 2642 2469; x_wconf 72' lang='lat' dir='ltr'><strong>(Matth.</strong></span> <span class='ocrx_word' id='word_1_248' title='bbox 2679 2399 2754 2463; x_wconf 91' lang='lat' dir='ltr'><strong>v).</strong></span> 
     </span>
    </p>
   </div>
   <div class='ocr_carea' id='block_1_52' title="bbox 2502 2489 3857 2560">
    <p class='ocr_par' dir='ltr' id='par_1_52' title="bbox 2502 2489 3857 2560">
     <span class='ocr_line' id='line_1_53' title="bbox 2502 2489 3857 2560; baseline 0.001 -16"><span class='ocrx_word' id='word_1_249' title='bbox 2502 2489 2650 2546; x_wconf 85' lang='lat' dir='ltr'><strong>Beati</strong></span> <span class='ocrx_word' id='word_1_250' title='bbox 2674 2489 2854 2559; x_wconf 84' lang='lat' dir='ltr'><strong>mites,</strong></span> <span class='ocrx_word' id='word_1_251' title='bbox 2882 2490 3135 2560; x_wconf 89' lang='lat' dir='ltr'><strong>quoniam</strong></span> <span class='ocrx_word' id='word_1_252' title='bbox 3160 2489 3261 2560; x_wconf 90' lang='lat' dir='ltr'><strong>ipsi</strong></span> <span class='ocrx_word' id='word_1_253' title='bbox 3290 2490 3638 2560; x_wconf 85' lang='lat' dir='ltr'><strong>possidebunt</strong></span> <span class='ocrx_word' id='word_1_254' title='bbox 3658 2500 3857 2545; x_wconf 89' lang='lat' dir='ltr'><strong>terram</strong></span> 
     </span>
    </p>
   </div>
   <div class='ocr_carea' id='block_1_53' title="bbox 3116 2596 3334 2635">
    <p class='ocr_par' dir='ltr' id='par_1_53' title="bbox 3116 2596 3334 2635">
     <span class='ocr_line' id='line_1_54' title="bbox 3116 2596 3334 2635; baseline 0.009 -2"><span class='ocrx_word' id='word_1_255' title='bbox 3116 2596 3334 2635; x_wconf 74' lang='lat' dir='ltr'><strong>PAULUS.</strong></span> 
     </span>
    </p>
   </div>
   <div class='ocr_carea' id='block_1_54' title="bbox 2502 2669 4013 2741">
    <p class='ocr_par' dir='ltr' id='par_1_54' title="bbox 2502 2669 4013 2741">
     <span class='ocr_line' id='line_1_55' title="bbox 2502 2669 4013 2741; baseline -0.001 -15"><span class='ocrx_word' id='word_1_256' title='bbox 2502 2670 2766 2739; x_wconf 89' lang='lat' dir='ltr'><strong>Corripite</strong></span> <span class='ocrx_word' id='word_1_257' title='bbox 2802 2669 3068 2739; x_wconf 90' lang='lat' dir='ltr'><strong>inquietos</strong></span> <span class='ocrx_word' id='word_1_258' title='bbox 3093 2670 3445 2724; x_wconf 88' lang='lat' dir='ltr'><strong>consolamini</strong></span> <span class='ocrx_word' id='word_1_259' title='bbox 3476 2670 3868 2741; x_wconf 87' lang='lat' dir='ltr'><strong>pusillanimes,</strong></span> <span class='ocrx_word' id='word_1_260' title='bbox 3894 2687 4013 2727; x_wconf 90' lang='lat' dir='ltr'><strong>om-</strong></span> 
     </span>
    </p>
   </div>
   <div class='ocr_carea' id='block_1_55' title="bbox 2434 2761 4020 2823">
    <p class='ocr_par' dir='ltr' id='par_1_55' title="bbox 2434 2761 4020 2823">
     <span class='ocr_line' id='line_1_56' title="bbox 2434 2761 4020 2823; baseline -0.001 -4"><span class='ocrx_word' id='word_1_261' title='bbox 2434 2779 2556 2819; x_wconf 91' lang='lat' dir='ltr'><strong>nem</strong></span> <span class='ocrx_word' id='word_1_262' title='bbox 2590 2763 2950 2823; x_wconf 88' lang='lat' dir='ltr'><strong>ostendentes</strong></span> <span class='ocrx_word' id='word_1_263' title='bbox 2995 2762 3460 2818; x_wconf 89' lang='lat' dir='ltr'><strong>mansuetudinem</strong></span> <span class='ocrx_word' id='word_1_264' title='bbox 3492 2763 3559 2816; x_wconf 90' lang='lat' dir='ltr'><strong>ad</strong></span> <span class='ocrx_word' id='word_1_265' title='bbox 3617 2778 3806 2818; x_wconf 85' lang='lat' dir='ltr'><strong>omnes</strong></span> <span class='ocrx_word' id='word_1_266' title='bbox 3845 2761 4020 2819; x_wconf 79' lang='lat' dir='ltr'><strong>homi-</strong></span> 
     </span>
    </p>
   </div>
   <div class='ocr_carea' id='block_1_56' title="bbox 2433 2852 2874 2924">
    <p class='ocr_par' dir='ltr' id='par_1_56' title="bbox 2433 2852 2874 2924">
     <span class='ocr_line' id='line_1_57' title="bbox 2433 2852 2874 2924; baseline -0.005 -15"><span class='ocrx_word' id='word_1_267' title='bbox 2433 2871 2529 2910; x_wconf 88' lang='lat' dir='ltr'><strong>nes</strong></span> <span class='ocrx_word' id='word_1_268' title='bbox 2558 2852 2760 2924; x_wconf 82' lang='lat' dir='ltr'><strong>(Thess.</strong></span> <span class='ocrx_word' id='word_1_269' title='bbox 2797 2852 2874 2922; x_wconf 83' lang='lat' dir='ltr'><strong>v).</strong></span> 
     </span>
    </p>
   </div>
   <div class='ocr_carea' id='block_1_57' title="bbox 3094 2960 3355 2999">
    <p class='ocr_par' dir='ltr' id='par_1_57' title="bbox 3094 2960 3355 2999">
     <span class='ocr_line' id='line_1_58' title="bbox 3094 2960 3355 2999; baseline 0 0"><span class='ocrx_word' id='word_1_270' title='bbox 3094 2960 3355 2999; x_wconf 65' lang='lat' dir='ltr'><strong>BALOIION.</strong></span> 
     </span>
    </p>
   </div>
   <div class='ocr_carea' id='block_1_58' title="bbox 2504 3035 4018 3107">
    <p class='ocr_par' dir='ltr' id='par_1_58' title="bbox 2504 3035 4018 3107">
     <span class='ocr_line' id='line_1_59' title="bbox 2504 3035 4018 3107; baseline 0.002 -17"><span class='ocrx_word' id='word_1_271' title='bbox 2504 3036 2756 3091; x_wconf 90' lang='lat' dir='ltr'><strong>lllusores</strong></span> <span class='ocrx_word' id='word_1_272' title='bbox 2804 3035 3062 3091; x_wconf 88' lang='lat' dir='ltr'><strong>Dominus</strong></span> <span class='ocrx_word' id='word_1_273' title='bbox 3108 3036 3340 3104; x_wconf 88' lang='lat' dir='ltr'><strong>deridet,</strong></span> <span class='ocrx_word' id='word_1_274' title='bbox 3387 3037 3683 3092; x_wconf 89' lang='lat' dir='ltr'><strong>mansuetis</strong></span> <span class='ocrx_word' id='word_1_275' title='bbox 3724 3036 4018 3107; x_wconf 85' lang='lat' dir='ltr'><strong>dahitgra-</strong></span> 
     </span>
    </p>
   </div>
   <div class='ocr_carea' id='block_1_59' title="bbox 2434 3127 2903 3197">
    <p class='ocr_par' dir='ltr' id='par_1_59' title="bbox 2434 3127 2903 3197">
     <span class='ocr_line' id='line_1_60' title="bbox 2434 3127 2903 3197; baseline -0.004 -15"><span class='ocrx_word' id='word_1_276' title='bbox 2434 3128 2562 3183; x_wconf 87' lang='lat' dir='ltr'><strong>tiam</strong></span> <span class='ocrx_word' id='word_1_277' title='bbox 2592 3127 2771 3197; x_wconf 84' lang='lat' dir='ltr'><strong>(Prov.</strong></span> <span class='ocrx_word' id='word_1_278' title='bbox 2802 3130 2903 3196; x_wconf 82' lang='lat' dir='ltr'><strong>Ill).</strong></span> 
     </span>
    </p>
   </div>
   <div class='ocr_carea' id='block_1_60' title="bbox 824 3188 4020 3292">
    <p class='ocr_par' dir='ltr' id='par_1_60' title="bbox 824 3188 4020 3292">
     <span class='ocr_line' id='line_1_61' title="bbox 824 3188 4020 3292; baseline 0.001 -17"><span class='ocrx_word' id='word_1_279' title='bbox 824 3188 1206 3286; x_wconf 41' lang='lat' dir='ltr'><strong>Quidvnecesse</strong></span> <span class='ocrx_word' id='word_1_280' title='bbox 1225 3226 1307 3273; x_wconf 90' lang='lat' dir='ltr'><strong>est</strong></span> <span class='ocrx_word' id='word_1_281' title='bbox 1331 3234 1544 3274; x_wconf 88' lang='lat' dir='ltr'><strong>sensum</strong></span> <span class='ocrx_word' id='word_1_282' title='bbox 1563 3218 1625 3272; x_wconf 87' lang='lat' dir='ltr'><strong>ad</strong></span> <span class='ocrx_word' id='word_1_283' title='bbox 1651 3218 1854 3273; x_wconf 91' lang='lat' dir='ltr'><strong>incerta</strong></span> <span class='ocrx_word' id='word_1_284' title='bbox 1877 3226 1932 3272; x_wconf 93' lang='lat' dir='ltr'><strong>et</strong></span> <span class='ocrx_word' id='word_1_285' title='bbox 1954 3217 2121 3272; x_wconf 84' lang='lat' dir='ltr'><strong>futura</strong></span> <span class='ocrx_word' id='word_1_286' title='bbox 2140 3226 2326 3273; x_wconf 85' lang='lat' dir='ltr'><strong>exten-</strong></span> <span class='ocrx_word' id='word_1_287' title='bbox 2353 3188 2402 3250; x_wconf 64' lang='grc' dir='ltr'><strong>θ</strong></span> <span class='ocrx_word' id='word_1_288' title='bbox 2510 3188 2613 3284; x_wconf 84' lang='lat' dir='ltr'><strong>Qui</strong></span> <span class='ocrx_word' id='word_1_289' title='bbox 2659 3219 2835 3275; x_wconf 90' lang='lat' dir='ltr'><strong>mollis</strong></span> <span class='ocrx_word' id='word_1_290' title='bbox 2865 3188 2933 3273; x_wconf 42' lang='lat' dir='ltr'><strong>&#39;et</strong></span> <span class='ocrx_word' id='word_1_291' title='bbox 2961 3218 3251 3273; x_wconf 87' lang='lat' dir='ltr'><strong>dissolutus</strong></span> <span class='ocrx_word' id='word_1_292' title='bbox 3280 3229 3363 3275; x_wconf 90' lang='lat' dir='ltr'><strong>est</strong></span> <span class='ocrx_word' id='word_1_293' title='bbox 3413 3220 3467 3276; x_wconf 90' lang='lat' dir='ltr'><strong>in</strong></span> <span class='ocrx_word' id='word_1_294' title='bbox 3492 3236 3659 3292; x_wconf 91' lang='lat' dir='ltr'><strong>opere</strong></span> <span class='ocrx_word' id='word_1_295' title='bbox 3685 3238 3807 3288; x_wconf 90' lang='lat' dir='ltr'><strong>suo,</strong></span> <span class='ocrx_word' id='word_1_296' title='bbox 3856 3223 4020 3278; x_wconf 86' lang='lat' dir='ltr'><strong>frater</strong></span> 
     </span>
    </p>
   </div>
   <div class='ocr_carea' id='block_1_61' title="bbox 754 3309 2328 3379">
    <p class='ocr_par' dir='ltr' id='par_1_61' title="bbox 754 3309 2328 3379">
     <span class='ocr_line' id='line_1_62' title="bbox 754 3309 2328 3379; baseline -0.001 -14"><span class='ocrx_word' id='word_1_297' title='bbox 754 3310 921 3365; x_wconf 88' lang='lat' dir='ltr'><strong>dere?</strong></span> <span class='ocrx_word' id='word_1_298' title='bbox 949 3325 1070 3379; x_wconf 80' lang='lat' dir='ltr'><strong>qua:</strong></span> <span class='ocrx_word' id='word_1_299' title='bbox 1098 3319 1190 3364; x_wconf 90' lang='lat' dir='ltr'><strong>aut</strong></span> <span class='ocrx_word' id='word_1_300' title='bbox 1216 3309 1472 3379; x_wconf 87' lang='lat' dir='ltr'><strong>consequi</strong></span> <span class='ocrx_word' id='word_1_301' title='bbox 1502 3325 1609 3364; x_wconf 89' lang='lat' dir='ltr'><strong>non</strong></span> <span class='ocrx_word' id='word_1_302' title='bbox 1648 3323 1955 3378; x_wconf 85' lang='lat' dir='ltr'><strong>possumus,</strong></span> <span class='ocrx_word' id='word_1_303' title='bbox 1988 3318 2079 3364; x_wconf 90' lang='lat' dir='ltr'><strong>aut</strong></span> <span class='ocrx_word' id='word_1_304' title='bbox 2104 3309 2212 3365; x_wconf 90' lang='lat' dir='ltr'><strong>cito</strong></span> <span class='ocrx_word' id='word_1_305' title='bbox 2242 3309 2328 3364; x_wconf 78' lang='lat' dir='ltr'><strong>iu-</strong></span> 
     </span>
    </p>
   </div>
   <div class='ocr_carea' id='block_1_62' title="bbox 759 3402 1242 3470">
    <p class='ocr_par' dir='ltr' id='par_1_62' title="bbox 759 3402 1242 3470">
     <span class='ocr_line' id='line_1_63' title="bbox 759 3402 1242 3470; baseline 0.006 -15"><span class='ocrx_word' id='word_1_306' title='bbox 759 3411 916 3456; x_wconf 86' lang='lat' dir='ltr'><strong>venta</strong></span> <span class='ocrx_word' id='word_1_307' title='bbox 949 3402 1242 3470; x_wconf 88' lang='lat' dir='ltr'><strong>perdimus.</strong></span> 
     </span>
    </p>
   </div>
   <div class='ocr_carea' id='block_1_63' title="bbox 829 3493 2328 3564">
    <p class='ocr_par' dir='ltr' id='par_1_63' title="bbox 829 3493 2328 3564">
     <span class='ocr_line' id='line_1_64' title="bbox 829 3493 2328 3564; baseline 0.001 -18"><span class='ocrx_word' id='word_1_308' title='bbox 829 3493 931 3559; x_wconf 85' lang='lat' dir='ltr'><strong>Qui</strong></span> <span class='ocrx_word' id='word_1_309' title='bbox 972 3507 1101 3564; x_wconf 87' lang='lat' dir='ltr'><strong>ergo</strong></span> <span class='ocrx_word' id='word_1_310' title='bbox 1135 3493 1201 3547; x_wconf 90' lang='lat' dir='ltr'><strong>de</strong></span> <span class='ocrx_word' id='word_1_311' title='bbox 1243 3493 1436 3548; x_wconf 89' lang='lat' dir='ltr'><strong>futuris</strong></span> <span class='ocrx_word' id='word_1_312' title='bbox 1477 3508 1576 3548; x_wconf 90' lang='lat' dir='ltr'><strong>nos</strong></span> <span class='ocrx_word' id='word_1_313' title='bbox 1605 3496 1845 3561; x_wconf 87' lang='lat' dir='ltr'><strong>cogitare</strong></span> <span class='ocrx_word' id='word_1_314' title='bbox 1878 3493 2166 3561; x_wconf 90' lang='lat' dir='ltr'><strong>prohibuit,</strong></span> <span class='ocrx_word' id='word_1_315' title='bbox 2197 3508 2328 3548; x_wconf 89' lang='lat' dir='ltr'><strong>con-</strong></span> 
     </span>
    </p>
   </div>
   <div class='ocr_carea' id='block_1_64' title="bbox 760 3585 2332 3655">
    <p class='ocr_par' dir='ltr' id='par_1_64' title="bbox 760 3585 2332 3655">
     <span class='ocr_line' id='line_1_65' title="bbox 760 3585 2332 3655; baseline -0.001 -15"><span class='ocrx_word' id='word_1_316' title='bbox 760 3586 923 3640; x_wconf 88' lang='lat' dir='ltr'><strong>cessit</strong></span> <span class='ocrx_word' id='word_1_317' title='bbox 954 3600 1144 3640; x_wconf 89' lang='lat' dir='ltr'><strong>curare</strong></span> <span class='ocrx_word' id='word_1_318' title='bbox 1189 3586 1257 3640; x_wconf 90' lang='lat' dir='ltr'><strong>de</strong></span> <span class='ocrx_word' id='word_1_319' title='bbox 1299 3585 1652 3655; x_wconf 63' lang='lat' dir='ltr'><strong>praesentibus</strong></span> <span class='ocrx_word' id='word_1_320' title='bbox 1689 3595 1910 3655; x_wconf 89' lang='lat' dir='ltr'><strong>propter</strong></span> <span class='ocrx_word' id='word_1_321' title='bbox 1935 3586 2181 3640; x_wconf 75' lang='lat' dir='ltr'><strong>humana:</strong></span> <span class='ocrx_word' id='word_1_322' title='bbox 2213 3586 2332 3639; x_wconf 69' lang='lat' dir='ltr'><strong>vita:</strong></span> 
     </span>
    </p>
   </div>
   <div class='ocr_carea' id='block_1_65' title="bbox 761 3677 1127 3743">
    <p class='ocr_par' dir='ltr' id='par_1_65' title="bbox 761 3677 1127 3743">
     <span class='ocr_line' id='line_1_66' title="bbox 761 3677 1127 3743; baseline 0.003 -13"><span class='ocrx_word' id='word_1_323' title='bbox 761 3677 1127 3743; x_wconf 89' lang='lat' dir='ltr'><strong>fragilitatem.</strong></span> 
     </span>
    </p>
   </div>
   <div class='ocr_carea' id='block_1_66' title="bbox 832 3769 2332 3841">
    <p class='ocr_par' dir='ltr' id='par_1_66' title="bbox 832 3769 2332 3841">
     <span class='ocr_line' id='line_1_67' title="bbox 832 3769 2332 3841; baseline 0 -17"><span class='ocrx_word' id='word_1_324' title='bbox 832 3770 1044 3825; x_wconf 71' lang='lat' dir='ltr'><strong>Sufzicit</strong></span> <span class='ocrx_word' id='word_1_325' title='bbox 1067 3770 1221 3825; x_wconf 91' lang='lat' dir='ltr'><strong>nobis</strong></span> <span class='ocrx_word' id='word_1_326' title='bbox 1244 3779 1433 3825; x_wconf 91' lang='lat' dir='ltr'><strong>contra</strong></span> <span class='ocrx_word' id='word_1_327' title='bbox 1483 3770 1741 3825; x_wconf 89' lang='lat' dir='ltr'><strong>malitiam</strong></span> <span class='ocrx_word' id='word_1_328' title='bbox 1774 3769 1934 3841; x_wconf 87' lang='lat' dir='ltr'><strong>hujus</strong></span> <span class='ocrx_word' id='word_1_329' title='bbox 1971 3774 2151 3825; x_wconf 67' lang='lat' dir='ltr'><strong>sazcull</strong></span> <span class='ocrx_word' id='word_1_330' title='bbox 2194 3784 2332 3841; x_wconf 78' lang='lat' dir='ltr'><strong>pra:-</strong></span> 
     </span>
    </p>
   </div>
   <div class='ocr_carea' id='block_1_67' title="bbox 758 3863 1427 3919">
    <p class='ocr_par' dir='ltr' id='par_1_67' title="bbox 758 3863 1427 3919">
     <span class='ocr_line' id='line_1_68' title="bbox 758 3863 1427 3919; baseline -0.003 -1"><span class='ocrx_word' id='word_1_331' title='bbox 758 3878 884 3918; x_wconf 84' lang='lat' dir='ltr'><strong>sens</strong></span> <span class='ocrx_word' id='word_1_332' title='bbox 913 3863 1111 3919; x_wconf 87' lang='lat' dir='ltr'><strong>habere</strong></span> <span class='ocrx_word' id='word_1_333' title='bbox 1137 3872 1427 3918; x_wconf 88' lang='lat' dir='ltr'><strong>certamen.</strong></span> 
     </span>
    </p>
   </div>
   <div class='ocr_carea' id='block_1_68' title="bbox 1406 3967 1708 4008">
    <p class='ocr_par' dir='ltr' id='par_1_68' title="bbox 1406 3967 1708 4008">
     <span class='ocr_line' id='line_1_69' title="bbox 1406 3967 1708 4008; baseline 0.003 -1"><span class='ocrx_word' id='word_1_334' title='bbox 1406 3967 1708 4008; x_wconf 70' lang='lat' dir='ltr'><strong>ANBROSIUS.</strong></span> 
     </span>
    </p>
   </div>
   <div class='ocr_carea' id='block_1_69' title="bbox 837 4041 2335 4114">
    <p class='ocr_par' dir='ltr' id='par_1_69' title="bbox 837 4041 2335 4114">
     <span class='ocr_line' id='line_1_70' title="bbox 837 4041 2335 4114; baseline 0.003 -19"><span class='ocrx_word' id='word_1_335' title='bbox 837 4042 1042 4097; x_wconf 88' lang='lat' dir='ltr'><strong>Tandiu</strong></span> <span class='ocrx_word' id='word_1_336' title='bbox 1071 4043 1213 4098; x_wconf 89' lang='lat' dir='ltr'><strong>enim</strong></span> <span class='ocrx_word' id='word_1_337' title='bbox 1244 4044 1364 4113; x_wconf 90' lang='lat' dir='ltr'><strong>quis</strong></span> <span class='ocrx_word' id='word_1_338' title='bbox 1383 4056 1604 4114; x_wconf 85' lang='lat' dir='ltr'><strong>peccata</strong></span> <span class='ocrx_word' id='word_1_339' title='bbox 1631 4060 1726 4099; x_wconf 89' lang='lat' dir='ltr'><strong>sua</strong></span> <span class='ocrx_word' id='word_1_340' title='bbox 1747 4059 1863 4113; x_wconf 81' lang='lat' dir='ltr'><strong>quae</strong></span> <span class='ocrx_word' id='word_1_341' title='bbox 1906 4045 2183 4112; x_wconf 81' lang='lat' dir='ltr'><strong>cognoscit</strong></span> <span class='ocrx_word' id='word_1_342' title='bbox 2206 4041 2335 4100; x_wconf 82' lang='lat' dir='ltr'><strong>flere</strong></span> 
     </span>
    </p>
   </div>
   <div class='ocr_carea' id='block_1_70' title="bbox 764 4135 2011 4205">
    <p class='ocr_par' dir='ltr' id='par_1_70' title="bbox 764 4135 2011 4205">
     <span class='ocr_line' id='line_1_71' title="bbox 764 4135 2011 4205; baseline 0.003 -17"><span class='ocrx_word' id='word_1_343' title='bbox 764 4135 814 4188; x_wconf 69' lang='lat' dir='ltr'><strong>dc</strong></span> <span class='ocrx_word' id='word_1_344' title='bbox 834 4135 946 4200; x_wconf 90' lang='lat' dir='ltr'><strong>bet,</strong></span> <span class='ocrx_word' id='word_1_345' title='bbox 977 4136 1216 4205; x_wconf 87' lang='lat' dir='ltr'><strong>quandiu</strong></span> <span class='ocrx_word' id='word_1_346' title='bbox 1245 4138 1457 4192; x_wconf 86' lang='lat' dir='ltr'><strong>curiose</strong></span> <span class='ocrx_word' id='word_1_347' title='bbox 1487 4138 1659 4193; x_wconf 88' lang='lat' dir='ltr'><strong>aliena</strong></span> <span class='ocrx_word' id='word_1_348' title='bbox 1686 4136 2011 4193; x_wconf 88' lang='lat' dir='ltr'><strong>considerat.</strong></span> 
     </span>
    </p>
   </div>
   <div class='ocr_carea' id='block_1_71' title="bbox 838 4228 2331 4298">
    <p class='ocr_par' dir='ltr' id='par_1_71' title="bbox 838 4228 2331 4298">
     <span class='ocr_line' id='line_1_72' title="bbox 838 4228 2331 4298; baseline 0.002 -18"><span class='ocrx_word' id='word_1_349' title='bbox 838 4228 992 4293; x_wconf 85' lang='lat' dir='ltr'><strong>Quod</strong></span> <span class='ocrx_word' id='word_1_350' title='bbox 1016 4228 1062 4281; x_wconf 93' lang='lat' dir='ltr'><strong>si</strong></span> <span class='ocrx_word' id='word_1_351' title='bbox 1084 4242 1262 4283; x_wconf 90' lang='lat' dir='ltr'><strong>mores</strong></span> <span class='ocrx_word' id='word_1_352' title='bbox 1281 4244 1407 4283; x_wconf 88' lang='lat' dir='ltr'><strong>suos</strong></span> <span class='ocrx_word' id='word_1_353' title='bbox 1428 4228 1494 4282; x_wconf 89' lang='lat' dir='ltr'><strong>ad</strong></span> <span class='ocrx_word' id='word_1_354' title='bbox 1515 4229 1752 4297; x_wconf 90' lang='lat' dir='ltr'><strong>seipsum</strong></span> <span class='ocrx_word' id='word_1_355' title='bbox 1774 4243 2065 4283; x_wconf 88' lang='lat' dir='ltr'><strong>conversus</strong></span> <span class='ocrx_word' id='word_1_356' title='bbox 2089 4229 2331 4298; x_wconf 89' lang='lat' dir='ltr'><strong>aspiciat,</strong></span> 
     </span>
    </p>
   </div>
   <div class='ocr_carea' id='block_1_72' title="bbox 769 4316 2334 4389">
    <p class='ocr_par' dir='ltr' id='par_1_72' title="bbox 769 4316 2334 4389">
     <span class='ocr_line' id='line_1_73' title="bbox 769 4316 2334 4389; baseline 0.003 -21"><span class='ocrx_word' id='word_1_357' title='bbox 769 4333 875 4369; x_wconf 89' lang='lat' dir='ltr'><strong>non</strong></span> <span class='ocrx_word' id='word_1_358' title='bbox 904 4316 1128 4385; x_wconf 89' lang='lat' dir='ltr'><strong>requirit</strong></span> <span class='ocrx_word' id='word_1_359' title='bbox 1154 4317 1298 4385; x_wconf 87' lang='lat' dir='ltr'><strong>quod</strong></span> <span class='ocrx_word' id='word_1_360' title='bbox 1328 4318 1380 4371; x_wconf 89' lang='lat' dir='ltr'><strong>in</strong></span> <span class='ocrx_word' id='word_1_361' title='bbox 1418 4317 1536 4371; x_wconf 89' lang='lat' dir='ltr'><strong>aliis</strong></span> <span class='ocrx_word' id='word_1_362' title='bbox 1564 4319 1680 4386; x_wconf 90' lang='lat' dir='ltr'><strong>ipse</strong></span> <span class='ocrx_word' id='word_1_363' title='bbox 1706 4317 2011 4389; x_wconf 86' lang='lat' dir='ltr'><strong>specialiter</strong></span> <span class='ocrx_word' id='word_1_364' title='bbox 2038 4320 2334 4389; x_wconf 88' lang='lat' dir='ltr'><strong>reprehen-</strong></span> 
     </span>
    </p>
   </div>
   <div class='ocr_carea' id='block_1_73' title="bbox 764 4409 1685 4481">
    <p class='ocr_par' dir='ltr' id='par_1_73' title="bbox 764 4409 1685 4481">
     <span class='ocr_line' id='line_1_74' title="bbox 764 4409 1685 4481; baseline 0.001 -17"><span class='ocrx_word' id='word_1_365' title='bbox 764 4411 874 4475; x_wconf 87' lang='lat' dir='ltr'><strong>dat,</strong></span> <span class='ocrx_word' id='word_1_366' title='bbox 898 4410 993 4465; x_wconf 84' lang='lat' dir='ltr'><strong>sed</strong></span> <span class='ocrx_word' id='word_1_367' title='bbox 1019 4409 1087 4465; x_wconf 92' lang='lat' dir='ltr'><strong>de</strong></span> <span class='ocrx_word' id='word_1_368' title='bbox 1113 4411 1291 4480; x_wconf 90' lang='lat' dir='ltr'><strong>seipso</strong></span> <span class='ocrx_word' id='word_1_369' title='bbox 1319 4410 1459 4481; x_wconf 90' lang='lat' dir='ltr'><strong>quod</strong></span> <span class='ocrx_word' id='word_1_370' title='bbox 1489 4411 1685 4478; x_wconf 77' lang='lat' dir='ltr'><strong>lugeat.</strong></span> 
     </span>
    </p>
   </div>
   <div class='ocr_carea' id='block_1_74' title="bbox 1396 4523 1707 4565">
    <p class='ocr_par' dir='ltr' id='par_1_74' title="bbox 1396 4523 1707 4565">
     <span class='ocr_line' id='line_1_75' title="bbox 1396 4523 1707 4565; baseline 0.006 -3"><span class='ocrx_word' id='word_1_371' title='bbox 1396 4523 1707 4565; x_wconf 74' lang='lat' dir='ltr'><strong>CREGOIIIUS.</strong></span> 
     </span>
    </p>
   </div>
   <div class='ocr_carea' id='block_1_75' title="bbox 837 4595 2336 4663">
    <p class='ocr_par' dir='ltr' id='par_1_75' title="bbox 837 4595 2336 4663">
     <span class='ocr_line' id='line_1_76' title="bbox 837 4595 2336 4663; baseline 0.003 -15"><span class='ocrx_word' id='word_1_372' title='bbox 837 4595 941 4650; x_wconf 78' lang='lat' dir='ltr'><strong>Nos</strong></span> <span class='ocrx_word' id='word_1_373' title='bbox 964 4609 1091 4663; x_wconf 89' lang='lat' dir='ltr'><strong>ergo</strong></span> <span class='ocrx_word' id='word_1_374' title='bbox 1119 4604 1327 4651; x_wconf 87' lang='lat' dir='ltr'><strong>tantum</strong></span> <span class='ocrx_word' id='word_1_375' title='bbox 1353 4600 1528 4653; x_wconf 89' lang='lat' dir='ltr'><strong>minus</strong></span> <span class='ocrx_word' id='word_1_376' title='bbox 1553 4599 1809 4653; x_wconf 89' lang='lat' dir='ltr'><strong>debemus</strong></span> <span class='ocrx_word' id='word_1_377' title='bbox 1834 4598 2007 4654; x_wconf 90' lang='lat' dir='ltr'><strong>aliena</strong></span> <span class='ocrx_word' id='word_1_378' title='bbox 2038 4598 2199 4653; x_wconf 90' lang='lat' dir='ltr'><strong>corda</strong></span> <span class='ocrx_word' id='word_1_379' title='bbox 2237 4614 2336 4652; x_wconf 88' lang='lat' dir='ltr'><strong>au-</strong></span> 
     </span>
    </p>
   </div>
   <div class='ocr_carea' id='block_1_76' title="bbox 769 4687 2337 4761">
    <p class='ocr_par' dir='ltr' id='par_1_76' title="bbox 769 4687 2337 4761">
     <span class='ocr_line' id='line_1_77' title="bbox 769 4687 2337 4761; baseline 0.004 -21"><span class='ocrx_word' id='word_1_380' title='bbox 769 4687 972 4741; x_wconf 88' lang='lat' dir='ltr'><strong>daciter</strong></span> <span class='ocrx_word' id='word_1_381' title='bbox 1014 4690 1427 4758; x_wconf 88' lang='lat' dir='ltr'><strong>reprehendere,</strong></span> <span class='ocrx_word' id='word_1_382' title='bbox 1458 4699 1718 4759; x_wconf 90' lang='lat' dir='ltr'><strong>quantum</strong></span> <span class='ocrx_word' id='word_1_383' title='bbox 1749 4708 1855 4745; x_wconf 90' lang='lat' dir='ltr'><strong>non</strong></span> <span class='ocrx_word' id='word_1_384' title='bbox 1897 4707 2185 4761; x_wconf 88' lang='lat' dir='ltr'><strong>possumus</strong></span> <span class='ocrx_word' id='word_1_385' title='bbox 2224 4692 2337 4748; x_wconf 87' lang='lat' dir='ltr'><strong>visu</strong></span> 
     </span>
    </p>
   </div>
   <div class='ocr_carea' id='block_1_77' title="bbox 770 4779 2126 4847">
    <p class='ocr_par' dir='ltr' id='par_1_77' title="bbox 770 4779 2126 4847">
     <span class='ocr_line' id='line_1_78' title="bbox 770 4779 2126 4847; baseline 0.003 -15"><span class='ocrx_word' id='word_1_386' title='bbox 770 4786 951 4833; x_wconf 91' lang='lat' dir='ltr'><strong>nostro</strong></span> <span class='ocrx_word' id='word_1_387' title='bbox 980 4779 1165 4833; x_wconf 73' lang='lat' dir='ltr'><strong>aliena:</strong></span> <span class='ocrx_word' id='word_1_388' title='bbox 1193 4781 1531 4847; x_wconf 78' lang='lat' dir='ltr'><strong>cogitationis</strong></span> <span class='ocrx_word' id='word_1_389' title='bbox 1558 4781 1806 4836; x_wconf 87' lang='lat' dir='ltr'><strong>tenebras</strong></span> <span class='ocrx_word' id='word_1_390' title='bbox 1832 4782 2126 4836; x_wconf 89' lang='lat' dir='ltr'><strong>illustrare.</strong></span> 
     </span>
    </p>
   </div>
   <div class='ocr_carea' id='block_1_78' title="bbox 842 4869 2334 4944">
    <p class='ocr_par' dir='ltr' id='par_1_78' title="bbox 842 4869 2334 4944">
     <span class='ocr_line' id='line_1_79' title="bbox 842 4869 2334 4944; baseline 0.005 -21"><span class='ocrx_word' id='word_1_391' title='bbox 842 4870 951 4924; x_wconf 79' lang='lat' dir='ltr'><strong>Nec</strong></span> <span class='ocrx_word' id='word_1_392' title='bbox 994 4869 1236 4939; x_wconf 87' lang='lat' dir='ltr'><strong>profecto</strong></span> <span class='ocrx_word' id='word_1_393' title='bbox 1265 4871 1470 4927; x_wconf 89' lang='lat' dir='ltr'><strong>diluere</strong></span> <span class='ocrx_word' id='word_1_394' title='bbox 1506 4873 1680 4927; x_wconf 78' lang='lat' dir='ltr'><strong>aliena</strong></span> <span class='ocrx_word' id='word_1_395' title='bbox 1720 4872 1914 4928; x_wconf 85' lang='lat' dir='ltr'><strong>delicta</strong></span> <span class='ocrx_word' id='word_1_396' title='bbox 1961 4874 2125 4940; x_wconf 88' lang='lat' dir='ltr'><strong>valet,</strong></span> <span class='ocrx_word' id='word_1_397' title='bbox 2175 4889 2334 4944; x_wconf 89' lang='lat' dir='ltr'><strong>quem</strong></span> 
     </span>
    </p>
   </div>
   <div class='ocr_carea' id='block_1_79' title="bbox 769 4959 1507 5029">
    <p class='ocr_par' dir='ltr' id='par_1_79' title="bbox 769 4959 1507 5029">
     <span class='ocr_line' id='line_1_80' title="bbox 769 4959 1507 5029; baseline 0.003 -17"><span class='ocrx_word' id='word_1_398' title='bbox 769 4959 942 5014; x_wconf 83' lang='lat' dir='ltr'><strong>adhuc</strong></span> <span class='ocrx_word' id='word_1_399' title='bbox 969 4960 1181 5029; x_wconf 86' lang='lat' dir='ltr'><strong>propria</strong></span> <span class='ocrx_word' id='word_1_400' title='bbox 1207 4960 1507 5016; x_wconf 83' lang='lat' dir='ltr'><strong>devastant.</strong></span> 
     </span>
    </p>
   </div>
   <div class='ocr_carea' id='block_1_80' title="bbox 1430 5068 1684 5108">
    <p class='ocr_par' dir='ltr' id='par_1_80' title="bbox 1430 5068 1684 5108">
     <span class='ocr_line' id='line_1_81' title="bbox 1430 5068 1684 5108; baseline 0.008 -2"><span class='ocrx_word' id='word_1_401' title='bbox 1430 5068 1684 5108; x_wconf 77' lang='lat' dir='ltr'><strong>ISIDOBUS.</strong></span> 
     </span>
    </p>
   </div>
   <div class='ocr_carea' id='block_1_81' title="bbox 844 5140 2052 5213">
    <p class='ocr_par' dir='ltr' id='par_1_81' title="bbox 844 5140 2052 5213">
     <span class='ocr_line' id='line_1_82' title="bbox 844 5140 2052 5213; baseline 0.006 -20"><span class='ocrx_word' id='word_1_402' title='bbox 844 5143 915 5195; x_wconf 83' lang='lat' dir='ltr'><strong>De</strong></span> <span class='ocrx_word' id='word_1_403' title='bbox 944 5141 1084 5195; x_wconf 91' lang='lat' dir='ltr'><strong>malo</strong></span> <span class='ocrx_word' id='word_1_404' title='bbox 1113 5140 1287 5197; x_wconf 87' lang='lat' dir='ltr'><strong>alieno</strong></span> <span class='ocrx_word' id='word_1_405' title='bbox 1317 5157 1379 5197; x_wconf 89' lang='lat' dir='ltr'><strong>os</strong></span> <span class='ocrx_word' id='word_1_406' title='bbox 1408 5152 1554 5197; x_wconf 90' lang='lat' dir='ltr'><strong>tuum</strong></span> <span class='ocrx_word' id='word_1_407' title='bbox 1586 5160 1689 5197; x_wconf 89' lang='lat' dir='ltr'><strong>non</strong></span> <span class='ocrx_word' id='word_1_408' title='bbox 1717 5146 2052 5213; x_wconf 89' lang='lat' dir='ltr'><strong>coinquiues.</strong></span> 
     </span>
    </p>
   </div>
   <div class='ocr_carea' id='block_1_82' title="bbox 841 5228 1714 5293">
    <p class='ocr_par' dir='ltr' id='par_1_82' title="bbox 841 5228 1714 5293">
     <span class='ocr_line' id='line_1_83' title="bbox 841 5228 1714 5293; baseline 0.009 -12"><span class='ocrx_word' id='word_1_409' title='bbox 841 5228 979 5283; x_wconf 84' lang='lat' dir='ltr'><strong>Vitia</strong></span> <span class='ocrx_word' id='word_1_410' title='bbox 1006 5239 1114 5293; x_wconf 89' lang='lat' dir='ltr'><strong>tua,</strong></span> <span class='ocrx_word' id='word_1_411' title='bbox 1144 5246 1252 5285; x_wconf 92' lang='lat' dir='ltr'><strong>non</strong></span> <span class='ocrx_word' id='word_1_412' title='bbox 1282 5231 1453 5286; x_wconf 88' lang='lat' dir='ltr'><strong>aliena</strong></span> <span class='ocrx_word' id='word_1_413' title='bbox 1479 5234 1714 5289; x_wconf 87' lang='lat' dir='ltr'><strong>attende.</strong></span> 
     </span>
    </p>
   </div>
   <div class='ocr_carea' id='block_1_83' title="bbox 844 5321 2035 5388">
    <p class='ocr_par' dir='ltr' id='par_1_83' title="bbox 844 5321 2035 5388">
     <span class='ocr_line' id='line_1_84' title="bbox 844 5321 2035 5388; baseline 0.007 -15"><span class='ocrx_word' id='word_1_414' title='bbox 844 5321 915 5375; x_wconf 88' lang='lat' dir='ltr'><strong>De</strong></span> <span class='ocrx_word' id='word_1_415' title='bbox 947 5328 1033 5374; x_wconf 89' lang='lat' dir='ltr'><strong>tua</strong></span> <span class='ocrx_word' id='word_1_416' title='bbox 1060 5322 1222 5388; x_wconf 80' lang='lat' dir='ltr'><strong>igitur</strong></span> <span class='ocrx_word' id='word_1_417' title='bbox 1242 5324 1581 5379; x_wconf 91' lang='lat' dir='ltr'><strong>correctione</strong></span> <span class='ocrx_word' id='word_1_418' title='bbox 1612 5334 1729 5380; x_wconf 89' lang='lat' dir='ltr'><strong>esto</strong></span> <span class='ocrx_word' id='word_1_419' title='bbox 1752 5325 2035 5381; x_wconf 87' lang='lat' dir='ltr'><strong>sollicitus.</strong></span> 
     </span>
    </p>
   </div>
   <div class='ocr_carea' id='block_1_84' title="bbox 845 5412 2334 5482">
    <p class='ocr_par' dir='ltr' id='par_1_84' title="bbox 845 5412 2334 5482">
     <span class='ocr_line' id='line_1_85' title="bbox 845 5412 2334 5482; baseline 0.008 -19"><span class='ocrx_word' id='word_1_420' title='bbox 845 5412 918 5465; x_wconf 89' lang='lat' dir='ltr'><strong>De</strong></span> <span class='ocrx_word' id='word_1_421' title='bbox 948 5420 1037 5464; x_wconf 91' lang='lat' dir='ltr'><strong>tua</strong></span> <span class='ocrx_word' id='word_1_422' title='bbox 1069 5412 1226 5482; x_wconf 78' lang='lat' dir='ltr'><strong>igitur</strong></span> <span class='ocrx_word' id='word_1_423' title='bbox 1254 5414 1426 5468; x_wconf 89' lang='lat' dir='ltr'><strong>salute</strong></span> <span class='ocrx_word' id='word_1_424' title='bbox 1452 5424 1506 5468; x_wconf 89' lang='lat' dir='ltr'><strong>et</strong></span> <span class='ocrx_word' id='word_1_425' title='bbox 1525 5417 1898 5471; x_wconf 87' lang='lat' dir='ltr'><strong>emendatione</strong></span> <span class='ocrx_word' id='word_1_426' title='bbox 1926 5428 2045 5473; x_wconf 86' lang='lat' dir='ltr'><strong>esto</strong></span> <span class='ocrx_word' id='word_1_427' title='bbox 2073 5427 2334 5475; x_wconf 90' lang='lat' dir='ltr'><strong>attentus.</strong></span> 
     </span>
    </p>
   </div>
   <div class='ocr_carea' id='block_1_85' title="bbox 842 5502 2049 5577">
    <p class='ocr_par' dir='ltr' id='par_1_85' title="bbox 842 5502 2049 5577">
     <span class='ocr_line' id='line_1_86' title="bbox 842 5502 2049 5577; baseline 0.006 -23"><span class='ocrx_word' id='word_1_428' title='bbox 842 5502 995 5569; x_wconf 84' lang='lat' dir='ltr'><strong>Quod</strong></span> <span class='ocrx_word' id='word_1_429' title='bbox 1025 5503 1091 5556; x_wconf 87' lang='lat' dir='ltr'><strong>ad</strong></span> <span class='ocrx_word' id='word_1_430' title='bbox 1121 5514 1171 5558; x_wconf 90' lang='lat' dir='ltr'><strong>te</strong></span> <span class='ocrx_word' id='word_1_431' title='bbox 1202 5521 1306 5559; x_wconf 90' lang='lat' dir='ltr'><strong>non</strong></span> <span class='ocrx_word' id='word_1_432' title='bbox 1340 5506 1592 5575; x_wconf 89' lang='lat' dir='ltr'><strong>pertinet,</strong></span> <span class='ocrx_word' id='word_1_433' title='bbox 1625 5508 1732 5561; x_wconf 89' lang='lat' dir='ltr'><strong>noli</strong></span> <span class='ocrx_word' id='word_1_434' title='bbox 1762 5508 2049 5577; x_wconf 82' lang='lat' dir='ltr'><strong>inquirere.</strong></span> 
     </span>
    </p>
   </div>
   <div class='ocr_carea' id='block_1_86' title="bbox 840 5593 2336 5669">
    <p class='ocr_par' dir='ltr' id='par_1_86' title="bbox 840 5593 2336 5669">
     <span class='ocr_line' id='line_1_87' title="bbox 840 5593 2336 5669; baseline 0.007 -22"><span class='ocrx_word' id='word_1_435' title='bbox 840 5593 991 5660; x_wconf 84' lang='lat' dir='ltr'><strong>Quod</strong></span> <span class='ocrx_word' id='word_1_436' title='bbox 1016 5594 1154 5647; x_wconf 90' lang='lat' dir='ltr'><strong>inter</strong></span> <span class='ocrx_word' id='word_1_437' title='bbox 1172 5610 1229 5649; x_wconf 89' lang='lat' dir='ltr'><strong>se</strong></span> <span class='ocrx_word' id='word_1_438' title='bbox 1250 5596 1541 5668; x_wconf 88' lang='lat' dir='ltr'><strong>loquuntur</strong></span> <span class='ocrx_word' id='word_1_439' title='bbox 1562 5598 1827 5667; x_wconf 87' lang='lat' dir='ltr'><strong>homines,</strong></span> <span class='ocrx_word' id='word_1_440' title='bbox 1850 5612 2177 5669; x_wconf 80' lang='lat' dir='ltr'><strong>cognoscere</strong></span> <span class='ocrx_word' id='word_1_441' title='bbox 2200 5619 2336 5657; x_wconf 84' lang='lat' dir='ltr'><strong>nun-</strong></span> 
     </span>
    </p>
   </div>
   <div class='ocr_carea' id='block_1_87' title="bbox 774 5684 1249 5755">
    <p class='ocr_par' dir='ltr' id='par_1_87' title="bbox 774 5684 1249 5755">
     <span class='ocr_line' id='line_1_88' title="bbox 774 5684 1249 5755; baseline 0.002 -15"><span class='ocrx_word' id='word_1_442' title='bbox 774 5701 931 5755; x_wconf 83' lang='lat' dir='ltr'><strong>quam</strong></span> <span class='ocrx_word' id='word_1_443' title='bbox 959 5684 1249 5741; x_wconf 83' lang='lat' dir='ltr'><strong>desideres.</strong></span> 
     </span>
    </p>
   </div>
   <div class='ocr_carea' id='block_1_88' title="bbox 842 5777 2333 5853">
    <p class='ocr_par' dir='ltr' id='par_1_88' title="bbox 842 5777 2333 5853">
     <span class='ocr_line' id='line_1_89' title="bbox 842 5777 2333 5853; baseline 0.007 -21"><span class='ocrx_word' id='word_1_444' title='bbox 842 5777 954 5832; x_wconf 58' lang='lat' dir='ltr'><strong>Soli</strong></span> <span class='ocrx_word' id='word_1_445' title='bbox 987 5794 1228 5847; x_wconf 64' lang='lat' dir='ltr'><strong>quaerere</strong></span> <span class='ocrx_word' id='word_1_446' title='bbox 1257 5780 1381 5848; x_wconf 87' lang='lat' dir='ltr'><strong>quid</strong></span> <span class='ocrx_word' id='word_1_447' title='bbox 1416 5784 1639 5853; x_wconf 81' lang='lat' dir='ltr'><strong>quisque</strong></span> <span class='ocrx_word' id='word_1_448' title='bbox 1677 5784 1813 5839; x_wconf 65' lang='lat' dir='ltr'><strong>dies!</strong></span> <span class='ocrx_word' id='word_1_449' title='bbox 1855 5787 1935 5843; x_wconf 57' lang='lat' dir='ltr'><strong>xei</strong></span> <span class='ocrx_word' id='word_1_450' title='bbox 1969 5787 2143 5842; x_wconf 67' lang='lat' dir='ltr'><strong>faciat.</strong></span> <span class='ocrx_word' id='word_1_451' title='bbox 2184 5788 2333 5843; x_wconf 72' lang='lat' dir='ltr'><strong>Evita</strong></span> 
     </span>
    </p>
   </div>
   <div class='ocr_carea' id='block_1_89' title="bbox 2438 3309 3554 3380">
    <p class='ocr_par' dir='ltr' id='par_1_89' title="bbox 2438 3309 3554 3380">
     <span class='ocr_line' id='line_1_90' title="bbox 2438 3309 3554 3380; baseline 0.003 -16"><span class='ocrx_word' id='word_1_452' title='bbox 2438 3320 2521 3364; x_wconf 88' lang='lat' dir='ltr'><strong>est</strong></span> <span class='ocrx_word' id='word_1_453' title='bbox 2540 3324 2636 3363; x_wconf 90' lang='lat' dir='ltr'><strong>sua</strong></span> <span class='ocrx_word' id='word_1_454' title='bbox 2660 3325 2821 3379; x_wconf 89' lang='lat' dir='ltr'><strong>opera</strong></span> <span class='ocrx_word' id='word_1_455' title='bbox 2844 3309 3149 3379; x_wconf 88' lang='lat' dir='ltr'><strong>dissipautis</strong></span> <span class='ocrx_word' id='word_1_456' title='bbox 3172 3309 3350 3379; x_wconf 83' lang='lat' dir='ltr'><strong>(Prov.</strong></span> <span class='ocrx_word' id='word_1_457' title='bbox 3382 3321 3554 3380; x_wconf 80' lang='lat' dir='ltr'><strong>xvm).</strong></span> 
     </span>
    </p>
   </div>
   <div class='ocr_carea' id='block_1_90' title="bbox 2508 3398 4019 3472">
    <p class='ocr_par' dir='ltr' id='par_1_90' title="bbox 2508 3398 4019 3472">
     <span class='ocr_line' id='line_1_91' title="bbox 2508 3398 4019 3472; baseline 0.005 -19"><span class='ocrx_word' id='word_1_458' title='bbox 2508 3400 2641 3453; x_wconf 81' lang='lat' dir='ltr'><strong>Cum</strong></span> <span class='ocrx_word' id='word_1_459' title='bbox 2682 3400 2823 3454; x_wconf 88' lang='lat' dir='ltr'><strong>enim</strong></span> <span class='ocrx_word' id='word_1_460' title='bbox 2862 3400 2931 3453; x_wconf 88' lang='lat' dir='ltr'><strong>sit</strong></span> <span class='ocrx_word' id='word_1_461' title='bbox 2980 3398 3168 3454; x_wconf 84' lang='lat' dir='ltr'><strong>timida</strong></span> <span class='ocrx_word' id='word_1_462' title='bbox 3210 3402 3467 3472; x_wconf 89' lang='lat' dir='ltr'><strong>nequitia,</strong></span> <span class='ocrx_word' id='word_1_463' title='bbox 3510 3403 3604 3458; x_wconf 89' lang='lat' dir='ltr'><strong>dat</strong></span> <span class='ocrx_word' id='word_1_464' title='bbox 3653 3404 4019 3461; x_wconf 86' lang='lat' dir='ltr'><strong>testimonium</strong></span> 
     </span>
    </p>
   </div>
   <div class='ocr_carea' id='block_1_91' title="bbox 2438 3488 3263 3559">
    <p class='ocr_par' dir='ltr' id='par_1_91' title="bbox 2438 3488 3263 3559">
     <span class='ocr_line' id='line_1_92' title="bbox 2438 3488 3263 3559; baseline 0.002 -16"><span class='ocrx_word' id='word_1_465' title='bbox 2438 3488 2900 3544; x_wconf 86' lang='lat' dir='ltr'><strong>condemnationis</strong></span> <span class='ocrx_word' id='word_1_466' title='bbox 2924 3490 3072 3559; x_wconf 86' lang='lat' dir='ltr'><strong>(Sap.</strong></span> <span class='ocrx_word' id='word_1_467' title='bbox 3106 3492 3263 3559; x_wconf 84' lang='lat' dir='ltr'><strong>xvu).</strong></span> 
     </span>
    </p>
   </div>
   <div class='ocr_carea' id='block_1_92' title="bbox 2509 3578 4019 3651">
    <p class='ocr_par' dir='ltr' id='par_1_92' title="bbox 2509 3578 4019 3651">
     <span class='ocr_line' id='line_1_93' title="bbox 2509 3578 4019 3651; baseline 0.008 -20"><span class='ocrx_word' id='word_1_468' title='bbox 2509 3578 2733 3648; x_wconf 88' lang='lat' dir='ltr'><strong>Semper</strong></span> <span class='ocrx_word' id='word_1_469' title='bbox 2784 3580 2925 3634; x_wconf 92' lang='lat' dir='ltr'><strong>enim</strong></span> <span class='ocrx_word' id='word_1_470' title='bbox 2966 3581 3240 3651; x_wconf 67' lang='lat' dir='ltr'><strong>praesumit</strong></span> <span class='ocrx_word' id='word_1_471' title='bbox 3274 3598 3415 3639; x_wconf 66' lang='lat' dir='ltr'><strong>saeva</strong></span> <span class='ocrx_word' id='word_1_472' title='bbox 3446 3585 3657 3641; x_wconf 88' lang='lat' dir='ltr'><strong>turbata</strong></span> <span class='ocrx_word' id='word_1_473' title='bbox 3690 3590 4019 3645; x_wconf 81' lang='lat' dir='ltr'><strong>conscientia</strong></span> 
     </span>
    </p>
   </div>
   <div class='ocr_carea' id='block_1_93' title="bbox 2440 3668 2650 3740">
    <p class='ocr_par' dir='ltr' id='par_1_93' title="bbox 2440 3668 2650 3740">
     <span class='ocr_line' id='line_1_94' title="bbox 2440 3668 2650 3740; baseline 0.005 -18"><span class='ocrx_word' id='word_1_474' title='bbox 2440 3668 2650 3740; x_wconf 56' lang='grc' dir='ltr'><strong>(ιω).</strong></span> 
     </span>
    </p>
   </div>
   <div class='ocr_carea' id='block_1_94' title="bbox 3045 3779 3424 3820">
    <p class='ocr_par' dir='ltr' id='par_1_94' title="bbox 3045 3779 3424 3820">
     <span class='ocr_line' id='line_1_95' title="bbox 3045 3779 3424 3820; baseline 0 -3"><span class='ocrx_word' id='word_1_475' title='bbox 3045 3779 3195 3819; x_wconf 65' lang='grc' dir='ltr'><strong>διευς</strong></span> <span class='ocrx_word' id='word_1_476' title='bbox 3219 3780 3424 3820; x_wconf 74' lang='lat' dir='ltr'><strong>SIIIACII.</strong></span> 
     </span>
    </p>
   </div>
   <div class='ocr_carea' id='block_1_95' title="bbox 2510 3849 4021 3923">
    <p class='ocr_par' dir='ltr' id='par_1_95' title="bbox 2510 3849 4021 3923">
     <span class='ocr_line' id='line_1_96' title="bbox 2510 3849 4021 3923; baseline 0.009 -20"><span class='ocrx_word' id='word_1_477' title='bbox 2510 3849 2684 3906; x_wconf 82' lang='lat' dir='ltr'><strong>Homo</strong></span> <span class='ocrx_word' id='word_1_478' title='bbox 2723 3851 2996 3923; x_wconf 80' lang='lat' dir='ltr'><strong>linguosus</strong></span> <span class='ocrx_word' id='word_1_479' title='bbox 3026 3864 3081 3910; x_wconf 92' lang='lat' dir='ltr'><strong>et</strong></span> <span class='ocrx_word' id='word_1_480' title='bbox 3118 3857 3435 3913; x_wconf 87' lang='lat' dir='ltr'><strong>temerarius</strong></span> <span class='ocrx_word' id='word_1_481' title='bbox 3459 3856 3512 3911; x_wconf 90' lang='lat' dir='ltr'><strong>in</strong></span> <span class='ocrx_word' id='word_1_482' title='bbox 3542 3860 3707 3915; x_wconf 86' lang='lat' dir='ltr'><strong>verbo</strong></span> <span class='ocrx_word' id='word_1_483' title='bbox 3728 3875 3829 3917; x_wconf 86' lang='lat' dir='ltr'><strong>suo</strong></span> <span class='ocrx_word' id='word_1_484' title='bbox 3854 3863 4021 3919; x_wconf 82' lang='lat' dir='ltr'><strong>odibi-</strong></span> 
     </span>
    </p>
   </div>
   <div class='ocr_carea' id='block_1_96' title="bbox 2440 3941 2627 3998">
    <p class='ocr_par' dir='ltr' id='par_1_96' title="bbox 2440 3941 2627 3998">
     <span class='ocr_line' id='line_1_97' title="bbox 2440 3941 2627 3998; baseline -0.005 -3"><span class='ocrx_word' id='word_1_485' title='bbox 2440 3941 2506 3998; x_wconf 89' lang='lat' dir='ltr'><strong>lis</strong></span> <span class='ocrx_word' id='word_1_486' title='bbox 2525 3950 2627 3996; x_wconf 89' lang='lat' dir='ltr'><strong>est.</strong></span> 
     </span>
    </p>
   </div>
   <div class='ocr_carea' id='block_1_97' title="bbox 3051 4056 3395 4098">
    <p class='ocr_par' dir='ltr' id='par_1_97' title="bbox 3051 4056 3395 4098">
     <span class='ocr_line' id='line_1_98' title="bbox 3051 4056 3395 4098; baseline 0 -2"><span class='ocrx_word' id='word_1_487' title='bbox 3051 4056 3395 4098; x_wconf 69' lang='lat' dir='ltr'><strong>AUGUSTINUS.</strong></span> 
     </span>
    </p>
   </div>
   <div class='ocr_carea' id='block_1_98' title="bbox 2512 4133 4023 4208">
    <p class='ocr_par' dir='ltr' id='par_1_98' title="bbox 2512 4133 4023 4208">
     <span class='ocr_line' id='line_1_99' title="bbox 2512 4133 4023 4208; baseline 0.007 -19"><span class='ocrx_word' id='word_1_488' title='bbox 2512 4133 2644 4190; x_wconf 88' lang='lat' dir='ltr'><strong>Cum</strong></span> <span class='ocrx_word' id='word_1_489' title='bbox 2684 4135 2791 4191; x_wconf 89' lang='lat' dir='ltr'><strong>sint</strong></span> <span class='ocrx_word' id='word_1_490' title='bbox 2837 4137 3081 4193; x_wconf 87' lang='lat' dir='ltr'><strong>homines</strong></span> <span class='ocrx_word' id='word_1_491' title='bbox 3121 4153 3217 4207; x_wconf 89' lang='lat' dir='ltr'><strong>per</strong></span> <span class='ocrx_word' id='word_1_492' title='bbox 3243 4137 3600 4208; x_wconf 88' lang='lat' dir='ltr'><strong>iniquitatem,</strong></span> <span class='ocrx_word' id='word_1_493' title='bbox 3640 4138 3926 4198; x_wconf 85' lang='lat' dir='ltr'><strong>inferiores</strong></span> <span class='ocrx_word' id='word_1_494' title='bbox 3967 4160 4023 4199; x_wconf 89' lang='lat' dir='ltr'><strong>se</strong></span> 
     </span>
    </p>
   </div>
   <div class='ocr_carea' id='block_1_99' title="bbox 2442 4230 3253 4298">
    <p class='ocr_par' dir='ltr' id='par_1_99' title="bbox 2442 4230 3253 4298">
     <span class='ocr_line' id='line_1_100' title="bbox 2442 4230 3253 4298; baseline 0.004 -17"><span class='ocrx_word' id='word_1_495' title='bbox 2442 4237 2633 4298; x_wconf 82' lang='lat' dir='ltr'><strong>putant</strong></span> <span class='ocrx_word' id='word_1_496' title='bbox 2660 4230 2906 4285; x_wconf 89' lang='lat' dir='ltr'><strong>omnibus</strong></span> <span class='ocrx_word' id='word_1_497' title='bbox 2927 4230 3253 4285; x_wconf 90' lang='lat' dir='ltr'><strong>hominibus.</strong></span> 
     </span>
    </p>
   </div>
   <div class='ocr_carea' id='block_1_100' title="bbox 2520 4321 4023 4388">
    <p class='ocr_par' dir='ltr' id='par_1_100' title="bbox 2520 4321 4023 4388">
     <span class='ocr_line' id='line_1_101' title="bbox 2520 4321 4023 4388; baseline 0.004 -11"><span class='ocrx_word' id='word_1_498' title='bbox 2520 4322 2870 4378; x_wconf 85' lang='lat' dir='ltr'><strong>Mansuetudo</strong></span> <span class='ocrx_word' id='word_1_499' title='bbox 2898 4338 3005 4377; x_wconf 88' lang='lat' dir='ltr'><strong>non</strong></span> <span class='ocrx_word' id='word_1_500' title='bbox 3042 4338 3109 4378; x_wconf 73' lang='lat' dir='ltr'><strong>CX</strong></span> <span class='ocrx_word' id='word_1_501' title='bbox 3138 4323 3435 4388; x_wconf 88' lang='lat' dir='ltr'><strong>voluntate,</strong></span> <span class='ocrx_word' id='word_1_502' title='bbox 3480 4321 3573 4380; x_wconf 88' lang='lat' dir='ltr'><strong>sed</strong></span> <span class='ocrx_word' id='word_1_503' title='bbox 3605 4338 3672 4380; x_wconf 80' lang='lat' dir='ltr'><strong>ex</strong></span> <span class='ocrx_word' id='word_1_504' title='bbox 3701 4333 3892 4381; x_wconf 87' lang='lat' dir='ltr'><strong>natura</strong></span> <span class='ocrx_word' id='word_1_505' title='bbox 3924 4331 4023 4383; x_wconf 75' lang='lat' dir='ltr'><strong>h0-</strong></span> 
     </span>
    </p>
   </div>
   <div class='ocr_carea' id='block_1_101' title="bbox 2442 4413 2839 4470">
    <p class='ocr_par' dir='ltr' id='par_1_101' title="bbox 2442 4413 2839 4470">
     <span class='ocr_line' id='line_1_102' title="bbox 2442 4413 2839 4470; baseline -0.008 0"><span class='ocrx_word' id='word_1_506' title='bbox 2442 4417 2643 4470; x_wconf 89' lang='lat' dir='ltr'><strong>minum</strong></span> <span class='ocrx_word' id='word_1_507' title='bbox 2672 4413 2839 4467; x_wconf 88' lang='lat' dir='ltr'><strong>venit.</strong></span> 
     </span>
    </p>
   </div>
   <div class='ocr_carea' id='block_1_102' title="bbox 2516 4506 4019 4581">
    <p class='ocr_par' dir='ltr' id='par_1_102' title="bbox 2516 4506 4019 4581">
     <span class='ocr_line' id='line_1_103' title="bbox 2516 4506 4019 4581; baseline 0.001 -17"><span class='ocrx_word' id='word_1_508' title='bbox 2516 4508 2570 4564; x_wconf 78' lang='grc' dir='ltr'><strong>ιιι</strong></span> <span class='ocrx_word' id='word_1_509' title='bbox 2614 4506 3021 4562; x_wconf 88' lang='lat' dir='ltr'><strong>mansuetudine</strong></span> <span class='ocrx_word' id='word_1_510' title='bbox 3050 4522 3214 4578; x_wconf 88' lang='lat' dir='ltr'><strong>opera</strong></span> <span class='ocrx_word' id='word_1_511' title='bbox 3264 4514 3352 4562; x_wconf 91' lang='lat' dir='ltr'><strong>tua</strong></span> <span class='ocrx_word' id='word_1_512' title='bbox 3379 4506 3598 4578; x_wconf 80' lang='lat' dir='ltr'><strong>perﬁce,</strong></span> <span class='ocrx_word' id='word_1_513' title='bbox 3648 4518 3701 4564; x_wconf 91' lang='lat' dir='ltr'><strong>et</strong></span> <span class='ocrx_word' id='word_1_514' title='bbox 3727 4523 3891 4581; x_wconf 90' lang='lat' dir='ltr'><strong>supra</strong></span> <span class='ocrx_word' id='word_1_515' title='bbox 3922 4513 4019 4566; x_wconf 87' lang='lat' dir='ltr'><strong>ho-</strong></span> 
     </span>
    </p>
   </div>
   <div class='ocr_carea' id='block_1_103' title="bbox 2442 4597 3180 4666">
    <p class='ocr_par' dir='ltr' id='par_1_103' title="bbox 2442 4597 3180 4666">
     <span class='ocr_line' id='line_1_104' title="bbox 2442 4597 3180 4666; baseline -0.007 -12"><span class='ocrx_word' id='word_1_516' title='bbox 2442 4600 2644 4654; x_wconf 89' lang='lat' dir='ltr'><strong>minum</strong></span> <span class='ocrx_word' id='word_1_517' title='bbox 2674 4597 2897 4666; x_wconf 86' lang='lat' dir='ltr'><strong>gloriam</strong></span> <span class='ocrx_word' id='word_1_518' title='bbox 2926 4597 3180 4663; x_wconf 90' lang='lat' dir='ltr'><strong>diligeris.</strong></span> 
     </span>
    </p>
   </div>
   <div class='ocr_carea' id='block_1_104' title="bbox 2509 4687 4019 4758">
    <p class='ocr_par' dir='ltr' id='par_1_104' title="bbox 2509 4687 4019 4758">
     <span class='ocr_line' id='line_1_105' title="bbox 2509 4687 4019 4758; baseline 0.003 -15"><span class='ocrx_word' id='word_1_519' title='bbox 2509 4690 2639 4744; x_wconf 78' lang='lat' dir='ltr'><strong>Esto</strong></span> <span class='ocrx_word' id='word_1_520' title='bbox 2670 4696 2977 4742; x_wconf 91' lang='lat' dir='ltr'><strong>mansuetus</strong></span> <span class='ocrx_word' id='word_1_521' title='bbox 3001 4687 3067 4741; x_wconf 90' lang='lat' dir='ltr'><strong>ad</strong></span> <span class='ocrx_word' id='word_1_522' title='bbox 3096 4687 3499 4757; x_wconf 85' lang='lat' dir='ltr'><strong>intelligendum</strong></span> <span class='ocrx_word' id='word_1_523' title='bbox 3514 4688 3759 4758; x_wconf 89' lang='lat' dir='ltr'><strong>verbum,</strong></span> <span class='ocrx_word' id='word_1_524' title='bbox 3781 4699 3841 4745; x_wconf 87' lang='lat' dir='ltr'><strong>ut</strong></span> <span class='ocrx_word' id='word_1_525' title='bbox 3863 4690 4019 4748; x_wconf 78' lang='lat' dir='ltr'><strong>intel-</strong></span> 
     </span>
    </p>
   </div>
   <div class='ocr_carea' id='block_1_105' title="bbox 2440 4779 3926 4852">
    <p class='ocr_par' dir='ltr' id='par_1_105' title="bbox 2440 4779 3926 4852">
     <span class='ocr_line' id='line_1_106' title="bbox 2440 4779 3926 4852; baseline -0.002 -15"><span class='ocrx_word' id='word_1_526' title='bbox 2440 4784 2572 4852; x_wconf 87' lang='lat' dir='ltr'><strong>ligas</strong></span> <span class='ocrx_word' id='word_1_527' title='bbox 2597 4801 2607 4834; x_wconf 91' lang='lat'>:</span> <span class='ocrx_word' id='word_1_528' title='bbox 2642 4788 2697 4835; x_wconf 88' lang='lat' dir='ltr'><strong>et</strong></span> <span class='ocrx_word' id='word_1_529' title='bbox 2724 4795 2843 4835; x_wconf 89' lang='lat' dir='ltr'><strong>cum</strong></span> <span class='ocrx_word' id='word_1_530' title='bbox 2868 4780 3129 4848; x_wconf 88' lang='lat' dir='ltr'><strong>sapientia</strong></span> <span class='ocrx_word' id='word_1_531' title='bbox 3159 4779 3341 4849; x_wconf 90' lang='lat' dir='ltr'><strong>profer</strong></span> <span class='ocrx_word' id='word_1_532' title='bbox 3366 4794 3550 4834; x_wconf 85' lang='lat' dir='ltr'><strong>verum</strong></span> <span class='ocrx_word' id='word_1_533' title='bbox 3581 4796 3926 4850; x_wconf 87' lang='lat' dir='ltr'><strong>responsum.</strong></span> 
     </span>
    </p>
   </div>
   <div class='ocr_carea' id='block_1_106' title="bbox 2512 4870 4021 4938">
    <p class='ocr_par' dir='ltr' id='par_1_106' title="bbox 2512 4870 4021 4938">
     <span class='ocr_line' id='line_1_107' title="bbox 2512 4870 4021 4938; baseline 0.001 -12"><span class='ocrx_word' id='word_1_534' title='bbox 2512 4873 2628 4936; x_wconf 83' lang='lat' dir='ltr'><strong>Fili,</strong></span> <span class='ocrx_word' id='word_1_535' title='bbox 2678 4873 2730 4927; x_wconf 90' lang='lat' dir='ltr'><strong>in</strong></span> <span class='ocrx_word' id='word_1_536' title='bbox 2772 4870 3179 4925; x_wconf 82' lang='lat' dir='ltr'><strong>mansuetudine</strong></span> <span class='ocrx_word' id='word_1_537' title='bbox 3204 4885 3359 4925; x_wconf 82' lang='lat' dir='ltr'><strong>serva</strong></span> <span class='ocrx_word' id='word_1_538' title='bbox 3390 4870 3625 4925; x_wconf 85' lang='lat' dir='ltr'><strong>animant</strong></span> <span class='ocrx_word' id='word_1_539' title='bbox 3656 4882 3826 4938; x_wconf 80' lang='lat' dir='ltr'><strong>tuam,</strong></span> <span class='ocrx_word' id='word_1_540' title='bbox 3868 4883 3927 4928; x_wconf 90' lang='lat' dir='ltr'><strong>et</strong></span> <span class='ocrx_word' id='word_1_541' title='bbox 3956 4874 4021 4928; x_wconf 87' lang='lat' dir='ltr'><strong>da</strong></span> 
     </span>
    </p>
   </div>
   <div class='ocr_carea' id='block_1_107' title="bbox 2442 4966 3606 5025">
    <p class='ocr_par' dir='ltr' id='par_1_107' title="bbox 2442 4966 3606 5025">
     <span class='ocr_line' id='line_1_108' title="bbox 2442 4966 3606 5025; baseline -0.003 0"><span class='ocrx_word' id='word_1_542' title='bbox 2442 4971 2511 5025; x_wconf 91' lang='lat' dir='ltr'><strong>illi</strong></span> <span class='ocrx_word' id='word_1_543' title='bbox 2544 4970 2803 5024; x_wconf 89' lang='lat' dir='ltr'><strong>honorem</strong></span> <span class='ocrx_word' id='word_1_544' title='bbox 2824 4966 3112 5023; x_wconf 87' lang='lat' dir='ltr'><strong>secundum</strong></span> <span class='ocrx_word' id='word_1_545' title='bbox 3142 4967 3389 5021; x_wconf 91' lang='lat' dir='ltr'><strong>meritum</strong></span> <span class='ocrx_word' id='word_1_546' title='bbox 3427 4982 3606 5021; x_wconf 89' lang='lat' dir='ltr'><strong>suum.</strong></span> 
     </span>
    </p>
   </div>
   <div class='ocr_carea' id='block_1_108' title="bbox 3048 5072 3399 5112">
    <p class='ocr_par' dir='ltr' id='par_1_108' title="bbox 3048 5072 3399 5112">
     <span class='ocr_line' id='line_1_109' title="bbox 3048 5072 3399 5112; baseline 0 -1"><span class='ocrx_word' id='word_1_547' title='bbox 3048 5072 3237 5112; x_wconf 69' lang='grc' dir='ltr'><strong>ΙΙΙΕΠΟΝ</strong></span> <span class='ocrx_word' id='word_1_548' title='bbox 3248 5072 3313 5111; x_wconf 64' lang='lat' dir='ltr'><strong>Vl</strong></span> <span class='ocrx_word' id='word_1_549' title='bbox 3323 5075 3347 5111; x_wconf 76' lang='grc' dir='ltr'><strong>ιι</strong></span> <span class='ocrx_word' id='word_1_550' title='bbox 3356 5072 3399 5111; x_wconf 87' lang='lat' dir='ltr'><strong>S.</strong></span> 
     </span>
    </p>
   </div>
   <div class='ocr_carea' id='block_1_109' title="bbox 2508 5147 4021 5217">
    <p class='ocr_par' dir='ltr' id='par_1_109' title="bbox 2508 5147 4021 5217">
     <span class='ocr_line' id='line_1_110' title="bbox 2508 5147 4021 5217; baseline 0.001 -12"><span class='ocrx_word' id='word_1_551' title='bbox 2508 5151 2657 5206; x_wconf 90' lang='lat' dir='ltr'><strong>Sicut</strong></span> <span class='ocrx_word' id='word_1_552' title='bbox 2695 5150 2836 5203; x_wconf 91' lang='lat' dir='ltr'><strong>enim</strong></span> <span class='ocrx_word' id='word_1_553' title='bbox 2868 5149 3057 5204; x_wconf 86' lang='lat' dir='ltr'><strong>civitas</strong></span> <span class='ocrx_word' id='word_1_554' title='bbox 3085 5148 3296 5216; x_wconf 88' lang='lat' dir='ltr'><strong>dirupta</strong></span> <span class='ocrx_word' id='word_1_555' title='bbox 3326 5157 3381 5201; x_wconf 91' lang='lat' dir='ltr'><strong>et</strong></span> <span class='ocrx_word' id='word_1_556' title='bbox 3410 5162 3518 5202; x_wconf 90' lang='lat' dir='ltr'><strong>non</strong></span> <span class='ocrx_word' id='word_1_557' title='bbox 3548 5147 3902 5217; x_wconf 90' lang='lat' dir='ltr'><strong>circumdata,</strong></span> <span class='ocrx_word' id='word_1_558' title='bbox 3945 5152 4021 5207; x_wconf 85' lang='lat' dir='ltr'><strong>sic</strong></span> 
     </span>
    </p>
   </div>
   <div class='ocr_carea' id='block_1_110' title="bbox 2437 5240 3654 5313">
    <p class='ocr_par' dir='ltr' id='par_1_110' title="bbox 2437 5240 3654 5313">
     <span class='ocr_line' id='line_1_111' title="bbox 2437 5240 3654 5313; baseline -0.002 -15"><span class='ocrx_word' id='word_1_559' title='bbox 2437 5252 2518 5298; x_wconf 90' lang='lat' dir='ltr'><strong>est</strong></span> <span class='ocrx_word' id='word_1_560' title='bbox 2554 5245 2633 5297; x_wconf 86' lang='lat' dir='ltr'><strong>vir</strong></span> <span class='ocrx_word' id='word_1_561' title='bbox 2661 5243 2750 5312; x_wconf 93' lang='lat' dir='ltr'><strong>qui</strong></span> <span class='ocrx_word' id='word_1_562' title='bbox 2780 5258 2885 5298; x_wconf 92' lang='lat' dir='ltr'><strong>non</strong></span> <span class='ocrx_word' id='word_1_563' title='bbox 2911 5257 3030 5297; x_wconf 91' lang='lat' dir='ltr'><strong>cum</strong></span> <span class='ocrx_word' id='word_1_564' title='bbox 3056 5241 3278 5297; x_wconf 88' lang='lat' dir='ltr'><strong>consilio</strong></span> <span class='ocrx_word' id='word_1_565' title='bbox 3299 5240 3501 5313; x_wconf 82' lang='lat' dir='ltr'><strong>aliquid</strong></span> <span class='ocrx_word' id='word_1_566' title='bbox 3528 5240 3654 5310; x_wconf 89' lang='lat' dir='ltr'><strong>agit.</strong></span> 
     </span>
    </p>
   </div>
   <div class='ocr_carea' id='block_1_111' title="bbox 3071 5347 3380 5387">
    <p class='ocr_par' dir='ltr' id='par_1_111' title="bbox 3071 5347 3380 5387">
     <span class='ocr_line' id='line_1_112' title="bbox 3071 5347 3380 5387; baseline -0.01 0"><span class='ocrx_word' id='word_1_567' title='bbox 3071 5347 3380 5387; x_wconf 72' lang='lat' dir='ltr'><strong>CREGORIUS.</strong></span> 
     </span>
    </p>
   </div>
   <div class='ocr_carea' id='block_1_112' title="bbox 2507 5420 4018 5493">
    <p class='ocr_par' dir='ltr' id='par_1_112' title="bbox 2507 5420 4018 5493">
     <span class='ocr_line' id='line_1_113' title="bbox 2507 5420 4018 5493; baseline -0.002 -13"><span class='ocrx_word' id='word_1_568' title='bbox 2507 5426 2562 5480; x_wconf 92' lang='lat' dir='ltr'><strong>In</strong></span> <span class='ocrx_word' id='word_1_569' title='bbox 2594 5424 2913 5480; x_wconf 86' lang='lat' dir='ltr'><strong>rectitudine</strong></span> <span class='ocrx_word' id='word_1_570' title='bbox 2935 5423 3139 5493; x_wconf 88' lang='lat' dir='ltr'><strong>justitia</strong></span> <span class='ocrx_word' id='word_1_571' title='bbox 3162 5465 3176 5488; x_wconf 89' lang='lat'><strong>,</strong></span> <span class='ocrx_word' id='word_1_572' title='bbox 3213 5421 3265 5476; x_wconf 88' lang='lat' dir='ltr'><strong>in</strong></span> <span class='ocrx_word' id='word_1_573' title='bbox 3287 5420 3631 5491; x_wconf 88' lang='lat' dir='ltr'><strong>simplicitate</strong></span> <span class='ocrx_word' id='word_1_574' title='bbox 3660 5423 4018 5477; x_wconf 86' lang='lat' dir='ltr'><strong>mansuetudo</strong></span> 
     </span>
    </p>
   </div>
   <div class='ocr_carea' id='block_1_113' title="bbox 2440 5518 2714 5584">
    <p class='ocr_par' dir='ltr' id='par_1_113' title="bbox 2440 5518 2714 5584">
     <span class='ocr_line' id='line_1_114' title="bbox 2440 5518 2714 5584; baseline 0 -15"><span class='ocrx_word' id='word_1_575' title='bbox 2440 5518 2714 5584; x_wconf 84' lang='lat' dir='ltr'><strong>figuratur.</strong></span> 
     </span>
    </p>
   </div>
   <div class='ocr_carea' id='block_1_114' title="bbox 2508 5601 4015 5677">
    <p class='ocr_par' dir='ltr' id='par_1_114' title="bbox 2508 5601 4015 5677">
     <span class='ocr_line' id='line_1_115' title="bbox 2508 5601 4015 5677; baseline -0.005 -14"><span class='ocrx_word' id='word_1_576' title='bbox 2508 5607 2661 5677; x_wconf 68' lang='lat' dir='ltr'><strong>Same</strong></span> <span class='ocrx_word' id='word_1_577' title='bbox 2707 5605 2847 5662; x_wconf 89' lang='lat' dir='ltr'><strong>enim</strong></span> <span class='ocrx_word' id='word_1_578' title='bbox 2895 5604 3121 5675; x_wconf 56' lang='lat' dir='ltr'><strong>quisque</strong></span> <span class='ocrx_word' id='word_1_579' title='bbox 3164 5601 3321 5658; x_wconf 88' lang='lat' dir='ltr'><strong>nimis</strong></span> <span class='ocrx_word' id='word_1_580' title='bbox 3350 5601 3747 5657; x_wconf 88' lang='lat' dir='ltr'><strong>mansuetudini</strong></span> <span class='ocrx_word' id='word_1_581' title='bbox 3774 5602 4015 5665; x_wconf 82' lang='lat' dir='ltr'><strong>studens,</strong></span> 
     </span>
    </p>
   </div>
   <div class='ocr_carea' id='block_1_115' title="bbox 2440 5691 4017 5766">
    <p class='ocr_par' dir='ltr' id='par_1_115' title="bbox 2440 5691 4017 5766">
     <span class='ocr_line' id='line_1_116' title="bbox 2440 5691 4017 5766; baseline -0.003 -14"><span class='ocrx_word' id='word_1_582' title='bbox 2440 5698 2800 5766; x_wconf 71' lang='lat' dir='ltr'><strong>subjectorum</strong></span> <span class='ocrx_word' id='word_1_583' title='bbox 2842 5695 2969 5748; x_wconf 85' lang='lat' dir='ltr'><strong>vitia</strong></span> <span class='ocrx_word' id='word_1_584' title='bbox 2996 5691 3204 5763; x_wconf 89' lang='lat' dir='ltr'><strong>aspicit,</strong></span> <span class='ocrx_word' id='word_1_585' title='bbox 3251 5702 3412 5764; x_wconf 86' lang='lat' dir='ltr'><strong>atque</strong></span> <span class='ocrx_word' id='word_1_586' title='bbox 3466 5692 3579 5747; x_wconf 78' lang='lat' dir='ltr'><strong>IIJ‘C</strong></span> <span class='ocrx_word' id='word_1_587' title='bbox 3610 5706 3706 5762; x_wconf 87' lang='lat' dir='ltr'><strong>per</strong></span> <span class='ocrx_word' id='word_1_588' title='bbox 3749 5692 4017 5749; x_wconf 79' lang='lat' dir='ltr'><strong>fervorem</strong></span> 
     </span>
    </p>
   </div>
   <div class='ocr_carea' id='block_1_116' title="bbox 2443 5783 4017 5858">
    <p class='ocr_par' dir='ltr' id='par_1_116' title="bbox 2443 5783 4017 5858">
     <span class='ocr_line' id='line_1_117' title="bbox 2443 5783 4017 5858; baseline -0.002 -15"><span class='ocrx_word' id='word_1_589' title='bbox 2443 5791 2538 5843; x_wconf 71' lang='lat' dir='ltr'><strong>mli</strong></span> <span class='ocrx_word' id='word_1_590' title='bbox 2582 5788 2847 5857; x_wconf 79' lang='lat' dir='ltr'><strong>corrigere</strong></span> <span class='ocrx_word' id='word_1_591' title='bbox 2886 5785 3101 5858; x_wconf 81' lang='lat' dir='ltr'><strong>negligit</strong></span> <span class='ocrx_word' id='word_1_592' title='bbox 3127 5801 3139 5839; x_wconf 86' lang='lat'>:</span> <span class='ocrx_word' id='word_1_593' title='bbox 3167 5799 3325 5855; x_wconf 89' lang='lat' dir='ltr'><strong>quem</strong></span> <span class='ocrx_word' id='word_1_594' title='bbox 3380 5784 3431 5838; x_wconf 91' lang='lat' dir='ltr'><strong>iu</strong></span> <span class='ocrx_word' id='word_1_595' title='bbox 3471 5784 3545 5839; x_wconf 90' lang='lat' dir='ltr'><strong>eis</strong></span> <span class='ocrx_word' id='word_1_596' title='bbox 3588 5783 3881 5841; x_wconf 84' lang='lat' dir='ltr'><strong>crudeliter</strong></span> <span class='ocrx_word' id='word_1_597' title='bbox 3912 5801 4017 5840; x_wconf 89' lang='lat' dir='ltr'><strong>non</strong></span> 
     </span>
    </p>
   </div>
  </div>
