4194 6542
135 437 229 490 705

129 644 190 696 sit
211 642 392 706 noxia,
428 651 482 695 et
503 641 764 710 subjectis
792 641 1027 697 inimica.

783 753 1052 792 ISODORL‘S.

190 827 266 882 Ne
284 827 412 897 quid
441 828 578 882 ultra
602 829 795 884 leniter
815 842 961 896 agas,
983 845 1048 884 ne
1071 838 1272 884 temere
1298 829 1498 900 aliquid
1527 829 1708 886 facias.

780 938 1086 976 (‘.\'PllIANUS.

189 1013 443 1068 Docibilis
476 1025 654 1068 autem
705 1015 795 1068 ille
826 1024 908 1069 est
937 1016 1029 1084 qui
1058 1024 1140 1069 est
1176 1015 1241 1068 ad
1268 1015 1576 1071 discendam
1613 1032 1708 1087 pa-

125 1105 358 1158 tientiam
391 1107 606 1160 humilis
628 1113 683 1159 et
707 1107 872 1159 mitis.

784 1208 1038 1247 BASILIUS.

187 1285 400 1339 Levitas
422 1287 574 1354 cupit
608 1301 821 1357 semper
851 1286 1076 1352 laudari,
1110 1287 1248 1342 sicut
1275 1287 1427 1341 navis
1467 1287 1708 1356 jactatur

120 1377 312 1446 absque
343 1380 726 1448 gubernatore.

183 1470 336 1524 Sicut
381 1472 615 1538 jactatur
650 1487 679 1525 a
711 1470 991 1539 fluctibus,
1021 1480 1092 1527 ita
1135 1481 1189 1527 et
1228 1472 1358 1526 levis
1387 1472 1702 1528 circumfer-

118 1572 197 1617 tur
224 1565 492 1619 instabilis
522 1580 618 1634 per
647 1580 836 1619 omnes
860 1575 1015 1620 actus
1042 1582 1191 1621 suos.

650 1674 716 1711 ΕΧ
746 1674 882 1712 V'ITIS
923 1674 1157 1711 PATIIUM.

179 1745 516 1801 Mansuetum
567 1747 738 1816 diligit
787 1749 1065 1814 Dominus,
1126 1750 1492 1805 turbulentum
1522 1759 1703 1805 autem

116 1841 319 1908 repellit
344 1856 372 1893 a
397 1855 473 1893 se.

178 1931 324 1986 Sicut
374 1933 520 1985 enim
565 1931 750 1986 lucifer
776 1932 825 1985 in
849 1932 1012 2000 ccelo,
1051 1941 1105 1987 et
1133 1933 1271 1987 sicut
1299 1931 1421 1987 felix
1454 1932 1506 1986 in
1540 1948 1701 2003 para-
1737 1916 1782 1975 Β

116 2023 246 2088 diso,
279 2024 360 2077 sic
391 2023 443 2076 in
473 2025 648 2077 anima
679 2024 795 2078 miti
832 2041 982 2079 mens
1011 2041 1167 2094 pura.

177 2114 450 2179 Quantum
495 2115 638 2167 enim
688 2116 917 2186 quisque
968 2116 1020 2168 in
1071 2115 1288 2170 lenitate
1329 2132 1392 2170 ac
1443 2116 1699 2186 patientia

113 2207 282 2262 cordis
314 2207 498 2274 fuerit,
538 2216 744 2261 tantum
774 2209 828 2263 in
859 2208 1038 2263 cordis
1064 2210 1298 2278 puritate
1323 2211 1588 2279 proficiet.

784 2318 1051 2357 EL'SEBIUS.

174 2393 480 2447 Bestiarum
504 2393 690 2448 feritas
717 2393 814 2448 Dei
836 2396 1034 2448 virtute
1063 2395 1410 2449 mansuescit.

162 2483 406 2539 llumana
427 2501 555 2540 vero
575 2486 753 2540 rabies
780 2502 881 2541 nec
911 2486 1145 2540 ferarum
1166 2486 1696 2558 mitescitexemplis.

763 2593 1037 2632 JOSEPIIUS.

171 2671 483 2726 Inconsulta
537 2673 816 2727 temeritas
857 2671 1031 2727 nescit
1061 2670 1348 2728 consilium
1379 2680 1701 2743 exspectare

104 2763 270 2817 ducis.

675 2897 902 2953 CAPUT
934 2897 1120 2952 LXXI.

482 3007 557 3062 De
585 3009 868 3062 rectoribus
899 3008 1001 3061 sive
1035 3007 1319 3078 judicibus.

761 3133 1033 3173 CHRISTUS.

163 3228 340 3285 Nolite
360 3228 632 3298 judicare,
667 3235 726 3281 ut
753 3243 862 3282 non
879 3225 1194 3297 judicemini
1218 3225 1433 3296 (Matth.
1463 3225 1583 3296 vn).

164 3323 217 3378 In
260 3339 375 3393 quo
433 3323 581 3379 enim
621 3321 827 3391 judicio
885 3321 1276 3391 judicaveritis,
1322 3318 1693 3389 judicabimini

99 3419 312 3489 (ιω).

164 3513 231 3566 Et
254 3514 308 3566 in
341 3527 454 3582 qua
477 3525 734 3566 mensura
758 3508 932 3564 mensi
963 3507 1192 3572 fueritis,
1217 3506 1410 3562 eadem
1436 3515 1689 3561 remetie-

99 3612 177 3658 tur
196 3604 354 3659 vobis
386 3602 607 3673 (Ibid)

161 3695 339 3748 Nolite
370 3692 621 3761 judicare
667 3692 961 3748 secundum
992 3690 1205 3757 faciem,
1251 3689 1345 3746 sed
1370 3689 1574 3760 justum
1601 3690 1690 3760 ju-

94 3782 283 3838 dicium
306 3782 559 3852 judicate
585 3782 767 3853 (Joan.
797 3783 914 3852 vn).

777 3889 998 3930 IOYSES.

157 3969 307 4025 Juste
337 3966 492 4037 quod
519 3966 724 4036 justum
745 3976 847 4030 est,
878 3964 1222 4036 persequeris
1247 3963 1423 4035 (Deut.
1450 3964 1552 4033 vt).

793 4077 1010 4115 PACLUS.

156 4151 271 4210 Non
301 4168 440 4222 ergo
472 4152 702 4222 amplius
726 4151 1028 4220 judicemus
1062 4151 1308 4216 invicem,
1343 4151 1437 4205 sed
1468 4151 1571 4204 hoe
1603 4148 1688 4220 ju-

93 4245 262 4302 dicate
291 4247 506 4316 magis,
555 4259 620 4298 ne
652 4245 865 4313 ponatis
907 4241 1287 4299 ofl‘endiculum
1316 4244 1572 4300 fratribus
1605 4244 1687 4300 vel

91 4338 400 4392 scandalum
430 4339 611 4405 (Rom.
640 4338 772 4404 xiv).

750 4443 1010 4484 εΑιοιιοΝ.

155 4521 364 4577 Jusutia
402 4531 679 4576 rectorum
729 4520 979 4576 liberabit
1015 4535 1128 4586 eos,
1173 4529 1227 4575 et
1259 4522 1309 4574 in
1343 4520 1549 4574 insidiis
1575 4522 1686 4575 suis

91 4615 362 4682 capientur
393 4613 569 4681 iniqui
600 4611 780 4681 (Prov.
813 4613 912 4681 xi).

155 4707 502 4774 Novitjustus
518 4704 1099 4772 auimasjumentorum
1121 4719 1338 4758 suorum
1356 4709 1369 4772 (
1387 4705 1534 4758 Prov.
1563 4713 1674 4771 xu).

157 4795 208 4849 In
243 4796 604 4850 multitudine
630 4795 811 4865 p0puli
839 4796 1070 4864 dignitas
1101 4797 1260 4864 regis,
1312 4805 1367 4851 et
1417 4799 1467 4851 iu
1497 4798 1680 4866 pauci-

93 4894 192 4941 tate
219 4888 393 4957 plebis
428 4886 723 4954 iguominia
745 4887 1000 4956 principis
1024 4887 1205 4956 (Prov.
1237 4892 1368 4957 xw).

156 4981 204 5032 In
249 4980 534 5033 hilaritate
575 4979 755 5033 vultus
785 4981 926 5047 regis
955 4981 1097 5042 vita,
1149 4991 1204 5035 et
1249 4983 1534 5037 clementia
1567 4982 1682 5052 ejus

89 5070 231 5134 quasi
259 5073 543 5124 serotinus
565 5069 737 5124 imber
757 5069 941 5140 (Prov.
972 5088 1178 5142 xxviii).

155 5160 378 5230 Propter
407 5169 637 5230 peccata
668 5172 846 5230 terra,
877 5163 1028 5218 multi
1059 5167 1329 5235 principes
1359 5168 1496 5235 ejus.

154 5253 314 5308 Aufer
343 5255 660 5321 rubiginem
693 5254 758 5311 de
780 5265 1028 5326 argento,
1057 5270 1111 5314 et
1134 5261 1439 5328 egredietur
1469 5277 1560 5316 vas
1592 5277 1683 5332 puo

89 5347 344 5404 rissimum
375 5348 566 5419 (Prov.
603 5353 752 5420 xxv).

156 5443 315 5498 Aufer
339 5443 685 5513 impietatem
713 5443 780 5498 de
825 5445 972 5500 vultu
1002 5447 1164 5515 regis,
1193 5458 1246 5502 et
1276 5448 1571 5503 firmabitur
1592 5449 1680 5519 ju-

91 5535 223 5588 stitia
254 5537 489 5590 thronus
510 5534 630 5603 ejus
659 5535 876 5605 (lbid.).

157 5625 266 5682 Dux
302 5627 560 5697 indigens
583 5627 894 5698 prudentia,
950 5633 1148 5689 multos
1193 5635 1446 5704 opprimit
1477 5649 1572 5702 per
1601 5650 1683 5690 ca-

93 5720 336 5776 lumniam
367 5722 562 5793 (Prov.
598 5725 807 5792 xxvm).

161 5815 264 5872 Ilex
289 5816 473 5883 justus
515 5817 676 5885 erigit
703 5826 918 5882 terram,
964 5829 1017 5876 ct
1065 5819 1223 5872 homo
1248 5821 1414 5875 durus
1439 5827 1684 5876 nestruet

95 5923 198 5961 ea;n
228 5910 322 5974 (Pr
360 5931 407 5968 v.
448 5912 629 5976 nix).

1381 436 1688 493 SCINTILL
1707 437 1886 494 \llUM
1929 438 2159 495 LIBER.

129 551 442 620 oorrigeutlo
493 549 845 620 multiplicat,
901 549 1064 619 fitque
1116 559 1174 603 ut
1227 550 1343 618 ejus
1393 549 1585 605 lenitas
1613 550 1714 604 sibi
1745 557 1795 611 Α

1721 3272 1770 3336 C

3310 447 3422 504 706

2357 565 2504 606 διευς
2527 567 2731 608 διηεει.

1889 639 2061 694 Iudex
2081 640 2297 710 sapiens
2321 641 2584 710 judicabit
2610 642 2869 713 populum
2898 658 3075 708 suum,
3129 654 3186 702 et
3214 645 3412 704 civita-

1820 742 1896 784 tes
1943 732 2385 788 inliabitabuntur
2412 748 2506 803 per
2528 748 2719 790 sensus
2757 735 3086 805 prudentum
3129 737 3301 808 (Eccl.
3329 739 3408 808 χ).

1889 821 2097 878 Eximia
2121 825 2260 880 dona
2296 835 2571 881 exemerint
2599 827 2787 882 oculos
2823 827 3069 896 judicum
3112 829 3282 900 (Eccl.
3318 832 3411 904 η).

1888 915 2176 970 [lectorem
2227 919 2379 987 posui
2437 928 2489 973 te
2518 920 2649 974 dicit
2689 919 2982 988 Dominus,
3051 921 3164 978 noli
3221 925 3409 980 extolli

1814 1009 2039 1078 (Eccles.
2064 1019 2260 1079 xxxii).

1889 1103 2017 1156 listo
2049 1105 2099 1156 in
2124 1104 2248 1168 illis,
2272 1104 2428 1174 quasi
2457 1121 2591 1159 unus
2621 1121 2688 1160 ex
2714 1105 2818 1160 illis
2843 1106 3066 1177 (lbid.).

1886 1192 2128 1261 Regnum
2152 1211 2179 1248 a
2209 1203 2370 1263 gente
2395 1196 2665 1265 ingentem
2694 1198 3031 1265 transfertur,
3064 1206 3288 1270 propter
3317 1201 3402 1256 in-

1809 1286 2064 1354 justitias,
2097 1297 2152 1341 et
2183 1288 2425 1357 injurias,
2459 1296 2514 1342 et
2543 1291 2921 1356 contumelias,
2969 1299 3025 1346 et
3046 1291 3289 1348 diversos
3309 1294 3406 1348 do-

1813 1379 1893 1436 los
1927 1381 2148 1450 (Eccles.
2179 1383 2254 1449 χ).

1884 1476 2053 1529 Sedes
2091 1475 2286 1528 ducum
2320 1475 2676 1544 superborum
2709 1473 2973 1529 destruxit
2996 1475 3135 1530 Deus
3161 1519 3177 1546 ,
3233 1485 3288 1533 et
3316 1495 3407 1535 se-

1811 1566 1939 1620 dere
1971 1565 2094 1619 fecit
2122 1566 2278 1619 mites
2309 1581 2406 1634 pro
2435 1566 2535 1620 illis
2578 1565 2798 1636 (1bid.).

2421 1692 2778 1731 EIERONYIL’S.

1882 1767 1998 1821 Non
2047 1768 2381 1822 lmtificemur
2419 1768 2485 1822 ad
2526 1769 2713 1823 laudes
2751 1769 3033 1834 humanas,
3068 1786 3166 1826 nec
3199 1774 3405 1844 vitupe-

1813 1865 2047 1916 rationes
2075 1877 2261 1917 eorum
2285 1878 2732 1931 expavescamus.

1887 1951 1997 2006 Deo
2040 1954 2180 2005 enim
2233 1952 2447 2022 placere
2477 1964 2750 2019 curantes,
2783 1955 2954 2013 minas
2995 1958 3272 2015 hominum
3307 1976 3404 2031 pe-

1811 2040 1953 2095 nitus
1979 2056 2087 2096 non
2119 2042 2425 2098 timeamus.

2445 2150 2757 2191 GREGOBIUS.

1877 2224 1994 2278 Non
2059 2226 2381 2280 morientem
2456 2228 2657 2296 quippe
2707 2229 3013 2297 mortificat,
3065 2233 3156 2301 qui
3192 2233 3397 2303 justum

1807 2314 2054 2379 damnat;
2081 2325 2136 2369 et
2161 2331 2266 2371 non
2301 2317 2564 2371 victurum
2589 2319 2863 2377 vivificare
2893 2322 3102 2388 nititur,
3131 2326 3221 2396 qui
3245 2342 3397 2383 reum

1807 2421 1838 2458 a
1866 2406 2131 2476 supplicio
2156 2407 2370 2463 solvere
2397 2417 2646 2463 conatur.

2473 2515 2732 2555 ιειυοηυε.

1874 2581 1974 2648 Qui
2018 2592 2167 2638 recte
2192 2583 2414 2652 judicat,
2446 2595 2500 2640 et
2531 2589 2809 2655 praemium
2841 2590 2968 2647 inde
3000 2597 3396 2652 remuneratio-

1802 2674 1885 2727 nis
1924 2683 2224 2742 exspectat,
2276 2677 2518 2731 fraudein
2567 2678 2620 2731 in
2664 2678 2895 2735 Domino
2925 2693 3239 2753 perpetrat:
3269 2689 3395 2757 quia

1797 2762 2082 2831 justitiam,
2132 2780 2292 2833 quam
2324 2767 2490 2836 gratis
2528 2768 2791 2839 impartiri
2821 2771 3037 2838 debuit.
3082 2778 3397 2847 acceptione

1800 2857 2041 2925 pecunias
2069 2858 2273 2912 vendit.

1869 2945 2063 3001 Omnia
2112 2948 2312 3018 quippe
2349 2950 2583 3018 primum
2631 2966 2841 3022 quaere,
2901 2965 2961 3012 ut
3009 2974 3133 3014 cum
3186 2959 3397 3032 justitia

1801 3034 2046 3091 definias.
2400 3054 2402 3056 ·

1870 3129 2081 3185 Nullum
2113 3132 2442 3192 condemnes
2471 3145 2597 3193 ante
2620 3137 2904 3207 judicium.

1871 3220 2010 3278 Ante
2030 3225 2218 3294 proba,
2253 3235 2308 3281 et
2335 3227 2413 3283 sic
2433 3229 2640 3296 judica.

1870 3313 1986 3370 Non
2043 3317 2189 3373 enim
2231 3320 2323 3388 qui
2365 3329 2690 3392 accusatur,
2735 3326 2831 3382 sed
2880 3327 2973 3398 qui
3022 3331 3391 3402 convincitur,

1792 3416 1919 3461 reus
1949 3411 2048 3462 εει.

2364 3546 2594 3604 CAPUT
2625 3550 2834 3607 LXXII.

2363 3661 2445 3715 De
2473 3664 2822 3734 simplicitate.

2451 3810 2726 3852 CHRISTUS.

1865 3877 2048 3934 Estote
2095 3881 2388 3950 prudentes
2417 3884 2557 3939 sicut
2577 3895 2880 3957 serpentes,
2905 3898 2960 3946 et
2981 3891 3253 3965 simplices
3282 3899 3388 3952 sir-

1791 3981 1850 4026 ut
1877 3973 2136 4028 columbae
2161 3975 2376 4039 (Matth.
2412 3979 2487 4047 χ).

2476 4087 2694 4128 ΗΟῘΞΕΒ.

1861 4156 2033 4212 Homo
2064 4159 2326 4216 delicatus
2365 4173 2418 4216 et
2459 4163 2765 4222 luxuriosus
2796 4169 2952 4225 valde
2986 4170 3244 4229 invidebit
3273 4176 3385 4230 fra-

1791 4250 1857 4303 tri
1887 4267 1984 4306 suo
2010 4251 2188 4323 (Deut.
2231 4257 2436 4324 xxvm).

2486 4365 2704 4404 PAL'LUS.

1861 4435 2066 4489 Bonum
2095 4446 2273 4490 autem
2328 4435 2583 4494 facientes
2611 4456 2716 4495 non
2743 4441 3092 4511 deficiamus,
3143 4455 3387 4518 tempore

1790 4536 1966 4580 autem
1997 4542 2098 4582 suo
2126 4536 2390 4584 metemus
2420 4546 2526 4584 non
2553 4531 2868 4589 deficientes
2899 4534 3042 4603 (Cat.
3074 4539 3170 4608 vi).

2459 4640 2721 4679 SALOIION.

1859 4709 2188 4780 Simplicitas
2225 4711 2490 4781 iustorum
2530 4715 2724 4784 diriget
2765 4731 2882 4786 eos,
2921 4730 2976 4775 et
3021 4722 3384 4792 supplantatio

1787 4818 2162 4872 perversorum
2192 4805 2418 4860 vastabit
2445 4808 2564 4862 illos
2595 4809 2775 4876 (Prov.
2805 4814 2904 4880 xi).

1857 4895 2068 4951 Justitia
2107 4898 2366 4968 simplicis
2390 4900 2569 4967 dirigit
2592 4902 2730 4955 viam
2757 4902 2895 4972 ejus,
2936 4912 2991 4959 et
3022 4905 3071 4959 in
3104 4905 3382 4976 impietate

1788 5001 1881 5039 sua
1909 4995 2126 5040 corruet
2147 4989 2340 5058 impius
2375 4989 2592 5060 (lbid.).

1861 5080 2120 5136 Innocens
2151 5083 2322 5136 credit
2344 5084 2492 5137 omni
2523 5084 2713 5140 verbo.

1858 5173 1957 5238 Qui
1985 5173 2182 5242 decipit
2205 5173 2382 5239 justos
2411 5175 2462 5226 in
2494 5175 2575 5227 via
2601 5175 2760 5240 mala,
2806 5175 2859 5229 in
2893 5177 3112 5232 interitu
3135 5193 3233 5232 suo
3260 5195 3379 5232 cor-

1790 5272 1926 5327 ruet,
1953 5273 2007 5318 et
2043 5265 2312 5334 simplices
2355 5265 2703 5334 possidebunt
2727 5267 2867 5320 bona
2891 5266 3006 5335 ejus
3031 5267 3206 5335 (Prov.
3242 5273 3376 5335 vin).

1865 5357 1969 5412 Viri
2011 5358 2329 5425 sanguinum
2381 5357 2610 5412 oderunt
2648 5358 2946 5430 simplicem
2970 5402 2985 5427 ,
3031 5360 3161 5430 justi
3199 5371 3377 5416 autem

1787 5458 2035 5520 quaerunt
2063 5450 2295 5504 animam
2319 5450 2453 5519 ejus.

2409 5558 2770 5598 IIIERONYIIUS.

1858 5636 2051 5690 Sancta
2108 5634 2377 5688 rusticitas
2428 5635 2528 5688 sibi
2577 5634 2676 5688 soli
2731 5634 2968 5704 prodest,
3025 5645 3079 5690 et
3117 5647 3376 5706 quantum

1787 5733 2013 5786 :edificat
2060 5746 2123 5784 ex
2155 5732 2277 5782 vita:
2327 5730 2518 5782 merito
2559 5728 2851 5784 Ecclesiain
2891 5728 3120 5795 Chriszi,
3171 5741 3376 5788 tantum

1791 5832 1948 5879 nocet
1976 5822 2017 5876 si
2049 5821 2447 5876 destruentibus
2480 5821 2760 5875 veritatem
2789 5837 2895 5876 non
2929 5823 3159 5876 resistat.

1860 5914 1914 5968 In
1943 5929 2096 5968 servo
2127 5912 2216 5966 Dei
2248 5927 2352 5967 non
2385 5913 2628 5982 corporis
2651 5911 2841 5974 cultus,
2885 5911 2976 5969 sed
3009 5915 3198 5968 anima:
3228 5915 3377 5987 vigor
