4194 6542
740 433 838 490 707

740 543 1028 614 qumritur,
1068 540 1158 610 qui
1186 539 1363 595 carnis
1391 536 1699 592 infirmitate
1727 536 1798 590 sit
1836 533 2046 597 fortior,
2089 546 2187 585 nec
2209 546 2326 585 rus-
2364 537 2404 588 Α

742 636 901 699 ticus,
927 632 1019 687 sed
1046 641 1250 686 tantum
1275 629 1524 700 simplex.

811 722 980 776 Multo
1032 721 1222 775 melius
1268 729 1351 773 est
1398 719 1552 773 nobis
1599 714 1922 785 imperfectis
1965 711 2322 767 rusticitatem

740 821 983 868 sanctam
1010 812 1224 871 habere,
1253 824 1413 877 quam
1443 806 1802 875 eloquentiam
1835 805 2215 873 peccatricem.

815 903 1155 958 ναιεταιὶοηὶ
1179 901 1423 955 habenda
1446 910 1550 965 est,
1598 914 1707 953 non
1734 898 1979 961 verbosa,
2004 893 2103 949 sed
2137 901 2322 949 sancta

742 995 1031 1051 rusticitas.

813 1087 1034 1142 Fabrica
1077 1084 1369 1155 spiritualis
1404 1093 1487 1138 est
1517 1081 1648 1137 fides
1697 1081 1845 1135 firma
1879 1080 1930 1134 in
1956 1077 2143 1143 corde,
2172 1075 2320 1145 galea

741 1178 930 1236 salutis
958 1178 1009 1232 in
1035 1178 1233 1244 capite.

807 1269 1025 1335 Signum
1052 1267 1245 1321 Christi
1278 1266 1328 1320 in
1361 1265 1559 1321 fronte.

816 1355 1046 1411 Verbum
1077 1357 1316 1410 veritatis
1345 1356 1396 1409 in
1420 1370 1536 1420 ore,
1584 1352 1722 1408 bona
1750 1351 1802 1406 in
1843 1358 2024 1406 mente
2051 1347 2324 1404 voluntas.

814 1448 1040 1503 Dilectio
1066 1447 1157 1502 Dei
1190 1449 1241 1502 in
1267 1456 1507 1517 pectore.

815 1539 1109 1595 Pra'cineta
1135 1541 1350 1595 castitas
1372 1540 1421 1593 in
1444 1538 1659 1612 ardore.

817 1632 1083 1688 Iloncstas
1105 1633 1155 1683 in
1181 1630 1419 1684 actione.

815 1722 1090 1776 Sobrietas
1118 1721 1168 1774 in
1190 1719 1599 1775 consuetudine.

817 1811 1094 1867 Stabilitas
1124 1812 1173 1863 in
1205 1810 1467 1863 bonitate.

817 1902 1078 1957 Patientia
1103 1904 1153 1955 in
1180 1900 1549 1956 tribulatione.

818 1995 954 2064 Spes
984 1996 1034 2048 in
1058 1993 1335 2048 Creatorc.

817 2089 986 2143 Amor
1007 2088 1127 2141 vita:
1155 2097 1391 2141 :cternae.

819 2175 1222 2234 Perseverantia
1253 2191 1421 2245 usque
1446 2176 1497 2229 in
1531 2175 1715 2231 ﬁnem.

1396 2281 1703 2322 GREGORIUS.

818 2358 875 2414 Si
918 2365 1099 2411 nostra
1148 2357 1375 2411 intentio
1414 2358 1553 2426 apud
1596 2357 1763 2411 Deum
1793 2355 2019 2425 simplex
2069 2353 2248 2421 fuerit,
2274 2354 2328 2409 in

748 2449 865 2519 ejus
891 2447 1096 2517 judicio
1118 2456 1302 2501 nostra
1331 2446 1473 2501 actio
1502 2447 1785 2501 tenebrosa
1820 2462 1927 2500 non
1955 2446 2078 2501 erit.

818 2539 919 2607 Qui
945 2538 1087 2592 eauti
1116 2552 1236 2591 esse
1261 2553 1358 2606 per
1396 2536 1777 2591 rectitudinem
1821 2535 2085 2600 nesciunt,
2131 2547 2332 2603 nequa-

746 2648 907 2702 quam
942 2632 1254 2685 innocentcs
1302 2629 1595 2700 persistere
1628 2643 1727 2699 per
1766 2625 2167 2701 simplicitatem
2208 2640 2334 2696 pos-

747 2728 898 2778 sunt.

818 2814 1016 2868 Sancta
1067 2813 1365 2868 electorum
1412 2810 1658 2867 Ecclesia
1709 2809 2070 2880 simplicitatis
2121 2823 2231 2864 sua:
2281 2815 2337 2863 et

746 2906 1082 2963 rectitudinis
1117 2907 1232 2959 vias
1261 2904 1519 2960 custodit.

818 2999 1042 3069 Oportet
1066 3007 1122 3051 nt
1149 2999 1201 3052 in
1229 2997 1350 3052 zelo
1381 3012 1489 3066 quo
1519 2995 1641 3065 quis
1662 2996 1857 3062 fervet,
1899 2994 1969 3049 sit
1996 2991 2161 3047 etiam
2191 2998 2333 3046 tem-

746 3105 982 3160 perans:
1017 3104 1086 3143 nc
1136 3088 1181 3142 si
1245 3087 1368 3158 plus
1412 3086 1616 3141 ferveat
1655 3100 1818 3156 quam
1869 3091 2106 3155 oportet,
2145 3081 2339 3153 perdat

743 3178 1030 3249 justitiam,
1056 3177 1208 3247 cujus
1243 3193 1461 3232 servare
1485 3177 1854 3232 moderamina
1876 3176 2108 3245 ignorat.

1689 419 2111 478 DEFENSOIIIS
2152 415 2687 474 LOCOCIAGENSIS
2730 416 3031 472 .‘IONACIII

3917 410 4015 463 708

2511 533 2549 584 Α
2586 531 2694 585 Deo
2720 540 2803 585 est
2831 532 3005 585 omnis
3035 528 3268 584 medela.

2496 621 2782 690 Disciplina
2812 620 3002 675 medici
3027 619 3291 672 exaltabit
3320 626 3486 687 caput
3512 616 3704 685 ipsius,
3730 623 3789 670 et
3816 614 3871 670 in
3894 631 4017 669 con-

2424 717 2613 780 spectu
2643 722 2957 775 magnorum
2981 706 3379 759 rollaudabitur
3401 704 3615 773 (ItidJ.

2499 799 2889 868 Unguentarius
2916 799 3115 852 faciens
3139 797 3411 865 pigmenta
3430 795 3716 851 suavitatis
3738 806 3792 850 et
3814 795 3999 849 unctio

2426 892 2508 946 nis
2534 891 2744 945 confert
2772 891 3076 942 sanitatem.
3109 887 3304 954 (ΙΙιίά.)

2499 982 2571 1033 Da
2603 982 2776 1036 locum
2805 979 3035 1042 medico,
3079 980 3283 1033 etenim
3345 978 3492 1032 illum
3524 976 3729 1032 ereavit
3761 975 4021 1030 Dominus

2425 1072 2637 1144 (ιω).

2495 1162 2562 1216 Ει
2587 1178 2693 1216 non
2721 1162 2961 1215 discedat
2986 1176 3015 1214 a
3048 1169 3119 1223 te,
3146 1159 3401 1230 quoniam
3432 1173 3600 1229 opera
3624 1157 3743 1227 ejus
3772 1166 3900 1211 sunt
3924 1172 4017 1210 ne-

2427 1256 2658 1309 cessaria
2693 1252 2916 1324 (llud).

2496 1345 2596 1412 Qui
2627 1331 2890 1414 delnquit
2933 1345 2984 1399 in
3035 1352 3327 1414 conspectu
3375 1342 3497 1411 ejus
3543 1342 3638 1411 qui
3687 1339 3818 1395 fecit
3848 1339 4021 1402 illum.

2431 1438 2615 1494 incidit
2643 1437 2696 1492 in
2725 1452 2917 1492 manus
2943 1435 3171 1490 medici.

3064 1541 3372 1581 εςιτιιιλιιυε.

2504 1616 2864 1688 Aperiendum
2897 1615 3091 1669 vulnus
3138 1626 3221 1697 est
3249 1624 3305 1669 et
3326 1613 3641 1677 secandum,
3674 1622 3729 1668 et
3761 1615 4023 1683 putrami-

2434 1708 2590 1763 nibus
2619 1707 2929 1776 amputatis,
2961 1706 3167 1760 medela
3199 1705 3419 1760 fortiora
3443 1707 3761 1760 curandum.

2507 1797 2846 1852 VOCIICI'CIIII'
2877 1805 2933 1851 et
2972 1798 3187 1862 clamet,
3220 1796 3347 1851 licet
3386 1805 3443 1850 ct
3471 1805 3841 1866 conqueratur
3879 1806 4022 1860 (eger

2360 1886 2405 1945 Β
2436 1888 2721 1957 impatiens
2768 1902 2865 1956 per
2911 1886 3153 1940 dolorem
3182 1902 3197 1951 ;
3228 1886 3434 1955 gratias
3481 1894 3606 1954 aget
3649 1884 4018 1955 postmodum,

2433 1994 2556 2033 cum
2586 1981 2819 2034 senserit
2843 1977 3155 2033 sanitatem.

2961 2113 3191 2171 CAPUT
3246 2113 3477 2169 LXXIV.

3048 2207 3128 2262 De
3154 2210 3422 2279 ligatfone.

3090 2314 3361 2353 CIIIIISTUS.

2507 2390 2878 2459 Quodcunque
2907 2391 3157 2459 ligaveris
3198 2405 3363 2462 super
3404 2399 3628 2459 terram,
3657 2399 3763 2445 erit
3802 2397 4023 2457 ligatum

2434 2493 2492 2540 et
2516 2485 2569 2538 in
2597 2484 2749 2540 cmlis
2774 2481 2989 2554 (Matth.
3024 2482 3161 2551 xvr).

2505 2577 2620 2632 Non
2659 2574 2921 2645 suscipies
2951 2588 3142 2628 vocem
3186 2571 3475 2640 mendacii,
3525 2586 3626 2626 nec
3664 2572 3863 2639 jungas
3911 2585 4023 2621 ma-

2434 2684 2564 2723 num
2595 2675 2765 2735 tuam,
2809 2675 2865 2721 et
2901 2682 3000 2738 pro
3030 2664 3195 2735 impio
3220 2665 3367 2719 dicas
3404 2663 3597 2719 falsum
3645 2663 4020 2717 testimonium

2436 2761 2637 2833 (Exod.
2667 2759 2846 2829 nm).
3075 2842 3373 2883 “Romus

2507 2923 2657 2991 Quos
2684 2921 3025 2992 omnipotens
3050 2920 3192 2976 Deus
3220 2919 3448 2975 suscitat
3470 2932 3568 2988 per
3591 2914 4025 2986 compnnctionis

2436 3016 2682 3086 gratiam,
2715 3014 2837 3068 illos
2860 3012 3095 3083 pastoris
3119 3012 3390 3067 sententia
3419 3009 3688 3064 absolvet.

2507 3106 2634 3161 Illos
2663 3120 2763 3160 nos
2788 3103 3047 3159 debemus
3069 3118 3167 3173 per
3190 3101 3518 3172 pastoralem
3542 3100 3897 3155 autoritatem
3918 3097 4027 3152 sol-

2440 3213 2587 3264 vere,
2620 3212 2758 3267 quos
2782 3205 3063 3252 auctorem
3090 3206 3336 3249 nostrum
3362 3195 3746 3264 cognoscimus
3788 3209 3890 3263 per
3914 3208 4029 3248 sus-

818 3269 975 3339 Szepe
1019 3270 1163 3323 enim
1204 3284 1325 3323 eum
1371 3270 1490 3337 quis
1539 3267 1827 3324 iracundia:
1878 3268 2110 3323 stimulis
2141 3266 2332 3333 victus,
2362 3243 2410 3308 (ἶ
2440 3243 2695 3346 οξιξξιξη,
2721 3243 2951 3359 sum“
2980 3243 3284 3344 ;i,iﬁcare.

749 3369 939 3417 contra
982 3360 1356 3429 delinquentes
1402 3359 1519 3414 zelo
1566 3358 1887 3414 ulciscenda:
1948 3357 2170 3427 iustitia:
2220 3356 2340 3427 plus

748 3468 911 3523 quam
958 3466 1180 3506 necesse
1221 3459 1304 3505 est
1344 3448 1735 3515 inﬂammatur,
1785 3449 2007 3518 jnstitim
2041 3448 2263 3502 limitem
2287 3447 2339 3500 in

750 3545 955 3600 ultione
998 3542 1262 3596 transiens
1300 3542 1409 3611 agit
1436 3539 1728 3596 crudeliter
1754 3538 1902 3609 quod
1931 3554 1991 3595 se
2012 3550 2175 3607 agerc
2197 3535 2344 3606 justo

750 3634 1079 3705 suspicatur.

1407 3717 1664 3757 ιειυοιιυς.

824 3795 907 3851 Sit
938 3796 989 3849 in
1032 3809 1219 3865 gressu
1249 3802 1344 3848 tuo
1370 3794 1701 3864 simplicitas,
1725 3792 1857 3848 nihil
1878 3790 2116 3848 lenitatis
2136 3789 2191 3845 in
2212 3802 2339 3860 pro-

753 3902 940 3957 gressu
965 3894 1056 3939 tuo
1085 3893 1363 3954 appareat.

825 3976 1048 4031 Animus
1076 3976 1218 4029 enim
1244 3975 1296 4029 in
1318 3975 1561 4045 corporis
1578 3975 1764 4029 habitu
1792 3984 2050 4046 appareat

828 4066 1024 4121 Gestus
1052 4067 1301 4136 corporis
1321 4067 1531 4134 signum
1562 4077 1644 4121 est
1666 4069 1881 4123 mentis.

824 4158 1083 4228 Corporis
1110 4169 1261 4226 gestu
1287 4159 1499 4213 animus
1522 4160 1789 4229 proditur.

828 4250 1071 4305 Incussus
1101 4258 1223 4304 tuus
1245 4250 1471 4304 alterum
1496 4265 1605 4305 non
1626 4249 1886 4305 offendat.

1436 4357 1687 4397 IASILIUS.

829 4430 972 4484 Deus
993 4430 1131 4484 enim
1156 4445 1262 4484 no:i
1286 4431 1590 4496 verborum,
1627 4432 1721 4486 sed
1743 4432 1920 4486 cordis
1946 4431 2222 4502 inspector
2240 4442 2344 4502 est,

758 4531 815 4577 et
843 4521 1012 4589 diligit
1038 4536 1134 4576 eos
1161 4521 1328 4589 quiin
1354 4522 1698 4590 simplicitate
1719 4523 1898 4579 cordis
1922 4524 2162 4579 serviunt
2187 4525 2257 4579 ei.

1430 4632 1695 4671 EIESEBIUS.

835 4704 908 4758 Ea
939 4721 1057 4775 qua:
1086 4706 1226 4774 apud
1273 4707 1519 4761 homines
1570 4707 1823 4777 despecta
1870 4716 1996 4762 sunt
2039 4716 2095 4762 et
2125 4709 2177 4763 in
2207 4723 2341 4764 con-

762 4806 965 4864 temptu
998 4798 1282 4860 habentur,
1335 4800 1383 4852 in
1411 4812 1601 4866 magna
1632 4800 1801 4867 gloria
1823 4811 1946 4855 sunt
1984 4802 2127 4871 apud
2151 4801 2343 4858 Deum.

831 4887 1077 4943 Charitas
1106 4889 1218 4953 Dei,
1268 4906 1385 4961 quae
1414 4893 1617 4960 fragilia
1647 4900 1772 4947 sunt
1800 4909 1896 4963 per
1924 4903 2192 4962 naturam,
2250 4910 2348 4967 per

762 4982 988 5046 gratiam
1012 4982 1137 5037 facit
1159 4999 1278 5038 esse
1314 4985 1639 5040 tirmissima.

1307 5098 1532 5152 (IAPL‘T
1566 5099 1792 5155 LXXIII.

1387 5187 1464 5241 De
1491 5191 1718 5245 medicis.

1423 5316 1694 5356 ειιιιιετυς.

839 5386 954 5442 Non
983 5396 1063 5442 est
1102 5405 1239 5460 opus
1268 5395 1412 5445 san‘s
1459 5395 1686 5459 medico,
1737 5396 1830 5450 sed
1859 5398 1999 5454 male
2029 5399 2347 5455 habentibus

767 5478 919 5551 (Luc.
949 5481 1053 5549 ιιι).

838 5568 1062 5637 Medice,
1083 5586 1209 5626 cura
1238 5574 1466 5643 teipsum
1493 5578 1639 5645 prius
1671 5578 1817 5645 (Luc.
1850 5582 1935 5651 iv).

1252 5737 1263 5745 α
1377 5683 1522 5721 Ηζδιὶδ
1544 5685 1750 5723 SlllACII.

842 5750 1057 5808 llnnora
1106 5756 1370 5811 medicum
1415 5769 1637 5830 propter
1674 5765 2091 5834 necessitatem,
2152 5773 2347 5826 (tenini

774 5842 920 5896 illum
950 5850 1150 5903 creavit
1180 5851 1480 5907 Altissimus
1512 5855 1658 5907 (FN!
1690 5874 1731 5909 κ.
1774 5863 2015 5928 xxxviii).

2371 4606 2423 4666 D

2512 3381 2625 3437 Sub
2652 3396 2849 3451 magno
2878 3381 3251 3437 moderamine
3277 3389 3532 3452 pastores
3554 3380 3815 3437 Ecclesia“:
3836 3380 3925 3434 vel
3944 3378 4034 3433 ab-

2440 3475 2655 3531 solvere
2681 3474 2951 3540 studeant,
2979 3474 3063 3527 vel
3090 3474 3279 3543 ligare.

2513 3565 2705 3621 Utrum
2732 3570 2876 3634 juste
2903 3581 2970 3619 an
3002 3565 3203 3635 injuste
3229 3565 3431 3635 obliget
3451 3573 3661 3636 pastor,
3683 3565 3927 3638 pastoris
3951 3576 4031 3618 ta-

2443 3670 2567 3711 men
2600 3656 2867 3710 sententia
2898 3657 3048 3726 gregi
3079 3656 3316 3711 timenda
3340 3666 3425 3711 est
3451 3674 3465 3711 :
3494 3672 3563 3710 ne
3600 3656 3689 3712 bic
3714 3657 3807 3724 qui
3828 3658 4032 3718 subest,

2445 3757 2503 3803 et
2544 3763 2667 3803 eum
2712 3748 2912 3818 injuste
2958 3749 3185 3803 forsitan
3227 3748 3442 3817 ligatur,
3482 3748 3654 3819 ipsam
3692 3748 4035 3818 obligationis

2446 3856 2557 3897 sua:
2579 3844 2904 3896 sententiam
2931 3857 3000 3897 ex
3026 3842 3130 3895 alia
3155 3841 3312 3913 culpa
3344 3849 3639 3896 mereatur.

2517 3933 2711 3989 Pastor
2748 3946 2878 4003 ergo
2914 3934 3002 3990 vel
3048 3934 3333 3989 absolvere
3381 3934 3673 3990 indiscrete
3718 3935 3913 3990 timeat
3954 3936 4037 3989 vel

2446 4025 2633 4094 ligare.

2518 4115 2567 4172 Is
2594 4125 2776 4173 autem
2806 4117 2899 4187 qui
2929 4117 3030 4173 sub
3058 4131 3219 4172 manu
3259 4117 3494 4187 pastoris
3522 4126 3625 4181 est,
3658 4118 3816 4186 ligari
3851 4118 4035 4173 timeat

2449 4208 2535 4262 vel
2565 4208 2781 4277 injuste,
2826 4223 2896 4263 ne
2923 4208 3160 4279 pastoris
3198 4208 3282 4262 sui
3322 4208 3586 4277 judicium
3616 4218 3825 4264 temere
3854 4224 4037 4279 repre-

2448 4299 2672 4354 bendat.

2995 4391 3227 4448 CAPUT
3264 4392 3479 4451 LXXV.

3048 4485 3129 4540 De
3164 4487 3435 4556 exemplis.

3112 4597 3389 4641 ειιιιιςτυδ.

2523 4675 2698 4746 Super
2726 4673 3038 4730 cathedram
3078 4674 3253 4747 Moysi
3293 4675 3555 4732 sederunt
3587 4681 3782 4733 scribm
3811 4686 3869 4733 et
3896 4677 4039 4733 Plia-

2448 4767 2587 4823 riszni
2618 4763 2833 4835 (Matth.
2864 4765 3037 4833 χχιιι).

2517 4857 2708 4914 Omnia
2737 4871 2868 4926 ergo
2910 4873 3253 4928 quaecunque
3282 4859 3518 4914 dixerint
3557 4860 3731 4926 vobis,
3778 4860 3945 4917 facito
3987 4872 4042 4915 et

2449 4956 2699 5005 servate:
2735 4947 3035 5003 secundum
3063 4964 3194 5005 vero
3224 4965 3391 5019 opera
3417 4966 3609 5006 eorum
3650 4952 3824 5009 nolite
3864 4953 4043 5010 facere

2452 5039 2662 5111 (me).

2523 5130 2718 5185 Dicunt
2747 5133 2892 5185 enim
2922 5139 2977 5185 et
3006 5146 3113 5187 non
3142 5130 3345 5187 faciunt
3376 5131 3594 5203 (16:21.).

3146 5241 3364 5281 PAULUS.

2524 5316 2731 5371 Bonum
2807 5326 2985 5371 autem
3043 5318 3370 5374 mmnIamini
3417 5319 3472 5375 in
3518 5320 3665 5377 bono
3721 5336 3944 5393 semper
3992 5335 4035 5392 (.

2457 5409 2588 5462 Tim.
2620 5410 2715 5477 tv).

2524 5501 2845 5572 Exemplum
2890 5510 3006 5557 esto
3038 5501 3297 5569 fidelium,
3336 5504 3390 5558 in
3420 5506 3609 5568 verbo.
3653 5522 3709 5560 in
3751 5522 4044 5563 conversa-

2457 5594 2623 5656 tione,
2661 5594 2710 5645 in
2743 5593 3030 5657 charitate,
3068 5594 3121 5649 in
3156 5592 3279 5658 fide,
3314 5604 3372 5649 ut
3403 5595 3680 5666 profectus
3710 5607 3841 5653 tuus
3871 5601 4042 5653 mani-

2460 5685 2625 5741 festus
2654 5687 2724 5740 sit
2751 5688 3021 5741 omnibus.

2528 5779 2583 5832 In
2631 5777 2881 5833 omnibus
2930 5779 3156 5849 teipsum
3201 5782 3379 5851 praebe
3424 5783 3730 5853 exemplum
3780 5785 4045 5843 bonorum

2458 5887 2681 5941 operum
2717 5869 2842 5939 (Tit.
2878 5883 2953 5941 Il).
