4194 6574
773 413 867 465 ΠΙ

1737 411 1842 464 ῐηιςι
1870 410 2158 465 EVSOIHS
2203 407 2736 467 LOCOIIAGENSIS
2777 410 3081 467 MONAIIIII

3942 415 4040 469 7|!

841 528 973 582 Nam
1024 524 1070 581 si
1120 525 1281 580 etiam
1334 525 1406 578 illi
1440 531 1599 593 quem
1647 526 1990 595 persequitur
2037 524 2237 593 aliquid
2284 525 2350 579 de
2383 528 2425 584 Α
2460 535 2705 581 naturam
2736 526 3158 595 uniuscujusque
3189 525 3442 591 attendit,
3473 535 3528 582 et
3566 527 3694 582 inde
3722 543 3783 582 se
3814 528 4039 598 applicat

772 618 1069 674 substantia
1096 617 1301 681 tulerit,
1328 615 1501 684 majus
1529 616 1626 669 sibi
1650 616 2033 670 detrimentum
2062 617 2176 686 ipse
2204 616 2350 670 facit.

844 707 980 776 Quia
1029 723 1187 762 nemo
1240 706 1403 760 habet
1455 707 1711 774 injustum
1757 707 1989 772 lucrum,
2044 707 2160 760 sine
2215 706 2360 774 jttSlO

771 800 991 853 damno.

850 890 955 946 Ubii
982 891 1208 951 lucrum,
1250 897 1306 942 et
1336 889 1408 943 ibi
1434 890 1708 942 damnum.

840 981 1074 1036 buerunt
1104 982 1155 1033 in
1185 995 1332 1045 arca,
1360 981 1615 1034 damnum
1641 982 1693 1034 in
1716 982 2067 1035 conscientia.
2128 1001 2139 1009 ν

846 1074 1012 1128 Tollit
1038 1083 1262 1138 vestem,
1297 1073 1674 1140 pcrditJidcm.

844 1164 1090 1236 Acquirit
1120 1165 1425 1233 pecuniam,
1452 1172 1507 1215 et
1537 1165 1709 1231 perdit
1746 1164 2034 1232 justitiam,

1388 1271 1745 1309 llll'iltttNiMI'S.

855 1352 992 1406 Nihil
1033 1367 1099 1406 eo
1149 1351 1339 1405 fortius
1367 1368 1524 1420 quam
1554 1351 1642 1418 qui
1701 1350 1867 1403 vincit
1895 1349 2190 1414 diabolum,
2227 1349 2353 1402 nihil

773 1445 1169 1499 intolerabilius
1196 1458 1355 1510 quam
1388 1442 1479 1509 qui
1511 1456 1729 1494 carnem
1760 1450 1999 1509 superat.

840 1538 897 1593 Si
920 1548 1060 1592 astra
1086 1536 1205 1590 ωεΙί
1230 1553 1336 1589 non
1358 1546 1485 1589 sunt
1507 1537 1705 1588 tnunda
1738 1536 1787 1589 in
1813 1544 2101 1604 consjzectu
2127 1535 2354 1598 ltozuini,

767 1640 972 1701 quanto
1006 1631 1174 1697 tnagis
1206 1630 1472 1691 homines,
1492 1645 1721 1697 quorum
1762 1630 1868 1681 vita
1904 1630 2130 1681 tentatio
2159 1630 2285 1681 est?

842 1719 1049 1773 Diaboli
1096 1722 1307 1787 Sagitta:
1345 1720 1673 1788 jejuniorum
1716 1727 1770 1773 et
1799 1720 2096 1787 vigiliarum
2148 1717 2357 1786 fragore

766 1811 1153 1877 restringendrc
1176 1818 1317 1861 sunt.

2468 622 2612 673 unde
2641 627 2822 688 aptum
2851 620 3126 673 hominem
3160 620 3224 671 ad
3257 628 3538 688 peccatum
3568 621 3873 689 aspexerit.

2534 706 2818 773 Nunquam
2850 708 2992 761 enim
3045 707 3290 761 diabolus
3339 708 3600 763 adversus
3629 709 3906 765 hominem
3934 710 4040 779 jus-

2463 804 2575 849 tum
2603 812 2843 865 pugnare
2872 807 3069 851 cessat.

2530 886 2638 940 Aut
2669 891 2810 941 enim
2845 889 3219 944 tribulatioues
3266 890 3448 944 cordis
3498 890 3575 944 illi
3631 893 3896 962 exagitat,
3949 906 4036 948 aut

2462 976 2707 1030 dolorem
2736 980 2984 1047 corporis
3010 982 3253 1033 suscitat.

2532 1068 2797 1135 Qumlibet
2819 1072 2959 1123 enim
2992 1073 3219 1126 adversa
3243 1073 3422 1141 justus
3444 1077 3701 1145 patiatur,
3723 1092 3789 1131 ex
3818 1078 3910 1132 Dei
3944 1080 4041 1131 uti-

2462 1174 2565 1228 que
2590 1163 2859 1227 pertnissu
2888 1163 3108 1229 patitur.

2534 1254 2688 1315 Quod
2723 1251 2767 1303 si
2802 1253 2901 1306 hoc
2932 1253 3104 1320 ipsum
3138 1255 3415 1308 humiliter
3441 1254 3506 1309 ad
3541 1254 3634 1309 Dei
3667 1258 3895 1324 gloriam
3921 1256 4041 1310 rcfc-

2462 1350 2567 1404 rat,
2596 1343 2696 1396 iste
2718 1360 2826 1397 non
2858 1354 3137 1413 separatur
3165 1362 3192 1397 a
3223 1346 3353 1411 Deo,
3379 1348 3471 1399 sed
3500 1348 3864 1415 eonjuugitur.

2536 1433 2608 1485 lbi
2635 1448 2924 1501 peccamus
2967 1437 3053 1490 ubi
3085 1437 3439 1505 cupiditatem
3470 1438 3537 1492 ad
3596 1439 3933 1494 voluntatem
3957 1439 4020 1494 de

2466 1524 2756 1582 ﬂectimus.

2532 1618 2679 1684 Quos
2709 1621 2849 1673 enim
2886 1621 3167 1689 vigilantes
3212 1622 3470 1676 immundi
3501 1623 3720 1689 spiritus
3750 1627 3894 1677 vitiis
3927 1635 4041 1677 ten-

2462 1719 2576 1763 tant
2602 1729 2699 1766 nec
2726 1726 2999 1779 superant,
3036 1716 3235 1766 acriter
3266 1716 3599 1769 dormientes
3640 1717 3970 1783 itttpngnant.

2533 1806 2688 1871 Ezepe
2721 1805 2862 1856 enim
2897 1820 2958 1857 ea
2994 1806 3044 1857 in
3095 1806 3287 1873 quibus
3316 1806 3706 1872 eogitatiinium
3740 1817 4041 1861 nostrarum

839 1901 1072 1955 Grandis
1103 1914 1232 1967 ergo
1263 1900 1479 1954 virtulis
1508 1907 1608 1963 cst,
1651 1908 1706 1952 et
1746 1899 1986 1951 sollicitm
2040 1899 2349 1964 tliltgctiliat,
2390 1883 2428 1937 η
2460 1908 2680 1947 sensnrn
2732 1896 3073 1961 porrigimus,
3106 1900 3342 1964 quodam
3379 1898 3579 1951 mentis
3627 1912 3857 1951 excessu
3886 1912 4037 1951 reve-

764 2006 1023 2061 supcrare
1051 1991 1194 2059 quod
1224 2001 1377 2044 natus
1420 1992 1493 2044 sis
1537 1990 1587 2043 in
1618 2004 1780 2043 carne
1829 2001 1882 2042 ct
1926 2004 2031 2041 non
2062 1989 2352 2041 carnaliter

766 2084 969 2135 vivere.
1069 2139 1073 2144 ,

832 2175 948 2227 Non
977 2174 1149 2228 solum
1180 2173 1370 2227 cﬂ'usio
1413 2172 1689 2238 sanguinis
1738 2173 1788 2225 in
1823 2172 2164 2225 confessione
2194 2188 2351 2237 repn-

766 2273 930 2329 tatur,
964 2265 1054 2317 scd
1084 2264 1292 2317 tiCVOiiL'
1339 2263 1533 2315 tuentis
1577 2262 1918 2314 immaculata
1947 2264 2179 2315 servitus
2211 2277 2345 2329 quo-

762 2354 1019 2407 tidianum
1053 2355 1366 2423 martyrium
1398 2362 1503 2405 est.

831 2445 1010 2499 llostis
1041 2445 1265 2498 callidus
1297 2446 1446 2497 tarda
1487 2444 1554 2497 ad
1585 2454 1813 2499 mortem
1838 2443 2097 2513 supplicia
2117 2446 2348 2513 conqui-

758 2555 883 2595 rens
909 2540 1111 2593 animas
1141 2540 1571 2609 cupitjugulare,
1608 2556 1712 2595 non
1743 2556 1995 2609 corpora.

831 2630 948 2684 Non
1007 2631 1292 2685 timeamus
1330 2632 1592 2685 malorum
1626 2628 2031 2700 persecutorum
2063 2629 2344 2691 s;cvitiatn,

758 2732 808 2775 et
866 2721 1353 2791 blasphemantium
1383 2720 1611 2787 rabiem,
1638 2720 1762 2788 quia
1794 2720 1975 2775 veniet
1998 2720 2114 2774 dies
2138 2720 2344 2788 judicii,

762 2814 812 2865 in
860 2828 968 2881 quo
1000 2823 1185 2867 nostra
1216 2812 1387 2866 virtus
1414 2810 1785 2877 coronabitur,
1816 2818 1873 2865 et
1903 2824 2089 2866 eorum
2140 2810 2345 2865 smvitia

764 2906 1036 2975 punietur.

1396 3011 1711 3052 εηεοοιιιυς.

828 3086 961 3140 Cum
993 3102 1124 3142 vero
1151 3087 1414 3142 malorum
1440 3090 1765 3158 perversitas
1785 3087 1998 3152 crescit,
2035 3102 2141 3141 non
2172 3086 2343 3141 solum

755 3179 929 3247 frangi
961 3179 1142 3247 prmdit
1163 3180 1273 3232 alio
1304 3195 1410 3233 non
1435 3179 1613 3242 debet,
1646 3180 1739 3234 sed
1762 3181 1925 3234 etiam
1948 3180 2153 3248 augeri.

835 3267 962 3323 llaec
992 3277 1152 3336 auget
1180 3269 1361 3323 divina
1392 3268 1785 3334 misericordia,
1817 3277 1876 3322 ut
1897 3284 1964 3323 ex
1996 3285 2097 3322 una
2129 3268 2341 3323 eadem-

754 3369 862 3424 que
900 3367 980 3419 re,
1017 3369 1082 3406 ex
1109 3368 1214 3421 qua
1244 3352 1549 3407 carnalibus
1577 3352 1671 3406 dat
1696 3353 1968 3421 flagellum
2001 3369 2067 3407 ex
2089 3368 2153 3408 ea
2182 3354 2343 3422 spiri-

756 3444 989 3499 tualibus
1016 3444 1306 3497 virtutibus
1329 3451 1545 3512 prmstet
1571 3444 1984 3498 incrementum.

826 3535 991 3601 Quasi
1020 3548 1149 3603 ergo
1205 3534 1361 3603 lupus
1408 3546 1625 3602 gregem
1657 3533 1901 3603 dissipat,
1955 3549 2077 3588 cum
2127 3533 2337 3587 fidelem

754 3626 1009 3696 populum
1036 3624 1285 3678 diabolus
1307 3638 1403 3694 per
1427 3625 1783 3679 teutationem
1816 3634 1994 3682 vocat.

825 3717 1082 3782 Quamvis
1109 3718 1327 3770 occasio
1354 3716 1743 3784 persecutionis
1771 3714 1941 3779 deest,
1976 3715 2139 3770 habet
2164 3726 2342 3770 tamen

755 3818 810 3861 et
865 3823 971 3877 pax
1022 3815 1205 3860 nostra
1254 3806 1570 3876 martyrium
1618 3822 1775 3859 suum
1810 3807 1974 3874 :quia
2021 3806 2121 3861 etsi
2170 3806 2345 3861 carnis

755 3898 894 3953 colla
944 3897 1088 3951 ferro
1131 3912 1239 3951 non
1284 3897 1577 3958 subdiinus,
1628 3898 1894 3966 spirituali
1945 3907 2125 3953 tamen
2166 3898 2344 3967 gladio

754 3990 991 4045 carnalia
1022 3990 1289 4044 desideria
1322 3991 1373 4042 in
1398 3999 1577 4044 mente
1607 3990 1955 4045 trucidamus.

1417 4106 1673 4144 ISIDOIIUS.

831 4180 1090 4248 Quamvis
1136 4179 1383 4235 diabolus
1434 4185 1786 4235 tentatiunem
1814 4180 1974 4249 justis
2014 4196 2234 4251 semper
2258 4182 2340 4235 in-

755 4276 895 4328 terre
917 4273 1121 4342 cupiat,
1153 4283 1332 4326 tamen
1363 4273 1406 4325 si
1438 4287 1467 4324 a
1507 4271 1618 4326 Deo
1667 4281 1990 4339 potestatem
2036 4290 2143 4328 non
2196 4275 2341 4327 acci-

756 4371 890 4439 piat,
923 4370 1227 4423 nullatenus
1257 4366 1482 4436 adipisci
1514 4377 1693 4437 potest
1721 4369 1866 4438 quod
1898 4372 2051 4438 petit.

826 4460 943 4516 Non
972 4460 1097 4514 alibi
1122 4460 1366 4513 diabolus
1389 4461 1839 4528 concupiscentia:
1864 4462 2102 4515 fomenta
2124 4478 2344 4517 succcn-

754 4554 851 4619 dit,
887 4554 987 4606 nisi
1028 4552 1115 4606 ubi
1146 4552 1293 4621 prius
1324 4566 1499 4619 prava:
1544 4553 1890 4619 cogitationis
1922 4554 2339 4609 delectationi-ni

755 4645 1047 4713 aspexerit,
1073 4659 1231 4712 quam
1253 4645 1297 4697 si
1328 4660 1357 4695 a
1382 4643 1534 4697 nobis
1556 4646 1880 4713 spernimus,
1912 4647 2027 4702 sine
2054 4646 2218 4705 dubio
2252 4649 2339 4703 ille

757 4737 1009 4791 confusus
1039 4737 1279 4790 abscedit
1301 4752 1330 4788 a
1357 4737 1533 4789 nobis.

828 4825 979 4881 Tune
1008 4827 1149 4880 enim
1212 4830 1345 4879 bene
1389 4827 1456 4881 de
1509 4842 1567 4881 se
1602 4827 1848 4896 judicant
1896 4832 2090 4899 sancti,
2124 4834 2340 4901 quando

756 4934 849 4973 eos
880 4919 1020 4972 Deus
1067 4917 1276 4972 fallacia
1314 4919 1613 4973 dmmonum
1651 4928 1980 4976 tentamenta
2023 4920 2150 4978 facit
2190 4924 2340 4978 intel-

756 5010 944 5076 Iigere.

829 5099 886 5151 In
920 5098 1088 5152 oculis
1117 5098 1409 5152 carnalium
1442 5098 1681 5153 diabolus
1712 5101 1965 5156 terribilis
1992 5110 2095 5157 est.

834 5190 888 5243 lit
918 5189 1086 5243 oculis
1113 5190 1407 5243 electorum
1440 5199 1616 5244 terror
1646 5192 1763 5259 ejus
1787 5192 1906 5246 vilis
1937 5205 2040 5247 est.

830 5279 1080 5334 Diabolus
1109 5281 1249 5333 enim
1308 5295 1527 5347 serpens
1573 5291 1655 5335 est
1687 5282 1943 5347 lubricus,
1977 5284 2132 5352 cujus
2161 5286 2205 5339 si
2243 5302 2337 5339 ca-

759 5371 877 5439 piti,
907 5372 955 5424 id
985 5379 1065 5424 est
1095 5372 1281 5442 ptimo:
1337 5373 1686 5440 suggestioni,
1723 5390 1826 5428 non
1878 5376 2160 5441 resistitur,
2195 5386 2338 5430 totus

760 5466 814 5518 in
839 5466 1049 5518 interna
1084 5467 1283 5531 corJis,
1313 5466 1438 5519 dum
1472 5482 1576 5518 non
1609 5469 1858 5531 sentitur,
1888 5469 2143 5522 illabitur.

829 5557 979 5611 Tunc
1006 5566 1192 5611 contra
1224 5572 1345 5611 eum
1399 5574 1557 5627 quem
1613 5561 1853 5627 possidet
1880 5562 2126 5616 diabolus
2163 5566 2338 5617 acrius

760 5649 926 5715 smvit,
959 5648 1175 5719 quando
1220 5662 1276 5701 se
1308 5659 1501 5704 Virtute
1555 5649 1730 5703 divina
1762 5652 1828 5706 ab
1864 5668 1927 5706 co
1957 5653 2336 5722 expellendum

760 5742 1028 5808 agnoscit.

830 5833 1081 5888 Diabolus
1110 5833 1323 5903 quando
1367 5836 1477 5888 vult
1525 5836 1773 5904 decipere
1818 5852 2139 5907 quemquam
2192 5841 2336 5909 prius

2458 1984 2637 2037 lantur
2660 1985 2784 2037 dum
2812 1986 3222 2053 retjuiBSt‘itnus.

2533 2072 2632 2137 Qui
2680 2084 2939 2127 nocturna
2986 2076 3232 2128 illusiune
3276 2076 3554 2144 polluitur,
3590 2076 3837 2144 quamvis
3885 2085 4033 2131 extra

2461 2164 2776 2216 memoriam
2808 2165 3043 2232 turpium
3076 2166 3463 2231 cogitationum
3508 2181 3630 2220 sese
3663 2168 3927 2233 persi'ntit
3962 2167 4043 2218 in-

2452 2256 2761 2322 quinatum;
2796 2266 2972 2310 tamen
3006 2259 3107 2310 hoc
3151 2266 3207 2309 ut
3247 2266 3566 2324 tentaretur,
3598 2260 3771 2326 culpa:
3801 2275 3915 2313 sua:
3947 2260 4042 2313 tri-

2452 2344 2602 2405 bII-ll,
2632 2347 2924 2415 statimque
2975 2363 3129 2400 suam
3178 2348 3564 2403 immunditiam
3597 2350 3812 2404 fletibus
3846 2360 4032 2417 ti-rgat.

2528 2434 2710 2487 Facile
2732 2436 2993 2491 vincimus
3022 2437 3232 2491 hostem
3261 2454 3421 2507 quem
3452 2440 3727 2492 videmus:
3758 2456 3922 2507 quem
3951 2458 4044 2493 au-

2453 2534 2562 2580 tem
2587 2542 2693 2579 non
2726 2528 2995 2594 videmus,
3022 2530 3240 2585 difficile
3270 2547 3301 2584 a
3333 2533 3490 2586 nobis
3517 2533 3863 2602 expellimus.

2524 2618 2902 2689 Unusquisque
2950 2621 3019 2674 ad
3053 2622 3407 2677 tentationcm
3456 2624 3692 2678 animum
3744 2639 4044 2695 prmparare

2455 2709 2638 2764 debet.

2522 2805 2742 2859 Tentari
2793 2813 2974 2859 autem
3024 2804 3228 2871 justum
3278 2813 3517 2874 oportet,
3576 2806 3671 2860 sed
3740 2803 4041 2859 tentatione

2450 2898 2635 2966 p'agie,
2682 2912 2789 2950 tton
2825 2898 3128 2951 tentatione
3159 2899 3403 2951 luxuriw.

2519 2988 2769 3041 Tentatio
2801 2988 2977 3053 arguit
3003 2997 3074 3051 te,
3107 2996 3161 3040 et
3191 3003 3297 3040 non
3330 2999 3380 3041 te
3413 2986 3687 3041 interficit.

2518 3080 2618 3145 Qui
2647 3088 2862 3133 nonest
2893 3088 3153 3144 tentatus,
3188 3081 3315 3148 quid
3341 3081 3482 3133 scit?

2522 3168 2614 3223 Vir
2646 3170 2696 3222 in
2732 3169 2916 3222 multis
2947 3180 3201 3236 expertus
3232 3172 3433 3237 cogitat
3462 3171 3647 3223 multa.

2519 3262 2622 3328 Qui
2672 3261 2839 3315 multa
2890 3262 3097 3323 didicit,
3148 3261 3425 3315 enarrabit
3472 3262 3842 3316 intellectum:
3877 3262 4036 3331 etqui

2451 3360 2662 3407 nonest
2691 3361 2968 3421 expertus,
3002 3368 3174 3422 pauca
3208 3355 3566 3421 recognoscit.

3086 3462 3396 3500 CYPIiIANUS.

2522 3534 2845 3606 Quantaque
2867 3534 3040 3605 major
3059 3535 3220 3591 fuerit
3241 3538 3630 3605 persecutionis
3655 3538 3872 3608 injuria,
3895 3549 4041 3594 tanto

2449 3629 2649 3698 justior
2678 3629 2768 3681 Iiet
2795 3636 2849 3681 et
2883 3628 3097 3695 gravior
3117 3629 3511 3697 persecutionis
3531 3630 3787 3684 vindicta.

2519 3718 2705 3773 Nullus
2734 3718 2817 3773 his
2845 3718 2997 3772 dolor
3028 3728 3111 3772 est
3147 3719 3213 3772 de
3243 3719 3553 3774 incursione
3592 3721 3862 3774 malorum
3907 3736 4037 3791 pra»

2455 3811 2712 3871 sentium,
2745 3810 2942 3878 quibus
2973 3808 3164 3863 Iiducia
3196 3818 3280 3863 est
3303 3807 3607 3863 futurorum
3640 3810 3933 3867 bonorum.

2526 3901 2713 3968 Neque
2736 3902 2878 3954 enim
2909 3902 3071 3955 licere
3098 3901 3303 3953 tantum
3328 3900 3546 3955 inimico
3576 3911 3775 3970 potest,
3808 3912 3867 3955 ut
3909 3919 4035 3970 non,

2451 3992 2542 4061 qui
2572 3992 2741 4045 Deum
2773 4000 2887 4044 totu
2916 3992 3103 4057 corde,
3135 4000 3190 4044 et
3208 3992 3409 4055 anima,
3438 4000 3495 4045 et
3515 3991 3715 4047 virtute
3742 3993 4034 4062 diligimus,

2452 4080 2833 4137 beatitudinem
2868 4080 2984 4147 ejus
3012 4089 3067 4134 et
3093 4082 3280 4135 Iaudes
3323 4095 3541 4151 semper
3579 4093 3633 4137 et
3666 4083 3863 4152 ubique
3918 4100 4034 4139 cura

2447 4172 2618 4240 gloria
2647 4171 3021 4241 prmdicemus.

2986 4278 3052 4315 EX
3092 4277 3232 4315 VITIS
3266 4278 3500 4316 ΡΑτιιωι.

2516 4352 2669 4408 Sicut
2689 4353 2832 4408 enim
2875 4368 3063 4408 aurum
3114 4362 3169 4409 et
3198 4364 3480 4422 argentum
3513 4358 3705 4424 probat
3750 4354 3914 4425 ignis,
3958 4360 4032 4412 sic

2447 4460 2543 4500 cor
2569 4445 2822 4498 monachi
2851 4444 3097 4498 tentatio.

2522 4536 2620 4591 Ubi
2650 4550 2781 4590 crux
2830 4533 3030 4591 Christi
3081 4535 3534 4606 superinducitur,
3568 4553 3675 4591 non
3724 4540 4037 4608 prmvalebt

2448 4629 2651 4684 malitia
2679 4629 2904 4685 diaboli.

3106 4736 3377 4775 ι-ῑυεειιιυε.

2513 4809 2651 4865 Nihil
2681 4810 2920 4866 terribile
2948 4821 3032 4866 est
3082 4813 3171 4866 ubi
3202 4813 3442 4882 diligitur
3468 4812 3737 4878 Christus,
3771 4814 3907 4869 nihil
3938 4816 4035 4869 do-

2443 4906 2572 4961 loris
2600 4915 2685 4961 est
2712 4905 2803 4960 tibi
2828 4904 2960 4959 fides
2979 4906 3179 4961 Christi
3210 4915 3313 4960 est.

2516 5000 2705 5055 Melior
2725 4998 2918 5067 estqui
2948 5013 3048 5053 nos
3076 4996 3336 5063 defendit,
3361 5012 3520 5067 quam
3549 5013 3643 5067 qui
3661 5002 4031 5069 persequitur.

2963 5158 3188 5215 CAPUT
3229 5158 3480 5214 LXXVIII

2977 5272 3057 5326 De
3085 5273 3246 5326 verbis
3282 5275 3481 5327 otiosis.

3097 5399 3370 5437 CHRISTUS.

2513 5474 2641 5529 Dico
2672 5484 2852 5528 autem
2876 5474 3030 5529 vobis
3059 5476 3184 5542 quia
3209 5488 3274 5527 ex
3297 5474 3442 5527 omni
3473 5474 3641 5527 verbo
3671 5476 3856 5531 otioso
3885 5478 4027 5544 quod

2443 5566 2606 5620 locuti
2638 5567 2835 5620 fuerint
2863 5566 3131 5628 homines,
3178 5564 3404 5619 reddent
3452 5565 3722 5619 ratioi:em
3752 5567 3820 5621 de
3868 5584 3933 5623 eo
3980 5570 4028 5621 itt

2440 5658 2527 5712 die
2548 5658 2731 5727 judicii
2759 5657 2971 5729 (Matth.
3005 5658 3126 5728 xu).

2517 5750 2892 5818 Unusquisque
2936 5749 3077 5801 enim
3132 5762 3198 5802 ex
3229 5747 3406 5802 verbis
3460 5748 3571 5801 suis
3617 5747 4021 5818 justiﬁcabitur

2442 5846 2531 5893 aut
2549 5854 2611 5895 ex
2648 5839 2822 5895 verbis
2844 5840 2949 5892 suis
2975 5839 3421 5893 condemnabitur
3450 5838 3665 5909 (ΗΜ).
