4194 6544
167 426 274 483 ’113

866 550 1085 589 ΡΔυιυε.

241 629 414 687 Nemo
442 645 538 685 vos
566 628 792 684 seducat
828 627 1077 681 inanibus
1107 626 1284 680 verbis
1308 624 1358 696 (1
1397 623 1530 678 Tim.
1567 624 1661 682 tv).

239 725 462 796 Ineptas
484 733 664 779 autem
693 732 748 778 et
777 723 962 777 inanes
992 721 1197 775 fabulas
1228 719 1404 775 devita
1434 718 1615 789 (Ροου.
1647 714 1766 786 xu).

853 833 1116 873 SALOIION.

240 910 479 984 Propter
521 919 744 982 peccata
782 911 1071 975 lahiorum,
1103 911 1258 965 ruina
1291 908 1564 981 proximat
1604 906 1767 962 malo.

803 1018 1159 1058 IIIERONYIIUS.

241 1096 396 1152 Mens
423 1093 639 1151 Christo
678 1095 879 1159 dedita,
922 1095 1001 1151 sic
1054 1104 1210 1151 cavet
1243 1095 1451 1151 minora
1492 1093 1769 1164 quomodo

170 1201 224 1246 et
255 1191 488 1258 majora,
518 1191 697 1246 sciens
725 1190 889 1245 etiam
916 1206 1012 1260 pro
1037 1189 1204 1246 verbo
1230 1190 1407 1246 otioso
1436 1188 1766 1246 reddendam

170 1301 292 1342 esse
326 1287 615 1341 rationem.

824 1375 1135 1415 ωιεϐοῐιιυε.

241 1453 489 1508 Otiosum
548 1454 751 1522 quippe
799 1453 1022 1507 verbum
1057 1462 1157 1516 est,
1214 1453 1357 1522 quod
1400 1461 1493 1507 aut
1539 1451 1772 1506 utilitate

169 1547 534 1614 rectitudinis,
561 1559 654 1602 aut
679 1550 890 1603 ratione
907 1548 1065 1616 iusta:
1090 1549 1431 1603 necessitatis
1457 1557 1624 1602 caret.

240 1639 398 1695 Sicut
429 1641 644 1696 incauta
677 1641 882 1696 lot-ntio
916 1642 967 1696 in
998 1657 1238 1696 errorem
1272 1643 1556 1710 pertrahit,
1588 1642 1659 1694 ita
1684 1641 1766 1695 in-

167 1733 473 1789 discretum
498 1736 774 1791 s'lentium
803 1736 899 1791 lius
931 1751 1069 1804 quos
1099 1734 1315 1791 erudire
1339 1744 1552 1806 poterat
1593 1733 1646 1789 in
1680 1749 1758 1788 er-

168 1842 296 1883 rore
323 1827 673 1899 derelinquit.

847 1940 1100 1981 ιεῐβοκιέ.

239 2015 450 2071 Claude
491 2030 650 2071 aures
676 2022 819 2082 tuas,
852 2031 922 2072 ne
945 2017 1166 2072 audiant
1192 2019 1411 2072 malum.

239 2112 393 2180 Fuge
429 2113 646 2167 incauta
676 2115 860 2169 verba.

241 2203 431 2259 Vanus
461 2221 642 2260 sermo
668 2207 777 2261 cito
802 2205 1008 2276 polluet
1035 2213 1289 2260 mentem.

239 2298 430 2355 Facile
461 2301 640 2369 agitur
668 2301 813 2370 quod
846 2301 1076 2357 libenter
1102 2303 1334 2358 auditur.

239 2391 388 2447 Nihil
421 2409 490 2448 ex
519 2408 614 2448 ore
645 2402 737 2448 tuo
763 2395 905 2464 quod
939 2395 1201 2465 impedire
1231 2395 1422 2465 possit,
1453 2393 1737 2464 procedat.

239 2485 385 2540 Nihil
418 2485 566 2555 quod
597 2502 706 2541 non
739 2486 982 2556 expedit,
1016 2503 1184 2542 sonus
1231 2487 1379 2542 vocis
1425 2495 1774 2557 prorumpat,

169 2581 271 2635 hoc
306 2580 571 2649 procedat
605 2595 674 2636 ex
724 2580 880 2636 labiis
905 2581 1049 2651 quod
1096 2597 1256 2638 aures
1285 2597 1395 2638 non
1440 2582 1647 2653 polluat
1675 2597 1776 2636 au-

166 2671 391 2728 dientis.

242 2765 442 2821 Sermo
471 2782 646 2822 vanus
675 2781 830 2823 vana:
858 2769 1205 2824 conscientia:
1233 2769 1394 2825 index
1420 2777 1524 2825 est.

239 2858 437 2924 Qualis
475 2874 656 2916 sermo
687 2861 1013 2929 ostenditur,
1050 2862 1172 2916 talis
1201 2870 1257 2917 et
1285 2863 1497 2919 animus
1525 2877 1780 2934 compro-

168 2951 349 3007 batur.

241 3047 438 3102 Retice
453 3048 678 3102 verbum
705 3048 848 3117 quod
877 3064 983 3104 non
1007 3049 1259 3105 mdiitcat.
1287 3051 1443 3106 Auris
1456 3066 1575 3121 quae
1602 3051 1778 3107 otiosa

166 3141 342 3197 verba
379 3157 489 3194 non
520 3141 789 3209 reprimit,
815 3143 881 3194 ad
911 3143 1068 3196 noxia
1099 3145 1210 3198 cito
1243 3145 1455 3198 transit.

244 3235 517 3290 Paulatim
550 3244 803 3290 crescunt
830 3235 982 3300 vitia,
1017 3246 1072 3291 et
1114 3236 1240 3291 dum
1270 3253 1434 3307 parva
1468 3252 1575 3294 non
1615 3253 1780 3295 cave-

167 3346 314 3393 mus,
344 3331 398 3384 in
423 3344 617 3398 magna
646 3329 1002 3400 prolabimur.

244 3423 304 3478 ln
341 3423 618 3494 loquendo
649 3431 705 3478 et
737 3424 788 3478 in
824 3423 1054 3479 tacendo
1088 3425 1292 3492 peritus
1323 3433 1461 3479 esto.

249 3518 412 3573 Disce
439 3517 569 3587 quid
619 3518 878 3588 loquaris,
903 3518 1030 3588 quid
1064 3529 1278 3574 taceas:
1329 3519 1510 3588 lingua
1541 3528 1633 3575 tua
1674 3536 1782 3576 non

165 3619 222 3668 te
254 3610 472 3683 perdat.

240 3703 482 3775 Oppone
505 3703 700 3774 lingua:
730 3711 836 3758 tua:
867 3702 1098 3758 claustra
1133 3704 1347 3760 silentii.

737 3841 964 3896 CAPUT
994 3839 1234 3896 LXXIX.

625 3933 704 3989 De
732 3934 975 3989 brevitate
1007 3934 1160 4007 hujus
1184 3935 1322 3990 vitae.

851 4041 1119 4080 CHRISTUS.

247 4119 356 4187 Qui
415 4119 706 4174 mauducat
762 4134 885 4183 me,
940 4125 994 4173 et
1052 4119 1166 4189 ipse
1215 4119 1362 4175 vivet
1423 4129 1646 4190 propter
1698 4135 1786 4176 me

175 4212 370 4270 (Joan.
391 4212 494 4283 vt).
869 4302 887 4339 ³
928 4300 1090 4341 conus

892 4307 926 4341 Α

892 4307 1110 4342 ACOBUS.

248 4381 388 4449 Qua:
417 4380 565 4436 enim
597 4388 680 4436 est
708 4380 818 4435 vita
844 4380 1068 4436 nostra?
1090 4378 1273 4450 Vapor
1302 4388 1386 4437 est
1414 4380 1483 4435 ad
1513 4381 1785 4437 modicum

172 4485 384 4542 parens
414 4471 627 4543 (Jaoob.
662 4471 733 4541 tv)
747 4513 759 4525 .

887 4581 1110 4621 PAULUS.

1475 415 1974 475 SCINTILIARUM
2016 410 2234 469 LIBER.

1800 534 1846 588 Α
1946 523 2160 580 Caduca
2190 531 2272 578 est
2299 531 2353 576 et
2382 520 2586 588 fmgilis
2615 517 2930 587 temporalis
2955 516 3218 588 potentia.

3368 401 3474 458 7M

1950 619 2042 674 Die
2073 618 2158 672 ubi
2192 625 2317 670 sunt
2360 612 2556 682 reges?
2584 611 2674 666 ubi
2724 607 3116 682 imperaturos?
3143 608 3229 662 ubi
3262 606 3465 677 princi-

1875 712 2009 782 pes?
2033 712 2121 764 ubi
2149 709 2450 779 locupletes
2481 705 2700 762 rerum?
2732 705 2818 758 tibi
2850 712 3101 773 potentes
3132 701 3312 758 seculi
3338 701 3360 752 ?

1945 806 2104 860 Certe
2135 802 2290 872 quasi
2315 802 2502 856 umbra
2535 799 2887 861 transierunt,
2923 805 2978 851 et
3019 795 3168 850 velut
3204 792 3472 852 somnium

1874 904 2232 955 evanuerunt.

1949 995 2277 1059 Quzernntur
2308 999 2362 1045 et
2392 1007 2499 1044 non
2531 999 2674 1045 sunt.

1949 1087 2158 1141 Divitim
2191 1101 2364 1154 usque
2397 1086 2462 1139 ad
2490 1085 2789 1155 periculum
2821 1084 3043 1138 ducunt.

1948 1181 2098 1235 Multi
2153 1189 2373 1252 propter
2423 1194 2555 1250 opes
2607 1179 2998 1249 periclitantur,
3047 1178 3230 1233 multis
3257 1185 3478 1251 propter

1877 1290 2008 1347 opes
2037 1290 2184 1330 mors
2212 1274 2466 1330 occurrit.

1949 1367 2089 1422 Toto
2133 1383 2262 1437 ergo
2309 1369 2492 1424 animo
2532 1376 2589 1423 et
2629 1367 2717 1423 odi
2761 1374 2818 1423 et
2864 1365 3061 1422 damna
3110 1366 3255 1437 quod
3303 1365 3476 1437 diligit

1877 1465 2129 1519 mundus.

1953 1560 2080 1613 Esto
2108 1565 2353 1614 mortuus
2382 1560 2601 1624 mundo,
2636 1571 2690 1615 et
2721 1561 2953 1616 mundus
2985 1562 3105 1618 tibi.

1952 1655 2249 1708 Conte’mne
2280 1655 2466 1709 vivens
2496 1669 2613 1724 quae
2659 1664 2785 1724 post
2835 1663 3064 1710 mortem
3110 1655 3316 1710 habere
3365 1670 3471 1711 non

1882 1757 2056 1817 potes.

2551 1855 2805 1896 lSIDORUS.

1809 1914 1858 1974 Β
1958 1934 2188 1987 Tantum
2235 1932 2376 1988 enim
2435 1934 2487 1988 in
2541 1933 2643 1989 hac
2691 1934 2801 1988 vita
2857 1942 2939 1990 est
2987 1935 3190 1990 licitum
3253 1935 3475 2006 operari

1884 2026 2104 2082 bonum.

1956 2120 2067 2172 Illic
2093 2134 2351 2190 namque
2390 2135 2499 2174 non
2535 2119 2649 2190 jam
2700 2120 2950 2191 operatio
2983 2130 3351 2190 exspectatur,
3383 2121 3484 2179 sed

1884 2211 2168 2266 retributio
2196 2214 2536 2267 meritorum.

1952 2304 2053 2370 Qui
2092 2299 2209 2358 (ita:
2239 2307 2520 2375 praesentis
2553 2307 2944 2376 longitudinem
2978 2324 3084 2364 non
3124 2310 3192 2364 de
3225 2325 3323 2364 suo
3353 2324 3482 2380 spa-

1887 2398 1982 2464 tio,
2015 2399 2110 2453 sed
2142 2400 2256 2466 ejus
2280 2401 2386 2453 [ine
2410 2401 2742 2470 considerat,
2768 2418 2927 2473 quam
2952 2403 3021 2458 sit
3052 2404 3250 2458 misera
3276 2411 3330 2459 et
3356 2403 3480 2460 bre-

1882 2493 1983 2558 vis,
2017 2495 2145 2550 satis
2178 2495 2379 2550 utiliter
2403 2505 2614 2567 pensat.

1953 2585 2082 2641 Tela
2105 2588 2248 2642 enim
2271 2600 2681 2645 consummatur
2703 2591 2825 2657 ﬁlis,
2851 2601 2906 2647 et
2927 2593 3034 2647 vita
3053 2592 3290 2649 hominis
3306 2592 3480 2648 extol-

1883 2681 2012 2736 litur
2042 2681 2234 2738 d'ebus
2262 2683 2509 2752 singulis.

1956 2776 2010 2830 Si
2043 2777 2257 2844 longam
2290 2781 2457 2834 vitam
2495 2781 2709 2850 quzcris,
2743 2781 2812 2837 ad
2842 2797 2963 2837 eam
2997 2783 3156 2839 tende
3185 2783 3353 2840 vitam
3382 2798 3485 2854 pro

1883 2884 1988 2940 qua
2013 2869 2357 2928 Christianus
2388 2889 2468 2942 es,
2500 2874 2551 2928 id
2583 2886 2667 2930 est
2688 2885 2975 2932 :rternam.

1959 2967 2082 3022 Ilaec
2110 2977 2193 3024 est
2221 2970 2363 3024 enim
2393 2970 2502 3024 vita
2529 2971 2874 3042 immortalis,
2899 2989 3023 3028 nam
3051 2974 3154 3029 ista
3183 2974 3294 3030 vita
3324 2989 3478 3032 mor-

1887 3060 2006 3115 talis
2036 3071 2138 3116 est.

1957 3151 2091 3206 Mori
2116 3163 2336 3223 oportet
2366 3155 2638 3212 hominem
2667 3156 2722 3213 in
2743 3172 2906 3214 carne
2932 3157 3159 3227 mundo,
3183 3173 3251 3214 ne
3276 3157 3484 3214 moria-

1887 3258 1973 3300 tur
2003 3247 2054 3299 in
2086 3248 2263 3301 anima
2293 3249 2528 3304 CIH‘IaIO.

1957 3337 2108 3395 Tunc
2136 3340 2365 3410 quisque
2392 3342 2577 3397 vivere
2606 3343 2867 3410 creditur,
2908 3344 2953 3399 si
2984 3345 3283 3400 secundum
3314 3359 3486 3401 που·

1885 3430 1992 3486 Iuni
2024 3433 2283 3499 moriens,
2316 3435 2368 3487 in
2397 3435 2514 3489 solo
2546 3437 2654 3489 lleo
2687 3436 2870 3491 vivere
2905 3436 3233 3493 delectetur.

1960 3526 2034 3582 De
2058 3543 2207 3581 mora
2230 3527 2353 3582 vita:
2378 3529 2530 3583 istius
2558 3531 2767 3584 taedium
2795 3532 3215 3601 patiturjustus,
3243 3549 3310 3590 eo
3339 3533 3489 3605 quod

1887 3620 1954 3674 ad
1984 3620 2343 3675 desideratam
2378 3624 2606 3690 patriam
2639 3625 2794 3678 tarde
2827 3627 3130 3694 perveniat.

1957 3710 2202 3768 Sollicite
2227 3713 2388 3769 debet
2420 3716 2788 3786 unusquisque
2819 3719 3022 3784 vivere,
3058 3735 3274 3790 semper
3303 3723 3490 3779 termi-

1888 3822 2016 3860 num
2060 3807 2186 3860 vi'a:
2235 3822 2346 3861 sum.
2401 3808 2767 3877 considerare,
2800 3820 2857 3866 ut
2883 3812 3044 3881 hujus
3088 3815 3274 3870 saeculi
3330 3815 3487 3872 blan-

1887 3897 2046 3952 ditias
2086 3910 2292 3955 caveat.

1962 3991 2184 4046 Venturi
2234 3995 2410 4049 exitus
2467 3995 2769 4064 ignorantia
2834 3999 3037 4054 incerta
3085 4011 3217 4057 est:
3262 4012 3316 4059 et
3360 4003 3488 4062 dum

1889 4085 2026 4139 mori
2057 4084 2284 4155 quisque
2308 4103 2413 4141 non
2451 4089 2702 4152 aestimat,
2731 4089 2956 4146 tollitur.

1965 4175 2118 4232 Unde
2161 4178 2381 4234 festinet
2411 4182 2802 4250 unusquisque,
2862 4199 2930 4239 ne
2961 4185 3334 4255 iniquitatibus
3375 4189 3492 4246 suis

1892 4272 2151 4343 rapiatur,
2194 4273 2462 4345 simulque
2515 4276 2622 4330 vita
2666 4277 2881 4333 Iiniatur
2930 4297 3052 4336 cum
3081 4284 3260 4353 culpa.

1963 4364 2219 4422 Diabolus
2282 4384 2418 4438 quos
2465 4370 2711 4425 viventes
2760 4373 3000 4428 incendit
3031 4377 3096 4430 ad
3130 4377 3279 4443 vitia,
3310 4358 3488 4434 subito

1891 4460 2183 4516 morientes
2226 4463 2543 4531 pertrahere
2588 4465 2775 4519 nititur
2811 4466 2876 4520 ad
2921 4479 3208 4524 tormenta.

1965 4552 2222 4619 Quamvis
2271 4555 2415 4608 enim
2458 4556 2687 4625 quisque
2755 4559 2806 4611 in
2859 4558 2962 4614 hac
3008 4562 3114 4616 vita
3168 4563 3238 4616 sit
3282 4562 3486 4630 justus,

247 4657 310 4716 Id
343 4660 491 4716 enim
523 4657 673 4730 quod
703 4659 757 4714 in
782 4660 1032 4730 prmsenti
1066 4669 1170 4726 est,
1203 4668 1643 4717 momentaneum
1672 4671 1775 4717 est.
1812 4681 1867 4740 Β
1893 4656 2074 4702 tamen
2128 4647 2256 4701 dum
2305 4648 2371 4703 de
2411 4664 2641 4720 corpore
2666 4650 2768 4709 isto
2798 4652 3094 4722 egreditur,
3139 4657 3488 4724 pertimescat

850 4769 1116 4809 SALOIION.

251 4845 335 4904 Ne
363 4846 618 4918 glorieris
650 4845 702 4900 in
725 4847 1042 4910 crastinum,
1067 4845 1319 4914 ignorans
1341 4847 1468 4916 quid
1492 4862 1782 4917 superven-

177 4952 302 4999 tura
335 4942 516 5011 pariat
548 4940 663 4994 dies
698 4939 874 5010 (Prov.
910 4941 1098 5007 xxvii).

253 5039 377 5094 Vita
404 5039 562 5094 ducis
603 5037 814 5105 longior
841 5036 944 5090 erit
975 5033 1155 5104 (Prov.
1191 5035 1404 5106 xxvzn).

255 5131 499 5200 Tempus
524 5128 803 5192 nascendi,
829 5138 882 5182 et
907 5138 1119 5198 tempus
1141 5129 1404 5182 moriendi
1432 5125 1655 5193 (Eccies.
1684 5126 1782 5197 in).

255 5229 430 5282 Κρωο
467 5232 554 5279 est
581 5223 674 5293 qui
715 5237 931 5290 semper
974 5222 1140 5289 vivat,
1175 5236 1230 5277 et
1261 5224 1352 5293 qui
1382 5223 1544 5292 hujus
1582 5222 1660 5277 rei
1689 5223 1786 5276 ha-

178 5321 312 5376 beat
338 5318 596 5374 liduciam
631 5314 862 5388 (Eccles.
898 5316 997 5385 ix).

824 5424 1164 5464 AUGUSTINUS.

257 5502 450 5560 Omnis
478 5501 657 5556 malus
688 5509 782 5555 aut
813 5500 932 5555 ideo
965 5501 1093 5554 vivit
1115 5500 1515 5572 utcorrigatur,
1545 5507 1638 5554 aut
1669 5499 1790 5556 ideo

180 5598 318 5654 vivit
345 5607 405 5653 ut
437 5612 538 5668 per
569 5595 718 5650 illum
744 5595 918 5648 bonus
948 5602 1290 5649 exerceatur.

824 5703 1172 5742 IIIERONYML'S.

261 5781 526 5839 Romanae
551 5782 675 5836 vitae
703 5781 943 5836 brevitas
967 5781 1243 5856 damnatio
1273 5780 1594 5836 delictorum
1624 5790 1722 5836 cst.

261 5872 454 5930 Brevis
483 5882 566 5930 est
598 5872 762 5944 hujus
791 5872 917 5927 vitae
955 5870 1212 5940 felicitas,
1259 5874 1470 5930 modica
1515 5882 1599 5930 est
1631 5874 1788 5945 hujus

185 5971 371 6026 seculi
399 5967 597 6040 gloria.

515 6085 770 6148 Pyrum.
841 6081 1252 6146 LXXXVIII.

1892 4758 1960 4798 ne
2009 4741 2202 4812 dignus
2239 4744 2503 4814 supplicio
2549 4747 2635 4799 sit.

1961 4837 2147 4894 Nullus
2196 4849 2277 4895 est
2323 4841 2466 4895 enim
2518 4840 2681 4897 homo
2724 4843 2841 4896 sine
2891 4854 3162 4915 peccato:
3201 4862 3302 4901 nec
3331 4850 3481 4918 quis-

1891 4947 2051 5000 quam
2100 4943 2274 5002 g'otest
2301 4936 2367 4988 de
2399 4934 2492 4989 Dei
2519 4950 2637 4989 esse
2661 4951 2883 4991 securus
2905 4937 3130 5006 judicio,
3161 4955 3282 4995 cum
3341 4951 3397 4995 et
3425 4941 3493 4997 de

1895 5025 2082 5079 otiosis
2120 5025 2299 5080 verbis
2325 5026 2596 5080 ΓΘιΙιίρηιΙιι
2624 5027 2692 5080 sit
2724 5030 2880 5083 ratio.

1966 5117 2152 5172 Finem
2176 5118 2444 5188 justorum
2478 5121 2738 5189 optimum
2773 5123 2985 5175 vocatio
3017 5123 3302 5193 tranquilla
3337 5142 3490 5180 com-

1896 5212 2132 5278 mendat,
2189 5222 2248 5265 ut
2290 5228 2353 5267 ex
2411 5229 2477 5267 eo
2511 5215 2877 5280 intelligantur
2931 5227 3245 5273 sanctorum
3292 5221 3494 5276 habere

1898 5306 2229 5360 consortium
2288 5307 2625 5375 angelorum,
2668 5323 2736 5363 ex
2764 5324 2871 5378 quo
2898 5310 2965 5364 ab
2988 5310 3089 5365 hoc
3117 5326 3347 5384 corpore
3377 5314 3496 5371 sine

1897 5404 2186 5455 vexatione
2241 5400 2374 5455 dura
2435 5403 2714 5455 tolluntur.

1970 5493 2108 5548 Nihil
2166 5503 2248 5548 est
2293 5495 2403 5557 ditt,
2466 5495 2596 5549 nihil
2645 5503 2727 5550 est
2782 5496 3024 5567 longum,
3073 5498 3218 5566 quod
3272 5516 3378 5555 non
3439 5502 3491 5556 in

1899 5589 2042 5642 brevi
2101 5589 2336 5644 iiniatur.

1972 5682 2305 5748 lmpossibile
2359 5690 2442 5738 est
2492 5691 2548 5737 ut
2589 5683 2752 5738 homo
2797 5685 2890 5751 sis,
2934 5695 2987 5738 et
3035 5701 3140 5740 non
3181 5695 3365 5755 gustes
3394 5704 3491 5744 an-

1901 5780 2122 5846 gustim‘.

1973 5874 2141 5927 Nemo
2195 5883 2277 5929 est
2327 5873 2420 5941 qui
2463 5872 2515 5926 in
2582 5872 2686 5928 hoc
2738 5871 2936 5926 steculo
2985 5887 3093 5927 non
3142 5872 3342 5927 doleat.

1975 5965 2161 6020 Nullus
2213 5973 2292 6020 est
2342 5965 2431 6033 qui
2480 5963 2532 6019 in
2587 5964 2687 6020 hac
2716 5964 2822 6018 vita
2854 5964 3062 6034 positus
3088 5978 3196 6019 non
3233 5964 3498 6035 suSpirot.

2934 6079 3011 6138 23
