4194 6542
723 424 834 486 ⁸115

799 535 954 594 Malis
973 531 1150 589 omnia
1198 527 1356 599 plena
1387 535 1531 582 sunt.

1365 632 1672 673 CYPMANUS.

801 727 925 780 llaec
977 733 1218 793 tempora
1253 727 1468 774 terrena
1518 717 1626 786 jam
1658 719 1942 784 computat
1970 709 2058 781 qui
2087 716 2321 764 interna-

746 819 930 875 itatem
985 815 1051 872 de
1099 813 1210 868 Deo
1252 819 1455 880 sperat.

1277 921 1502 979 CAPUT
1551 918 1762 975 LXXX.

1342 1014 1418 1068 De
1469 1012 1709 1067 lectione.

1370 1121 1646 1164 CHRISTUS.

799 1205 902 1277 Qui
949 1203 1096 1276 leglt,
1143 1200 1406 1273 intelligat
1436 1196 1653 1270 (Matth.
1687 1196 1854 1264 χειν).

799 1298 985 1356 Omnis
1034 1304 1211 1352 autem
1267 1295 1353 1349 cui
1413 1293 1638 1347 multum
1693 1298 1771 1345 est
1827 1285 2031 1354 datum,
2091 1284 2320 1340 multum

729 1401 1002 1467 qnzeretur
1048 1390 1115 1446 ab
1162 1404 1227 1445 eo
1262 1386 1416 1458 (Luc.
1454 1382 1607 1452 xxii).

1425 1494 1640 1535 PAULUS.

803 1582 1033 1638 Attende
1055 1577 1269 1634 lectioni
1302 1585 1358 1630 et
1385 1571 1747 1630 exh'irtationi
1769 1569 2058 1634 doctrinze;
2089 1567 2197 1624 noli
2226 1584 2323 1624 ne-

729 1674 931 1747 gligere
970 1673 1192 1742 gratiam
1235 1684 1352 1738 quite
1394 1668 1444 1721 in
1473 1676 1526 1720 te
1577 1670 1656 1719 est
1689 1663 1741 1735 (I
1775 1663 1908 1717 Tim.
1947 1666 2048 1731 tv).

800 1765 985 1822 Omnis
1052 1764 1330 1832 Scriptura
1411 1759 1664 1814 divinitus
1719 1757 1998 1826 inspirata,
2049 1755 2192 1809 utilis
2238 1760 2323 1808 est

730 1858 817 1930 (ll
869 1859 1002 1912 Tim.
1053 1861 1157 1920 ιιι).

803 1947 1042 2004 Verbum
1116 1943 1318 2016 Christi
1388 1941 1595 1997 habitet
1671 1941 1723 1996 in
1779 1940 1932 1996 vobis
1984 1938 2324 1995 abundanter

731 2041 958 2112 (Coloss.
1016 2037 1122 2106 ιιι).

1405 2123 1424 2160 ι
1435 2120 1648 2160 Αεοιιυθ.

803 2181 1006 2236 Scienti
1065 2179 1227 2247 igitur
1255 2178 1477 2241 bonum,
1527 2188 1582 2232 et
1610 2192 1718 2232 non
1745 2173 1986 2242 facienti,
2039 2183 2335 2245 peccatum,

731 2283 816 2331 est
848 2274 920 2328 illi
948 2271 1152 2345 (Iacob.
1211 2270 1305 2340 ιν).

1387 2357 1648 2395 διιοιιοκ.

805 2435 932 2492 Post
964 2435 1278 2490 industriam
1317 2433 1558 2504 sequitur
1585 2431 1848 2503 sapientia
1878 2429 2104 2502 (Eccles.
2136 2432 2214 2500 ι).

1350 2540 1693 2578 Αυϋῦδτικυέ.

803 2618 957 2676 Nutri
1045 2617 1278 2672 animum
1352 2625 1499 2671 tuam
1557 2616 1876 2671 lectionibus
1933 2615 2170 2677 divinis,
2232 2630 2330 2687 pa-

734 2713 874 2769 rabit
907 2712 1051 2767 enim
1095 2710 1187 2765 tibi
1230 2725 1469 2764 mensam
1501 2709 1853 2779 spiritualem.

1350 2819 1708 2857 HIERONYMUS.

805 2901 908 2968 Qui
955 2899 1170 2955 assidue
1219 2898 1381 2950 instat
1429 2895 1671 2959 lectioni,
1721 2896 1773 2949 in
1806 2895 2058 2965 praesenti
2114 2894 2329 2964 quidem

738 2995 972 3059 laborat,
1006 2991 1100 3048 sed
1131 3000 1314 3061 postea
1345 2991 1717 3058 gratulabitur,
1749 3006 1872 3045 cum
1904 2991 2149 3060 cmpcrit.

807 3085 882 3139 De
933 3083 1129 3137 amaris
1183 3082 1479 3137 seminibus
1527 3081 1826 3137 litterarum
1877 3082 2061 3137 dulces
2127 3078 2332 3137 [ructus

735 3193 888 3249 cape.

1321 414 1736 471 DEFENSORIS
1775 404 2260 468 LOCOClAGENS.
2303 399 2603 459 MONACHI
2645 391 3154 452 SCINTILIARUM
3203 387 3426 446 LIBER.

2342 517 2400 578 Α
2422 532 2452 571 a
2481 514 2660 570 mundi
2686 510 3010 566 vanitatibus
3031 507 3360 562 abstractum
3379 501 3654 558 hominem
3682 498 3752 555 ad
3770 513 4004 554 amorem

3912 381 4002 440 716

2424 608 2514 662 D.-i
2569 606 2828 678 perducit.

2495 703 2669 758 Tanto
2699 716 2805 756 una
2831 714 2957 770 spes
3000 695 3344 753 mortalitatis
3370 693 3530 764 hujus
3581 690 3744 748 nobis
3778 687 4007 751 vilescit,

2423 803 2626 864 quanto
2673 793 2898 864 amplius
2927 789 3176 861 legendo,
3206 803 3330 860 spes
3357 794 3561 843 interna
3589 781 3869 839 claruerit.

2495 887 2692 943 Lector
2731 893 2983 941 strenuus
3029 882 3208 954 potius
3252 880 3321 934 ad
3343 876 3672 950 implendum
3706 889 3830 944 quin
3861 872 4009 943 legit,

2425 999 2583 1054 quam
2641 981 2710 1036 ad
2757 979 3037 1037 sciendum
3091 974 3525 1048 promptissimus
3581 979 3718 1028 esto.

2495 1076 2668 1132 Minor
2696 1075 2842 1131 enim
2891 1087 3052 1144 prrna
3077 1079 3159 1128 est
3187 1069 3398 1124 nescire
3418 1065 3546 1138 quid
3574 1071 3819 1136 appetas,
3852 1075 4011 1132 quam

2424 1183 2488 1224 ea
2528 1183 2649 1238 qua:
2695 1167 2908 1222 noveris
2954 1181 3061 1220 non
3093 1163 3342 1233 implere.

2497 1255 2647 1310 Sicut
2665 1254 2808 1309 enim
2828 1251 3054 1321 legendo
3067 1251 3206 1305 scire
3221 1246 3676 1317 concupiscimus,
3698 1243 3780 1301 sic
3789 1242 4014 1298 sciendo

2427 1358 2573 1404 recta
2625 1363 2741 1416 qum
2798 1345 3100 1409 didicimus,
3151 1340 3377 1411 implere
3415 1338 3694 1393 debemus.

2498 1443 2665 1496 Nemo
2733 1448 2910 1508 potest
2955 1451 3171 1491 sensum
3221 1432 3513 1503 Scriptura
3559 1443 3729 1485 sacra:
3785 1437 4017 1492 cognos-

2427 1548 2569 1598 cere,
2623 1531 2727 1586 nisi
2774 1528 2983 1598 legendi
3039 1525 3430 1581 familiaritate.

2499 1629 2768 1692 Quantum
2785 1622 3014 1693 quisque
3043 1620 3213 1690 magis
3238 1619 3288 1672 in
3318 1618 3488 1671 sacris
3515 1610 3743 1682 eloquiis
3764 1606 4021 1664 assiduus

2428 1719 2610 1782 fuerit,
2646 1725 2856 1772 tantum
2885 1730 2948 1776 cx
2985 1714 3064 1768 eis
3086 1713 3392 1766 uberiorem
3417 1705 3822 1775 intelligentiam
3854 1701 4016 1772 capit.

2498 1815 2709 1879 Quanto
2739 1807 3033 1878 ampliusin
3063 1805 3356 1875 quamlibet
3382 1811 3551 1856 artem
3573 1801 3734 1854 homo
3757 1809 4021 1852 conscen-

2353 1897 2529 1967 Bdit,
2565 1912 2715 1956 tanto
2765 1899 2932 1967 magis
2978 1897 3042 1951 ad
3100 1895 3373 1950 hominem
3425 1907 3512 1948 ars
3561 1892 3671 1960 ipsa
3717 1885 4016 1942 descendit.

2504 1996 2730 2060 Quidam
2790 1992 2993 2046 habent
3027 1987 3397 2056 intelligentiae
3452 1983 3749 2052 ingenium,
3790 1976 3889 2033 sed
3932 1990 4026 2031 ne-

2431 2086 2633 2155 gligunt
2679 2082 2925 2137 lectionis
2972 2079 3246 2142 studium;
3295 2085 3350 2132 et
3395 2073 3540 2143 quod
3598 2070 3824 2142 legendo
3879 2067 4024 2123 scire

2433 2186 2674 2249 possunt,
2728 2173 3052 2244 neglig-udo
3095 2179 3474 2227 contemnunt.

2502 2269 2756 2337 Quamvis
2800 2282 2989 2322 sensus
3056 2264 3312 2319 habitudo
3368 2262 3440 2317 sit
3501 2260 3771 2329 frequens,
3841 2266 4029 2312 tamen

2435 2365 2598 2420 lectio
2642 2362 2971 2417 intellectum
3028 2359 3266 2414 adhibet.

2507 2459 2658 2513 Sicut
2685 2457 2778 2525 qui
2801 2455 2984 2508 tardus
3012 2465 3095 2517 est
3125 2453 3190 2508 ad
3224 2449 3565 2522 capiendum,
3597 2465 3694 2519 pro
3723 2449 4030 2504 intentione

2436 2560 2614 2605 tamen
2664 2549 2793 2604 boni
2841 2547 3024 2614 studii,
3056 2547 3332 2617 praemium
3367 2544 3592 2614 percipit
3624 2561 3637 2597 :
3670 2544 3739 2597 ita
3771 2544 3862 2612 qui
3894 2559 4033 2612 pra--

2435 2646 2620 2698 stilum
2669 2642 2770 2696 Slill
2819 2655 2849 2694 a
2898 2639 3008 2694 Deo
3049 2639 3320 2707 ingenium
3361 2636 3512 2691 intell
3535 2637 3730 2704 gentia:
3788 2634 4031 2704 neg’igit,

2437 2733 2890 2790 condemnatione
2957 2747 3083 2786 reus
3149 2729 3359 2794 existit,
3425 2728 3553 2798 quia
3607 2728 3810 2780 donum
3886 2724 4032 2795 quoii

2437 2829 2654 2896 accipit,
2714 2827 2943 2894 despicit
2979 2835 3035 2880 et
3083 2840 3177 2896 per
3224 2823 3486 2878 desidiam
3532 2822 3876 2890 derelinquit.

2508 2919 2736 2986 Quidam
2792 2919 2883 2972 Dei
2940 2916 3136 2986 Ῑιιῑίεἰὶι
3193 2915 3390 2970 donum
3445 2915 3682 2970 scientia:
3731 2912 3876 2984 quod
3943 2927 4038 2967 nc-

2440 3011 2676 3082 giigunt,
2725 3009 3015 3080 accipiunt,
3056 3018 3113 3062 ut
3147 3008 3334 3063 durius
3371 3007 3440 3064 de
3486 3010 3645 3063 rebus
3689 3007 3912 3064 creditis
3940 3022 4037 3078 pu-

2442 3105 2679 3156 niantur.

2513 3196 2801 3251 Tardiores
2821 3203 3002 3250 autem
3024 3193 3146 3249 ideo
3166 3191 3311 3263 quod
3340 3192 3482 3248 scire
3507 3191 3731 3261 cupiunt
3750 3189 4042 3246 difﬁculter

806 3268 1049 3324 Prudens
1081 3270 1249 3322 ίθθίθτ
1277 3276 1434 3357 cava
1461 3281 1676 3335 semper
1699 3267 2132 3336 δυβθτείίιίοδδητ
2166 3265 2322 3319 ίηίθ¹’
2359 3279 2412 3344 C
2438 3290 2716 3345 inveniunt
2738 3299 2796 3342 ut
2825 3304 2921 3357 pro
2946 3287 3182 3341 maximo
3210 3285 3468 3341 exercitio
3498 3284 3701 3340 laboris
3746 3287 4039 3338 maximum

734 3360 1011 3434 ligentiam
1081 3365 1140 3415 ut
1202 3375 1308 3414 non
1366 3355 1432 3412 ad
1505 3375 1657 3413 suum
1723 3375 1939 3415 sensum
2010 3367 2335 3430 attempcret

735 3451 1068 3523 Scripturas,
1148 3449 1243 3506 sed
1308 3450 1600 3521 Scriptura:
1660 3451 1849 3520 jungat
1903 3464 2122 3505 sensum
2153 3466 2333 3518 suum,

736 3553 797 3605 ut
850 3545 1116 3616 intelligat
1155 3542 1282 3614 quid
1340 3552 1621 3612 sequatur.

815 3641 907 3695 Illa
955 3639 1268 3696 Studeamus
1312 3638 1521 3692 discere
1572 3637 1624 3691 in
1687 3639 1865 3703 terris,
1915 3652 2144 3708 quorum
2179 3637 2336 3694 nobis

740 3733 934 3792 notitia
979 3735 1294 3802 perseveret
1331 3731 1382 3784 in
1421 3729 1593 3784 costis.

812 3827 1012 3883 Beatus
1055 3832 1140 3882 est
1180 3825 1293 3894 qui,
1323 3823 1890 3891 divinasScripturas
1938 3823 2140 3892 legens,
2174 3818 2338 3877 verba

738 3919 906 3976 vertit
947 3918 1004 3974 in
1054 3931 1245 3987 opera,
1294 3923 1350 3969 et
1416 3915 1612 3968 nudam
1666 3929 1882 3969 crucem
1939 3911 2111 3968 nudus
2161 3913 2340 3982 sequi-

742 4021 835 4069 tur
872 4011 1020 4081 puris
1071 4008 1322 4064 manibus
1369 4016 1422 4061 et
1478 4007 1727 4078 pedibus,
1759 4018 1813 4063 et
1862 4007 2092 4064 candido
2117 4017 2340 4078 pectore

743 4118 1041 4176 pauperem
1094 4116 1154 4156 se
1208 4100 1398 4170 spiritu
1445 4109 1518 4155 et.
1552 4099 1804 4169 operibus
1846 4101 2127 4170 gloriatur.

1374 4206 1688 4248 GREGOBIUS.

824 4287 978 4344 Scire
1011 4285 1214 4342 etenim
1256 4285 1510 4354 cuiquam
1571 4282 1715 4352 quod
1759 4301 1866 4339 non
1911 4291 2091 4354 potest
2143 4284 2341 4354 facere,

752 4394 915 4452 pinna
963 4379 1134 4450 magis
1181 4391 1340 4446 quam
1399 4377 1567 4432 virtus
1596 4385 1699 4431 est.

826 4471 1041 4537 Quanto
1095 4469 1239 4525 enim
1286 4469 1406 4537 quis
1457 4472 1509 4522 in
1557 4467 1832 4538 Scriptura
1883 4485 2036 4526 saera
2106 4469 2341 4540 prilicit,

753 4571 912 4619 tanto
959 4562 1078 4616 haec
1130 4561 1316 4616 eadem
1369 4560 1645 4631 Scriptura
1701 4565 1910 4632 prolicit
1965 4564 2103 4634 apud
2149 4567 2343 4634 ipsum.

829 4655 1063 4710 Tantum
1120 4655 1174 4708 in
1225 4668 1379 4710 sacro
1441 4655 1658 4722 eloquio
1710 4657 2007 4725 profectum
2082 4659 2346 4723 invenies,

757 4757 1024 4821 quantum
1051 4744 1192 4816 apud
1219 4744 1350 4800 illud
1381 4747 1494 4814 ipse
1541 4745 1850 4814 profeceris.

1433 4850 1685 4891 ISIDURUS.

835 4929 937 4996 Qui
974 4928 1092 4983 vult
1115 4941 1236 4983 cum
1271 4929 1380 4984 Deo
1425 4944 1638 5000 semper
1667 4947 1804 4998 esse,
1839 4933 2154 5003 frequenter
2191 4935 2354 4992 debet

768 5035 950 5087 orare,
973 5028 1030 5075 et
1084 5019 1392 5089 frequenter
1434 5021 1630 5090 legere.

838 5115 972 5169 Nam
999 5128 1120 5169 cum
1151 5128 1387 5178 oramus,
1421 5114 1519 5184 ipsi
1576 5132 1694 5170 cum
1741 5118 1850 5172 Deo
1903 5120 2197 5188 loquimur.

839 5206 974 5262 Cum
1018 5221 1146 5261 vero
1193 5207 1436 5276 legimus,
1497 5209 1637 5265 Dens
1671 5214 1950 5269 nobiscum
1980 5215 2240 5285 loquitur.

842 5297 1027 5352 Omnis
1070 5297 1345 5370 profectus
1389 5313 1455 5355 ex
1483 5301 1716 5359 lectione
1741 5314 1796 5359 et
1846 5307 2197 5364 meditatione
2231 5324 2359 5380 pro-

774 5389 937 5445 cedit.

849 5481 978 5549 Quae
997 5482 1141 5536 enim
1169 5484 1460 5552 nescimus,
1493 5487 1723 5544 lectione
1744 5489 2024 5546 discimus.

848 5573 978 5642 Quae
1038 5585 1218 5632 autem
1287 5579 1573 5649 discimus,
1637 5585 2075 5643 meditationibus
2135 5607 2355 5647 conser-

782 5683 986 5723 vannus.

851 5759 1132 5815 Geminum
1187 5762 1396 5817 confert
1414 5764 1610 5820 donum
1643 5767 1800 5822 lectio
1828 5780 2132 5826 sanctarum
2176 5774 2330 5844 Sci'ip

786 5859 1052 5921 turarum,
1109 5855 1252 5923 quod
1309 5856 1637 5916 intellectum
1683 5865 1879 5918 mentis
1905 5866 2099 5931 erudit,
2143 5879 2194 5922 et
2222 5871 2364 5937 quod

2438 3383 2714 3453 praemium
2744 3382 2982 3436 habeant
3001 3379 3391 3435 retributionis.

2513 3475 2724 3528 Donum
2777 3473 2896 3528 sine
2943 3471 3232 3541 adjuvante
3284 3462 3390 3525 Dei
3424 3471 3596 3542 gratia
3664 3471 3914 3542 quamvis
3963 3470 4041 3524 in-

2440 3564 2697 3619 fundatur
2745 3565 2986 3632 auribus,
3042 3564 3110 3617 ad
3138 3579 3232 3618 cor
3268 3577 3545 3632 nunquam
3595 3562 3898 3618 descendit.

2509 3657 2758 3724 Plerique
2813 3655 2867 3709 in
2913 3655 3192 3711 cacumine
3235 3655 3600 3723 intelligentia:
3652 3655 3874 3712 vivaces
3926 3656 4039 3711 exi-

2441 3756 2607 3812 stunt,
2637 3747 2730 3802 sed
2778 3747 3032 3816 loquendi
3081 3747 3262 3818 inopia
3292 3748 3683 3816 angustiantur.

2514 3841 2744 3907 Quidam
2794 3857 2922 3897 vero
2952 3842 3006 3895 in
3037 3843 3281 3910 utrisque
3325 3841 3553 3912 pollent.

2515 3936 2766 4005 Plerique
2837 3936 3058 3991 scientia
3127 3943 3349 4004 accepta
3427 3934 3864 4006 Scripturarum,
3935 3952 4042 3992 non

2443 4032 2512 4087 ad
2567 4032 2661 4086 Dei
2710 4032 2958 4099 gloriam,
3013 4031 3107 4085 sed
3170 4031 3236 4085 ad
3287 4045 3438 4086 suam
3514 4031 3726 4085 laudem
3801 4042 4048 4098 utuntur,

2446 4126 2576 4180 dum
2621 4137 2691 4181 ex
2744 4125 2860 4195 ipsa
2900 4126 3126 4181 scientia
3175 4125 3527 4192 extolluntur,
3597 4134 3654 4180 et
3697 4122 3772 4180 ibi
3817 4138 4045 4196 peccant

2448 4220 2535 4274 ubi
2592 4228 2816 4288 peccata
2861 4219 3122 4273 mundare
3172 4219 3496 4274 debuerunt.

2516 4309 2741 4380 Semper
2756 4310 2899 4364 enim
2912 4325 3060 4381 supex
3076 4309 3127 4364 bi
3152 4309 3356 4379 Ligunt,
3378 4320 3435 4364 et
3456 4324 3725 4379 nunquam
3741 4311 4045 4368 inveniunt.

2519 4402 2717 4458 Divina:
2758 4403 2892 4472 legis
2951 4403 3323 4473 penetrabilis,
3369 4403 3659 4458 humilibus
3689 4413 3744 4458 et
3794 4406 3936 4460 bene
3985 4408 4046 4459 ad

2456 4499 2623 4552 Deum
2674 4497 3076 4552 intendentibus
3149 4504 3337 4566 patent
3377 4514 3390 4551 ε
3435 4497 3613 4567 pravis
3657 4507 3840 4552 autem
3891 4509 4051 4567 atque

2372 4632 2428 4691 ι)
2455 4591 2702 4662 superbis
2748 4590 3094 4646 clauduntur.

2530 4677 2785 4746 Quamvis
2822 4679 2998 4732 divina
3039 4677 3253 4749 eloquia
3295 4680 3350 4734 in
3387 4679 3616 4736 lectione
3669 4684 4053 4751 arrogantibus

2457 4781 2642 4842 aperta
2684 4771 2809 4835 sint,
2846 4771 2898 4824 in
2940 4770 3197 4841 mysterio
3228 4778 3406 4827 tamen
3437 4773 3620 4829 clausa
3641 4785 3808 4843 atque
3839 4791 3976 4832 occu
4004 4787 4051 4830 ta

2456 4875 2600 4920 sunt.

2527 4960 2719 5014 Sermo
2763 4959 2856 5014 Dei
2903 4959 3147 5014 ﬁdelibus
3189 4959 3281 5014 lux
3319 4969 3420 5022 est,
3471 4961 3720 5033 reprobis
3763 4971 3948 5016 autrm
3993 4979 4070 5018 ac.

2459 5049 2704 5119 superbis
2749 5047 2982 5118 quodam
3040 5046 3202 5103 modo
3249 5049 3623 5106 tenebrescit:
3671 5060 3728 5107 et
3787 5053 3932 5107 unde
3983 5054 4052 5106 illi

2462 5142 2844 5207 illuminantnr,
2884 5141 3008 5195 inde
3060 5141 3148 5196 isti
3205 5150 3495 5198 caecantur.

2531 5235 2879 5303 Nequaquam
2913 5234 3084 5301 legem
3133 5233 3400 5302 intelligit,
3434 5235 3522 5304 qui
3556 5236 3851 5292 carnaliter
3895 5241 4053 5294 verba

2463 5325 2592 5393 legis
2640 5325 2929 5393 percurrit;
2976 5324 3070 5378 sed
3122 5324 3166 5378 is
3225 5324 3317 5392 qui
3370 5340 3488 5380 eam
3557 5343 3717 5382 sensu
3780 5328 4056 5386 interioris

2465 5415 2827 5483 intelligentia:
2884 5415 3146 5484 percepit.

2532 5505 2635 5572 Qui
2693 5506 2926 5561 litteram
2975 5507 3105 5576 legis
3161 5507 3467 5575 attendunt,
3510 5509 3626 5579 ejus
3681 5511 3905 5569 occulta
3960 5529 4052 5585 pe.

2465 5608 2677 5653 netrare
2735 5615 2842 5654 non
2893 5605 3134 5666 possunt.

2535 5691 2658 5746 Ideo
2711 5691 3023 5760 prohibetur
3073 5689 3391 5748 Christianis
3453 5693 3704 5760 ligmenta
3779 5707 4059 5766 poetarum

2465 5785 2663 5854 legere,
2715 5784 2840 5853 quia
2871 5799 2966 5854 per
3012 5785 3406 5840 oblectamenta
3456 5787 3694 5842 inanium
3736 5787 4057 5860 fabularum,

2467 5887 2700 5933 mentem
2750 5877 2988 5933 excitant
3035 5877 3099 5933 ad
3122 5879 3389 5935 incentiva
3430 5879 3733 5936 libidinum.
