4194 6544
682 520 686 524 .
745 460 850 517 ’119

1862 461 1900 513 Ε
1915 460 2134 514 VAN'I'II
2178 462 2463 515 AliBA'I'IS
2506 460 2857 516 ιίιδίδίὐω.

3897 452 3997 508 ⁸720

754 578 4002 607 —————————————-v————————_————_———-I———_

1333 677 1559 753 ALIA
1620 675 2051 752 NOTITIA
2133 677 2236 753 IN

2317 677 2855 755 EVANTIUM
2915 677 3410 754 ABBATEM.

1941 933 2182 997 (Galland.
2209 934 2334 985 Bibl.
2358 934 2495 986 Patr.
2522 939 2641 985 tom.
2663 930 2792 993 XII.)

815 1166 1253 1238 Distinguendum
1276 1181 1395 1222 esse
1438 1166 1715 1221 Evantium
1739 1167 1853 1221 sive
1881 1166 2150 1221 Evantum
2181 1184 2306 1221 nos-
2335 1172 2387 1230 Α
2412 1166 2626 1222 Erravit
2661 1164 2823 1236 igitur
2850 1166 2907 1221 in
2951 1165 3055 1221 hac
3086 1173 3239 1234 parte
3281 1162 3510 1220 Cavmus
3560 1164 3652 1236 (ad
3678 1180 3806 1218 ann.
3842 1161 3994 1232 581).

739 1270 879 1317 trum
896 1261 962 1315 ab
987 1258 1211 1314 Evantio
1232 1258 1542 1323 Viennensi,
1560 1261 1650 1328 qui
1675 1260 1806 1315 obiit
1823 1275 1965 1315 anno
1995 1257 2118 1325 586,
2141 1262 2309 1331 probe

741 1350 1480 1418 animadvertuntBasnagius
1505 1360 1560 1405 et
1590 1350 1884 1406 Fabricius.
1910 1351 2136 1421 Scripsit
2162 1352 2305 1406 enim

738 1444 1022 1513 epistolam
1086 1451 1272 1498 contra
1330 1458 1424 1497 eos
1492 1443 1582 1512 qui
1630 1442 2047 1513 Caesaraugusta
2097 1444 2312 1497 aiebant

736 1537 1046 1604 sanguinem
1079 1534 1389 1588 animalium
1427 1550 1547 1589 esse
1575 1534 1929 1611 immundum.
1956 1534 2013 1589 ln
2044 1550 2107 1590 ea
2151 1549 2313 1603 porro

736 1627 1135 1684 laudatlibrum
1179 1626 1396 1695 Regula
1421 1625 1710 1681 Pastoralis
1730 1626 1788 1681 S.
1815 1626 2089 1696 Gregorii.
2137 1626 2315 1693 Quare

738 1720 804 1773 ab
832 1718 1059 1773 Evantio
1092 1718 1375 1773 Viennensi
1403 1719 1623 1773 omnino
1653 1727 1735 1773 est
1764 1718 2189 1788 distinguendns,
2221 1718 2316 1787 qui

737 1818 864 1866 ante
904 1810 1108 1867 editum
1156 1810 1302 1865 illum
1347 1809 1541 1866 librum
1573 1810 1715 1866 diem
1745 1825 2050 1880 supremam
2080 1811 2309 1867 obierat.

2416 1258 2711 1313 Cardinalis
2746 1257 3022 1327 Aguirrius
3048 1256 3229 1328 (Couc.
3263 1255 3419 1325 llisp.
3462 1266 3497 1310 t.
3528 1254 3659 1327 III)
3690 1255 3880 1311 nititur
3908 1254 3999 1309 de-

2417 1358 2716 1404 monstrare
2758 1350 3037 1403 Evantium
3068 1349 3210 1403 hunc
3251 1359 3496 1403 nostrum
3536 1347 3703 1403 fuisse
3744 1346 4002 1401 archidia-

2418 1457 2611 1497 couum
2639 1441 2978 1496 Toletinum.
3026 1441 3318 1510 Hispanum
3345 1449 3493 1496 certe
3512 1440 3675 1495 fuisse
3703 1449 3915 1495 constat
3936 1454 3999 1493 ex

2420 1536 2535 1606 ipsa
2560 1535 2804 1606 epistola.
2842 1536 2918 1590 De
2937 1551 3003 1590 eo
3037 1552 3143 1590 non
3174 1538 3327 1605 plura
3366 1535 3508 1605 apud
3538 1535 3833 1603 scriptores
3859 1534 3999 1586 inve-

2419 1628 2552 1682 nies.
2609 1626 2717 1681 Nec
2746 1635 2923 1681 tamen
2966 1627 3031 1681 ab
3063 1643 3119 1681 re
3149 1625 3503 1681 aflirmaveris
3549 1640 3671 1680 eum
3714 1625 3784 1680 ob
3817 1622 4002 1678 oculos

2418 1720 2712 1790 praesertim
2734 1719 2983 1773 habuisse
3013 1719 3324 1773 Pirminium
3349 1720 3625 1785 abbatem,
3653 1727 3712 1773 ut
3732 1716 3998 1773 constabit

2418 1824 2487 1864 ex
2514 1809 2580 1864 iis
2614 1824 2732 1878 quae
2763 1808 2815 1862 in
2844 1808 2936 1863 illo
2966 1807 3100 1863 infra
3129 1808 3393 1865 dicentur.

1395 2070 1931 2179 EVANTII
2012 2069 2560 2174 ABBATIS
2642 2068 3344 2207 EPISTULA,

841 2243 1086 2305 Contra
1111 2259 1210 2302 eos
1239 2240 1349 2319 qui
1377 2238 1741 2316 sanguinem
1767 2235 2132 2297 animalium
2162 2233 2545 2295 immundum
2577 2253 2698 2296 esse
2720 2235 3047 2314 judicent,
3080 2241 3140 2295 et
3172 2254 3416 2297 carnem
3449 2237 3740 2299 mundam
3768 2258 3893 2300 esse

2256 2334 2498 2395 dicunt.

808 2465 941 2532 Quia
962 2478 1021 2518 se
1048 2462 1276 2533 prmbuit
1297 2462 1509 2515 occasio
1534 2468 1859 2530 opportuna,
1883 2458 2004 2514 ideo
2030 2458 2169 2513 hanc
2197 2458 2313 2514 exi-
2344 2464 2389 2524 Β
2416 2459 2572 2515 lestia
2593 2461 2746 2531 quasi
2773 2460 2887 2517 alas
2937 2462 3197 2518 habentes
3241 2463 3531 2519 convolare
3574 2463 3757 2519 ﬁdeles
3807 2480 3997 2521 omnes

736 2557 955 2628 guitatis
1006 2570 1138 2610 mere
1200 2554 1505 2625 paginulam
1562 2553 1753 2608 vestris
1807 2553 2082 2608 obtutibus
2137 2552 2313 2623 perle-

737 2652 961 2708 rendam
992 2666 1111 2705 mea
1150 2651 1361 2727 curavit
1382 2649 1652 2705 deSIinare
1686 2650 1924 2716 miseria;
1955 2665 2051 2720 per
2075 2665 2235 2720 quam
2260 2658 2315 2705 et

743 2744 930 2800 salutis
958 2744 1139 2798 munia
1167 2744 1461 2814 impensius
1490 2744 1692 2814 pando,
1734 2752 1790 2799 et
1811 2760 1897 2799 me
1926 2745 2094 2801 sacris
2122 2746 2314 2801 vestris

735 2839 1071 2895 orationibus
1110 2838 1366 2894 tuendum
1409 2840 1707 2894 committo.
1733 2838 1827 2895 llis
1864 2850 1889 2876 α
1924 2841 2195 2911 explosis,
2246 2841 2313 2897 ad

741 2931 1068 2999 agnitionem
1097 2937 1336 2985 nostram
1367 2930 1530 2996 venit,
1560 2930 1705 3000 quod
1732 2941 2081 2999 exsurgentes
2110 2932 2164 2986 in
2193 2932 2314 3001 qui-

738 3024 961 3078 busdam
992 3023 1414 3092 Czcsaraugusta:
1440 3024 1681 3092 partibus
1702 3026 1968 3094 reperisse
1992 3040 2088 3079 vos
2108 3026 2312 3080 adseri-

733 3116 803 3169 tis
830 3113 1197 3183 Christianos,
1243 3130 1345 3170 nec
1380 3114 1504 3169 dum
1536 3114 1775 3169 eruditos
1814 3116 2095 3184 paginibus
2122 3117 2311 3182 sacris,

729 3210 953 3267 Judaico
996 3226 1147 3266 more
1186 3211 1336 3281 sequi
1367 3210 1601 3264 litteram
1643 3209 2015 3275 occidentem,
2060 3220 2115 3265 et
2160 3220 2313 3280 post-

736 3323 940 3378 ponere
986 3308 1233 3377 spiritum
1282 3305 1686 3361 vivilicantem:
1726 3306 1817 3374 qui
1859 3305 2042 3361 dicunt
2080 3305 2311 3359 immun-

735 3403 861 3459 dum
916 3401 1030 3456 lteri
1084 3400 1359 3456 hominem
1417 3397 1642 3467 alicujus
1704 3398 1949 3453 animalis
2001 3398 2314 3466 sanguinem

733 3496 1143 3558 comedentem,
1197 3494 1530 3559 nescientes,
1572 3507 1748 3561 neque
1776 3491 2138 3560 intelfigentes
2177 3507 2314 3561 prae-

731 3595 888 3658 cepta
939 3586 1113 3657 prisca
1158 3586 1327 3653 magis
1358 3598 1538 3639 mores
1587 3583 1865 3639 hominum
1915 3583 2309 3648 demonstrare,

730 3692 890 3743 quam
933 3677 987 3731 in
1029 3684 1219 3731 natura
1250 3691 1489 3731 servare.
1538 3674 1673 3734 Nam
1719 3676 1764 3730 si
1794 3676 1895 3731 ista
1926 3676 1999 3730 ita
2022 3684 2166 3744 sunt,
2219 3691 2316 3731 cur

730 3776 920 3839 aperta
972 3766 1150 3823 fronte
1190 3782 1312 3822 cum
1356 3766 1548 3836 judaais
1596 3775 1653 3822 et
1692 3766 1795 3821 alia
1835 3782 1953 3836 qua:
1991 3769 2150 3821 vetita
2191 3776 2315 3821 sunt

2423 2560 2696 2621 optamus.
2755 2563 2778 2590 ο
2827 2550 3211 2610 Sacerdotibus
3264 2570 3495 2625 corpore
3559 2557 3865 2627 debilibus,
3909 2559 3995 2614 vel

2417 2642 2682 2698 maculam
2704 2646 2950 2714 corporis
2962 2645 3279 2701 habentibus
3300 2646 3436 2701 liber
3457 2644 3747 2703 Pastoralis
3775 2648 3835 2704 S.
3861 2649 3996 2705 Gre-

2415 2735 2546 2805 gorii
2593 2734 2827 2804 legatur,
2882 2737 3005 2806 quia
3046 2737 3202 2793 nobis
3230 2738 3447 2810 longum
3477 2752 3561 2796 est
3595 2742 3820 2812 plurima
3860 2759 3991 2800 eno-

2416 2825 2562 2882 dare.
2617 2825 2823 2882 Paxillo
2866 2838 3047 2897 egesta
3103 2828 3266 2885 humo
3311 2832 3526 2901 Operire
3553 2843 3654 2897 est,
3686 2850 3807 2889 cum
3853 2837 3990 2891 mala

2416 2927 2721 2988 perpetrata
2746 2919 2899 2974 bouis
2927 2921 3179 2990 operibus
3207 2923 3506 2981 insudando
3547 2926 3767 2983 timores
3801 2944 3992 2983 carna-

2418 3009 2548 3063 lium
2588 3011 2919 3081 voluptatum
2974 3015 3362 3083 opprimimus,
3394 3017 3464 3074 de
3514 3020 3706 3089 quibus
3735 3022 3987 3092 scripsum

2417 3108 2497 3153 est
2530 3119 2542 3153 :
2574 3099 2723 3155 Beati
2749 3119 2964 3174 quorum
2994 3107 3224 3161 remisse
3252 3119 3372 3163 sunt
3405 3110 3725 3181 iniquitates,
3777 3123 3829 3165 et
3869 3131 3993 3184 quo-

2417 3208 2528 3244 rum
2552 3201 2683 3245 tecta
2709 3204 2827 3247 sunt
2850 3206 3057 3261 peccata
3089 3196 3256 3265 (Psal.
3292 3217 3445 3269 xxxi,
3504 3201 3581 3271 1).
3615 3202 3840 3259 Matrem
3871 3222 3991 3261 cum

2416 3281 2575 3350 pullis
2614 3282 2886 3337 iuventam
2940 3286 3086 3341 abire
3113 3288 3355 3358 sinimus,
3396 3301 3451 3346 et
3502 3294 3678 3361 pullos
3727 3304 3992 3364 tenemus,

2417 3387 2539 3426 cum
2583 3375 2886 3430 testimonia
2931 3391 2998 3431 ex
3039 3377 3157 3448 lege
3183 3393 3441 3451 excerpta
3467 3385 3532 3436 ad
3561 3385 3873 3441 refutandus
3901 3388 3992 3443 Ju-

2414 3464 2559 3519 dzeos
2601 3474 2763 3536 atque
2803 3467 3086 3525 haereticos
3134 3480 3405 3539 tenemus,
3461 3482 3517 3528 et
3556 3475 3658 3545 legi
3707 3480 3994 3534 carnaliter

2418 3575 2524 3613 non
2554 3561 2835 3617 servimus.
2876 3561 3054 3617 Otium
3087 3564 3303 3620 Sabbati
3325 3568 3663 3637 negligimus,
3684 3573 3808 3640 quia
3833 3588 3993 3643 prop-

2418 3662 2497 3705 ter
2523 3651 2667 3706 illam
2706 3651 2940 3707 futuram
2992 3656 3258 3724 requiem,
3313 3671 3473 3726 quam
3520 3659 3662 3714 istud
3693 3659 3989 3717 Sabbatum

2416 3744 2625 3813 ﬁgurat,
2655 3755 2714 3801 ut
2734 3747 2801 3801 ad
2830 3747 2975 3801 illam
3005 3751 3409 3818 perveniamus,
3441 3752 3613 3821 legem
3644 3754 3857 3810 Domini
3877 3760 3989 3827 Spi-

730 3870 997 3932 prtecepta
1021 3860 1206 3928 prisca
1228 3859 1360 3929 legis
1393 3858 1680 3915 carnaliter
1698 3874 1804 3914 non
1829 3866 2069 3925 teneant,
2103 3859 2305 3913 nescio.

2414 3839 2640 3893 ritaliter
2663 3839 3016 3908 intelligendo
3052 3841 3410 3899 decertamus.
3440 3842 3591 3910 Quod
3621 3846 3668 3901 si
3690 3844 3830 3901 forte
3856 3848 3994 3917 obji-

727 3950 833 4016 Qui
884 3964 1077 4004 carnes
1121 3949 1309 4004 suillos
1352 3949 1437 4004 vel
1485 3950 1817 4004 cuniculinas
1869 3965 1974 4004 non
2020 3948 2306 4017 abjiciunt,

727 4040 820 4109 qui
865 4041 1091 4110 piscium
1139 4054 1331 4094 carnes
1374 4040 1609 4109 pinnulis
1638 4040 1938 4095 carentium
1982 4055 2090 4094 non
2119 4055 2309 4108 repro-r

727 4132 878 4199 bant,
907 4132 1014 4200 qui,
1035 4139 1218 4186 vetera
1257 4132 1521 4187 sacrificia
1553 4147 1663 4186 non
1712 4131 2014 4197 immolant,
2061 4132 2153 4201 qui
2177 4147 2311 4185 uxo-

729 4237 847 4279 rem
898 4221 1079 4277 fratris
1115 4222 1232 4278 sine
1279 4220 1402 4277 [iliis
1455 4222 1773 4277 morientem
1831 4223 1897 4277 ad
1946 4222 2309 4277 suscitandum

729 4326 917 4367 semen
939 4310 1057 4380 ejus
1084 4327 1192 4366 non
1214 4311 1514 4382 accipiunt,
1557 4320 1651 4366 aut
1669 4313 1736 4368 ad
1763 4313 2125 4368 sacerdotium
2153 4313 2307 4367 debi-

730 4402 811 4458 les
866 4416 1132 4472 corpore,
1180 4409 1273 4455 aut
1330 4403 1505 4471 aliqua
1555 4402 1762 4457 macula
1804 4404 2046 4473 corporis
2084 4402 2109 4439 b
2154 4402 2306 4458 labo-

728 4500 974 4556 rantem,
1006 4493 1096 4561 qui
1132 4501 1310 4547 tamen
1342 4494 1534 4549 animo
1575 4493 1720 4562 digni
1750 4494 1995 4548 videntur
2023 4494 2304 4559 accedere,

731 4596 840 4637 non
879 4584 1193 4653 repudiant,
1237 4584 1328 4654 qui
1363 4584 1593 4653 paxillos
1640 4584 1691 4638 in
1718 4585 1911 4640 balteis
1938 4601 2044 4640 non
2074 4595 2305 4654 gestant,

728 4680 789 4725 ut
816 4681 1001 4739 egesta
1047 4672 1210 4727 humo
1239 4673 1516 4742 operiant;
1573 4689 1671 4728 cur
1702 4689 1854 4729 avem
1883 4691 2005 4730 cum
2037 4676 2194 4745 pullis
2224 4676 2306 4729 in-

728 4771 964 4828 ventam,
1013 4764 1058 4817 si
1108 4772 1363 4833 possunt,
1418 4773 1631 4830 tenent,
1664 4774 1871 4831 etnon,
1900 4767 2035 4821 sicut
2072 4782 2311 4836 pnucep-

726 4861 841 4907 tum
895 4862 1012 4920 est,
1070 4863 1316 4910 tenentes
1363 4856 1560 4922 pullos,
1611 4867 1841 4912 matrem
1894 4858 2079 4912 sinunt
2126 4860 2307 4913 abire?

728 4942 838 4998 Cur
867 4947 1027 4999 etiam
1070 4948 1240 5001 otium
1278 4948 1497 5003 Sabbati
1544 4965 1667 5004 cum
1708 4949 1905 5004 Iudaeis
1934 4967 2040 5004 non
2078 4961 2306 5017 sectant,

727 5043 784 5111 et
811 5050 1006 5089 novam
1050 5038 1270 5104 gratiam
1312 5036 1583 5105 Evangelii
1615 5040 1856 5094 absterso
1901 5042 2097 5096 rubore
2128 5041 2308 5095 Chris-

727 5123 985 5179 tianitatis
1029 5143 1131 5179 non
1192 5127 1481 5194 objiciunt?
1539 5129 1671 5182 Nam
1722 5130 1773 5183 in
1832 5131 2029 5184 Christi
2095 5134 2308 5185 nomine

2415 3931 2579 3997 ciunt,
2638 3931 2739 3987 ista
2780 3932 2833 3987 in
2881 3934 3176 3989 canonibus
3216 3934 3445 4003 haberi;
3474 3952 3574 3992 nec
3623 3952 3724 4006 ego
3758 3955 3847 3994 me
3891 3941 3990 3995 ista

2415 4023 2587 4077 fateor
2622 4024 2898 4091 ignorare;
2955 4029 3047 4081 sed
3075 4027 3128 4081 in
3160 4028 3394 4097 antiquis
3445 4030 3744 4084 canonibus
3773 4031 3876 4085 ista
3907 4048 3991 4085 re-

2414 4118 2734 4187 periuntur,
2790 4119 3005 4189 quando
3070 4118 3307 4175 Ecclesia
3360 4137 3429 4177 ex
3478 4123 3887 4181 circumcisione
3942 4136 3995 4181 et

2415 4210 2675 4278 praeputio
2726 4210 2794 4264 ad
2852 4210 3009 4266 ﬁdem
3053 4212 3511 4281 congregabatur;
3566 4216 3779 4283 quando
3818 4217 3993 4273 adhuc

2415 4318 2521 4357 non
2542 4303 2715 4358 solido
2747 4304 2890 4371 cibo,
2920 4305 3013 4360 sed
3043 4305 3184 4361 lacte
3206 4306 3561 4361 nutriebatur.
3612 4305 3742 4361 Tale
3770 4308 3899 4376 quid
3926 4307 3990 4361 ad

2413 4396 2717 4451 Corinthios
2751 4399 3026 4469 apostolos
3058 4400 3254 4455 dixisse
3293 4400 3570 4466 noverint,
3602 4408 3657 4455 et
3683 4401 3736 4455 in
3770 4404 3991 4457 Actibus

2412 4488 2791 4557 Apostolorum
2849 4490 2988 4545 facta
3046 4491 3336 4546 invenient.
3392 4492 3542 4546 Nunc
3585 4507 3712 4546 vero
3750 4491 3989 4548 Ecclesia

2414 4580 2506 4633 Dei
2554 4582 2724 4636 solido
2764 4582 2884 4637 cibo
2936 4584 3037 4638 tile
3084 4583 3335 4638 roborata
3365 4586 3628 4649 consistit,
3674 4594 3731 4637 ut
3759 4585 3987 4639 viriliter

2414 4682 2602 4728 contra
2640 4677 2873 4744 impetus
2918 4677 3296 4732 haereticorum
3338 4688 3555 4747 pugnet,
3585 4695 3691 4733 nou
3720 4679 3776 4734 in
3808 4679 3983 4732 infan-

2413 4764 2541 4817 tium
2570 4765 2794 4820 mollitie
2822 4776 3071 4821 enervata
3096 4768 3431 4824 succumbat.

2479 4855 2558 4910 Ne
2607 4865 2784 4910 tamen
2833 4859 3132 4927 epistolaris
3180 4860 3511 4915 consuetudo
3559 4861 3612 4915 in
3662 4861 3985 4931 longinquas

2412 4947 2661 5016 periodos
2708 4958 2973 5017 pertracta
3028 4951 3315 5007 lertoribus
3343 4952 3530 5020 lepidis
3572 4951 3839 5005 fastidium
3888 4970 3984 5006 uu-

2413 5038 2571 5102 triat;
2604 5039 2818 5092 veniant
2866 5040 2931 5094 ad
2965 5041 3123 5105 illud,
3159 5041 3301 5111 quod
3329 5042 3617 5112 Apostolus
3641 5044 3752 5096 ait:
3788 5042 3981 5096 Umnia

2410 5128 2601 5179 munda
2659 5132 2879 5182 mundis.
2949 5130 3300 5199 Coinquinatis
3364 5144 3533 5186 autem
3584 5144 3632 5186 et
3680 5134 3981 5203 inﬁdelibus

724 5214 917 5267 frontis
959 5225 1013 5269 et
1046 5216 1165 5268 tiilei
1198 5217 1515 5273 Christiana;
1539 5217 1714 5274 aﬂ‘ecti
1736 5260 1750 5284 ,
1777 5228 1830 5274 et
1859 5220 2169 5291 sanguinem
2208 5238 2303 5277 co-
2336 5209 2385 5268 D
2414 5218 2540 5271 nihil
2568 5229 2642 5271 est
2683 5221 2926 5273 mundum
2957 5220 3083 5289 (Tit.
3116 5238 3148 5286 ι,
3176 5220 3282 5285 15).
3325 5222 3394 5275 Et
3440 5225 3490 5276 in
3538 5224 3643 5277 alio
3684 5225 3806 5278 loco
3838 5228 3981 5279 idem

724 5294 1045 5357 medendum
1087 5306 1419 5363 Christianos
1464 5320 1650 5379 aperte
1692 5309 1966 5376 docemus,
2018 5323 2073 5366 et
2114 5328 2141 5366 a
2174 5329 2302 5368 san-

727 5401 903 5468 guinis
924 5418 1086 5471 opera
1113 5404 1386 5460 declinare
1406 5422 1596 5461 omnes
1615 5407 1919 5461 hortamur.
1952 5410 2152 5462 Carnes
2177 5410 2306 5463 suil-

726 5492 806 5548 las
858 5494 1018 5550 edere
1074 5497 1452 5562 concedimus,
1525 5508 1579 5553 et
1633 5514 1664 5552 a
1718 5500 1998 5555 volutabro
2055 5502 2304 5556 vitiorum

724 5586 978 5640 recedere
1026 5588 1273 5642 omnibus
1322 5590 1493 5643 modis
1522 5598 1790 5657 optamus.
1846 5590 2027 5646 Pisces
2071 5594 2306 5662 pinnulis

723 5685 969 5730 carentes
1010 5679 1331 5735 manducare
1360 5680 1755 5748 permittimus;
1806 5688 1859 5736 et
1892 5689 2066 5736 tamen
2094 5682 2161 5737 ad
2191 5698 2304 5738 coe-

798 5815 817 5880 f‘
853 5804 908 5880 ἕξ
901 5816 1011 5862 orte
1035 5810 1285 5880 expletis.

795 5873 819 5911 θ’
851 5876 978 5943 Hm,
1007 5873 1328 5949 portantem.

2412 5311 2685 5378 apostolus
2717 5314 2791 5364 ait
2816 5330 2826 5363 :
2862 5312 3042 5365 Omnis
3072 5322 3307 5366 creatura
3335 5312 3431 5367 Dei
3459 5314 3615 5380 bona,
3661 5324 3709 5367 et
3738 5316 3871 5367 nihil
3902 5332 3978 5368 re-

2399 5403 2679 5473 jiciendum
2743 5406 2879 5475 quod
2934 5422 3048 5457 cum
3104 5407 3389 5476 gratiarum
3445 5407 3644 5461 actione
3694 5408 3983 5475 percipitur

2407 5495 2481 5566 (I.
2513 5495 2643 5549 Tim.
2672 5511 2745 5563 iv,
2774 5496 2851 5554 4i.
2891 5497 2957 5550 Et
2985 5496 3234 5552 Salvator
3269 5498 3321 5552 in
3362 5496 3646 5566 Evangelio
3673 5500 3751 5551 ait
3779 5514 3793 5551 :
3827 5496 3983 5551 Nihil

2404 5598 2478 5642 est
2522 5589 2771 5642 introiens
2808 5590 2863 5642 in
2908 5590 3195 5654 hominem,
3247 5588 3381 5660 quod
3430 5590 3590 5659 possit
3641 5590 3982 5660 coinquinare

2405 5698 2549 5749 eum;
2578 5683 2698 5752 quia
2716 5698 2885 5749 omne,
2926 5681 3062 5754 quod
3092 5683 3148 5735 in
3182 5698 3239 5739 os
3267 5684 3451 5749 intrat,
3476 5683 3529 5735 in
3555 5690 3782 5735 ventrem
3811 5681 3980 5748 vadit,

2467 5831 2487 5858 ε
2530 5820 2656 5885 Mm,
2690 5817 2998 5874 sacerdotes
3027 5834 3078 5874 c.
3111 5817 3332 5874 debiles.
3359 5852 3426 5863 —-
3451 5816 3612 5876 Forte
3650 5821 3755 5889 leg.
3790 5820 3854 5874 de
3895 5837 3976 5875 sa-

2389 5893 2676 5948 cerdotibus
2707 5908 2848 5963 corp.
2879 5889 3146 5943 debilibus.
3184 5889 3334 5947 Ευιτ.
