4194 6542
166 425 259 480 791
1406 419 1682 476 ΝΟΤΙΤΙΑ
1721 418 1787 476 ΙΝ
1827 419 2225 478 Αιιιιυιτιιυιι.

3349 421 3457 475 722

164 550 209 592 rt
257 520 309 591 in
350 550 602 589 secessum
645 535 911 597 emittitur,
958 548 1049 585 nec
1087 532 1195 587 ha'c
1226 534 1564 605 coinquinant
1590 535 1757 587 homi-
1786 540 1837 598 Α
1863 535 2011 605 ejus,
2057 537 2146 592 ubi
2189 538 2287 605 ait,
2334 535 2533 590 Bonum
2554 544 2631 590 est
2660 552 2763 591 non
2794 534 3110 591 manducare
3125 554 3331 593 carnem
3354 579 3369 603 ,
3411 552 3463 595 ct

165 645 301 694 nem,
324 626 415 681 sed
432 640 545 695 qua:
567 624 630 679 de
651 623 805 678 corde
825 621 1146 692 procedunt:
1169 622 1233 676 de
1252 623 1406 677 corde
1425 625 1562 678 enim
1584 641 1762 695 proce-

165 723 294 777 dunt
328 721 612 787 adulteria,
654 718 930 789 homicidia
976 727 1025 771 et
1066 717 1144 771 Itis
1177 718 1367 772 similia
1420 716 1634 788 (Matth.
1671 734 1759 785 xv,

170 813 381 881 17-19).
404 812 538 866 Nam
554 811 699 882 quod
723 809 966 879 Apostoli
988 809 1271 881 primitiva:
1287 809 1543 865 Ecclesia:
1558 828 1590 864 a
1608 811 1768 884 [orni-

168 907 390 971 catione,
425 912 475 957 et
500 920 532 958 tt
557 902 832 971 stt/foculo,
862 910 912 956 et
934 919 966 955 a
993 903 1244 971 sanguine
1272 902 1534 957 abstinere
1556 919 1761 973 pnuce-

170 1006 367 1071 perunt
414 998 553 1065 (Act.
616 993 857 1064 xv,19),
906 994 1021 1049 btec
1047 996 1255 1049 exstitit
1295 1011 1497 1050 causa:
1535 1004 1659 1052 tunc
1698 1012 1768 1051 ex

168 1090 601 1155 circumcisione,
662 1098 716 1143 et
755 1089 1004 1157 gentibus
1039 1094 1320 1144 credentes
1364 1095 1768 1159 congregaban-

168 1193 290 1253 tur,
329 1199 401 1238 ne
433 1191 652 1253 promer
678 1180 1058 1237 discretionem
1106 1183 1348 1237 ciborum
1379 1199 1406 1236 ιι
1452 1198 1510 1236 se
1536 1182 1769 1236 invicem

167 1279 587 1335 scinderentur:
623 1276 748 1331 ideo
798 1277 940 1332 lacte
999 1278 1408 1343 nutriebantur,
1464 1294 1570 1331 non
1598 1276 1771 1331 solido

168 1371 311 1426 cibo.
367 1372 572 1437 Quibus
614 1378 670 1423 et
695 1378 882 1440 postea
927 1370 1224 1435 scribebat,
1272 1370 1493 1424 dicens:
1528 1367 1653 1423 Non
1677 1388 1772 1440 p0-

170 1469 242 1519 tui
266 1468 407 1537 loqui
431 1466 569 1519 rebis
599 1467 747 1535 quasi
778 1463 1119 1534 spiritalibus,
1161 1466 1251 1516 sed
1280 1464 1426 1533 quasi
1449 1462 1769 1529 carnalibus,

168 1566 422 1628 tanquam
469 1556 697 1627 parvulis
743 1557 797 1609 in
848 1554 1093 1609 Christo:
1128 1556 1210 1608 lac
1254 1556 1389 1608 vobis
1428 1566 1604 1623 potum
1634 1556 1772 1621 dedi,

168 1666 272 1704 non
314 1665 529 1702 escam:
564 1650 793 1702 nondum
836 1649 971 1701 cnim
1020 1648 1305 1717 poteratis;
1352 1648 1441 1701 sed
1475 1664 1569 1702 nec
1606 1650 1775 1702 adhuc

170 1740 379 1810 quidem
421 1743 655 1811 potestis,
704 1742 871 1794 adhuc
914 1743 1048 1794 enint
1092 1744 1213 1795 estis
1258 1742 1495 1795 catttales
1547 1741 1598 1812 (I
1655 1740 1775 1796 Cor.

178 1845 249 1901 tu,
275 1838 325 1901 1,
359 1834 439 1905 2).
490 1835 623 1889 Nam
646 1835 692 1890 si
723 1836 1026 1906 ubicunque
1054 1837 1370 1905 sanguinem
1394 1836 1576 1906 legunt
1598 1836 1779 1907 prohi-

1868 647 1971 684 non
2024 629 2194 685 bibere
2231 630 2404 683 uinum
2438 646 2455 683 :
2488 629 2532 683 si
2560 630 2929 694 consentiunt,
2984 629 3127 700 quod
3156 630 3233 684 eis
3266 632 3459 700 praeci-

1865 723 1981 793 pit,
2052 720 2351 776 Imitatores
2381 722 2479 775 mei
2509 729 2689 787 estote,
2740 723 2873 775 sicut
2921 730 2969 775 et
3010 738 3103 792 ego
3145 718 3340 776 Christi
3371 738 3388 774 :
3418 721 3465 779 si

1868 813 2073 869 faciunt
2119 814 2258 881 quod
2305 814 2443 868 idem
2499 812 2778 882 apostolus
2814 812 2943 867 dicit
2983 831 2995 867 τ
3030 812 3239 880 Castigo
3279 829 3464 883 corpus

1868 908 2065 967 meum,
2111 914 2160 957 et
2200 905 2254 958 in
2298 907 2589 959 servitutem
2610 904 2821 974 redigo,
2869 921 2933 958 ne
2976 907 3108 976 forte
3132 905 3252 959 aliis
3275 904 3468 976 pra'di-

1872 1016 2020 1066 cans,
2050 999 2159 1067 ipse
2190 996 2432 1067 reprobus
2461 999 2695 1052 inveniar
2717 1015 2734 1051 :
2758 998 2801 1053 si
2821 998 3024 1052 faciunt
3044 999 3187 1067 quod
3210 1000 3419 1054 intonat
3446 1015 3463 1053 ;

1873 1089 2127 1144 Exhibete
2149 1105 2234 1142 vos
2266 1089 2396 1143 sicut
2426 1088 2524 1143 Dei
2554 1092 2823 1145 ministros
2843 1130 2860 1156 ,
2900 1092 2956 1145 in
2983 1092 3146 1145 multa
3188 1092 3463 1161 patientia,

1872 1184 1927 1237 in
1951 1185 2213 1252 castitate,
2236 1184 2287 1236 in
2318 1184 2525 1253 vigiliis,
2558 1185 2612 1237 in
2645 1186 2886 1255 jcjuniis,
2909 1193 2962 1240 et
2986 1185 3068 1239 bis
3084 1186 3298 1246 similia.
3322 1186 3467 1243 unde

1872 1286 2157 1348 peccatum
2186 1291 2293 1331 non
2319 1277 2613 1343 incurrant,
2647 1276 2742 1331 sed
2766 1294 2886 1332 cum
2910 1279 3200 1347 gratiarum
3232 1279 3470 1341 actione,

1875 1384 1993 1438 qua:
2024 1367 2164 1422 Deus
2186 1369 2325 1422 bona
2351 1370 2573 1434 creavit,
2616 1378 2908 1423 sumerent.
2942 1368 3106 1437 Quasi
3141 1372 3285 1425 enim
3309 1385 3469 1440 apos-

1876 1462 2001 1518 tolis
2028 1462 2345 1518 obcdientes
2377 1478 2407 1517 a
2453 1463 2661 1517 duobus
2706 1464 2999 1526 abstinent,
3042 1479 3069 1515 a
3100 1462 3384 1531 suil‘ocato,
3418 1473 3474 1519 et

1878 1556 2155 1625 sanguine,
2206 1566 2263 1610 et
2291 1556 2511 1611 tertium
2541 1567 2867 1626 prmceptum
2911 1556 3055 1626 quod
3090 1556 3306 1626 gravius
3344 1570 3475 1627 pec-

1880 1661 2057 1708 catum
2080 1662 2184 1718 est,
2209 1651 2604 1707 dissimulantes
2628 1650 2906 1720 abjiciunt,
2930 1660 2985 1706 et
3009 1652 3284 1721 negligunt
3312 1662 3338 1689 ι
3359 1666 3473 1708 caa-

1880 1748 2035 1805 lestia
2060 1747 2231 1818 jussa,
2263 1755 2317 1801 et
2338 1745 2687 1801 caeremonias
2712 1746 3006 1800 enormiter
3032 1744 3471 1814 perhorrescunt.

1884 1838 2103 1895 Talibus
2156 1837 2404 1893 Salvator
2434 1854 2487 1891 ιιι
2531 1836 2820 1905 Evangelio
2870 1835 3001 1891 dicit
3036 1854 3048 1887 :
3096 1834 3187 1891 Va:
3212 1836 3353 1891 vobis
3381 1837 3475 1907 Ity-

170 1928 343 1982 bitunt
371 1936 427 1982 et
464 1928 570 1983 l-toc
599 1928 666 1983 ad
715 1929 953 1984 litteram
984 1931 1290 1998 intelligunt
1317 1940 1374 1986 et
1401 1930 1531 1984 nihil
1561 1932 1779 2001 spirita-
1809 1929 1856 1989 B
1885 1934 2131 2003 pocrittc,
2178 1934 2265 2002 qui
2310 1932 2576 1985 decimatis
2622 1941 2881 1999 mentum,
2936 1941 2985 1985 et
3014 1939 3256 1999 anetum,
3293 1942 3343 1984 et
3390 1948 3477 2002 cg-

171 2023 297 2077 liter
347 2024 454 2078 hoc
501 2022 700 2077 dictum
748 2033 971 2093 putant,
1020 2024 1147 2095 quid
1202 2034 1284 2079 est
1329 2025 1474 2093 quod
1506 2026 1772 2095 propheta

168 2116 344 2172 dicit:
380 2116 770 2186 Speculatorem
813 2117 931 2170 dedi
986 2126 1032 2169 te
1085 2117 1256 2171 domui
1314 2115 1501 2171 Israel.
1560 2116 1622 2170 Si
1671 2132 1775 2170 non

169 2214 565 2267 annuntiaveris
592 2213 751 2283 impio
771 2253 784 2275 ,
816 2221 872 2265 ut
902 2228 957 2266 se
985 2212 1239 2267 custodiat
1267 2211 1330 2265 ab
1354 2213 1629 2283 iniquitate
1655 2226 1774 2278 sua,

166 2311 283 2381 ipse
310 2312 503 2381 impius
526 2313 578 2364 in
616 2311 886 2382 iniquitate
917 2326 1011 2363 sua
1032 2310 1280 2364 morietur
1304 2326 1319 2360 :
1347 2310 1651 2379 sanguinem
1682 2325 1775 2361 au-

172 2413 273 2458 tem
300 2406 415 2475 ejus
448 2404 511 2456 de
546 2420 703 2457 manu
745 2414 833 2456 tua
862 2402 1120 2473 requiram
1175 2401 1392 2473 (Ezech.
1417 2416 1495 2467 ιιι,
1527 2400 1614 2465 17,
1642 2398 1776 2469 18)?

169 2496 307 2563 Quis
337 2504 422 2549 est
451 2495 549 2550 istc
570 2496 787 2564 sanguis
806 2538 821 2561 ,
853 2495 956 2549 nisi
984 2510 1149 2565 opera
1187 2493 1501 2563 sanguinis?
1524 2492 1663 2560 Quid
1694 2501 1778 2548 est

171 2589 226 2643 in
256 2588 470 2658 psalmo
490 2631 503 2653 ,
560 2589 650 2642 ubi
695 2588 823 2642 dicit
849 2606 858 2640 :
893 2586 1080 2641 Libera
1108 2604 1190 2642 me
1216 2587 1430 2642 de‘viris
1467 2587 1778 2657 sanguinum

172 2679 349 2754 (Paul.
371 2696 516 2745 Lvut,
560 2680 646 2750 3),
695 2680 793 2735 nisi
815 2680 882 2735 ab
911 2680 1165 2751 operibus
1195 2679 1527 2749 iniquitatis?
1553 2676 1619 2731 Et
1644 2677 1776 2746 quid

172 2784 287 2840 est,
316 2775 464 2844 quod
511 2774 648 2830 alius
690 2775 955 2846 propheta
985 2775 1116 2830 dicit
1148 2793 1159 2827 :
1194 2774 1426 2845 Sanguis
1474 2772 1778 2844 sanguinem

169 2875 346 2945 tetigit
372 2892 390 2924 .·
417 2883 627 2941 promer
651 2873 743 2926 hoc
767 2872 959 2942 lugebit
1005 2880 1164 2937 terra,
1205 2880 1256 2925 et
1279 2869 1634 2940 inﬁrmabitur
1664 2884 1775 2922 om-

172 2965 258 3020 nis
280 2967 367 3036 qui
390 2965 589 3019 habitat
612 2966 664 3018 in
688 2982 748 3019 ea
774 2964 933 3036 (Osee
970 2981 1022 3020 tv
1055 3005 1070 3031 ,
1102 2965 1156 3030 2,
1186 2963 1265 3035 5).

250 3054 410 3123 Quod
444 3056 543 3109 tria
570 3056 671 3110 ista
710 3070 852 3126 prmc
872 3066 977 3125 pta
999 3072 1063 3111 ex
1094 3056 1232 3111 libro
1258 3057 1487 3111 Actuum
1532 3056 1771 3127 Aposto-

173 3148 361 3203 lorum
389 3154 578 3203 tenere
597 3148 916 3216 gloriantur,
944 3150 993 3202 id
1016 3157 1116 3213 est,
1144 3149 1418 3205 abstinere
1439 3164 1467 3200 a
1492 3146 1775 3213 suliocato,

177 3252 237 3299 et
266 3244 563 3311 sanguine,
606 3243 692 3297 vel
737 3242 1127 3312 fornicatione;
1176 3243 1561 3307 conﬁteantur,
1590 3242 1636 3296 si
1666 3241 1773 3311 pri-

174 3351 331 3390 mum
362 3344 418 3389 et
446 3341 740 3391 secundum
770 3352 890 3391 cum
914 3337 1074 3392 tertio
1105 3336 1351 3405 implent,
1380 3335 1433 3389 id
1454 3343 1557 3400 est,
1592 3333 1638 3390 si
1664 3348 1772 3387 non

176 3425 541 3492 fornicamur,
589 3428 633 3482 si
664 3443 931 3498 aucupum
963 3429 1275 3483 ministeriis
1302 3442 1413 3482 non
1443 3434 1680 3491 utuntur,
1729 3424 1777 3480 si

176 3518 417 3573 audiunt
447 3519 767 3589 Apostolum
816 3519 1122 3574 dicentem:
1155 3517 1257 3585 Qui
1304 3518 1507 3574 habent
1550 3533 1773 3581 uxores,

175 3615 441 3679 tanquam
488 3626 594 3666 non
650 3610 908 3667 habentes
936 3612 1081 3666 sint:
1113 3613 1159 3668 si
1205 3611 1465 3667 obediunt
1509 3619 1779 3682 prtecepto

255 3740 289 3779 a
327 3723 455 3791 Ms.,
484 3736 534 3780 et
562 3727 792 3781 ca'lestia
814 3726 965 3797 jussa
994 3744 1149 3799 agere
1176 3727 1427 3781 enerviter
1450 3734 1831 3799 perorrescunt.

1880 2026 2114 2087 minam;
2186 2032 2234 2076 et
2286 2040 2386 2087 ea,
2444 2039 2555 2092 qua:
2609 2023 2735 2093 legis
2784 2033 2903 2076 sunt
2952 2024 3192 2093 graviora
3239 2023 3476 2077 ontittitis

1884 2112 2096 2184 (Matth.
2124 2129 2272 2179 χχιιι,
2307 2112 2420 2181 9.3).
2456 2112 2596 2179 Quid
2640 2112 2846 2167 multa?
2890 2111 3096 2182 Legant
3125 2112 3291 2167 libros
3329 2112 3471 2167 Doc-

1884 2216 2083 2274 torum,
2114 2217 2166 2261 et
2216 2207 2449 2262 maxime
2480 2206 2653 2260 sancti
2684 2204 2965 2274 Augustini
3010 2216 3199 2261 contra
3219 2204 3480 2260 Faustum

1881 2296 2259 2363 Maniclmum,
2291 2297 2346 2352 in
2372 2313 2478 2366 quo
2502 2298 2623 2363 ista,
2653 2312 2772 2366 qua:
2793 2297 2879 2351 isti
2903 2306 3190 2361 evacuant,
3226 2306 3282 2351 et
3305 2296 3476 2353 facie-

1882 2390 2015 2446 bant
2054 2398 2119 2455 et
2138 2391 2419 2455 dicebant,
2469 2399 2523 2445 et
2565 2405 2748 2444 secum
2780 2391 2901 2445 illos
2925 2390 3098 2445 victos
3127 2390 3473 2446 erubescant.

1884 2485 2020 2539 Nam
2043 2495 2097 2540 et
2127 2485 2320 2540 librum
2361 2484 2532 2540 sancti
2564 2483 2877 2557 llieronymi
2905 2493 3092 2540 Cttttll‘a
3117 2484 3479 2539 Douatianuta

1884 2580 2084 2649 legant,
2110 2590 2165 2635 et
2184 2580 2413 2635 salutem
2439 2595 2593 2636 suam
2616 2580 2688 2635 ibi
2713 2580 3005 2650 reperient.
3033 2580 3165 2634 Nam
3194 2579 3478 2635 richulnm

1882 2682 1966 2727 est
2016 2687 2208 2728 carnes
2255 2673 2513 2742 mundas,
2564 2688 2698 2742 quas
2740 2672 2883 2727 Deus
2934 2672 3159 2739 creavit,
3208 2685 3380 2740 usque
3409 2670 3479 2725 ad

1884 2779 2139 2820 nauseam
2179 2764 2462 2830 devorare,
2517 2773 2573 2820 et
2601 2765 2915 2835 sanguinem
2966 2764 3175 2818 illarum
3207 2764 3474 2831 carnium,

1883 2858 2038 2928 quasi
2068 2857 2400 2912 immundum
2425 2873 2709 2927 respuere:
2743 2858 2894 2927 quasi
2920 2857 3060 2911 Deus
3081 2872 3299 2911 carnent
3321 2870 3473 2911 crea-

1884 2951 2022 3006 verit
2061 2950 2351 3015 mundam,
2403 2960 2457 3005 et
2501 2948 2817 3019 sanguinem
2845 2949 3109 3014 carnium,
3158 2948 3251 3017 qui
3277 2948 3468 3016 utique

1883 3043 2275 3098 nutrimgntum
2305 3050 2360 3095 et
2382 3040 2529 3096 salus
2558 3041 2737 3095 carnis
2766 3049 2866 3105 est,
2903 3039 3092 3096 fecerit
3111 3038 3466 3094 immundum.

1883 3135 2000 3189 Alia
2049 3134 2287 3190 scribere
2327 3131 2509 3197 debui,
2541 3131 2635 3187 sed
2674 3132 2759 3186 cui
2802 3131 3008 3186 modica
3042 3131 3191 3185 utilia
3222 3145 3330 3184 non
3359 3129 3476 3184 sui-

1842 3267 1845 3271 .
1882 3227 2087 3295 licium,
2121 3242 2220 3281 nec
2262 3225 2488 3296 plurima
2514 3224 2825 3295 proderunt.
2858 3224 3009 3277 Absit
3034 3238 3063 3277 a
3090 3221 3324 3277 ﬁdelium
3348 3237 3476 3276 cor-

1882 3327 2056 3391 dibus,
2092 3333 2149 3380 ut
2175 3324 2272 3379 ista
2306 3323 2596 3379 carnaliter
2626 3320 3013 3387 intel‘igentes,
3056 3331 3087 3370 a
3126 3316 3250 3370 sinu
3282 3315 3469 3369 matris

1884 3420 2137 3477 Ecclesia:
2160 3419 2461 3485 discedant,
2489 3426 2545 3473 et
2566 3432 2625 3473 se
2653 3431 2773 3472 cum
2797 3413 2977 3470 taliter
2998 3409 3342 3468 credentibus
3364 3419 3465 3478 ge-

1884 3515 2076 3570 hennae
2097 3510 2309 3579 ignibus
2339 3509 2575 3565 tradant.

194 3846 3483 3910 Μ

2117 3873 3341 3884 ῤ-ῤ-Ϊηκ

1447 3983 1583 4024 ANNO
1612 3982 1816 4022 SECULI
1846 3982 1937 4021 νιιι
1967 3982 2217 4021 INCERTO.

767 4104 1008 4328 S.
1127 4093 2911 4328 ARCULFUS

980 4598 1157 4756 S.
1307 4588 2669 4753 ADAMANUS.

1089 4830 2567 4871 ψ

840 4975 1276 5057 ΝΟΤῘΤΙΑ
1338 4971 1885 5049 HIS'I‘ORICA
1944 4972 2048 5048 ΙΝ
2107 4974 2184 5047 S.
2254 4971 2833 5052 ARCULFUM.

1501 5182 1672 5243 (Ωινθ,
1697 5182 1824 5234 Hist.
1844 5182 1935 5233 nn.
1966 5196 2013 5245 ρ.
2038 5182 2173 5245 392.)

248 5381 529 5447 Arcull'us,
557 5379 714 5435 urbis
740 5374 1023 5446 cujusdam
1050 5374 1103 5429 in
1130 5372 1306 5429 Gallia
1332 5371 1638 5442 episcopus,
1671 5369 1784 5425 cla-
1813 5375 1867 5436 Ι)
1891 5369 1993 5425 lius
2015 5386 2112 5426 ore
2138 5382 2423 5443 exceptam
2455 5373 2905 5444 peregrinationis
2934 5373 3159 5445 hujusce
3194 5377 3476 5436 historiam

175 5479 287 5537 ruit
315 5474 445 5531 690.
480 5472 770 5541 Suscepto,
794 5467 1068 5538 religionis
1097 5480 1284 5534 causa,
1310 5465 1366 5519 in
1386 5462 1671 5519 Orientem
1696 5462 1782 5517 iti-

173 5586 335 5635 nere,
378 5583 447 5625 ac
492 5564 738 5622 lustratis
777 5563 909 5619 locis
938 5560 1161 5627 sanctis,
1193 5558 1511 5615 Damascum
1540 5572 1778 5628 quoque,

171 5658 739 5730 Constantinopolim,
792 5654 1175 5711 Alexandriam
1205 5652 1418 5722 aliaque
1465 5653 1583 5707 loca
1625 5650 1778 5718 adiit,

175 5774 243 5814 ac
271 5757 493 5813 demum
524 5755 580 5809 in
607 5750 839 5806 Galliam
872 5750 1120 5816 rediens,
1163 5749 1214 5803 vi
1236 5748 1573 5819 tempestatis
1605 5748 1656 5801 in
1685 5762 1779 5802 oc-

176 5849 473 5907 cidentalia
504 5844 797 5901 Britannia:
826 5843 1006 5899 littora
1034 5842 1262 5907 delatus,
1296 5849 1351 5896 et
1393 5841 1461 5909 ab
1495 5841 1771 5895 Adatnano

177 5952 379 6008 abbate
426 5948 633 6020 Βῖθηεὶ
665 5948 901 6012 hospitio
931 5948 1161 6009 benigne
1189 5951 1447 6007 exceptus
1477 5952 1578 5996 est.
1610 5940 1687 5992 Ab
1716 5940 1767 5991 ilv

1892 5471 1947 5516 et
1976 5464 2221 5520 locorum
2258 5477 2571 5523 sanctorum
2602 5468 3026 5540 descriptionem
3064 5469 3259 5529 litteris
3286 5474 3473 5530 consi-

1889 5558 2415 5628 gnavitAdamanus,
2434 5575 2547 5616 rem
2561 5560 2925 5618 voluminibus
2947 5563 3119 5617 tribus
3138 5562 3477 5633 complexus.

1890 5654 2116 5711 Exstant
2144 5657 2198 5710 lti
2228 5657 2349 5711 libri
2378 5655 2453 5711 De
2481 5659 2581 5711 situ
2610 5667 2763 5713 terra:
2781 5667 2980 5713 sancta
3000 5657 3263 5727 inscripti,
3286 5673 3316 5711 a
3337 5656 3469 5715 Ser~

1887 5749 2031 5803 rario
2059 5750 2189 5805 editi
2218 5748 2513 5820 lngolstadt
2540 5748 2699 5816 1619,
2729 5750 2922 5807 deinde
2950 5765 2980 5806 a
3001 5748 3312 5808 Mabillonio
3338 5766 3470 5809 saec.

1889 5840 2085 5897 Bened.
2117 5859 2193 5909 tu,
2223 5852 2373 5912 parte
2402 5859 2459 5908 tt,
2484 5860 2534 5914 p.
2566 5842 2685 5898 502.
