4194 6582
723 403 848 469 121

1908 417 2152 475 SANCTI
2194 419 2506 476 ADAMANI
2547 419 2837 479 ABBATIS

3909 429 4000 484 ἠδ

808 523 920 587 Sed
973 541 1030 586 et
1086 533 1187 589 hoc
1234 534 1494 590 lectorem
1545 535 1941 591 admonendum
1989 537 2314 606 putavimus,
2350 543 2394 600 Α
2423 541 2727 607 annotabit,
2773 543 2920 612 quod
2967 542 3188 598 minima
3231 542 3299 598 de
3340 543 3588 599 maximis
3634 559 3734 616 per
3783 547 3996 616 populos

744 625 889 693 quod
919 624 986 678 de
1016 625 1185 680 beata:
1224 629 1494 683 memoria:
1525 629 1666 696 viro,
1699 629 1853 698 plura
1881 628 2062 683 studio
2089 629 2328 684 brevita-

741 725 832 790 tis,
855 725 1014 779 etiam
1046 729 1316 781 memoria:
1342 728 1519 792 digna,
1545 745 1574 782 a
1597 728 1756 784 nobis
1778 739 1902 782 sunt
1925 730 2320 799 pneterrnissa;

739 827 798 876 et
823 820 974 888 quasi
1007 837 1172 889 pauca
1203 822 1270 876 de
1300 822 1564 893 plurimis,
1597 824 1667 878 ob
1697 823 2012 879 evitandum
2043 823 2316 881 fastidium

742 913 1028 978 lectorum,
1054 916 1160 970 sint
1189 929 1430 973 exarata.

811 1007 880 1063 Et
907 1011 1030 1079 hoc,
1065 1019 1121 1066 ut
1150 1014 1397 1078 arbitror,
1450 1013 1679 1084 quisque
1720 1014 1840 1071 hate
1887 1015 2124 1071 lecturus
2172 1014 2320 1072 forte

2431 632 2573 688 fama
2603 634 2671 690 de
2700 636 2894 690 eodem
2937 636 3094 692 beato
3128 637 3245 690 viro
3274 635 3544 705 divulgata
3576 636 3907 707 disperserit.
3935 639 3995 693 ad

2430 727 2623 784 horum
2655 744 2950 798 paucorum
2999 729 3482 798 comparationem,
3513 745 3636 802 quas
3665 745 3807 788 nunc
3838 731 3998 786 brevi-

2429 829 2513 876 ter
2557 837 2785 876 exarare
2835 821 3192 892 disponimus.
3245 821 3382 879 Ilinc
3429 833 3551 894 post
3600 825 3740 879 hanc
3790 826 3999 896 primam

2430 913 2893 986 praefatiunculam
2945 915 3012 970 de
3082 916 3252 969 nostri
3304 915 3585 970 vocamine
3633 918 3909 987 prmsulis,
3952 916 4001 971 iu

2429 1011 2656 1068 exordio
2678 1009 2950 1073 secunda),
2979 1009 3090 1063 Deo
3115 1007 3437 1075 auxiliante,
3463 1009 3715 1063 intimare
3739 1009 3999 1066 exordiar.

1781 1254 2073 1316 INCIPIT
2126 1251 2553 1314 [’IUEFATIO
2595 1252 2977 1315 SECUNDA.

813 1484 900 1538 Vir
927 1491 1046 1537 erat
1072 1483 1192 1535 vita:
1221 1480 1542 1537 venerabilis
1572 1487 1628 1534 et
1660 1480 1831 1534 beata:
1863 1483 2157 1548 memoria),
2196 1500 2315 1538 mo-
2355 1498 2397 1555 Β
2428 1485 2499 1538 ita
2532 1483 2600 1539 de
2629 1495 2818 1540 nostro
2858 1483 3253 1556 prophetizavit
3296 1493 3528 1556 patrono
3558 1486 3718 1542 sicuti
3760 1488 3914 1544 nobis
3940 1490 4003 1546 ab

737 1576 1092 1631 nastcriornm
1125 1583 1276 1644 pater
1305 1581 1358 1627 et
1387 1573 1675 1636 tundatur;
1709 1589 1830 1627 eum
1879 1574 2018 1629 Jona
2051 1579 2320 1647 propheta

734 1671 1120 1737 homonymum
1150 1666 1374 1720 sortitus
1410 1674 1490 1719 est
1531 1679 1748 1720 nomen.
1786 1665 1915 1718 Nam
1947 1666 2074 1720 licet
2102 1666 2323 1723 diverso

735 1765 897 1818 trium
956 1763 1292 1817 diversarum
1344 1776 1479 1813 sono
1529 1761 1862 1826 linguarum,
1920 1777 2078 1814 unam
2137 1769 2321 1816 tamen

737 1855 1093 1922 eamdemque
1117 1869 1232 1907 rem
1262 1853 1526 1920 signiliCaI
1549 1869 1561 1915 ;
1590 1852 1694 1906 hoc
1721 1850 1866 1921 quod
1893 1851 2158 1907 llcbraice
2184 1852 2322 1908 dici-

739 1957 827 2002 tur
872 1946 1034 2009 lana,
1066 1945 1322 1999 Grtctzitas
1374 1959 1500 1996 vero
1554 1954 1577 1978 υ
1625 1947 1936 2008 Νηπιὸτητα,
1987 1943 2320 2010 1²ειὶδιει·αηι,

738 2043 976 2104 vocitnt;
1009 2051 1059 2095 et
1088 2038 1277 2092 Latina
1313 2038 1491 2103 lingua
1529 2035 1775 2089 Columba
1801 2046 2160 2106 nuncupatur.

808 2133 938 2186 'I‘ale
969 2141 1284 2200 tantumque
1315 2128 1631 2182 vocabulum
1663 2127 1864 2180 homini
1917 2127 2030 2188 Dei,
2062 2144 2169 2181 non
2204 2127 2324 2182 sine

736 2231 920 2287 divina
953 2226 1297 2282 Providentia
1345 2227 1571 2280 irnliturn
1598 2240 1719 2280 esse
1767 2225 2062 2280 credimus.
2095 2224 2227 2279 Nam
2269 2231 2325 2279 et

729 2323 882 2394 juxta
931 2322 1343 2392 Evarrgeliorun
1398 2320 1554 2373 IItICIII
1613 2320 1846 2389 Spiritus
1889 2328 2112 2374 sanctus
2161 2333 2324 2386 Sttpel'

739 2417 1069 2487 unigenitum
1111 2414 1296 2467 retenti
1341 2410 1516 2465 Patris
1549 2411 1741 2464 Filium
1773 2411 2121 2465 descendisse
2171 2426 2320 2464 mon-

744 2517 950 2562 stratur
980 2507 1030 2559 in
1064 2503 1234 2559 forma
1264 2503 1409 2558 illius
1434 2503 1653 2556 avicula:
1676 2517 1795 2570 qum
1819 2501 2066 2556 columba
2099 2499 2319 2555 dicitur.

752 2599 900 2656 Unde
936 2597 1252 2668 plerumque
1283 2598 1331 2648 in
1363 2605 1720 2648 sacrosanctis
1753 2595 1901 2648 libris
1930 2595 2153 2663 mystice
2201 2595 2323 2664 δρία

739 2694 901 2748 ritnrrr
950 2702 1193 2747 sanctum
1236 2690 1538 2758 signiﬁcare
1579 2689 1931 2757 dignoscitur.
1985 2688 2218 2742 I’roinde
2264 2699 2321 2743 et

735 2785 984 2842 Salvator
1033 2785 1082 2837 in
1131 2781 1425 2852 Evangelio
1471 2784 1584 2835 suis
1633 2795 1725 2848 pra
1745 2781 1888 2848 cepit
1936 2779 2230 2848 discipulis,
2267 2786 2324 2834 tt

2435 1578 2674 1647 antiquis
2706 1577 2963 1632 traditum
2996 1577 3234 1646 expertis
3260 1585 3602 1656 compertum
3635 1579 3879 1636 habetur.

2511 1669 2942 1733 Ill'llOVlSSillliS,
2989 1669 3184 1738 inquit,
3231 1670 3565 1739 tetnprzribus
3613 1673 3819 1736 satculi,
3872 1674 4005 1733 ﬁlius

2426 1767 2737 1820 nasciturus
2784 1773 2889 1829 est,
2939 1763 3094 1832 cujus
3142 1778 3338 1818 nomen
3372 1762 3629 1820 Columba
3684 1783 3779 1836 per
3823 1784 4004 1825 omnes

2426 1859 2717 1913 insularum
2771 1856 2969 1912 Oceani
3023 1857 3329 1928 provincias
3374 1858 3735 1927 divulgabitur
3782 1873 4000 1931 notum;

2429 1951 2830 2018 novissimaque
2877 1949 3024 2004 orbis
3074 1959 3316 2020 tempora
3359 1950 3503 2006 clare
3553 1953 3857 2008 illustrabit.
3908 1956 4008 2013 Mei

2427 2049 2483 2096 et
2537 2041 2702 2111 ipsius
2767 2041 2996 2095 duorum
3061 2043 3512 2097 monasteriorum
3573 2045 3782 2112 agelluli
3850 2049 4001 2104 unius

2427 2133 2452 2172 δ
2477 2134 2758 2202 sepiscula:
2782 2134 3066 2188 intervallo
3089 2135 3602 2192 disternrinabuntur
3627 2155 3640 2190 :
3665 2138 3828 2194 homo
3856 2140 4007 2197 valde

2426 2225 2538 2281 Deo
2567 2229 2784 2289 clrarus.
2826 2238 2881 2282 et
2910 2230 3128 2296 grandis
3159 2246 3343 2283 coram
3373 2231 3491 2301 ipso
3529 2233 3730 2286 nieriti.

2503 2318 2670 2387 llujus
2703 2319 2866 2387 igitur
2893 2320 3066 2374 nostri
3105 2320 3383 2375 Columba:
3415 2322 3575 2376 vitam
3626 2333 3681 2378 et
3710 2339 3888 2380 mores
3916 2325 4012 2381 de-

2439 2413 2706 2476 scribens,
2741 2414 3005 2482 imprimis
3031 2418 3209 2469 brevis
3248 2418 3514 2471 sermonis
3543 2427 3712 2480 textu,
3747 2419 3797 2472 in
3847 2435 4014 2487 quan-

2427 2514 2540 2558 tum
2572 2506 2793 2559 valuero
2817 2545 2832 2570 ,
2868 2507 3094 2560 strictim
3137 2509 3618 2578 comprehendam,
3650 2519 3705 2565 et
3749 2522 3872 2567 ante
3903 2515 4013 2571 lec-

2429 2597 2562 2651 toris
2601 2597 2789 2651 oculos
2840 2607 3086 2652 sanctam
3117 2599 3235 2668 ejus
3283 2604 3759 2659 conversationem
3811 2607 4014 2674 pariter

2427 2702 2716 2755 exponam.
2789 2689 2893 2745 Sed
2967 2699 3022 2743 et
3077 2690 3144 2745 de
3203 2693 3478 2748 miraculis
3547 2695 3662 2764 ejus
3735 2698 4013 2755 succincte

2427 2781 2667 2848 quaedam
2721 2781 2872 2850 quasi
2920 2781 3242 2851 legentibus.
3290 2785 3445 2839 avide
3489 2789 3866 2855 pra-gustanda
3918 2805 4014 2858 po-

735 2875 1103 2931 columbarum
1132 2874 1184 2927 in
1225 2872 1387 2926 corde
1418 2888 1551 2940 puro
1597 2872 1855 2925 inscr-tam
1902 2871 2308 2939 simplicitatem
2347 2888 2393 2948 α
2428 2887 2595 2928 nam:
2648 2888 2767 2942 qua:
2822 2882 3004 2927 tamen
3062 2873 3284 2928 interius
3334 2891 3431 2943 per
3480 2886 3589 2932 tres
3635 2877 3802 2932 divisa
3851 2879 4016 2935 libros

736 2967 1098 3021 continerent.
1132 2964 1389 3018 Columba
1421 2964 1624 3016 etenim
1655 2971 1709 3016 et
1738 2962 1987 3030 simplex,
2019 2963 2307 3016 innocens-

734 3073 841 3128 q're
872 3060 1167 3126 nuncupari
1197 3057 1399 3114 debuit.
1431 3055 1522 3126 qui
1553 3056 1603 3108 in
1635 3070 1693 3108 se
1716 3053 2039 3109 coiumhinis
2069 3055 2314 3109 maribus

734 3149 956 3218 Spiritui
982 3158 1173 3204 sancto
1205 3149 1493 3218 lroSpitiurn
1542 3146 1767 3217 prmbuit
1797 3165 1809 3201 :
1846 3147 1930 3200 cui
1966 3146 2167 3200 nomini
2209 3161 2322 3202 non

735 3243 1185 3298 inconvenientcr
1217 3243 1464 3310 congruit
1512 3240 1664 3306 illud,
1707 3239 1852 3310 quod
1898 3238 1952 3293 in
2007 3239 2312 3294 Proverbiis

736 3337 995 3408 Scriptum
1025 3346 1109 3392 est
1140 3354 1153 3390 :
1188 3336 1380 3390 Melius
1407 3345 1484 3391 est
1514 3352 1699 3391 nomen
1731 3338 1922 3389 bonum
1950 3351 2103 3402 quam
2127 3333 2321 3388 divitias

734 3430 1115 3499 multh’rov.
1152 3446 1279 3492 xxii,
1317 3429 1392 3500 l).

807 3524 905 3579 llic
935 3526 1094 3592 igitur
1129 3534 1314 3579 noster
1342 3523 1536 3592 pracsul
1566 3537 1670 3576 non
1704 3523 1976 3576 immerito
2004 3537 2108 3576 non
2141 3522 2318 3576 solum

738 3632 768 3670 a
791 3617 974 3672 diebus
999 3617 1235 3671 infantiic
1273 3618 1378 3671 hoc
1402 3616 1685 3679 vocabulo,
1728 3616 1838 3670 Deo
1878 3615 2134 3682 donante,
2159 3615 2318 3670 ador-

737 3717 897 3764 natus
925 3711 1144 3778 proprio
1175 3711 1376 3764 ditatus
1397 3718 1513 3774 est;
1546 3709 1640 3762 serl
1667 3709 1830 3761 etiam
1864 3709 2151 3777 praemissis
2181 3708 2319 3762 mul-

737 3813 914 3856 torum
971 3796 1134 3872 cyclis
1185 3817 1448 3855 annorum
1481 3811 1607 3856 ante
1665 3816 1774 3855 sua:
1832 3802 2124 3855 nativitatis
2177 3801 2321 3856 diem

741 3894 951 3947 cuidam
973 3894 1168 3946 Christi
1209 3908 1240 3947 n
1267 3893 1388 3954 ititi,
1413 3893 1612 3962 Spiritu
1637 3881 1822 3946 sancto
1844 3893 2136 3961 revelantrr,
2165 3894 2319 3961 quasi

742 3981 885 4038 ﬁlios
911 3985 1346 4054 repromiSsionis
1377 3985 1604 4039 mirabili
1631 3985 2042 4055 prephetationc
2071 3986 2318 4039 nornina-

741 4085 826 4132 ιυε
861 4086 963 4132 εει.

812 4167 944 4221 Nam
977 4170 1189 4236 quidam
1241 4172 1542 4242 proselytus
1600 4172 1811 4239 Br'ilto,
1861 4173 2020 4227 homo
2076 4182 2316 4238 sanctus,

2428 2965 2640 3036 plenius
2697 2965 3133 3033 explicabuntur.
3186 2966 3426 3032 Quorum
3478 2969 3682 3038 primus
3739 2971 4016 3039 propheti-

2425 3070 2516 3111 cas
2566 3055 2969 3122 revrlationes;
3022 3058 3294 3112 secundus
3349 3073 3480 3114 vero
3529 3060 3738 3114 divinas
3793 3075 3889 3128 per
3937 3061 4015 3131 ip-

2431 3163 2550 3202 sum
2609 3148 2840 3202 virtutes
2899 3146 3160 3208 elTectas;
3212 3150 3401 3204 tertius
3462 3152 3731 3220 angelicas
3797 3155 4014 3222 appari-

2426 3241 2601 3295 tiorres
2655 3241 2997 3307 continebit,
3059 3251 3114 3295 et
3181 3246 3441 3310 quasdam
3498 3260 3661 3314 super
3737 3245 4015 3302 hominem

2429 3333 2523 3389 Dei
2570 3333 2810 3388 cmlestis
2840 3333 3178 3390 claritudinis
3207 3335 3690 3392 manifestationes.

2494 3425 2665 3488 Nemo
2694 3427 2878 3497 itaque
2930 3442 3019 3483 me
3068 3429 3135 3482 de
3180 3428 3284 3483 hoc
3331 3437 3440 3483 tam
3485 3430 3812 3499 prmdicahili
3871 3431 4012 3498 viro,

2423 3526 2520 3571 aut
2571 3518 2860 3574 mentitum
2929 3519 3162 3574 aestimet
3194 3559 3209 3582 ,
3266 3529 3358 3574 aut
3414 3522 3568 3590 quasi
3612 3524 3861 3592 quasdam
3909 3523 4014 3580 du-

2423 3609 2508 3665 bia
2556 3612 2637 3666 vel
2683 3611 2889 3666 incerta
2945 3613 3320 3682 scripturum;
3380 3614 3476 3668 sed
3543 3629 3609 3669 ea
3655 3631 3775 3684 qux
3836 3615 4014 3685 majo-

2424 3719 2567 3768 rum,
2625 3700 2971 3774 ﬁdeliumque
3007 3704 3264 3770 virorum,
3296 3705 3494 3758 tradita
3523 3716 3878 3775 expertarum
3919 3722 4014 3762 co-

2421 3795 2581 3866 gnovi
2639 3796 2904 3850 relatione
2933 3796 3310 3862 narrantiuin;
3354 3806 3406 3850 et
3433 3796 3548 3852 sine
3595 3797 3702 3852 ulla
3748 3798 4012 3867 ambigui-

2426 3898 2536 3944 tate
2577 3900 2599 3928 ε
2637 3898 3052 3944 carraxaturum
3081 3890 3233 3944 sciat.
3277 3887 3345 3943 Et
3377 3889 3458 3944 vel
3487 3905 3554 3945 ex
3592 3889 3693 3954 bis,
3735 3904 3859 3958 qua:
3888 3900 4013 3947 ante

2422 3996 2523 4036 nos
2550 3981 2750 4035 inserta
2801 3996 2903 4051 pag
2930 3981 3011 4035 nis
3041 3980 3282 4050 reperire
3329 3981 3642 4049 potuimus;
3676 3989 3735 4034 ut
3773 3996 3841 4035 ex
3885 3982 3970 4036 bis
3994 4022 4012 4047 ,

2421 4090 2541 4144 qua:
2571 4074 2747 4128 audivi
2806 4075 2872 4127 ab
2914 4074 3151 4142 expertis
3191 4071 3506 4142 quibusdam
3560 4072 3828 4138 lirielibus,
3864 4074 4012 4127 anti-

2423 4170 2558 4238 quis,
2613 4167 2730 4223 sine
2783 4166 2890 4221 ulla
2920 4166 3258 4222 dubitatione
3293 4166 3661 4235 narrantibus,
3691 4166 4016 4236 diligentius

748 4263 917 4316 sancti
943 4259 1157 4321 Pall'ItII
1181 4265 1418 4334 episcopi
1443 4264 1754 4334 discipuIUs,
1778 4265 2052 4321 Mavetcus
2077 4267 2312 4333 tronrine,
2345 4258 2396 4320 Β
2423 4263 2763 4320 sciscitantes
2803 4260 3107 4316 didicimus.

812 4403 833 4474 j’
872 4399 1021 4474 μεθ
1054 4404 1374 4474 περιστερὰν.

813 4468 834 4502 ί
868 4467 977 4524 Pro
1003 4467 1266 4538 sapit-alae.

816 4549 837 4576 σε
883 4539 941 4596 lo
965 4555 1070 4608 est,
1093 4545 1512 4614 tiCSCl'iplﬂl'unl,
1533 4545 1609 4600 sic
1631 4545 1963 4613 Alribelrnus,
1998 4560 2160 4616 quem
2194 4562 2320 4602 mox

1573 4830 2077 4908 lNCli’l'l‘

2427 4403 2792 4472 subjiciemus,
2844 4401 2912 4457 de
2941 4402 3259 4469 Virginitate
3300 4417 3349 4456 c.
3385 4401 3473 4466 10,
3506 4401 3661 4459 ﬂexis
3700 4403 4017 4462 litterarum

2426 4475 2670 4598 apicibus
2736 4474 2792 4529 in
2841 4476 3120 4544 quadrata,
3183 4474 3392 4545 parietis
3461 4475 3655 4545 pagina
3710 4483 4017 4534 car-asotia.

2471 4559 2587 4601 asa.

2173 4825 2542 4903 LIBER
2633 4825 3164 4918 PRIMUS,

1799 4987 1877 5036 DE
1915 4983 2327 5034 I’litil'llE'I‘lCIS
2362 4980 2926 5032 BEVELA'I‘IONIBUS.

807 5180 843 5234 Ι.
868 5179 1094 5234 Sanctus
1117 5179 1273 5246 igitur
1305 5178 1562 5233 Columba
1596 5180 1863 5233 nobilibus
1916 5183 2086 5232 fuerat
2117 5179 2304 5235 oriun-

737 5272 840 5330 dus
863 5273 1201 5342 genitalibus.
1248 5281 1452 5340 patrem
1497 5271 1698 5325 habens
1733 5271 1934 5325 Fedilin
1961 5281 2093 5335 turn,
2139 5273 2304 5325 lilium

737 5361 994 5433 Ferguso,
1043 5373 1267 5417 matrem
1317 5361 1601 5417 AEtlmearn
1643 5365 1903 5418 nomine:
1951 5366 2099 5431 cujns
2158 5375 2308 5433 pater

734 5458 900 5510 latine
937 5455 1101 5510 Filius
1145 5455 1303 5508 Navis
1347 5456 1450 5509 dici
1494 5465 1691 5524 potest,
1732 5457 1938 5512 Scotic:r
1977 5473 2102 5512 vero
2132 5459 2305 5527 lngua

733 5549 1010 5614 Magnavc.
1040 5550 1132 5602 llic
1157 5564 1295 5600 anno
1317 5551 1546 5602 secundo
1571 5557 1690 5617 post
1714 5550 2068 5602 (Iulerlrbrine
2090 5551 2308 5616 bellum,

737 5644 907 5696 relatis
946 5657 1072 5696 vero
1130 5657 1236 5692 sua:
1278 5640 1436 5705 .i'lnlc
1477 5640 1657 5696 Seotiu
1705 5641 1768 5693 ad
1810 5641 2138 5694 Britanniam
2205 5658 2300 5710 pro

735 5735 949 5788 Christo
988 5734 1313 5805 peregrinari
1359 5734 1539 5786 volens
1595 5735 1912 5801 enavigavit.
1956 5731 2050 5798 Qui
2084 5732 2241 5785 etiam
2273 5749 2302 5786 λ

739 5841 903 5894 puero
932 5825 1144 5879 deditus
1172 5826 1473 5878 Christiano
1505 5827 1785 5896 tyrocinio,
1819 5834 1870 5879 et
1899 5825 2169 5890 sapientize
2191 5834 2305 5878 stu-

735 5916 858 5982 diis,
895 5908 1250 5987 integritatem
1290 5921 1528 5987 corporis
1559 5934 1610 5972 et
1639 5921 1827 5974 animis
1851 5922 2153 5983 pravitatem,
2193 5920 2300 5972 Deo

2414 5176 2667 5240 donante,
2684 5174 3021 5240 custodiens;
3037 5174 3282 5244 quamvis
3299 5175 3350 5227 in
3364 5181 3504 5228 terra
3519 5171 3752 5243 positus,
3765 5172 4021 5232 celesti-

2415 5270 2514 5324 bus
2542 5285 2601 5324 se
2622 5277 2805 5338 aptum
2835 5267 3073 5323 moribus
3097 5266 3432 5322 ostendebat.
3455 5263 3582 5320 Erat
3603 5265 3750 5322 enim
3773 5277 4019 5338 aspectu

2417 5362 2725 5428 angelicus;
2762 5375 3012 5416 sermone
3053 5359 3281 5425 nitidus;
3312 5373 3474 5428 opere
3503 5366 3756 5421 sanctus;
3783 5359 4017 5429 ingenio

2418 5457 2695 5524 optimus;
2737 5455 2965 5509 consilio
2995 5469 3238 5522 magnus;
3263 5469 3358 5523 per
3402 5468 3572 5507 annos
3605 5450 3678 5506 δι
3721 5453 4021 5509 insulanus

2419 5551 2571 5604 miles
2620 5557 2702 5602 est
2729 5557 2992 5603 versatus.
3040 5547 3249 5602 Nullum
3274 5547 3434 5601 etiam
3466 5548 3625 5602 unius
3646 5546 3800 5602 hom
3841 5548 4022 5601 inter-

2414 5640 2609 5691 vallum
2644 5638 2870 5692 transire
2921 5647 3150 5706 poterat,
3184 5653 3291 5707 quo
3319 5654 3424 5692 non
3452 5646 3546 5691 aut
3599 5639 3863 5700 orationi,
3919 5647 4022 5693 aut

2413 5731 2650 5794 lectioni,
2679 5729 2758 5785 vel
2791 5745 2880 5784 scr
2903 5730 3068 5799 ptioni
3093 5769 3106 5792 ,
3161 5729 3244 5782 vel
3275 5730 3434 5782 etiam
3486 5729 3646 5782 alicui
3693 5730 4020 5798 Operationi

2413 5825 2769 5878 incumberet.
2794 5823 3190 5892 Jejunationum
3208 5839 3422 5893 quoque
3441 5833 3497 5879 et
3517 5824 3826 5891 vigiliarum
3851 5826 4022 5882 inde-

2419 5918 2587 5974 fessus
2610 5917 3052 5983 laborationibus,
3075 5919 3190 5972 sine
3203 5917 3308 5971 ulla
3332 5915 3737 5974 intermissione
3760 5917 3854 5974 diu
3877 5933 4021 5974 ηοε-
