4194 6546
193 432 294 488 729

1307 427 1397 484 DE
1436 427 1603 485 VITA
1644 426 1705 486 S.
1751 421 2102 482 COLUMBIE
2139 424 2269 480 LIB.
2312 424 2352 480 Ι.

3388 422 3494 480 780

193 555 365 617 tuque
399 552 717 615 occupatus,
782 542 854 597 ita
900 548 958 596 ut
1009 555 1170 611 supra
1212 540 1502 596 humanam
1560 539 1793 611 possibi-
1821 546 1873 607 Α
1900 538 2043 593 hunc
2090 552 2209 593 esse
2262 538 2438 593 virum
2487 549 2861 606 cognoscens,
2893 534 2962 591 de
3007 549 3120 607 quo
3166 535 3372 606 pridem
3393 535 3494 592 ali-

192 640 401 696 litatem
449 636 871 705 uniuscujusque
900 634 1112 706 pondus
1143 635 1395 707 specialis
1426 635 1608 704 operis
1638 632 1793 689 vide-

190 750 235 789 r.
256 743 365 787 tur.
405 734 469 788 lit
519 733 665 787 inter
694 731 809 786 tunc
858 729 1108 785 omnibus
1136 728 1356 795 charus,
1390 728 1615 783 hilarem
1646 742 1792 782 sem-

192 842 291 898 per
320 827 514 881 faciem
544 824 850 889 ostcndens,
885 833 1196 878 sanctorum
1253 821 1435 894 specie
1474 821 1645 876 sancti
1667 820 1793 891 Spi-

188 922 327 976 ritus
350 918 550 989 gaudio
579 920 632 973 in
684 916 887 972 intimis
918 915 1289 970 lmtilicabatur
1317 912 1648 985 przeeordiis.

261 1012 325 1067 ll.
379 1015 612 1069 Sanctus
660 1010 946 1068 Fintenus.
979 1011 1069 1079 qui
1114 1018 1303 1079 postea
1365 1024 1461 1079 per
1512 1008 1793 1062 universas

189 1109 484 1163 Scotorum
532 1106 807 1160 Ecclesias
857 1104 1012 1158 valde
1063 1102 1340 1158 noscibilis
1397 1101 1614 1156 habitus
1688 1108 1790 1167 est,

189 1218 217 1257 a
266 1201 462 1272 puerili
512 1209 674 1254 astate
726 1199 1090 1266 integritatem
1123 1198 1301 1252 carnis
1346 1205 1399 1251 et
1430 1195 1641 1261 animm,
1678 1195 1791 1249 Deo

187 1292 504 1360 adjuvante,
558 1290 891 1354 custodiens,
950 1289 1142 1343 studiis
1173 1288 1526 1344 dialectiealis
1569 1285 1792 1356 sophias

187 1385 435 1450 deditus,
469 1385 575 1439 hoc
605 1384 939 1453 propositum
970 1383 1018 1436 in
1052 1382 1207 1436 annis
1230 1380 1531 1450 juventutis
1559 1393 1790 1434 conver-

187 1489 335 1533 satus
370 1480 420 1531 in
455 1477 620 1532 corde
648 1475 853 1539 habuit,
882 1483 939 1529 ut
963 1483 1207 1530 nostrum
1238 1483 1478 1527 sanctum
1514 1484 1535 1508 δ’
1569 1472 1787 1527 Coimu-

184 1570 331 1636 bam,
358 1568 675 1624 Hiberniam
708 1567 985 1631 dvsereus,
1022 1566 1460 1633 pe:egrinaturus
1487 1565 1682 1618 adiret.

257 1663 464 1718 Eodem
514 1673 751 1718 testuans
796 1662 1064 1717 desiderio
1094 1660 1159 1713 ad
1189 1660 1477 1729 quemdam
1508 1659 1655 1712 vadit
1704 1673 1789 1713 sc-

188 1761 401 1814 niorem
434 1759 537 1814 sibi
585 1760 840 1825 amicum,
900 1757 953 1810 in
981 1772 1076 1810 sua
1106 1765 1266 1824 gente
1288 1754 1786 1824 prudentissimum,

183 1853 669 1921 venerandumque
718 1851 997 1915 clericum,
1056 1850 1145 1919 qui
1185 1849 1400 1904 Scotice
1448 1849 1787 1903 vocitabatur

1898 631 2113 703 quando
2141 642 2358 688 sanctus
2383 630 2642 686 Columba
2668 630 2984 702 prophetica
3006 629 3330 687 vaticinatus
3358 638 3441 686 cst
3471 649 3485 689 :

1903 746 1923 778 ι
1958 726 2193 793 Gratias,
2224 726 2314 790 ait,
2358 727 2468 781 Deo
2499 740 2621 781 meo
2660 739 2821 794 agere
2848 725 3022 781 debeo
3054 727 3270 797 quidem
3300 726 3352 782 in
3396 734 3489 781 tuo

1896 819 2151 884 adventu,
2183 818 2297 873 lilii.
2348 819 2451 873 Sed
2494 828 2548 875 et
2595 819 2700 874 hoc
2746 818 3113 875 indubitanter
3142 819 3303 888 scito,
3343 820 3489 892 quod

1895 921 2080 968 noster
2108 912 2406 968 monachus
2435 929 2537 967 non
2578 912 2699 968 eris.
2744 932 2762 964 ι

1968 1004 2083 1059 Hoc
2131 1004 2355 1059 audiens
2384 1004 2540 1058 valde
2587 1006 2936 1059 contristatus
2983 1003 3143 1059 iniit:
3184 1025 3202 1058 ι
3238 1005 3487 1063 Forsitan

1894 1115 1995 1168 ego
2049 1099 2294 1167 indignus
2349 1108 2468 1153 tuus
2515 1116 2621 1154 non
2682 1115 2896 1155 mereor
2944 1100 3059 1156 fieri
3107 1101 3428 1157 monachus.
3466 1121 3485 1155 ι

1895 1191 1933 1248 S
1958 1192 2089 1248 -nior
2117 1204 2512 1263 consequenter
2541 1194 2753 1263 inquit:
2803 1212 2821 1245 ι
2859 1192 2974 1248 Non
3005 1193 3183 1265 quod,
3229 1202 3289 1249 ut
3327 1194 3490 1264 dicis,

1894 1289 2144 1357 indignus
2175 1305 2345 1357 esses,
2379 1290 2481 1344 hoc
2511 1289 2650 1355 dixi;
2691 1289 2784 1345 sed
2815 1290 3063 1358 quamvis
3089 1288 3400 1346 maluissem
3439 1300 3494 1346 te

1894 1383 2033 1453 apud
2064 1398 2151 1438 me
2179 1383 2433 1449 retinere,
2461 1383 2769 1437 mandatum
2797 1390 2978 1436 tamen
3005 1382 3180 1437 sancti
3211 1382 3491 1439 Columba:

1893 1477 1997 1530 mei
2055 1475 2353 1531 defensoris
2407 1476 2693 1547 profanare
2746 1490 2850 1530 non
2897 1490 3138 1544 possunt,
3199 1490 3298 1545 per
3320 1490 3482 1544 quem

1894 1570 2125 1640 Spiritus
2162 1580 2380 1625 sanctus
2410 1570 2476 1623 de
2506 1579 2556 1623 te
2586 1569 2945 1639 prophetavit.
2980 1567 3203 1637 Aliaque
3236 1568 3323 1623 die
3352 1567 3485 1621 mihi

1893 1661 1995 1716 soli
2038 1676 2280 1715 seorsum
2333 1660 2652 1731 prephetico
2700 1661 2779 1715 sic
2822 1659 3063 1731 profatus
3090 1677 3184 1716 ore
3216 1663 3355 1716 inter
3384 1679 3491 1715 c:t‘-

1896 1761 2004 1807 tera
2040 1753 2210 1807 dixit:
2241 1753 2367 1809 limo
2409 1769 2549 1818 mea,
2592 1772 2625 1807 ο
2655 1754 2982 1818 Batthenee,
3034 1753 3293 1809 intentius
3318 1754 3489 1808 debes

1894 1842 2076 1898 audire
2106 1844 2267 1899 verba
2294 1862 2309 1912 ;
2361 1847 2541 1899 statim
2575 1860 2804 1914 namque
2830 1852 2953 1916 post
2979 1860 3156 1900 meum
3187 1845 3255 1900 de
3286 1845 3389 1900 hoc
3418 1843 3486 1899 ad

186 1949 211 1986 ιε
238 1946 565 2011 Columbus,
600 1954 660 2000 ut
700 1946 766 1999 ab
790 1961 857 2000 eo
899 1944 1200 2014 prudentia:
1243 1944 1394 2012 quasi
1443 1942 1658 2010 aliquod
1687 1958 1787 1995 au-
1826 1932 1865 1990 Β
1895 1934 2167 1991 Christum
2199 1937 2395 1992 smculo
2423 1948 2816 2007 exspectatum,
2859 1945 2914 1992 et
2943 1937 3094 1992 valde
3120 1936 3485 1993 desideratum

187 2038 335 2094 diret
368 2038 685 2093 consilium.
716 2036 811 2092 Cui
844 2053 964 2092 cum
991 2052 1119 2091 suos
1151 2036 1284 2090 tales
1312 2036 1609 2089 deuudaret
1640 2035 1786 2103 cogi-

184 2140 350 2196 tatus,
372 2132 478 2186 hoc
508 2132 655 2185 abeo
691 2129 1271 2200 responsumaccepit:
1298 2147 1315 2179 ι
1341 2128 1536 2191 Tuum,
1558 2138 1617 2181 ut
1645 2128 1786 2182 aesti-

185 2241 295 2290 mo,
335 2225 476 2280 adeo
518 2223 838 2293 insliratum
885 2223 1250 2291 ἀρνυιιηησιιιο
1300 2221 1627 2276 desiderium
1671 2220 1790 2288 quis

181 2319 483 2387 prohibere
508 2328 707 2389 potest,
742 2335 809 2375 ne
831 2319 896 2374 ad
921 2326 1166 2374 sanctum
1194 2316 1511 2372 Columbam
1545 2325 1785 2370 transna-

182 2413 374 2479 vigare
399 2412 604 2466 debeas
624 2413 646 2463 Ἰ
677 2431 694 2463 ι

250 2503 459 2558 Eadem
494 2506 626 2558 hora
658 2519 785 2559 casu
816 2504 1111 2557 adveniunt
1145 2501 1251 2557 duo
1314 2501 1565 2556 monachi
1616 2500 1790 2555 sancti

185 2598 487 2663 Columbzc,
512 2599 602 2667 qui
632 2598 698 2652 de
729 2613 824 2651 sua
857 2596 1174 2663 interrogati
1204 2611 1269 2648 an
1294 2594 1591 2657 bulatio::e,
1625 2613 1641 2643 ι
1684 2591 1791 2645 Νη-

177 2709 298 2764 per,
333 2692 508 2757 aiunt,
542 2691 608 2746 de
638 2691 915 2746 Britanu'a
949 2733 963 2751 ,
1004 2692 1334 2760 remigantes
1363 2688 1521 2742 hodie
1553 2704 1581 2741 a
1609 2688 1789 2742 ltobo—

176 2793 299 2838 reto
332 2784 595 2837 venimus.
634 2801 759 2834 ›-‹
795 2781 1065 2851 Sospesue
1106 2792 1206 2844 est,
1236 2782 1310 2834 ait
1337 2780 1648 2840 (Tolumbus,
1672 2796 1790 2833 ves-

176 2884 261 2931 ter
292 2875 557 2930 (Inlumba
588 2885 805 2929 sanctus
831 2875 1025 2928 Pater?
1064 2894 1080 2926 ι
1118 2874 1219 2941 Qui
1263 2873 1417 2927 valde
1446 2873 1550 2926 illa:
1572 2873 1786 2943 rymati,

175 2982 301 3022 cum
337 2980 535 3034 magno
562 2967 815 3019 dixerunt
845 2980 1107 3020 inmrore:
1136 2964 1270 3019 Vere
1296 2964 1475 3017 salvus
1501 2972 1583 3016 est
1606 2972 1792 3017 noster

176 3058 267 3111 ille
292 3066 579 3127 patronus,
610 3056 698 3126 qui
724 3056 805 3110 his
824 3057 1011 3110 diebus
1036 3072 1207 3125 nuper
1230 3055 1481 3122 migravit
1503 3054 1568 3108 ad
1610 3053 1789 3107 Chris-

177 3151 539 3216 tum.Quibus
562 3149 757 3202 auditis
788 3148 1044 3202 Fmtenus
1076 3156 1132 3200 ct
1156 3146 1475 3212 Columbus,
1512 3155 1566 3201 et
1597 3160 1789 3201 omnes

174 3244 268 3311 qui
320 3242 518 3295 ibiiem
575 3241 830 3307 inerant,
888 3239 1172 3309 prostratis
1215 3238 1268 3292 in
1315 3245 1512 3291 terram
1557 3238 1791 3292 vultibus

178 3348 371 3387 amare
394 3334 616 3388 ﬂevere.
676 3331 933 3386 Fintenus
974 3339 1370 3399 consequenter
1414 3339 1785 3400 percontatur,

174 3426 369 3481 dicens
395 3444 406 3478 :
438 3444 455 3477 ι
487 3424 659 3491 Quem
691 3434 881 3494 postse
910 3438 1280 3478 successorem
1300 3422 1556 3490 reliquit?
1578 3448 1646 3459 —
1668 3420 1789 3474 Bat-

177 3520 465 3573 theneum.
487 3517 657 3580 aiunt,
688 3532 844 3570 suum
874 3516 1172 3569 alumnum.
1206 3512 1578 3583 Omnibusque
1603 3515 1789 3568 clami-

179 3609 451 3672 tantibus,
482 3606 714 3678 Dignam
737 3616 784 3660 et
816 3606 1075 3670 debitum;
1097 3604 1392 3659 Columbus
1415 3604 1480 3658 ad
1506 3605 1789 3660 Finteuutn

178 3702 257 3755 ait
286 3720 296 3754 :
347 3700 486 3767 Quid
516 3700 584 3753 ad
610 3700 744 3767 hare,
772 3700 1016 3765 Fintene,
1058 3699 1266 3754 facies?
1307 3698 1407 3766 Qui
1431 3699 1786 3769 respondens,
1821 3742 1829 3749 .

180 3796 261 3850 ait
289 3815 300 3849 :
344 3815 361 3847 ι
392 3795 450 3849 Si
477 3794 734 3848 Dominus
762 3794 1086 3862 permiserit,
1133 3794 1199 3847 ad
1222 3792 1580 3849 Battheueum
1614 3794 1791 3850 virum

179 3900 437 3944 santtum
490 3888 872 3959 etsapirntem
903 3888 1232 3957 enavigabo;
1294 3897 1349 3944 et
1397 3888 1439 3945 si
1480 3904 1567 3944 me
1604 3904 1790 3945 susce-

181 3984 351 4055 perit,
384 3983 561 4053 ipsum
595 3982 845 4037 abbatem
872 3982 1100 4037 liabtbo.
1143 4001 1161 4033 ›

258 4076 397 4130 Tum
453 4075 648 4130 deinde
692 4090 854 4145 supra
891 4084 1250 4130 memoratum
1275 4076 1595 4131 Columbum
1629 4091 1790 4132 oscu-

184 4170 348 4234 latus,
408 4177 465 4223 et
520 4168 849 4235 valediccns,
893 4169 1287 4237 navigationem
1338 4172 1691 4240 praeparabat,
1736 4179 1792 4226 et

182 4264 303 4318 sine
319 4264 429 4316 ulla
447 4262 656 4317 morula
675 4262 1285 4332 transnavigansJovam
1308 4263 1524 4319 devenit
1539 4265 1789 4319 insulam.

186 4355 255 4411 Et
318 4356 555 4412 necdum
640 4357 692 4411 in
765 4357 817 4412 id
881 4358 1142 4429 temporis
1190 4373 1360 4428 usque
1427 4374 1623 4414 nomen
1676 4359 1792 4428 ejus

188 4449 237 4502 in
287 4448 374 4503 his
434 4447 571 4502 locis
618 4458 735 4503 erat
764 4458 972 4504 notum.
1036 4448 1188 4505 Unde
1230 4457 1285 4504 et
1329 4450 1598 4519 imprimis
1637 4452 1791 4519 quasi

184 4541 411 4609 quidam
462 4539 680 4605 ignotus
722 4540 920 4611 hospes
944 4540 1286 4611 hospitaliter
1314 4550 1599 4610 susceptus
1628 4559 1642 4601 :
1686 4542 1790 4597 alia

1894 2029 2203 2094 transitum,
2246 2028 2464 2097 quidam
2496 2029 2563 2083 de
2603 2028 2787 2084 Scotia
2820 2027 3008 2093 frater,
3052 2028 3145 2098 qui
3172 2044 3316 2083 nunc
3341 2027 3482 2093 bene

1888 2121 2179 2190 juveniletu
2231 2122 2389 2177 bonis
2414 2122 2657 2177 moribus
2697 2137 2859 2191 agens
2887 2131 3125 2188 :ntatem,
3177 2138 3346 2178 sacra:
3376 2123 3486 2178 lec-

1895 2216 2058 2269 tionis
2080 2216 2212 2271 satis
2238 2216 2430 2270 studiis
2462 2216 2721 2281 imbutus,
2756 2218 2975 2273 nomine
3000 2216 3281 2281 Fintenus,
3313 2216 3383 2271 ad
3408 2226 3485 2284 te,

1893 2309 2131 2378 inquam,
2157 2311 2476 2381 perveniens
2498 2310 2772 2381 humiliter
2798 2309 3182 2380 expostulabit,
3213 2319 3271 2365 ut
3301 2310 3480 2381 ipsum

1898 2404 2197 2471 suscpiens
2278 2405 2417 2459 inter
2490 2414 2717 2460 cmteros
2776 2419 3109 2460 annumeres
3164 2404 3484 2460 monachos.

1891 2500 1998 2553 Sed
2031 2501 2134 2555 hoc
2174 2500 2222 2555 ei
2275 2501 2326 2554 in
2384 2500 2475 2555 Dei
2509 2501 2841 2570 pnescientia
2888 2499 3326 2572 praedestinatum
3373 2514 3481 2555 non

1893 2602 1997 2656 est,
2024 2602 2080 2646 ut
2106 2593 2221 2662 ipse
2251 2592 2475 2662 alicujus
2504 2593 2653 2647 lieret
2678 2592 2999 2659 monachus;
3052 2593 3145 2648 sed
3192 2600 3247 2647 et
3291 2606 3483 2647 mona-

1893 2686 2118 2740 chorur»
2143 2685 2328 2753 abbas,
2356 2694 2410 2739 et
2430 2686 2727 2739 animarum
2774 2685 2883 2739 dux
2912 2684 2976 2739 ad
3001 2685 3222 2741 caeleste
3255 2698 3482 2752 regnum

1892 2777 2019 2831 olim
2042 2776 2247 2831 clettus
2277 2792 2306 2830 a
2334 2777 2443 2831 Deo
2476 2789 2575 2831 ρει.
2603 2774 2938 2851 Nobis[Le;;e
2966 2775 3111 2847 Noli!
3132 2777 3314 2848 itaque
3338 2777 3481 2833 hunc

1892 2879 2247 2924 memoratum
2268 2870 2438 2924 virum
2464 2872 2515 2924 in
2545 2870 2626 2926 his
2649 2871 2848 2925 uestris
2885 2868 3027 2939 apud
3063 2877 3115 2923 te
3137 2870 3374 2923 retinere
3397 2868 3481 2923 in-

1892 2964 2044 3028 sulis,
2069 2980 2133 3017 ne
2170 2972 2225 3017 et
2249 2962 2340 3018 Dei
2372 2964 2635 3018 voluntati
2658 2965 2931 3019 contraire
2963 2962 3209 3018 videaris.
3235 2960 3341 3017 Sed
3369 2962 3484 3018 haec

1892 3057 1939 3109 ei
1974 3056 2222 3110 intimans
2248 3056 2429 3121 verba,
2463 3057 2528 3110 ad
2558 3056 2795 3112 Scotiam
2822 3058 2873 3110 in
2901 3072 3028 3124 pace
3051 3057 3317 3124 remittas,
3346 3067 3401 3111 ut
3428 3055 3485 3111 in

1894 3148 2275 3216 Laginenstum
2302 3149 2493 3204 vicinis
2536 3150 2666 3204 mari
2700 3148 2895 3206 ﬁnibus
2934 3151 3322 3205 monasterium
3351 3163 3487 3204 con-

1897 3250 2102 3307 struat;
2149 3252 2204 3298 et
2248 3244 2446 3298 ibidem
2501 3243 2698 3298 Christi
2737 3244 2915 3298 ovium
2955 3259 3183 3313 pascens
3243 3257 3484 3313 gregem,

1895 3335 2205 3390 innumeras
2225 3336 2292 3391 ad
2315 3337 2539 3406 patriam
2572 3336 2778 3391 animas
2803 3337 3076 3391 caelestem
3107 3338 3417 3407 perducat.»

1964 3425 2089 3482 Haec
2114 3428 2337 3483 audiens
2360 3438 2579 3484 sanctus
2604 3427 2806 3498 junior,
2835 3427 3051 3484 Christo
3074 3429 3337 3501 lacrymas
3361 3429 3488 3486 fun-

1894 3520 2045 3585 dens,
2061 3521 2402 3590 agitgratias,
2426 3522 2705 3590 inquiens:
2733 3520 3066 3578 «Secundum
3080 3522 3488 3579 sanctiColum—

1893 3611 1973 3666 ba:
2005 3631 2052 3680 pi
2068 3613 2369 3682 opheticam
2391 3613 2484 3668 liat
2499 3614 2695 3669 mihict
2711 3615 3007 3671 mirabilem
3024 3616 3435 3687 pmscientiam.
3458 3636 3480 3672 ι

1968 3704 2060 3758 His
2087 3706 2320 3776 denique
2352 3706 2527 3761 verbis
2557 3718 2869 3762 sanctorum
2903 3710 3315 3778 obtemperans,
3372 3717 3428 3764 et
3452 3724 3487 3766 ι

1895 3795 2197 3851 Battheneo
2227 3797 2500 3869 accipiens
2528 3799 2981 3864 benedictionem,
3013 3800 3064 3854 in
3098 3815 3231 3870 pace
3257 3799 3325 3855 ad
3350 3799 3491 3858 Sco-

1896 3893 2025 3944 tiam
2053 3892 2480 3962 transnavigavit

1968 3984 2049 4038 lll.
2094 3984 2216 4038 Alio
2266 3986 2319 4039 in
2365 3993 2608 4054 tempore
2633 3985 2716 4040 vir
2742 3985 2934 4042 beatus
2990 3986 3044 4041 in
3090 3986 3490 4043 mediterranea

1896 4078 2164 4135 Hibernia:
2210 4088 2362 4149 parte
2409 4080 2833 4146 monasterium,
2873 4080 3017 4150 quod
3047 4081 3261 4137 Scotice
3295 4080 3490 4138 dicitur

1898 4173 2177 4241 Dairmag,
2238 4172 2419 4228 divino
2450 4173 2679 4228 fundans
2707 4183 2863 4239 nutu,
2907 4191 3004 4245 per
3039 4176 3245 4246 aliquot
3301 4176 3487 4232 demo-

1898 4276 2044 4320 ratur
2076 4280 2307 4321 menses.
2362 4266 2541 4320 Libuit
2569 4267 2750 4321 animo
2781 4268 3000 4325 visitare
3036 4270 3263 4338 fratres,
3312 4273 3402 4340 qui
3437 4271 3491 4326 in

1896 4360 2110 4415 Cloensi
2139 4360 2323 4415 Sancti
2352 4358 2545 4415 Cerani
2573 4361 2823 4417 coenobio
2859 4364 3297 4419 commanebant.

1969 4451 2164 4506 Audito
2216 4452 2399 4522 itaque
2440 4452 2555 4521 ejus
2598 4469 2817 4509 accessu
2867 4456 3103 4511 universi
3156 4456 3395 4526 undique
3420 4458 3490 4515 ab

1896 4545 2136 4612 agellulis
2159 4546 2488 4599 monasterio
2514 4546 2733 4614 vitinis,
2781 4562 2902 4602 cum
2943 4547 3027 4603 his
3056 4548 3147 4618 qui
3174 4548 3370 4603 ibidem
3402 4550 3488 4604 iu-

188 4635 274 4689 die
322 4636 723 4689 internuntium
764 4635 830 4690 ad
862 4634 1219 4692 Battheueum
1274 4638 1456 4701 mittit,
1514 4637 1629 4706 ejus
1660 4639 1791 4693 allo-
1823 4673 1870 4735 υ
1899 4637 2045 4691 venti
2077 4647 2225 4703 sunt,
2273 4638 2606 4706 congregati,
2665 4654 2787 4693 cum
2818 4641 2963 4694 omni
3004 4641 3286 4697 alacritate
3333 4658 3490 4699 suum

186 4729 471 4781 cutionem
510 4724 646 4781 facie
669 4726 734 4781 ad
766 4726 956 4782 faciem
984 4727 1186 4782 habere
1217 4728 1422 4795 volens,
1454 4730 1544 4801 qui
1576 4739 1634 4784 ut
1677 4740 1793 4787 erat

188 4818 446 4881 affabilis,
497 4828 552 4871 et
596 4819 889 4887 peregrinis
940 4819 1267 4889 appetihilis,
1309 4819 1463 4888 jubet
1504 4822 1571 4875 ad
1621 4838 1679 4876 se
1704 4824 1793 4877 ad-

188 4911 334 4967 duci.
370 4910 475 4977 Qui
501 4912 686 4964 statim
718 4910 1002 4977 adductus,
1028 4912 1205 4981 primo
1237 4921 1296 4966 ut
1325 4913 1596 4981 veniebat,
1641 4915 1794 4971 ﬂexis

188 5006 424 5075 genibus
471 5004 526 5060 in
559 5013 756 5059 terram
793 5020 852 5059 se
881 5006 1191 5074 prostravit,
1220 5005 1472 5078 visusque
1504 5024 1533 5061 a
1579 5010 1795 5065 seniore

188 5109 384 5153 sancto
415 5097 618 5165 surgit;
652 5106 707 5151 et
735 5096 977 5154 residens
1006 5098 1372 5166 interrogatur
1410 5114 1439 5153 a
1466 5100 1791 5171 Dattheneo,

190 5190 371 5245 adhuc
416 5189 588 5245 inscio
636 5189 704 5245 de
734 5200 893 5259 gente
940 5198 996 5244 et
1053 5190 1356 5260 provincia,
1383 5194 1711 5263 nomineque
1735 5204 1793 5249 et

190 5286 639 5347 conversatione.
683 5296 737 5342 et
764 5302 862 5357 pro
891 5302 996 5356 qua
1022 5303 1183 5343 causa
1206 5286 1387 5342 inierit
1437 5287 1795 5355 navigationis

194 5375 461 5430 laborem.
514 5373 616 5440 Qui
676 5376 748 5429 ita
801 5376 1163 5444 interrogatus
1193 5377 1371 5431 omnia
1412 5390 1510 5447 per
1550 5376 1794 5433 ordinem

192 5484 481 5537 enarrans,
509 5478 567 5524 ut
588 5470 974 5541 susciperetur,
1008 5471 1280 5526 humiliter
1310 5472 1636 5541 expostulat.

264 5562 365 5617 Cui
388 5572 633 5628 sanctus,
657 5562 840 5617 senior
862 5563 945 5618 his
969 5563 1036 5619 ab
1056 5562 1269 5634 hospite
1292 5563 1510 5630 auditis,
1529 5564 1797 5635 simulque

265 5750 288 5777 ⁸
342 5742 427 5796 Ab
466 5741 591 5797 aliis
644 5738 999 5796 Columbanus
1038 5743 1243 5797 dicitur.
1278 5742 1507 5797 Μία-ιιι.

263 5813 290 5852 b
328 5818 586 5868 liiversuis
617 5813 778 5882 plane
821 5828 851 5866 a
884 5813 1141 5868 Columba
1175 5826 1358 5869 nostro
1390 5816 1485 5870 fuit
1527 5826 1579 5870 et
1609 5818 1747 5873 alter
1777 5839 1791 5875 :

195 5886 399 5957 primus
418 5890 615 5939 doctor
639 5883 764 5939 lidei
794 5885 1109 5940 Christiana:
1139 5886 1600 5943 Transmontanus
1632 5886 1795 5947 Pictis

191 5958 258 6013 ad
284 5957 614 6028 Aquilonem
662 5957 976 6026 primusque
1014 5958 1263 6013 fundator
1307 5961 1619 6016 monasterii
1649 5962 1795 6029 quod

1896 4742 2291 4801 consequentes
2337 4731 2587 4786 abbatem
2618 4731 2943 4801 Alitherum,
2978 4736 3127 4803 quasi
3158 4735 3351 4803 angelo
3385 4735 3490 4792 Do-

1898 4824 2025 4878 mini
2073 4824 2287 4879 obviam
2332 4825 2534 4890 egressi
2564 4825 2760 4879 vallum
2809 4827 3160 4895 inutiasterii,
3209 4829 3489 4884 unanimes

1897 4922 2142 4985 pergunt,
2196 4914 2596 4984 lmmiliatisque
2649 4918 2700 4968 in
2732 4923 2933 4970 terram
2966 4916 3219 4982 vultibus,
3252 4932 3320 4974 eo
3346 4918 3488 4988 viso,

1897 5022 2018 5063 cum
2064 5008 2210 5061 omni
2238 5006 2541 5061 reverentia
2588 5008 2931 5063 exosculatus
2966 5015 3050 5063 est
3076 5008 3144 5064 ab
3166 5009 3282 5077 eis;
3334 5010 3488 5081 bym-

1898 5101 2086 5170 nisque
2128 5108 2184 5155 et
2213 5101 2460 5156 laudibus
2494 5109 2833 5166 resonantes,
2880 5100 3182 5157 honoriﬁce
3210 5102 3276 5155 ad
3308 5104 3490 5160 eccle-

1897 5197 2031 5251 siam
2062 5196 2458 5266 perdueebant;
2516 5194 2913 5265 quamdamque
2943 5196 3013 5251 de
3065 5196 3224 5265 lignis
3255 5198 3488 5269 pyrami-

1898 5289 2020 5345 dem
2052 5303 2178 5358 erga
2221 5297 2467 5344 sanctum
2519 5288 2956 5344 deambulanlem
2995 5291 3429 5359 constringentes
3458 5306 3491 5347 a

1898 5393 2129 5453 quatuor
2174 5382 2306 5438 viris
2347 5396 2500 5451 teque
2552 5380 2951 5437 ambulantibus
2993 5384 3302 5452 supportari
3350 5383 3489 5441 feceo

1898 5484 2059 5531 runt:
2095 5491 2165 5531 ne
2184 5476 2434 5531 videlicet
2470 5486 2689 5533 sanctus
2728 5476 2912 5532 senior
2940 5475 3203 5534 Columba
3246 5478 3491 5555 ejusdem

1899 5566 2122 5624 fratrum
2144 5568 2500 5625 multitudinis
2526 5570 2923 5641 constipatione
2948 5571 3354 5638 molestaretur.

1902 5747 1954 5800 in
2004 5745 2100 5826 Hi9
2156 5744 2332 5801 insula
2370 5746 2557 5826 multis
2628 5746 2721 5826 diu
2761 5745 3055 5826 §comrum
3113 5753 3493 5826 Pictorumque

1900 5818 2116 5887 populis
2164 5819 2475 5897 venerabile
2509 5820 2722 5897 mansit.
2762 5819 2861 5883 llic
2908 5828 3175 5897 VideliCOti
3205 5818 3491 5897 Columba,

1901 5905 2043 5943 nunc
2086 5903 2117 5943 a
2172 5890 2444 5944 nonnullis
2475 5891 2782 5960 composito
2826 5916 2855 5953 a
2897 5899 3032 5956 cella
3064 5908 3118 5954 et
3151 5890 3494 5954 Columbarid

1901 5960 2118 6019 nomine
2139 5961 2455 6018 Columcelli
2485 5970 2735 6031 vocatur.
2764 5972 2925 6029 Beda.
2960 5987 3031 6039 tv,
3061 5985 3181 6044 cap.
3211 5970 3305 6026 10.
3330 5969 3492 6029 Bue.
