4194 6586
746 421 843 478 731

1927 423 2171 480 SANCTI
2213 419 2521 479 ΔΒΑΜΑΝΙ
2561 424 2850 484 ABBATIS

3914 435 4008 492 752

812 535 1016 595 Eadem
1042 538 1177 596 hora
1195 538 1419 612 quidam
1461 539 1617 597 valde
1641 540 1924 612 despectus
1951 541 2100 598 vultu
2135 551 2191 598 et
2220 541 2319 597 ha-
2346 541 2398 599 Δ
2498 539 2566 596 Et
2611 556 2736 599 ecce
2782 541 2969 600 eadem
2998 543 3086 600 die
3129 546 3440 616 aliquandiu
3470 562 3499 601 a
3529 548 3786 604 fratribus
3816 565 4005 622 expec-

742 632 874 699 bitu,
913 649 1050 705 puer
1077 632 1370 702 familiaris,
1411 643 1468 690 et
1489 635 1715 692 necdum
1746 636 2048 692 senioribus
2076 637 2320 708 placens,

741 737 890 782 retro
946 729 999 783 in
1047 738 1305 800 quantum
1331 730 1519 797 viluit,
1559 745 1619 786 se
1663 731 1936 786 occultans
1962 733 2216 800 accessit;
2265 742 2325 788 ut

737 823 990 880 videlicet
1042 824 1123 879 vel
1180 824 1320 879 illius
1385 825 1672 895 amphibali
1726 826 2024 893 fimbriam,
2085 843 2194 897 quo
2243 827 2324 882 vir

736 913 928 970 beatus
969 916 1306 982 induebatur,
1344 917 1556 972 occulte
1597 925 1671 983 et,
1722 918 1766 973 si
1799 918 1911 973 fieri
1955 930 2154 990 posset,
2204 922 2320 992 ipso

733 1008 1009 1063 nesciente
1037 1017 1093 1064 et
1118 1025 1224 1065 non
1255 1009 1539 1074 sentiente,
1573 1018 1842 1079 tangeret;
1885 1011 1974 1065 sed
2009 1014 2111 1067 hoc
2139 1023 2318 1068 tamen

732 1108 977 1156 sanctum
1027 1117 1134 1158 non
1180 1101 1354 1157 latuit.
1405 1102 1538 1158 Nam
1579 1103 1723 1172 quod
1752 1105 2122 1172 corporalibus
2151 1108 2320 1165 oculis

733 1200 880 1248 retro
902 1208 960 1248 se
987 1201 1167 1249 actum
1197 1194 1391 1249 intueri
1418 1211 1521 1249 non
1552 1199 1743 1265 potuit,
1783 1197 2150 1266 spiritualibns
2192 1215 2312 1269 per-

733 1287 924 1356 spexit.
981 1283 1133 1341 Unde
1188 1286 1369 1342 subito
1411 1287 1640 1353 restitit,
1690 1298 1749 1344 et
1789 1300 1904 1357 post
1938 1305 1997 1345 se
2019 1291 2316 1346 extendens

731 1397 970 1446 manum,
1027 1382 1292 1437 cervicem
1349 1383 1501 1452 pueri
1551 1391 1720 1450 tenet,
1771 1385 2054 1454 ipsumque
2101 1385 2317 1442 trahens

732 1484 858 1530 ante
887 1475 1076 1530 faciem
1124 1491 1276 1529 suam
1313 1475 1522 1539 statuit,
1570 1477 1944 1544 omnibusque,
1998 1478 2087 1546 qui
2122 1479 2316 1534 ibilem

732 1569 950 1624 circiter
974 1568 1249 1631 astabant,
1279 1568 1582 1624 dicentibus
1621 1589 1645 1646 τε
1704 1588 1722 1621 α
1769 1570 2022 1636 Dimitte,
2087 1573 2312 1638 dimitte,

728 1677 898 1728 quare
920 1661 1061 1716 hunc
1085 1659 1349 1716 infelicem
1371 1671 1424 1716 et
1446 1662 1762 1727 injurinsum
1786 1665 1986 1719 retines
2005 1668 2261 1733 puerum?
2291 1683 2310 1716 ι

727 1753 957 1808 Sanctus
986 1769 1016 1807 e
1045 1764 1230 1809 contra
1257 1755 1369 1809 luce
1411 1770 1544 1822 puro
1591 1763 1811 1823 pectore
1845 1755 2008 1810 verba
2049 1755 2317 1826 depromit

726 1847 1076 1917 prophetica:
1112 1867 1129 1900 ι
1165 1849 1335 1904 Sinite
1362 1847 1573 1912 fratres,
1601 1850 1762 1904 sinite
1790 1849 1968 1904 modo.
2020 1870 2037 1901 ι
2078 1849 2156 1903 Ad
2184 1865 2315 1920 pue-

2429 639 2542 687 tata
2573 635 2746 701 navis,
2781 635 2832 690 in
2864 649 2968 706 qua
2992 646 3210 692 sanctus
3236 637 3413 694 inerat
3437 638 3836 706 Chamuecbus,
3859 641 4009 712 juxta

2425 725 2597 780 sancti
2641 725 3111 796 prophetationem
3163 732 3426 800 pervenit.
3485 732 3584 785 (iui
3631 745 3855 787 sanctus
3891 750 4008 788 cum

2424 819 2676 875 fratribus
2723 821 2937 876 obviam
2966 823 3136 890 venit,
3197 825 3346 880 etab
3375 841 3442 880 eo
3470 825 3771 881 honorifice
3805 835 3855 881 et
3887 826 4010 882 bos-

2423 910 2660 980 pitaliter
2707 923 2990 983 susceptus
3037 925 3138 971 est.
3199 916 3276 970 llii
3320 933 3447 973 vero
3491 928 3699 984 nautas,
3744 920 3835 990 qui
3887 935 3998 974 cun"

2420 1005 2763 1061 (Jbamnccbo
2791 1008 3021 1076 inerant,
3073 1010 3386 1079 interrogati
3417 1027 3447 1065 a
3488 1014 3744 1070 fratribus
3773 1015 3843 1068 de
3870 1028 4002 1082 qua-

2421 1100 2571 1156 litate
2599 1104 2974 1171 navigationis,
3016 1106 3091 1159 sie
3131 1107 3454 1173 retulerunt,
3488 1109 3627 1163 sicut
3652 1118 3872 1163 sanctus
3899 1109 4002 1165 Co-

2420 1195 2598 1251 lumba
2649 1198 2794 1265 prius
2833 1199 2901 1252 de
2937 1207 3262 1268 tempestate
3291 1209 3346 1255 et
3379 1201 3768 1270 tranquillitate
3805 1202 4009 1271 pariter

2422 1286 2530 1341 Deo
2558 1288 2812 1353 donante,
2847 1290 2898 1344 in
2921 1291 3114 1345 eodem
3144 1293 3297 1356 mari,
3331 1303 3384 1347 et
3415 1292 3627 1347 hisdem
3661 1294 3809 1347 boris
3835 1295 4002 1348 mira-

2418 1378 2508 1433 bili
2556 1381 2818 1437 divisione
2869 1384 3206 1451 praedixerat.
3263 1394 3317 1439 et
3364 1395 3738 1455 ten‘ipestatem
3795 1388 4010 1444 eminus

2419 1471 2588 1524 visam
2623 1488 2726 1525 nou
2766 1474 2996 1528 sensisse
3027 1473 3252 1542 professi
3284 1485 3428 1530 sunt.

2493 1564 2554 1618 V.
2590 1566 2709 1619 Alio
2740 1568 2922 1622 itidem
2953 1568 3039 1621 di!
3082 1581 3299 1626 sanctus
3342 1574 3603 1626 tlnitnnba
3635 1574 3686 1628 in
3727 1589 3824 1628 sua
3858 1591 4010 1628 com-

2419 1674 2642 1712 nianens
2673 1660 2896 1713 matrice
2926 1659 3187 1723 Ecclesia,
3221 1673 3442 1731 repente
3470 1666 3520 1717 in
3548 1665 3687 1718 banc
3717 1667 4011 1720 subridens

2417 1768 2604 1805 vocrm
2636 1754 2813 1821 erupit
2840 1753 3050 1807 dicens:
3093 1774 3110 1804 ι
3146 1755 3507 1809 (ἐυιιιιιιὺεεηιιη
3533 1757 3600 1809 ad
3630 1774 3728 1810 nos
3757 1766 4013 1813 transna-

2419 1846 2600 1910 vigare
2632 1845 2922 1914 incipiens,
2958 1863 3097 1901 nunc
3140 1848 3190 1901 in
3222 1849 3442 1903 undosis
3474 1850 3760 1918 charybdis
3786 1850 4011 1906 aestibus

726 1954 843 1992 rum
875 1955 1002 1994 vero
1029 1940 1180 1993 valde
1205 1941 1574 1995 tronicfactum
1598 1941 1763 1996 dicit:
1799 1961 1815 1992 α
1854 1939 1896 1999 ο
1920 1941 2008 2004 ﬁli,
2055 1942 2204 2010 aperi
2247 1957 2309 1995 ος
2342 1927 2386 1984 Β
2413 1937 2567 1988 valilc
2618 1937 2972 2003 [mi-Eclitatur.
3033 1938 3321 2008 Abbasqtic
3371 1941 3436 1993 ad
3495 1942 3692 1996 ςωῖιιιιι
3742 1942 3796 1994 in
3842 1956 4007 2010 prora

729 2037 899 2096 tuum,
945 2039 999 2084 et
1045 2033 1262 2100 porrige
1318 2030 1572 2100 linguam.
1611 2050 1630 2084 ι
1674 2029 1864 2085 Iussus
1891 2041 2000 2084 tum
2033 2045 2164 2100 puer
2191 2045 2312 2084 cum

722 2123 926 2190 ingenti
955 2135 1189 2179 tremore
1212 2125 1460 2193 aperiens
1498 2140 1560 2179 os
1589 2140 1765 2192 suum,
1788 2125 2021 2192 linguam
2047 2125 2310 2193 porrexit;

720 2233 880 2287 quam
907 2201 1141 2284 sanctus,
1191 2229 1433 2272 sanctam
1474 2233 1690 2272 manum
1734 2217 2052 2280 extendens,
2103 2226 2157 2270 et
2189 2216 2310 2270 dili-

719 2319 907 2377 genter
942 2311 1284 2377 benedicens,
1336 2313 1408 2364 ita
1457 2311 1770 2382 prophetico
1813 2308 2053 2380 profatur
2086 2308 2306 2363 dicens:

727 2419 744 2452 ι
779 2401 876 2458 llic
919 2419 1051 2472 puer
1077 2405 1320 2473 quamvis
1349 2421 1491 2460 nunc
1541 2405 1884 2474 despicabilis
1923 2413 1978 2458 et
2005 2403 2160 2458 valde
2187 2401 2309 2458 vilis

717 2496 984 2557 videatur,
1017 2513 1178 2553 nemo
1207 2507 1389 2553 tamen
1423 2500 1594 2569 ipsum
1625 2500 1693 2554 ob
1722 2497 1774 2552 id
1800 2498 2088 2568 despiciat;
2121 2498 2189 2551 ali
2211 2499 2311 2553 bac

715 2592 860 2648 enim
883 2592 1017 2647 hora
1049 2608 1156 2648 non
1185 2593 1357 2647 solum
1379 2594 1530 2648 vobis
1555 2609 1658 2647 non
1687 2592 2009 2663 displicebi',
2035 2593 2128 2647 sed
2150 2591 2308 2645 valde

718 2685 968 2753 piacebit,
1016 2686 1276 2756 bonisque
1299 2687 1536 2741 moribus
1564 2695 1618 2740 et
1640 2687 1830 2740 aninne
1859 2685 2143 2740 virtutibus
2169 2700 2304 2755 pau-

713 2774 864 2830 latim
905 2777 972 2832 de
1019 2778 1103 2832 die
1140 2778 1190 2832 in
1233 2779 1374 2833 diem
1421 2787 1662 2833 crescet:
1696 2779 1958 2848 sapientia
2005 2793 2222 2846 quoque
2249 2785 2307 2832 et

713 2869 998 2938 prudentia
1027 2874 1196 2940 magis
1240 2888 1303 2927 ac
1348 2873 1516 2940 magis
1554 2873 1605 2925 in
1636 2887 1701 2927 co
1731 2872 1797 2924 ab
1824 2872 1923 2925 bac
1953 2870 2040 2924 die
2065 2870 2301 2938 adauge-

709 2957 885 3025 bitur;
936 2971 991 3015 ct
1031 2961 1084 3016 in
1132 2960 1233 3016 hac
1273 2975 1453 3017 n05tra
1503 2963 1920 3030 congret'utiotlc
1965 2961 2181 3031 grandis
2221 2969 2302 3016 est

710 3053 920 3109 futurus
969 3065 1276 3124 prove:-tus.
1341 3056 1540 3126 Lingua
1591 3072 1807 3126 quoque
1841 3057 1959 3126 ejus
1997 3056 2199 3111 salubri
2248 3066 2299 3111 et

708 3144 972 3213 doctrina,
1007 3155 1062 3202 et
1089 3149 1398 3217 eloquentia
1422 3167 1448 3204 a
1475 3149 1587 3204 Dno
1613 3150 1921 3204 donabitur.
1971 3169 1989 3201 ι

783 3239 877 3295 llic
903 3250 1021 3296 erat
1053 3239 1298 3297 Ereneus
1331 3240 1518 3314 postea
1552 3261 1646 3314 per
1675 3259 1861 3299 omnes
1889 3244 2085 3298 Scotia:
2117 3242 2295 3298 κρυ-ιο-

2417 2027 2640 2093 scdens,
2694 2030 2900 2098 palmas
2947 2030 3157 2097 elevat;
3209 2034 3481 2089 turbatum
3529 2049 3745 2103 quoque
3792 2043 3847 2088 et
3900 2045 4007 2087 tam

2415 2116 2751 2174 formiiabile
2799 2121 3019 2189 pelagus
3049 2123 3349 2188 benedicit,
3387 2140 3548 2192 quem
3589 2134 3768 2178 tamen
3820 2124 4008 2178 Domi-

2414 2224 2514 2262 nus
2540 2210 2615 2263 sic
2641 2218 2828 2284 terret,
2861 2227 2966 2265 non
3001 2223 3059 2266 ut
3105 2231 3204 2267 nav
3231 2232 3255 2269 s
3281 2215 3581 2286 naufragio,
3638 2219 3689 2270 in
3734 2232 3838 2286 qua
3892 2217 4010 2286 ipse

2412 2301 2632 2366 resedit,
2663 2302 2817 2356 undis
2844 2305 3136 2370 obruatur,
3171 2305 3264 2360 scd
3295 2308 3476 2376 potius
3512 2308 3576 2363 ad
3608 2306 3872 2362 orandum
3926 2308 4009 2362 in-

2414 2395 2613 2449 tentius
2655 2397 2976 2461 snsciictur,
3021 2410 3078 2451 ut
3121 2399 3186 2452 ad
3221 2415 3360 2463 nos,
3413 2399 3524 2454 Deo
3567 2401 3821 2470 pt'Opitio,
3882 2408 4011 2470 post

2414 2489 2817 2542 transvadatum
2846 2489 3128 2558 perveniat
3168 2490 3489 2562 periculum.
3529 2510 3547 2542 ι

2485 2580 2570 2634 Vl.
2622 2582 2679 2636 ln
2729 2591 2975 2653 tempore
3013 2599 3229 2654 quoque
3257 2585 3385 2649 alio,
3433 2584 3501 2640 de
3526 2583 3845 2649 Cormacco,
3886 2585 4009 2640 viro

2411 2673 2594 2743 utique
2615 2685 2821 2736 sancto.
2853 2676 2943 2745 qui
2969 2676 3140 2730 tribus
3169 2692 3278 2731 non
3306 2677 3482 2731 minus
3523 2677 3732 2731 vicibus
3763 2675 4008 2732 [ii-eoum

2411 2765 2502 2838 [ι’.
2535 2765 2800 2838 cremum]
2841 2768 2893 2820 in
2939 2764 3158 2822 Oceano
3188 2769 3460 2825 laboduse
3495 2770 3774 2838 quaesivit,
3800 2785 3906 2825 nec
3927 2781 4008 2823 ta-

2409 2873 2532 2912 men
2558 2860 2784 2926 invenit,
2804 2871 3024 2914 sanctus
3043 2859 3324 2922 Columba.
3359 2863 3431 2916 it.
3465 2861 3854 2931 prophetizans
3885 2864 3963 2915 ait
3993 2881 4005 2914 :

2415 2971 2434 3002 c
2476 2952 2649 3008 Hodie
2678 2954 2872 3008 iterum
2900 2954 3232 3010 Cortuachus
3272 2955 3545 3011 desertum
3576 2957 3800 3025 cupiens
3829 2971 3996 3026 repe-

2408 3047 2549 3113 rire,
2594 3049 2880 3116 enavigare
2939 3049 3126 3117 incipit
3181 3050 3248 3104 ab
3296 3050 3384 3104 illa
3427 3052 3646 3119 regione
3691 3066 3812 3120 qua:
3859 3053 4008 3108 ultra

2406 3137 2620 3194 Modam
2641 3140 2861 3195 fluvium
2885 3141 2986 3196 sita
3010 3150 3114 3206 est,
3145 3151 3200 3196 et
3225 3141 3406 3198 Cirros
3435 3143 3655 3210 dcitur;
3682 3158 3783 3199 nec
3815 3154 4004 3200 tamen

2405 3231 2568 3284 etiam
2617 3230 2719 3286 bac
2769 3232 2886 3287 vice
2913 3273 2928 3299 ,
2978 3233 3119 3301 quod
3147 3235 3355 3302 qtzmrit,
3410 3235 3673 3301 inveniet;
3705 3245 3764 3290 et
3789 3252 3898 3290 non
3927 3238 4006 3292 ob

705 3335 815 3391 aias
861 3335 1119 3405 farno-us,
1161 3344 1218 3390 et
1256 3335 1413 3391 valde
1443 3337 1773 3391 notissimus.
1822 3336 1922 3400 Cui
1971 3335 2085 3390 haec.
2115 3337 2293 3391 omnia
2326 3297 2373 3360 ϐ
2403 3323 2562 3376 alia!“
2593 3323 2710 3393 eius
2747 3326 2997 3395 culpam.
3051 3326 3151 3381 “Si
3179 3325 3323 3395 (ιυοό
3351 3327 3578 3395 alicuius
3605 3329 3847 3395 relisiosi
3900 3331 4005 3384 θδο

704 3441 867 3497 supra
903 3429 1101 3498 scripta
1128 3429 1290 3485 verba
1338 3427 1586 3499 Segeneo
1615 3429 1795 3482 abbati
1842 3428 1908 3482 de
1957 3443 2015 3482 se
2064 3428 2296 3496 prophe-

708 3528 816 3574 tata
850 3533 1225 3586 enarraverat,
1283 3535 1405 3576 meo
1450 3521 1735 3576 decessore
1774 3519 1991 3574 Failbeo
2041 3520 2297 3576 intentius

706 3611 977 3678 audiente,
1020 3613 1113 3682 qui
1162 3621 1217 3668 et
1263 3613 1377 3683 ipse
1405 3629 1526 3668 cum
1556 3615 1799 3680 Segeneo
1825 3627 2062 3682 p-mseus
2089 3613 2291 3679 inerat;

707 3706 859 3774 cujus
891 3707 1152 3763 relatione
1188 3715 1245 3762 et
1279 3717 1384 3776 ego
1412 3707 1525 3777 i,:se
1554 3711 1778 3776 cognovi
1812 3706 1927 3762 luce
1954 3706 2141 3760 eadem
2173 3721 2294 3774 quae

705 3800 938 3855 narravi.

777 3891 881 3945 Sed
936 3901 989 3946 et
1050 3890 1215 3946 multa
1275 3891 1379 3945 alia
1440 3890 1650 3946 hisdem
1708 3890 1934 3957 diebus,
1990 3891 2184 3961 quibus
2237 3890 2292 3944 in

703 3985 916 4042 Cloensi
976 3987 1226 4041 cmuobio
1277 3997 1495 4042 sanctus
1549 3987 1957 4057 hospitabatur,
2018 3987 2292 4042 revelante

703 4079 906 4150 Spiritu
937 4077 1136 4134 Sancto
1158 4079 1529 4150 prophetarit;
1564 4079 1668 4135 hoc
1698 4089 1798 4144 cst,
1824 4080 1890 4134 de
1913 4079 2000 4133 illa
2028 4094 2149 4148 qut:
2171 4088 2292 4150 post

701 4169 818 4225 dies
861 4171 1061 4224 n’iultos
1103 4171 1174 4225 ob
1200 4170 1563 4226 diversitatem
1599 4170 1870 4228 Paschalis
1894 4171 2014 4228 festi
2051 4180 2169 4227 orta
2207 4181 2290 4227 cst

703 4263 846 4317 inter
878 4261 1072 4318 Scotia:
1115 4261 1386 4318 Ecclesiae
1423 4263 1710 4326 discordia,
1762 4273 1818 4319 et
1861 4265 1929 4319 de
1968 4265 2288 4333 quibusdam

699 4353 958 4421 angelicis
1005 4355 1469 4424 frequentionibns
1512 4355 1613 4410 sibi
1671 4356 2061 4412 manifestatis:
2095 4355 2288 4425 quibus

698 4446 942 4517 quardam
970 4449 1105 4502 intra
1131 4445 1370 4516 ejusdem
1405 4447 1638 4503 ccenobii
1659 4456 1813 4516 septa
1839 4447 1907 4502 ab
1933 4447 2139 4516 angelis
2159 4455 2286 4502 tunc

697 4540 957 4610 temporis
986 4539 1463 4609 frequentabantur
1491 4541 1627 4596 loca.

770 4628 858 4685 IV.
887 4631 1002 4685 Alio
1032 4631 1083 4685 in
1107 4640 1371 4702 tempore,
1394 4646 1517 4686 cum
1538 4632 1592 4687 in
1616 4642 1640 4668 ιι
1666 4630 1800 4688 Jova
1841 4632 2013 4688 insula
2047 4631 2137 4687 die
2174 4631 2283 4686 fra-

698 4734 840 4789 gosae
871 4725 1224 4792 t-mpcstatis,
1248 4731 1300 4776 et
1330 4722 1682 4778 intolerabilis
1705 4723 1969 4778 undarum
2006 4723 2276 4792 magnitu-

697 4813 853 4878 dinis,
876 4814 1069 4869 sedens
1091 4814 1143 4867 in
1161 4814 1320 4868 domo
1340 4824 1574 4878 sanctus,
1600 4824 1656 4870 et
1677 4816 1928 4871 fratribus
1943 4816 2274 4888 prmeipiens,

695 4903 998 4959 dieeretm
1046 4903 1353 4976 Pi'mparate
1406 4907 1559 4962 ocius
1605 4907 1922 4978 hospitium,
1979 4922 2283 4977 aquamque

698 4995 764 5049 ad
801 4995 1056 5051 lavandos
1101 4997 1371 5067 hospitum
1416 5001 1578 5070 pedes
1623 5000 1865 5064 haurite;
1913 5018 1932 5051 ι
1968 4998 2185 5068 quidam
2215 5013 2279 5053 ex

2401 3414 2540 3470 bulis
2571 3417 2914 3482 monachum,
2945 3418 3061 3487 ipso
3090 3434 3196 3472 non
3229 3421 3594 3488 permittente,
3626 3421 3996 3477 discesserant

2400 3522 2582 3562 serum
2626 3524 2733 3563 non
2765 3517 2912 3564 recte
2939 3510 3189 3565 comitari
3223 3511 3436 3581 navigio
3459 3514 3780 3583 susceperit.
3820 3531 3842 3565 ι

2473 3601 2580 3656 Vll.
2609 3602 2667 3657 lu
2701 3611 2945 3673 tempore
2987 3605 3113 3662 alio.
3146 3605 3249 3660 hoc
3277 3614 3379 3666 est,
3444 3615 3566 3675 post
3594 3605 3793 3661 multos
3817 3621 4002 3663 annu-

2398 3710 2517 3749 I'Ulll
2549 3705 2917 3757 transcursus,
2961 3712 3082 3751 cum
3133 3708 3276 3753 υθεθι
3304 3699 3386 3753 νίν
3410 3707 3626 3753 ευιιυιυε
3653 3701 3706 3752 lll
3741 3697 3876 3753 ,Ιονῖε
3908 3700 4000 3755 in-

2396 3785 2546 3848 sula,
2603 3787 2782 3841 subito
2810 3787 2940 3841 dicit
2967 3787 3036 3841 ad
3081 3803 3238 3843 suum
3275 3790 3736 3844 ministratorem:
3777 3811 3794 3841 ι
3834 3789 4001 3846 Cloe-

2397 3894 2516 3934 cam
2549 3879 2698 3948 pulsa
2721 3922 2735 3946 .,
2783 3899 2802 3932 ι
2840 3881 2995 3949 cujus
3015 3883 3197 3937 sonitu
3231 3881 3427 3936 fratres
3449 3882 3686 3944 incitati,
3717 3880 3785 3935 ad
3814 3883 4002 3937 eccle-

2394 3973 2551 4040 siam,
2594 3973 2710 4044 ipso
2735 3984 2924 4029 sancto
2956 3976 3182 4044 przcsule
3218 3986 3512 4046 pneeunte,
3558 3976 3711 4031 ocius
3739 3986 3996 4042 currunt,

2394 4066 2460 4118 ad
2501 4080 2637 4133 quos
2666 4066 2862 4122 ibidem
2913 4064 3068 4122 ﬂexis
3097 4069 3324 4136 genibus
3351 4069 3505 4122 infit:
3543 4087 3562 4121 ι
3598 4069 3752 4125 Nunc
3779 4071 4003 4124 intente

2392 4171 2492 4225 pro
2539 4157 2643 4210 boe
2671 4156 2872 4226 populo
2915 4165 2970 4213 et
3012 4157 3222 4213 Aldano
3264 4173 3389 4228 rege
3417 4159 3704 4214 Demittunt
3744 4176 3997 4226 oremus,

2393 4250 2493 4304 hac
2531 4250 2673 4305 enim
2721 4250 2855 4305 liora
2907 4250 3093 4305 ineunt
3140 4252 3362 4307 bellum.
3407 4273 3424 4304 ι
3473 4251 3537 4305 Et
3561 4260 3683 4323 post
3707 4253 4000 4309 modicum

2393 4342 2729 4397 intervallum
2751 4357 3000 4411 egressus
3022 4343 3344 4408 oratorium,
3367 4345 3663 4414 respiciens
3686 4345 4000 4412 incertum,

2389 4436 2564 4504 inquit
2594 4452 2608 4488 :
2645 4454 2664 4488 ι
2699 4435 2852 4491 Nunc
2898 4436 3112 4491 barbari
3161 4438 3216 4490 in
3265 4436 3443 4505 fugam
3479 4444 3797 4503 vertuntur;
3839 4457 3860 4491 ι
3896 4439 3994 4492 Αι.

2389 4525 2640 4597 danoque
2660 4527 2958 4596 quamlibet
2984 4524 3212 4594 infelici,
3273 4536 3450 4582 tamen
3478 4542 3735 4583 concessa
3761 4537 3850 4584 est
3879 4529 4004 4586 vic-

2393 4625 2551 4680 toria.
2606 4625 2712 4681 Sed
2741 4634 2796 4680 et
2815 4626 2883 4681 de
2928 4641 3179 4692 numero,
3225 4624 3293 4680 de
3319 4626 3562 4680 exercitu
3589 4624 3782 4678 Aldani
3814 4627 4002 4681 inter-

2388 4719 2654 4776 fectorum
2701 4726 3064 4774 trecentorum
3114 4728 3170 4774 et
3199 4717 3358 4772 trium
3383 4717 3641 4782 virorum,
3676 4718 3754 4771 vir
3791 4717 4003 4774 beatus

2385 4810 2701 4882 prophetice
2733 4811 2986 4864 narravit.

2459 4900 2590 4956 Vltl.
2623 4901 2743 4955 Alio
2767 4916 2982 4970 quoque
3007 4902 3060 4955 in
3093 4912 3359 4972 tempore,
3412 4912 3540 4956 ante
3579 4917 3741 4971 supra
3770 4903 4000 4962 dictum

2387 4995 2608 5062 bellum,
2638 4993 2869 5050 Sanctus
2899 4995 3160 5049 Aidanum
3187 5010 3366 5063 regem
3403 4997 3701 5064 interrogat
3725 4998 3795 5051 de
3825 5003 4004 5068 regni

2387 5100 2716 5142 successore.
2764 5086 2861 5140 llio
2906 5086 3291 5157 respondente,
3343 5088 3551 5142 nescire
3589 5089 3710 5158 quis
3734 5099 3885 5145 esset
3919 5093 4010 5148 de

2389 5182 2553 5237 tribus
2601 5181 2719 5234 libis
2761 5191 3096 5249 regnaturus,
3147 5182 3376 5236 Sanctus
3419 5191 3819 5251 consequenter
3879 5183 4008 5242 hoc

2388 5275 2624 5344 profatur
2674 5270 2834 5329 modo
2863 5293 2874 5327 :
2913 5292 2930 5324 ι
2968 5274 3151 5328 finitus
3179 5289 3244 5329 ex
3273 5274 3354 5328 bis
3379 5282 3413 5328 ti
3431 5274 3548 5328 ibus
3586 5277 3690 5328 erit
3719 5286 4011 5344 regnatu-

2389 5382 2497 5431 rus,
2523 5383 2644 5420 uam
2666 5367 2718 5420 in
2747 5366 2898 5420 bellis
2924 5365 3118 5420 cadent
3145 5365 3212 5419 ab
3245 5363 3472 5419 inimicis
3501 5366 3806 5420 trucidandi
3838 5385 3852 5435 ;
3886 5374 4011 5426 sed

2388 5474 2530 5513 nunc
2576 5458 2619 5512 si
2667 5458 2803 5513 alios
2846 5457 3089 5526 juniores
3129 5457 3352 5526 habeas,
3408 5457 3475 5511 ad
3516 5472 3604 5512 me
3632 5460 3878 5526 veniant,
3940 5480 4022 5520 et

2385 5565 2544 5620 quem
2581 5567 2647 5607 ex
2693 5551 2773 5606 eis
2797 5550 3022 5619 elegerit
3066 5548 3320 5604 Dominus
3347 5562 3549 5617 regem,
3611 5549 3796 5605 subito
3823 5569 4012 5624 super

2388 5660 2565 5700 incum
2593 5644 2757 5698 iiruet
2798 5643 3082 5712 gremium.
3131 5663 3150 5694 ι
3198 5642 3401 5710 Quibus
3455 5643 3647 5696 accitis
3678 5647 4022 5704 secundum

698 5086 825 5156 ipsis
847 5083 1011 5140 frater
1031 5099 1460 5157 consequenter:
1504 5109 1521 5140 ι
1569 5091 1720 5157 Quis,
1749 5091 1845 5156 ait,
1877 5091 1977 5144 hac
2015 5089 2100 5143 die
2130 5089 2283 5144 valde

700 5189 941 5244 ventosa,
983 5189 1038 5233 et
1075 5182 1230 5235 nimis
1265 5189 1487 5236 ventosa
1521 5182 1665 5253 (sic),
1699 5191 1754 5236 et
1779 5183 1934 5236 nimis
1961 5183 2280 5252 periculosa,

699 5269 820 5324 licet
850 5271 1010 5326 breve
1037 5272 1263 5333 fretum,
1302 5289 1558 5344 prospere
1585 5275 1984 5345 transnavigarc
2008 5276 2220 5345 potest?
2257 5292 2275 5325 ι

707 5356 826 5427 Quo
848 5363 1047 5428 audito,
1072 5373 1290 5418 sanctus
1313 5366 1388 5418 sic
1413 5364 1654 5434 prefatur
1685 5385 1693 5417 :
1725 5384 1742 5418 ι
1775 5365 1996 5420 Cuidam
2019 5375 2206 5420 sancto
2227 5375 2282 5420 et

705 5455 879 5510 electo
905 5456 1125 5521 homini,
1155 5458 1244 5526 qui
1281 5457 1344 5509 ad
1371 5474 1468 5511 nos
1507 5466 1631 5513 ante
1658 5456 1936 5527 vesperam
1969 5457 2276 5529 perveniet,

703 5549 1051 5617 Omnipotens
1082 5550 1522 5619 tranquillitatem
1553 5551 1847 5620 quamlibet
1879 5552 1932 5605 in
1964 5559 2282 5621 tempestate

706 5641 945 5696 doitabit.
986 5660 1004 5693 ι

2389 5863 2503 5902 rum
2531 5849 2817 5903 sententia.
2853 5846 3126 5902 Mabillon.
3158 5853 3272 5903 not.
3305 5844 3370 5900 ad
3409 5843 3712 5901 Cumneum
3760 5864 3814 5920 p.
3856 5850 4023 5913 30:2.

773 5856 794 5877 δι
828 5843 901 5899 De
952 5844 1109 5914 hujus
1164 5845 1349 5899 insube
1403 5847 1507 5900 situ
1553 5847 1601 5900 in
1644 5849 1776 5902 mari
1804 5848 2109 5911 llibernico,
2163 5865 2280 5918 quae
2389 5865 2428 5902 τι

773 5932 873 5970 oua
923 5916 1035 5971 sive
1089 5915 1254 5972 lbona
1311 5927 1554 5976 vocatur.
1604 5935 1709 5975 non
1764 5937 1866 5976 una
1921 5932 2003 5976 est
2049 5922 2278 5976 scriuto-
2389 5923 2428 5976 li

2429 5937 2546 5976 Αδλ.

701 5913 873 5972 lliona
923 5913 1035 5971 sive
1089 5915 1254 5972 lbona
1311 5927 1554 5984 vocatur,
1604 5935 1709 5975 non
1764 5937 1866 5976 una
1921 5932 2003 5978 est
2049 5913 2278 5992 scripto-
