4194 6572
162 405 266 464 733

1291 396 1376 457 DE
1413 393 1574 453 VITA
1607 391 1668 451 S.
1707 390 2061 450 οοιυΜΒΑε
2100 394 2226 453 LIB.
2273 393 2311 448 l.

3348 403 3452 463 τδι

160 523 382 578 verbum
425 518 641 585 Sancti,
669 517 983 574 Euehodius
1030 512 1352 578 adveniens;
1409 511 1463 568 in
1491 508 1610 565 sinu
1641 505 1757 576 eius
1789 509 2207 572 Amonstruoso
2261 507 2576 578 perterritus
2627 508 2906 581 prodigio,
2959 510 3047 569 vix
3093 512 3215 570 inde
3263 531 3440 586 possis

161 613 441 679 recubuit;
499 612 789 682 statimque
839 609 1065 665 Sanctus
1112 622 1234 663 eum
1266 605 1540 663 osculatus
1588 604 1756 660 bene-

157 705 312 771 dixit,
348 714 403 760 et
432 705 501 760 ad
534 712 740 775 patrem
782 703 892 756 ait:
928 722 944 753 ι
979 701 1073 756 llic
1103 708 1185 754 est
1214 705 1517 768 superstes,
1561 705 1616 750 et
1661 710 1754 750 rex

157 809 281 869 post
339 808 392 851 te
439 807 778 865 regnaturus,
835 805 890 850 et
938 794 1030 848 lilii
1064 793 1178 862 ejus
1223 801 1346 862 post
1396 807 1519 846 eum
1562 805 1755 859 regna-

155 891 312 947 bunt.
347 910 364 942 ι
411 889 501 944 Sic
531 890 712 943 omnia
741 896 863 958 post
883 887 995 941 suis
1027 886 1355 956 temporibus
1399 885 1557 955 plene
1580 884 1752 938 adim-

155 986 299 1055 pleta
341 993 488 1048 sunt,
539 991 596 1039 et
649 980 959 1037 Eucliodius
997 989 1115 1050 post
1159 987 1368 1050 patrem
1422 979 1476 1032 itt
1529 994 1753 1046 regnum

153 1076 440 1131 successit.

227 1167 318 1221 IX.
355 1166 674 1222 Domnallus
702 1166 836 1220 filius
857 1165 992 1220 Aido
1023 1166 1197 1220 adhuc
1227 1179 1377 1234 puer,
1409 1163 1475 1217 ad
1507 1171 1752 1219 sanctum

152 1264 476 1321 Co’umham
528 1278 624 1333 per
669 1263 962 1315 nutritores
1009 1259 1273 1313 adductus
1301 1266 1401 1323 est,
1462 1273 1622 1326 quem
1673 1257 1754 1313 in-

154 1368 310 1412 tuens
341 1363 720 1426 percontator,
764 1353 1046 1420 inquivnsz
1087 1371 1102 1402 t
1152 1351 1316 1419 Cujus
1347 1362 1429 1404 est
1461 1351 1598 1404 filius
1642 1351 1750 1414 hic,

151 1465 308 1517 quem
372 1448 704 1501 adduxistis?
747 1466 761 1495 ι
811 1445 915 1498 lllis
951 1440 1418 1514 respondentibus,
1477 1461 1493 1492 ι
1535 1441 1632 1496 llic
1671 1450 1754 1494 est

153 1540 471 1597 Domnallus
493 1583 506 1604 ,
540 1541 627 1608 qui
659 1538 723 1591 ad
760 1549 809 1591 te
843 1537 963 1590 ideo
991 1537 1274 1605 perductus
1298 1542 1398 1599 est,
1451 1543 1508 1587 ut
1547 1544 1633 1586 tua
1669 1549 1755 1587 rc-

150 1633 270 1693 deat
303 1632 682 1686 benedictione
732 1631 950 1684 ditatus.
993 1647 1010 1681 ι
1046 1627 1213 1698 Quem
1244 1644 1361 1681 eum
1387 1626 1620 1679 Sanctus
1651 1625 1753 1679 he-

157 1726 483 1782 nedixissct,
535 1725 794 1776 continuo
824 1723 934 1774 ait:
975 1739 991 1773 t
1044 1721 1137 1773 ilic
1162 1736 1322 1788 supcr
1349 1734 1534 1771 omnes
1563 1719 1753 1771 fratres

148 1835 274 1873 suos
320 1829 603 1887 superstes
633 1817 752 1881 erit,
799 1825 852 1868 ct
901 1831 994 1868 rex
1027 1815 1177 1867 valde
1223 1814 1487 1872 famosus,
1521 1828 1619 1866 nec
1653 1830 1747 1866 titt—

1861 600 2110 656 evadere.
2140 620 2157 652 ›

1931 691 2033 759 Qui
2061 702 2279 761 accepta
2312 708 2341 752 a
2364 693 2565 750 Sancto
2593 693 2970 752 benedictione
3001 697 3244 764 secessit,
3269 707 3325 754 et
3356 714 3446 756 na-

1860 782 1966 836 vim
2015 782 2310 839 ascendens
2356 783 2539 841 Sancti
2589 786 2814 840 verbum
2845 789 2999 857 quasi
3040 789 3443 861 parvipendens

1863 875 2265 945 transgreditur.
2293 875 2493 946 Majora
2512 878 2739 949 proinde
2761 877 2936 936 Ethici
2960 889 3300 938 transmeans
3321 898 3446 954 spa-

1860 971 1932 1024 tia
1961 969 2152 1040 pelagi,
2189 972 2320 1040 ipse,
2353 979 2406 1027 et
2438 972 2528 1042 qui
2560 973 2631 1028 ibi
2662 974 2875 1031 inerant
2901 984 3095 1043 nunc»,
3133 977 3315 1033 vident
3345 995 3360 1046 ;
3393 985 3448 1034 et

1861 1077 1988 1117 ecce
2019 1071 2167 1117 cetus
2198 1064 2344 1119 inira:
2374 1073 2428 1119 ct
2459 1065 2732 1123 immensa:
2751 1079 2915 1137 magn
2942 1068 3138 1124 tudinis
3183 1086 3241 1127 se
3274 1071 3442 1129 instar

1859 1160 2059 1215 montis
2087 1161 2316 1229 erigens,
2344 1177 2437 1217 ora
2469 1163 2645 1231 aperit
2669 1164 2868 1233 patula,
2905 1164 3064 1220 nimis
3085 1165 3329 1233 dentosa.
3353 1183 3445 1223 su-

1857 1262 2167 1323 pernatans.
2201 1253 2334 1310 Tum
2368 1253 2592 1324 proinde
2617 1255 2846 1325 remiges
2867 1256 3114 1326 deposito
3147 1258 3267 1314 velo
3293 1258 3441 1317 valde

1859 1345 2151 1416 perterriti,
2186 1347 2474 1399 retrovcrsi
2499 1347 2644 1401 illam
2667 1346 2914 1402 obortam
2940 1363 3007 1403 ex
3030 1348 3270 1405 belluitto
3294 1357 3444 1406 motu

1859 1435 2263 1493 ﬂuctuationem
2291 1436 2376 1492 vix
2400 1437 2630 1493 evadere
2657 1447 2986 1507 potuerunt;
3010 1438 3301 1511 Sanctique
3323 1457 3444 1497 ver-

1859 1529 1985 1586 bum
2018 1537 2467 1594 recognoscentes
2496 1528 2870 1598 propheticum
2910 1529 3335 1586 admirabantur.

1933 1621 2130 1675 Eodem
2164 1635 2376 1688 quoque
2408 1621 2492 1674 die
2523 1620 2751 1674 Sanctus
2776 1660 2789 1685 ,
2824 1619 3120 1675 Baithenco
3167 1622 3232 1677 ad
3282 1638 3444 1694 supra

1861 1725 2212 1768 memoratam
2251 1714 2476 1766 insulam
2511 1713 2848 1779 navigatum,
2882 1726 3038 1766 inane
3060 1712 3125 1767 de
3149 1712 3339 1768 eodem
3365 1715 3445 1768 in-

1863 1806 2069 1859 tinzavit
2098 1816 2215 1858 ceto
2249 1805 2493 1872 inquiens
2522 1821 2532 1855 :
2589 1823 2606 1854 ι
2639 1802 2751 1858 llac
2779 1803 3046 1873 praetetita
3077 1813 3240 1859 nocte
3267 1805 3443 1860 media

149 1927 312 1980 quam
340 1912 395 1962 iti
423 1927 612 1964 manus
641 1911 973 1964 inimicorum
1010 1909 1278 1973 tradetur;
1315 1908 1407 1962 sed
1435 1915 1610 1962 morte
1639 1909 1750 1976 pla-

1860 1909 2015 1958 cetus
2068 1914 2292 1966 magnus
2323 1899 2390 1953 de.
2419 1898 2688 1966 prolundo
2722 1895 2885 1949 maris
2935 1910 2992 1948 se
3038 1895 3365 1959 sublevavit,
3393 1907 3446 1954 et

149 2002 268 2054 tida
327 2005 381 2053 in
438 2011 749 2064 senectute,
808 2009 861 2054 et
910 2000 1048 2053 intta
1102 1999 1318 2054 domum
1371 2016 1521 2052 suain
1572 2013 1756 2051 coram

148 2094 454 2147 amicorum
491 2093 832 2147 familiarium
877 2093 1032 2145 turba
1083 2107 1244 2160 super
1293 2107 1446 2146 suum
1496 2091 1757 2143 morietur

147 2187 374 2241 lectum.
425 2206 443 2238 ›
491 2186 620 2252 Qua:
677 2188 856 2240 omnia
906 2187 1202 2239 secundum
1253 2184 1393 2240 beati
1444 2184 1753 2238 vaticinium

145 2279 243 2333 viri
269 2281 337 2334 de
361 2297 430 2334 eo
459 2296 586 2335 vere
611 2278 900 2345 adimpleta
925 2285 1067 2335 sunt.

215 2375 430 2430 Eodem
467 2385 710 2442 tempore
766 2372 1018 2437 Sanctus,
1069 2379 1123 2425 et
1164 2371 1217 2426 in
1258 2369 1448 2425 eodem
1493 2370 1639 2435 loco,
1684 2370 1750 2423 ad

147 2471 556 2525 Scannalattunt
584 2468 748 2522 lilium
776 2465 1055 2520 Colmanni
1087 2464 1227 2532 apud
1252 2462 1446 2516 Aidum
1480 2478 1658 2531 regem
1698 2465 1748 2518 itt

146 2569 386 2624 vinculis
427 2575 722 2630 retentum,
767 2565 986 2618 visitare
1027 2578 1150 2615 eum
1179 2562 1404 2630 cupiens
1428 2561 1633 2630 pergit;
1668 2560 1748 2627 ip-

145 2677 382 2732 sumque
397 2660 923 2719 ctnnhenedixisset.
949 2656 1260 2714 confortans
1281 2665 1355 2709 a:t
1383 2673 1394 2707 :
1427 2675 1444 2706 t
1485 2655 1607 2720 Fili,
1642 2654 1752 2708 noli

145 2751 500 2817 contristari,
547 2750 641 2806 sed
686 2751 864 2819 potius
911 2749 1094 2802 laetare
1122 2757 1177 2801 et
1205 2745 1532 2800 confortare.
1588 2746 1754 2799 Aidus

147 2845 292 2899 enim
326 2859 446 2904 rex,
500 2842 641 2911 apud
679 2857 840 2910 quem
866 2841 1167 2894 vineulatus
1199 2854 1275 2902 es,
1311 2839 1375 2892 de
1406 2839 1507 2893 hoc
1550 2841 1749 2891 mundo

147 2946 206 2992 te
234 2936 531 3006 praecedet,
586 2943 641 2988 et
686 2942 808 3002 post
835 2934 1010 3002 aliqua
1068 2933 1214 2986 exilii
1258 2941 1499 3001 tempora
1535 2932 1750 2999 triginta

145 3029 306 3085 annis
337 3028 392 3081 iti
439 3035 602 3096 gente
657 3036 746 3080 tua
778 3041 872 3079 rex
904 3034 1224 3094 regnaturus
1254 3025 1358 3078 eris
1384 3067 1398 3091 ,
1452 3026 1753 3092 iterumque

148 3123 216 3177 de
246 3138 420 3191 regno
462 3121 806 3190 cllugaberis,
855 3130 909 3176 et
949 3136 1044 3191 per
1073 3122 1283 3191 aliquos
1313 3121 1539 3191 ejulabis
1571 3121 1747 3193 [ἰσόνι.

149 3214 428 3287 exulabis]
462 3216 605 3277 dies;
661 3223 944 3284 postquos
985 3231 1014 3268 a
1057 3215 1252 3283 p0pulo
1295 3217 1631 3268 renuntiatus
1659 3213 1748 3285 [F.

146 3309 483 3365 reinvitatus
515 3320 570 3362 ut
612 3305 777 3379 infra]
823 3324 922 3378 per
966 3308 1062 3362 tria
1110 3309 1353 3377 regnabis
1382 3309 1562 3367 brevia
1615 3319 1750 3365 tem-

151 3419 311 3473 pora.
357 3423 372 3452 ο

219 3497 357 3564 Quae
418 3505 615 3551 cuncta
678 3495 831 3564 juxta
879 3495 1316 3557 vaticinationem
1363 3494 1544 3548 Sancti
1590 3493 1751 3563 plene

147 3590 374 3658 expleta
421 3595 567 3641 sunt.
617 3585 752 3642 Nam
803 3595 926 3656 post
973 3601 1144 3640 annos
1197 3586 1415 3653 triginta
1465 3588 1532 3640 de
1587 3601 1754 3654 regno

143 3683 412 3753 expulsus
445 3696 541 3750 per
569 3679 786 3750 aliquod
819 3679 1056 3734 exulavit
1086 3679 1318 3748 spatium
1349 3681 1630 3750 temporis,
1663 3681 1756 3736 sed

143 3784 276 3847 post
307 3790 338 3827 a
372 3773 577 3844 populo
607 3773 956 3836 reinvitatus;
989 3787 1095 3825 non
1122 3781 1180 3824 ttt
1204 3771 1447 3841 putabat,
1470 3774 1638 3828 tribus
1660 3790 1757 3827 an-

145 3869 256 3931 nis,
288 3867 387 3921 sed
428 3865 599 3920 ternis
637 3864 882 3934 regnavit
910 3863 1224 3928 mensibus;
1259 3873 1380 3932 post
1408 3879 1548 3932 quos
1575 3865 1754 3922 conti-

143 3975 260 4016 nuo
291 3959 451 4014 obiit.

224 4052 311 4107 XI.
343 4052 403 4106 In
431 4062 679 4119 tempore
699 4049 808 4110 alio
825 4048 933 4104 duo
957 4049 1152 4118 plebeii
1176 4047 1240 4102 ad
1264 4047 1520 4105 Sanctum
1548 4052 1596 4105 in
1619 4051 1754 4107 Jova

145 4153 593 4206 commorantem
625 4142 795 4198 insula
826 4141 1145 4204 deveniunt;
1178 4156 1405 4210 quorum
1447 4160 1584 4200 unus
1626 4145 1757 4199 Mcl-

143 4241 324 4295 dantis
355 4237 424 4290 de
471 4235 582 4290 filio
609 4251 730 4302 suo,
760 4235 852 4303 qui
891 4251 1127 4304 praesens
1159 4247 1292 4301 erat,
1313 4247 1558 4292 sanctum
1591 4239 1755 4294 inter-

145 4341 329 4400 rogat,
363 4329 497 4398 qnid
527 4336 672 4384 esset
716 4327 766 4382 ei
797 4325 1056 4383 futurum.
1089 4328 1187 4383 Cui
1217 4339 1433 4383 sanctus
1461 4331 1539 4385 sic
1568 4331 1752 4399 profa-

148 4435 274 4478 tur;
320 4444 337 4474 ι
371 4423 570 4478 Nonne
599 4421 820 4478 Sahbati
852 4421 965 4475 dies
995 4421 1252 4477 hodierna
1283 4422 1403 4477 est?
1433 4423 1603 4478 Filius
1634 4433 1756 4478 tuus

147 4527 302 4571 sexta
358 4515 499 4568 feria
553 4515 603 4566 in
656 4516 759 4565 line
801 4513 1061 4567 morietur
1087 4515 1419 4583 septimana},
1450 4526 1755 4585 octavaque

147 4608 252 4671 die,
286 4609 396 4660 hoc
429 4615 535 4668 est,
564 4603 823 4667 Sabhato,
856 4604 942 4658 hic
973 4606 1284 4673 sepelietur.
1319 4627 1334 4657 ι

218 4706 378 4760 Alter
414 4699 650 4772 proinde
682 4698 944 4766 plebeius,
976 4707 1029 4751 et
1064 4700 1178 4768 ipse
1208 4699 1276 4753 de
1307 4698 1434 4766 filio,
1461 4716 1618 4769 quem
1652 4701 1754 4754 ibi-

150 4798 268 4850 dem
305 4812 502 4850 secum
554 4791 758 4852 habuit,
803 4790 1149 4844 nihilominus
1189 4792 1548 4862 interrogans,
1598 4794 1756 4848 talem

153 4891 327 4943 sancti
363 4885 524 4940 audit
557 4883 966 4951 responsionem
996 4901 1007 4936 :
1049 4903 1064 4933 ε
1102 4882 1267 4938 Filius
1297 4893 1419 4940 tuus
1444 4902 1572 4942 suos
1608 4888 1757 4942 vide-

147 4986 224 5037 bit
257 4991 523 5051 tit-potes,
552 4986 607 5029 et
634 4977 683 5028 itt
710 4976 808 5029 hac
841 4974 1011 5028 insula
1043 4990 1205 5030 senex
1232 4977 1540 5045 sepelietur.
1576 4999 1590 5029 ι
1629 4980 1758 5045 Qum

149 5077 333 5130 omnia
368 5069 674 5127 secundum
704 5068 926 5121 veritum
965 5068 1147 5122 Sancti
1186 5069 1250 5122 de
1279 5071 1459 5138 pueris
1494 5072 1758 5129 ambobus

148 5169 260 5220 auis
296 5162 646 5230 temporibus
688 5160 843 5225 plene
871 5170 994 5213 sunt
1024 5161 1259 5230 expleta.

222 5257 339 5313 Xll.
372 5253 623 5320 Quadam
652 5252 759 5315 die,
793 5269 912 5304 cunt
945 5252 1026 5305 vir
1056 5253 1375 5308 venerabilis
1404 5256 1455 5309 in
1485 5255 1619 5310 Jova
1655 5257 1752 5311 de-

150 5361 469 5406 tnoraretur
498 5347 692 5405 insula,
724 5346 937 5413 quidam
963 5344 1126 5399 frater
1156 5345 1425 5402 Bcrachus
1452 5351 1666 5404 nomine
1691 5352 1756 5405 ad

153 5446 403 5500 Etlticaoi
439 5453 752 5512 proponens
786 5437 1013 5491 insulam
1059 5441 1330 5506 navigare,
1389 5441 1452 5493 ad
1496 5441 1751 5498 Sanctum

148 5551 314 5592 matre
346 5531 637 5592 accedens,
664 5529 732 5582 ab
755 5545 820 5583 eo
845 5528 1085 5582 benedici
1117 5531 1383 5598 postulat;
1408 5548 1565 5599 quem
1596 5554 1756 5592 sanc-

149 5637 236 5683 tus
268 5627 522 5687 intuitus,
553 5621 766 5691 inquit:
807 5640 820 5669 ς
851 5619 894 5672 0
927 5620 1018 5682 lili,
1060 5621 1220 5677 hodie
1251 5623 1505 5678 intentius
1548 5643 1754 5695 υττερλ-

148 5731 302 5786 veto,
337 5733 405 5772 ne
442 5715 690 5769 lithicatn
721 5728 883 5766 cursu
911 5713 975 5766 ad
1002 5723 1198 5767 terram
1229 5715 1437 5771 directo
1471 5734 1566 5788 per
1620 5722 1757 5780 latus

151 5813 369 5866 coneris
413 5819 762 5864 transmeare
814 5804 1073 5874 pelagus;
1125 5807 1216 5862 sed
1260 5811 1436 5878 potius
1485 5813 1751 5873 circuiens

152 5907 388 5962 minores
433 5915 596 5960 secus
641 5897 867 5971 naviges
917 5897 1137 5968 insulas,
1187 5917 1276 5972 ne,
1328 5903 1597 5976 videlicet,
1645 5909 1753 5968 alio

1861 1992 1999 2046 inter
2028 1992 2214 2046 Jovain
2272 2001 2324 2045 et
2359 1991 2599 2045 iithican'i
2635 1990 2859 2044 insulam
2899 2005 2959 2044 se
2989 1990 3148 2046 hodie
3177 1990 3227 2045 in
3257 2006 3445 2062 supcr-

1863 2089 2034 2144 liciein
2067 2097 2234 2154 eriget
2263 2090 2514 2157 :equoris.
2555 2108 2572 2139 ι
2628 2088 2725 2148 Cui
2755 2088 3083 2144 Baithcneus
3113 2089 3444 2158 respondens

1861 2183 1976 2237 infit
2003 2202 2012 2234 ;
2054 2203 2070 2234 t
2103 2183 2212 2252 ligo
2237 2196 2293 2236 et
2325 2184 2410 2238 illa
2431 2185 2604 2238 bellua
2631 2184 2730 2239 sub
2763 2183 2856 2238 Dei
2886 2191 3156 2253 potestate
3179 2199 3385 2240 sumus.
3419 2204 3436 2238 ι

1858 2276 2087 2332 Sanctus
2120 2295 2128 2327 :
2179 2295 2195 2326 ι
2227 2276 2392 2336 Vade,
2427 2272 2522 2343 ait,
2556 2278 2606 2330 in
2645 2292 2778 2346 pace
2810 2294 2821 2328 :
2869 2275 2999 2330 lides
3027 2287 3117 2330 tua
3147 2276 3199 2330 in
3227 2275 3445 2330 Christo

1859 2375 1909 2422 te
1933 2368 1998 2423 ab
2023 2370 2122 2423 hoc
2146 2368 2401 2422 defendet
2425 2368 2687 2437 periculo.
2715 2388 2732 2419 ι
2764 2367 3087 2422 Baitlieneus
3115 2377 3227 2423 tum
3249 2368 3443 2425 deinde

1856 2475 1884 2512 a
1911 2463 2115 2513 Sancto
2159 2460 2534 2513 benedictione
2581 2469 2820 2528 accepta,
2856 2476 2885 2512 a
2919 2469 3076 2529 portu
3105 2460 3441 2528 enavigavit;

1857 2551 2288 2620 [rattSL‘urSisqtle
2321 2569 2425 2604 ttutl
2462 2552 2641 2620 parvis
2666 2552 2815 2620 ponti
2848 2552 3054 2620 spatiis,
3084 2551 3196 2620 ipse
3225 2559 3280 2606 et
3305 2551 3441 2606 socii

1857 2651 2032 2697 cetum
2065 2643 2346 2712 aspiciunt,
2382 2644 2787 2714 perterritisque
2829 2643 3098 2711 omnibus,
3143 2644 3255 2714 ipse
3293 2645 3442 2699 solus

1856 2749 2043 2804 :equor
2063 2751 2116 2792 et
2147 2744 2324 2789 cetum
2356 2735 2618 2790 ambabus
2649 2735 2893 2788 inanibus
2925 2734 3148 2789 elevatis
3171 2734 3447 2790 bettedicit

1858 2827 2188 2896 intrepidus;
2219 2827 2517 2895 eodemque
2539 2836 2816 2881 momento
2840 2826 3014 2881 bellua
3041 2840 3234 2894 magna
3264 2841 3322 2882 se
3343 2827 3441 2882 sub

1859 2919 2106 2974 [luctibus
2159 2921 2501 2987 immergeus,
2541 2933 2804 2988 nusquam
2859 2918 3114 2989 deinceps
3160 2919 3239 2974 eis
3278 2934 3446 2990 appa-

1858 3012 1981 3065 ruit.

1933 3122 2062 3176 Xill.
2095 3125 2215 3178 Alio
2243 3139 2461 3194 quoque
2505 3124 2558 3179 in
2606 3133 2850 3194 tempore
2897 3123 3089 3178 fratres
3117 3123 3440 3195 intempesta

1861 3226 2018 3270 ttoCle
2045 3221 2268 3270 suscitat
2297 3217 2559 3282 Sanctus,
2589 3216 2655 3271 ad
2683 3232 2817 3285 quos
2861 3217 2914 3270 in
2959 3216 3188 3274 ecclesia
3213 3229 3440 3284 congre-

1855 3317 2013 3375 gatos
2057 3309 2224 3362 dicit:
2263 3329 2280 3360 (
2315 3311 2463 3366 Nunc
2507 3309 2766 3369 intentius
2813 3309 3097 3366 Dominum
3137 3324 3442 3380 precemur,

1858 3419 1978 3454 nam
2012 3402 2063 3454 itt
2091 3402 2192 3456 hac
2214 3402 2344 3455 hora
2376 3403 2593 3472 aliquod
2620 3403 2918 3457 inaudiiutu
2944 3412 3221 3473 peccatum
3253 3418 3443 3474 perpe-

1857 3504 2049 3550 tratutn
2101 3504 2202 3562 est,
2257 3512 2354 3566 pro
2385 3513 2494 3566 quo
2541 3497 2697 3551 valde
2744 3505 2825 3550 est
2864 3497 3140 3552 tremenda
3178 3494 3448 3564 iudicialis

1857 3588 2107 3647 vindicta.
2143 3591 2218 3645 De
2245 3605 2353 3657 quo
2376 3601 2598 3660 peccato
2625 3591 2864 3645 crastino
2893 3590 2978 3644 die
3003 3589 3271 3659 aliquibus
3311 3604 3444 3659 pau-

1859 3683 1936 3737 cis
1962 3683 2403 3752 percontantibus
2431 3683 2722 3747 iutimavit,
2758 3683 2944 3737 dicens
2971 3701 2982 3735 :
3041 3701 3059 3739 t
3092 3681 3218 3738 Post
3246 3698 3445 3751 paucos

1856 3792 2068 3833 menses
2089 3793 2212 3831 cum
2246 3775 2486 3844 Lugaido
2515 3776 2790 3831 nesciente
2821 3774 3005 3831 infelix
3032 3775 3119 3830 ille
3151 3774 3443 3830 homuncio

1859 3871 1923 3923 ad
1953 3871 2141 3924 Jovato
2173 3870 2453 3938 perveniet
2485 3868 2735 3922 in~ulam.
2777 3887 2794 3919 ι

1929 3962 2048 4018 Alio
2093 3962 2276 4031 itaque
2322 3962 2411 4016 die
2456 3959 2686 4015 Smctus
2716 3960 2782 4014 ad
2830 3959 3136 4014 Jormitium
3187 3956 3446 4031 [Diortni-

1859 4052 2036 4123 tium],
2085 4052 2380 4121 interiectis
2419 4051 2740 4120 quibusdam
2786 4051 3080 4118 mensibus,
3125 4051 3446 4122 pnecipiens

1858 4150 2114 4217 praefatur
2141 4165 2151 4199 :
2208 4166 2224 4197 ι
2256 4145 2425 4212 Surge
2455 4147 2633 4213 citius,
2665 4147 2933 4214 Lugaidtts
2964 4146 3396 4215 appropinquat;
3420 4162 3439 4196 ι

1858 4240 2094 4308 dicitque
2127 4240 2197 4302 ei,
2223 4247 2280 4293 ut
2310 4239 2588 4304 miserum,
2613 4255 2776 4308 quem
2806 4253 2990 4292 secum
3022 4241 3072 4292 in
3106 4239 3228 4292 navi
3260 4237 3447 4301 habet,

1859 4335 1912 4388 iit
1946 4333 2167 4388 Maleam
2198 4333 2466 4403 propellat
2494 4332 2744 4398 insulam,
2769 4347 2836 4385 ne
2867 4331 3030 4397 hujus
3056 4331 3242 4384 insulae
3266 4331 3444 4398 cespi-

1861 4434 1966 4480 tem
1997 4425 2190 4480 calcet.
2225 4425 2327 4490 Qui
2356 4435 2628 4494 ιιι-ποθι)ιο
2657 4424 2842 4482 Sancti
2871 4425 3164 4478 obsecutus
3205 4422 3271 4477 ad
3297 4438 3448 4477 mare

1859 4521 2051 4591 pergit,
2082 4519 2433 4588 Lugaidoque
2474 4519 2787 4573 adventanti
2817 4518 2997 4573 omnia
3049 4517 3230 4572 Sancti
3262 4530 3450 4585 prose-

1785 4641 1838 4700 D
1860 4615 2042 4684 quitur
2072 4614 2137 4668 de
2163 4612 2359 4667 infelici
2389 4613 2507 4666 viro
2537 4614 2721 4668 verba.

1939 4709 2142 4772 t‘iuibus
2169 4705 2363 4758 auditis
2395 4705 2482 4759 ille
2515 4704 2695 4759 infelix
2716 4703 2937 4773 juravit,
2972 4717 3247 4772 nunqu-tm
3279 4717 3338 4756 se
3367 4701 3443 4756 ci-

1865 4802 1991 4856 bum
2023 4815 2145 4854 cum
2173 4799 2292 4852 aliis
2319 4807 2690 4868 accepturum,
2717 4798 2818 4851 nisi
2843 4798 2988 4867 prius
3014 4798 3270 4850 Sanctum
3301 4795 3448 4850 vide-

1865 4903 1949 4949 ret
1976 4893 2289 4947 Columbam
2311 4930 2327 4958 ,
2360 4905 2590 4959 eumque
2631 4892 3020 4961 alloqueretur.
3052 4890 3179 4956 Quae
3225 4889 3451 4944 infelicis

1864 4986 2028 5040 verba
2058 4985 2368 5041 Diormitius
2395 4987 2459 5038 ad
2506 4986 2763 5041 Sanctum
2797 4999 3048 5040 reversus
3078 4984 3280 5038 retulit.
3313 4984 3444 5049 Qui-

1865 5081 1967 5135 bus
1994 5080 2302 5149 compertis,
2339 5077 2569 5133 Sanctus
2599 5079 2665 5132 ad
2712 5088 2925 5148 portum
2959 5079 3194 5149 perrexit
3235 5078 3448 5132 Baithe-

1866 5188 2098 5241 neoque,
2126 5173 2346 5241 prolatis
2367 5187 2530 5226 sacrae
2554 5171 2846 5242 Scriptura;
2875 5173 3216 5238 testimoniis,
3249 5187 3445 5241 sugge-

1865 5267 2029 5330 renti,
2057 5275 2116 5320 ut
2137 5267 2317 5320 miseri
2343 5267 2624 5336 pmtiitudo
2651 5268 3036 5336 susciperetur,
3070 5265 3298 5321 Sanctus
3319 5282 3450 5321 con-

1867 5369 2156 5427 sequenter
2187 5361 2358 5428 inquit
2385 5379 2397 5412 :
2436 5380 2453 5410 t
2483 5360 2527 5413 0
2560 5361 2871 5425 Beithenee,
2906 5361 2992 5414 hic
3023 5361 3184 5413 homo
3217 5360 3450 5416 fratrici-

1866 5450 2008 5504 dium
2044 5451 2094 5504 in
2125 5451 2345 5505 modum
2368 5451 2500 5507 Cain
2532 5452 2883 5522 perpetravit,
2915 5462 2970 5507 et
2999 5468 3120 5508 cum
3149 5469 3245 5508 sua
3280 5463 3453 5510 matre

1867 5541 2165 5598 moechatus
2194 5552 2296 5597 est.
2331 5563 2347 5594 ι

1938 5637 1977 5689 Τ
1986 5653 2071 5690 υιιι
2103 5638 2318 5692 demum
2351 5640 2519 5694 miser
2551 5639 2603 5693 in
2638 5639 2821 5695 littore
2852 5638 3006 5696 ﬂexis
3038 5640 3264 5709 genibus
3307 5640 3454 5708 leges

1867 5731 2196 5800 poenitentize
2228 5733 2566 5802 expleturum
2597 5750 2656 5788 se
2684 5736 2950 5805 promisit,
2971 5735 3126 5802 juxta
3151 5733 3335 5788 Sancti
3369 5735 3450 5789 in-

1866 5823 2209 5879 dicationem.
2235 5825 2330 5880 Cui
2355 5835 2574 5882 sanctus
2600 5829 2674 5882 ait
2699 5844 2711 5879 :
2744 5848 2761 5878 ‹
2790 5827 2845 5882 Si
2875 5829 3161 5885 duodecim
3189 5832 3344 5886 annis
3368 5834 3450 5885 in-

1868 5925 1948 5975 ter
1975 5918 2221 5978 Britones
2251 5939 2371 5980 cum
2402 5921 2529 5981 fletu
2552 5932 2605 5982 et
2633 5925 2770 6000 ιω,
2781 5928 2882 5984 mis
2905 5928 3280 6000 pmoitentiam
3311 5943 3440 6002 ege-
