  <div class='ocr_page' id='page_1' title='image "/cluster/home/n/w/nwhite01/storage/ocr_20150623/88-89/uc1.31175000868714/371.png"; bbox 0 0 4204 6568; ppageno 0'>
   <div class='ocr_carea' id='block_1_1' title="bbox 749 450 852 506">
    <p class='ocr_par' dir='ltr' id='par_1_1' title="bbox 749 450 852 506">
     <span class='ocr_line' id='line_1_1' title="bbox 749 450 852 506; baseline 0 -1"><span class='ocrx_word' id='word_1_1' title='bbox 749 450 852 506; x_wconf 77' lang='grc'><strong>735</strong></span> 
     </span>
    </p>
   </div>
   <div class='ocr_carea' id='block_1_2' title="bbox 1941 435 2868 496">
    <p class='ocr_par' dir='ltr' id='par_1_2' title="bbox 1941 435 2868 496">
     <span class='ocr_line' id='line_1_2' title="bbox 1941 435 2868 496; baseline 0.001 -1"><span class='ocrx_word' id='word_1_2' title='bbox 1941 437 2184 495; x_wconf 79' lang='lat' dir='ltr'><strong>SANCTI</strong></span> <span class='ocrx_word' id='word_1_3' title='bbox 2221 435 2534 495; x_wconf 75' lang='lat' dir='ltr'><strong>ADAIIANI</strong></span> <span class='ocrx_word' id='word_1_4' title='bbox 2573 437 2868 496; x_wconf 78' lang='lat' dir='ltr'><strong>ABBATIS</strong></span> 
     </span>
    </p>
   </div>
   <div class='ocr_carea' id='block_1_3' title="bbox 3920 448 4014 501">
    <p class='ocr_par' dir='ltr' id='par_1_3' title="bbox 3920 448 4014 501">
     <span class='ocr_line' id='line_1_3' title="bbox 3920 448 4014 501; baseline 0 0"><span class='ocrx_word' id='word_1_5' title='bbox 3920 448 4014 501; x_wconf 75' lang='lat'><strong>756</strong></span> 
     </span>
    </p>
   </div>
   <div class='ocr_carea' id='block_1_4' title="bbox 749 549 4014 634">
    <p class='ocr_par' dir='ltr' id='par_1_4' title="bbox 749 549 4014 634">
     <span class='ocr_line' id='line_1_4' title="bbox 749 549 4014 634; baseline 0 -16"><span class='ocrx_word' id='word_1_6' title='bbox 749 565 843 632; x_wconf 89' lang='lat' dir='ltr'><strong>ris,</strong></span> <span class='ocrx_word' id='word_1_7' title='bbox 873 549 977 617; x_wconf 88' lang='lat' dir='ltr'><strong>nec</strong></span> <span class='ocrx_word' id='word_1_8' title='bbox 1004 559 1072 616; x_wconf 88' lang='lat' dir='ltr'><strong>ad</strong></span> <span class='ocrx_word' id='word_1_9' title='bbox 1092 559 1328 615; x_wconf 87' lang='lat' dir='ltr'><strong>Scotiam</strong></span> <span class='ocrx_word' id='word_1_10' title='bbox 1357 569 1526 625; x_wconf 89' lang='lat' dir='ltr'><strong>usque</strong></span> <span class='ocrx_word' id='word_1_11' title='bbox 1557 559 1626 611; x_wconf 85' lang='lat' dir='ltr'><strong>ad</strong></span> <span class='ocrx_word' id='word_1_12' title='bbox 1667 563 1899 612; x_wconf 89' lang='lat' dir='ltr'><strong>mortem</strong></span> <span class='ocrx_word' id='word_1_13' title='bbox 1932 569 2182 611; x_wconf 82' lang='lat' dir='ltr'><strong>reversus</strong></span> <span class='ocrx_word' id='word_1_14' title='bbox 2207 552 2329 610; x_wconf 88' lang='lat' dir='ltr'><strong>fue-</strong></span> <span class='ocrx_word' id='word_1_15' title='bbox 2360 554 2412 617; x_wconf 74' lang='grc' dir='ltr'><strong>Α</strong></span> <span class='ocrx_word' id='word_1_16' title='bbox 2437 567 2592 608; x_wconf 87' lang='lat' dir='ltr'><strong>suum</strong></span> <span class='ocrx_word' id='word_1_17' title='bbox 2631 549 3058 610; x_wconf 71' lang='lat' dir='ltr'><strong>ministratorem</strong></span> <span class='ocrx_word' id='word_1_18' title='bbox 3101 556 3442 612; x_wconf 89' lang='lat' dir='ltr'><strong>Diormitium</strong></span> <span class='ocrx_word' id='word_1_19' title='bbox 3485 573 3805 628; x_wconf 87' lang='lat' dir='ltr'><strong>conversus,</strong></span> <span class='ocrx_word' id='word_1_20' title='bbox 3838 563 4014 634; x_wconf 86' lang='lat' dir='ltr'><strong>profa-</strong></span> 
     </span>
    </p>
   </div>
   <div class='ocr_carea' id='block_1_5' title="bbox 747 649 1954 723">
    <p class='ocr_par' dir='ltr' id='par_1_5' title="bbox 747 649 1954 723">
     <span class='ocr_line' id='line_1_5' title="bbox 747 649 1954 723; baseline -0.008 -9"><span class='ocrx_word' id='word_1_21' title='bbox 747 657 844 723; x_wconf 91' lang='lat' dir='ltr'><strong>ris,</strong></span> <span class='ocrx_word' id='word_1_22' title='bbox 872 653 1053 712; x_wconf 86' lang='lat' dir='ltr'><strong>forsan</strong></span> <span class='ocrx_word' id='word_1_23' title='bbox 1081 652 1223 709; x_wconf 88' lang='lat' dir='ltr'><strong>Deus</strong></span> <span class='ocrx_word' id='word_1_24' title='bbox 1250 658 1476 723; x_wconf 90' lang='lat' dir='ltr'><strong>peccato</strong></span> <span class='ocrx_word' id='word_1_25' title='bbox 1504 649 1750 721; x_wconf 78' lang='lat' dir='ltr'><strong>ignoscet</strong></span> <span class='ocrx_word' id='word_1_26' title='bbox 1777 659 1896 705; x_wconf 89' lang='lat' dir='ltr'><strong>tuo.</strong></span> <span class='ocrx_word' id='word_1_27' title='bbox 1935 670 1954 703; x_wconf 73' lang='grc' dir='ltr'><strong><em>ι</em></strong></span> 
     </span>
    </p>
   </div>
   <div class='ocr_carea' id='block_1_6' title="bbox 821 730 2328 811">
    <p class='ocr_par' dir='ltr' id='par_1_6' title="bbox 821 730 2328 811">
     <span class='ocr_line' id='line_1_6' title="bbox 821 730 2328 811; baseline -0.006 -6"><span class='ocrx_word' id='word_1_28' title='bbox 821 747 948 805; x_wconf 70' lang='lat' dir='ltr'><strong>Haec</strong></span> <span class='ocrx_word' id='word_1_29' title='bbox 995 730 1199 811; x_wconf 82' lang='lat' dir='ltr'><strong>dicens,</strong></span> <span class='ocrx_word' id='word_1_30' title='bbox 1247 744 1479 800; x_wconf 89' lang='lat' dir='ltr'><strong>Sanctus</strong></span> <span class='ocrx_word' id='word_1_31' title='bbox 1524 742 1593 798; x_wconf 90' lang='lat' dir='ltr'><strong>ad</strong></span> <span class='ocrx_word' id='word_1_32' title='bbox 1635 757 1762 798; x_wconf 88' lang='lat' dir='ltr'><strong>suos</strong></span> <span class='ocrx_word' id='word_1_33' title='bbox 1799 756 2093 800; x_wconf 88' lang='lat' dir='ltr'><strong>conversus</strong></span> <span class='ocrx_word' id='word_1_34' title='bbox 2146 741 2276 797; x_wconf 92' lang='lat' dir='ltr'><strong>dicit</strong></span> <span class='ocrx_word' id='word_1_35' title='bbox 2313 757 2328 797; x_wconf 86' lang='lat'><strong>:</strong></span> 
     </span>
    </p>
   </div>
   <div class='ocr_carea' id='block_1_7' title="bbox 754 836 2333 909">
    <p class='ocr_par' dir='ltr' id='par_1_7' title="bbox 754 836 2333 909">
     <span class='ocr_line' id='line_1_7' title="bbox 754 836 2333 909; baseline -0.004 -11"><span class='ocrx_word' id='word_1_36' title='bbox 754 860 778 898; x_wconf 73' lang='grc' dir='ltr'>ι</span> <span class='ocrx_word' id='word_1_37' title='bbox 806 840 906 898; x_wconf 83' lang='lat' dir='ltr'><strong>Hic</strong></span> <span class='ocrx_word' id='word_1_38' title='bbox 931 842 1096 897; x_wconf 90' lang='lat' dir='ltr'><strong>homo</strong></span> <span class='ocrx_word' id='word_1_39' title='bbox 1122 838 1267 901; x_wconf 84' lang='lat' dir='ltr'><strong>filius</strong></span> <span class='ocrx_word' id='word_1_40' title='bbox 1293 848 1376 894; x_wconf 88' lang='lat' dir='ltr'><strong>est</strong></span> <span class='ocrx_word' id='word_1_41' title='bbox 1399 837 1741 909; x_wconf 84' lang='lat' dir='ltr'><strong>perditionis,</strong></span> <span class='ocrx_word' id='word_1_42' title='bbox 1773 837 1863 908; x_wconf 90' lang='lat' dir='ltr'><strong>qui</strong></span> <span class='ocrx_word' id='word_1_43' title='bbox 1893 852 2056 907; x_wconf 89' lang='lat' dir='ltr'><strong>quam</strong></span> <span class='ocrx_word' id='word_1_44' title='bbox 2085 836 2333 908; x_wconf 78' lang='lat' dir='ltr'><strong>promisit</strong></span> 
     </span>
    </p>
   </div>
   <div class='ocr_carea' id='block_1_8' title="bbox 747 931 2331 1008">
    <p class='ocr_par' dir='ltr' id='par_1_8' title="bbox 747 931 2331 1008">
     <span class='ocr_line' id='line_1_8' title="bbox 747 931 2331 1008; baseline -0.003 -18"><span class='ocrx_word' id='word_1_45' title='bbox 747 935 1143 1008; x_wconf 75' lang='lat' dir='ltr'><strong>pmnitentiam,</strong></span> <span class='ocrx_word' id='word_1_46' title='bbox 1189 948 1299 988; x_wconf 91' lang='lat' dir='ltr'><strong>non</strong></span> <span class='ocrx_word' id='word_1_47' title='bbox 1337 931 1755 1002; x_wconf 44' lang='lat' dir='ltr'><strong>explebitjsed</strong></span> <span class='ocrx_word' id='word_1_48' title='bbox 1799 948 1923 986; x_wconf 83' lang='lat' dir='ltr'><strong>mox</strong></span> <span class='ocrx_word' id='word_1_49' title='bbox 1972 931 2038 986; x_wconf 90' lang='lat' dir='ltr'><strong>ad</strong></span> <span class='ocrx_word' id='word_1_50' title='bbox 2093 932 2331 986; x_wconf 83' lang='lat' dir='ltr'><strong>Scotiam</strong></span> 
     </span>
    </p>
   </div>
   <div class='ocr_carea' id='block_1_9' title="bbox 748 1024 2331 1100">
    <p class='ocr_par' dir='ltr' id='par_1_9' title="bbox 748 1024 2331 1100">
     <span class='ocr_line' id='line_1_9' title="bbox 748 1024 2331 1100; baseline -0.002 -15"><span class='ocrx_word' id='word_1_51' title='bbox 748 1035 1073 1092; x_wconf 80' lang='lat' dir='ltr'><strong>revertetur,</strong></span> <span class='ocrx_word' id='word_1_52' title='bbox 1105 1025 1285 1098; x_wconf 88' lang='lat' dir='ltr'><strong>ibique</strong></span> <span class='ocrx_word' id='word_1_53' title='bbox 1306 1026 1360 1081; x_wconf 92' lang='lat' dir='ltr'><strong>in</strong></span> <span class='ocrx_word' id='word_1_54' title='bbox 1389 1026 1538 1100; x_wconf 82' lang='lat' dir='ltr'><strong>brevi</strong></span> <span class='ocrx_word' id='word_1_55' title='bbox 1567 1025 1636 1081; x_wconf 90' lang='lat' dir='ltr'><strong>ab</strong></span> <span class='ocrx_word' id='word_1_56' title='bbox 1665 1025 1896 1080; x_wconf 92' lang='lat' dir='ltr'><strong>inimicis</strong></span> <span class='ocrx_word' id='word_1_57' title='bbox 1931 1024 2331 1082; x_wconf 88' lang='lat' dir='ltr'><strong>interficiendus</strong></span> 
     </span>
    </p>
   </div>
   <div class='ocr_carea' id='block_1_10' title="bbox 747 1116 2331 1192">
    <p class='ocr_par' dir='ltr' id='par_1_10' title="bbox 747 1116 2331 1192">
     <span class='ocr_line' id='line_1_10' title="bbox 747 1116 2331 1192; baseline -0.004 -16"><span class='ocrx_word' id='word_1_58' title='bbox 747 1120 961 1192; x_wconf 86' lang='lat' dir='ltr'><strong>peribit.</strong></span> <span class='ocrx_word' id='word_1_59' title='bbox 993 1137 1012 1171; x_wconf 78' lang='grc' dir='ltr'><strong><em>ι</em></strong></span> <span class='ocrx_word' id='word_1_60' title='bbox 1050 1117 1180 1185; x_wconf 70' lang='lat' dir='ltr'><strong>Qua:</strong></span> <span class='ocrx_word' id='word_1_61' title='bbox 1217 1118 1397 1173; x_wconf 87' lang='lat' dir='ltr'><strong>omnia</strong></span> <span class='ocrx_word' id='word_1_62' title='bbox 1445 1117 1742 1172; x_wconf 82' lang='lat' dir='ltr'><strong>secundum</strong></span> <span class='ocrx_word' id='word_1_63' title='bbox 1773 1116 1956 1171; x_wconf 87' lang='lat' dir='ltr'><strong>Sancti</strong></span> <span class='ocrx_word' id='word_1_64' title='bbox 1989 1117 2331 1186; x_wconf 83' lang='lat' dir='ltr'><strong>prophetiam</strong></span> 
     </span>
    </p>
   </div>
   <div class='ocr_carea' id='block_1_11' title="bbox 747 1206 2328 1279">
    <p class='ocr_par' dir='ltr' id='par_1_11' title="bbox 747 1206 2328 1279">
     <span class='ocr_line' id='line_1_11' title="bbox 747 1206 2328 1279; baseline -0.003 -13"><span class='ocrx_word' id='word_1_65' title='bbox 747 1211 823 1266; x_wconf 89' lang='lat' dir='ltr'><strong>ita</strong></span> <span class='ocrx_word' id='word_1_66' title='bbox 853 1209 1216 1279; x_wconf 89' lang='lat' dir='ltr'><strong>contigerunt.</strong></span> <span class='ocrx_word' id='word_1_67' title='bbox 1243 1208 1375 1263; x_wconf 83' lang='lat' dir='ltr'><strong>Nam</strong></span> <span class='ocrx_word' id='word_1_68' title='bbox 1407 1207 1573 1262; x_wconf 80' lang='lat' dir='ltr'><strong>miser</strong></span> <span class='ocrx_word' id='word_1_69' title='bbox 1598 1206 1786 1262; x_wconf 86' lang='lat' dir='ltr'><strong>iisdem</strong></span> <span class='ocrx_word' id='word_1_70' title='bbox 1817 1206 2011 1262; x_wconf 88' lang='lat' dir='ltr'><strong>diebus</strong></span> <span class='ocrx_word' id='word_1_71' title='bbox 2039 1207 2104 1261; x_wconf 87' lang='lat' dir='ltr'><strong>ad</strong></span> <span class='ocrx_word' id='word_1_72' title='bbox 2135 1206 2328 1262; x_wconf 82' lang='lat' dir='ltr'><strong>Iliber-</strong></span> 
     </span>
    </p>
   </div>
   <div class='ocr_carea' id='block_1_12' title="bbox 746 1289 2330 1370">
    <p class='ocr_par' dir='ltr' id='par_1_12' title="bbox 746 1289 2330 1370">
     <span class='ocr_line' id='line_1_12' title="bbox 746 1289 2330 1370; baseline -0.003 -11"><span class='ocrx_word' id='word_1_73' title='bbox 746 1302 892 1359; x_wconf 90' lang='lat' dir='ltr'><strong>niam</strong></span> <span class='ocrx_word' id='word_1_74' title='bbox 935 1289 1185 1360; x_wconf 80' lang='lat' dir='ltr'><strong>reversus</strong></span> <span class='ocrx_word' id='word_1_75' title='bbox 1226 1301 1278 1355; x_wconf 91' lang='lat' dir='ltr'><strong>in</strong></span> <span class='ocrx_word' id='word_1_76' title='bbox 1328 1300 1605 1370; x_wconf 84' lang='lat' dir='ltr'><strong>regionem</strong></span> <span class='ocrx_word' id='word_1_77' title='bbox 1650 1313 1770 1367; x_wconf 66' lang='lat' dir='ltr'><strong>quae</strong></span> <span class='ocrx_word' id='word_1_78' title='bbox 1799 1299 2068 1354; x_wconf 83' lang='lat' dir='ltr'><strong>vocitatur</strong></span> <span class='ocrx_word' id='word_1_79' title='bbox 2097 1297 2227 1364; x_wconf 88' lang='lat' dir='ltr'><strong>Lea,</strong></span> <span class='ocrx_word' id='word_1_80' title='bbox 2273 1298 2330 1354; x_wconf 88' lang='lat' dir='ltr'><strong>in</strong></span> 
     </span>
    </p>
   </div>
   <div class='ocr_carea' id='block_1_13' title="bbox 747 1391 2044 1451">
    <p class='ocr_par' dir='ltr' id='par_1_13' title="bbox 747 1391 2044 1451">
     <span class='ocr_line' id='line_1_13' title="bbox 747 1391 2044 1451; baseline -0.005 0"><span class='ocrx_word' id='word_1_81' title='bbox 747 1410 938 1451; x_wconf 90' lang='lat' dir='ltr'><strong>manus</strong></span> <span class='ocrx_word' id='word_1_82' title='bbox 967 1393 1208 1449; x_wconf 91' lang='lat' dir='ltr'><strong>incidens</strong></span> <span class='ocrx_word' id='word_1_83' title='bbox 1239 1392 1582 1448; x_wconf 83' lang='lat' dir='ltr'><strong>inimicorum</strong></span> <span class='ocrx_word' id='word_1_84' title='bbox 1616 1391 1912 1448; x_wconf 89' lang='lat' dir='ltr'><strong>trucidatus</strong></span> <span class='ocrx_word' id='word_1_85' title='bbox 1942 1401 2044 1448; x_wconf 87' lang='lat' dir='ltr'><strong>est.</strong></span> 
     </span>
    </p>
   </div>
   <div class='ocr_carea' id='block_1_14' title="bbox 819 1484 2331 1554">
    <p class='ocr_par' dir='ltr' id='par_1_14' title="bbox 819 1484 2331 1554">
     <span class='ocr_line' id='line_1_14' title="bbox 819 1484 2331 1554; baseline -0.001 -12"><span class='ocrx_word' id='word_1_86' title='bbox 819 1486 960 1543; x_wconf 76' lang='lat' dir='ltr'><strong>XIV.</strong></span> <span class='ocrx_word' id='word_1_87' title='bbox 991 1487 1112 1550; x_wconf 87' lang='lat' dir='ltr'><strong>Alio</strong></span> <span class='ocrx_word' id='word_1_88' title='bbox 1142 1487 1323 1541; x_wconf 89' lang='lat' dir='ltr'><strong>itidem</strong></span> <span class='ocrx_word' id='word_1_89' title='bbox 1348 1486 1398 1540; x_wconf 93' lang='lat' dir='ltr'><strong>in</strong></span> <span class='ocrx_word' id='word_1_90' title='bbox 1423 1493 1668 1554; x_wconf 88' lang='lat' dir='ltr'><strong>tempore</strong></span> <span class='ocrx_word' id='word_1_91' title='bbox 1698 1484 1969 1552; x_wconf 88' lang='lat' dir='ltr'><strong>Lugbeus,</strong></span> <span class='ocrx_word' id='word_1_92' title='bbox 1994 1484 2148 1552; x_wconf 88' lang='lat' dir='ltr'><strong>cujus</strong></span> <span class='ocrx_word' id='word_1_93' title='bbox 2169 1499 2331 1554; x_wconf 87' lang='lat' dir='ltr'><strong>supra</strong></span> 
     </span>
    </p>
   </div>
   <div class='ocr_carea' id='block_1_15' title="bbox 746 1573 2333 1646">
    <p class='ocr_par' dir='ltr' id='par_1_15' title="bbox 746 1573 2333 1646">
     <span class='ocr_line' id='line_1_15' title="bbox 746 1573 2333 1646; baseline -0.002 -13"><span class='ocrx_word' id='word_1_94' title='bbox 746 1578 1079 1634; x_wconf 85' lang='lat' dir='ltr'><strong>mentionem</strong></span> <span class='ocrx_word' id='word_1_95' title='bbox 1110 1577 1354 1644; x_wconf 77' lang='lat' dir='ltr'><strong>fecimus,</strong></span> <span class='ocrx_word' id='word_1_96' title='bbox 1385 1576 1618 1645; x_wconf 80' lang='lat' dir='ltr'><strong>quadarn</strong></span> <span class='ocrx_word' id='word_1_97' title='bbox 1663 1575 1752 1630; x_wconf 90' lang='lat' dir='ltr'><strong>die</strong></span> <span class='ocrx_word' id='word_1_98' title='bbox 1794 1575 1862 1630; x_wconf 89' lang='lat' dir='ltr'><strong>ad</strong></span> <span class='ocrx_word' id='word_1_99' title='bbox 1907 1573 2164 1630; x_wconf 86' lang='lat' dir='ltr'><strong>Sanctum</strong></span> <span class='ocrx_word' id='word_1_100' title='bbox 2213 1584 2333 1646; x_wconf 88' lang='lat' dir='ltr'><strong>post</strong></span> 
     </span>
    </p>
   </div>
   <div class='ocr_carea' id='block_1_16' title="bbox 747 1668 2334 1747">
    <p class='ocr_par' dir='ltr' id='par_1_16' title="bbox 747 1668 2334 1747">
     <span class='ocr_line' id='line_1_16' title="bbox 747 1668 2334 1747; baseline -0.001 -21"><span class='ocrx_word' id='word_1_101' title='bbox 747 1671 958 1742; x_wconf 86' lang='lat' dir='ltr'><strong>frugum</strong></span> <span class='ocrx_word' id='word_1_102' title='bbox 990 1671 1214 1747; x_wconf 78' lang='lat' dir='ltr'><strong>veniens</strong></span> <span class='ocrx_word' id='word_1_103' title='bbox 1244 1669 1668 1736; x_wconf 87' lang='lat' dir='ltr'><strong>triturationem,</strong></span> <span class='ocrx_word' id='word_1_104' title='bbox 1712 1668 1861 1724; x_wconf 85' lang='lat' dir='ltr'><strong>nullo</strong></span> <span class='ocrx_word' id='word_1_105' title='bbox 1902 1669 2064 1724; x_wconf 88' lang='lat' dir='ltr'><strong>modo</strong></span> <span class='ocrx_word' id='word_1_106' title='bbox 2094 1669 2210 1739; x_wconf 83' lang='lat' dir='ltr'><strong>ejus</strong></span> <span class='ocrx_word' id='word_1_107' title='bbox 2254 1668 2334 1724; x_wconf 91' lang='lat' dir='ltr'><strong>fa-</strong></span> 
     </span>
    </p>
   </div>
   <div class='ocr_carea' id='block_1_17' title="bbox 746 1760 2330 1834">
    <p class='ocr_par' dir='ltr' id='par_1_17' title="bbox 746 1760 2330 1834">
     <span class='ocr_line' id='line_1_17' title="bbox 746 1760 2330 1834; baseline -0.001 -14"><span class='ocrx_word' id='word_1_108' title='bbox 746 1764 882 1820; x_wconf 88' lang='lat' dir='ltr'><strong>ciem</strong></span> <span class='ocrx_word' id='word_1_109' title='bbox 907 1763 1103 1819; x_wconf 90' lang='lat' dir='ltr'><strong>intueri</strong></span> <span class='ocrx_word' id='word_1_110' title='bbox 1125 1765 1322 1834; x_wconf 88' lang='lat' dir='ltr'><strong>potuit,</strong></span> <span class='ocrx_word' id='word_1_111' title='bbox 1353 1763 1491 1818; x_wconf 91' lang='lat' dir='ltr'><strong>miro</strong></span> <span class='ocrx_word' id='word_1_112' title='bbox 1515 1760 1854 1832; x_wconf 80' lang='lat' dir='ltr'><strong>superfusam</strong></span> <span class='ocrx_word' id='word_1_113' title='bbox 1879 1763 2079 1818; x_wconf 89' lang='lat' dir='ltr'><strong>rubore</strong></span> <span class='ocrx_word' id='word_1_114' title='bbox 2105 1779 2120 1828; x_wconf 89' lang='lat'><strong>;</strong></span> <span class='ocrx_word' id='word_1_115' title='bbox 2152 1762 2330 1818; x_wconf 87' lang='lat' dir='ltr'><strong>valde-</strong></span> 
     </span>
    </p>
   </div>
   <div class='ocr_carea' id='block_1_18' title="bbox 745 1853 2325 1926">
    <p class='ocr_par' dir='ltr' id='par_1_18' title="bbox 745 1853 2325 1926">
     <span class='ocr_line' id='line_1_18' title="bbox 745 1853 2325 1926; baseline -0.003 -15"><span class='ocrx_word' id='word_1_116' title='bbox 745 1871 852 1926; x_wconf 81' lang='lat' dir='ltr'><strong>que</strong></span> <span class='ocrx_word' id='word_1_117' title='bbox 881 1855 1268 1926; x_wconf 76' lang='lat' dir='ltr'><strong>pertimescens</strong></span> <span class='ocrx_word' id='word_1_118' title='bbox 1298 1854 1408 1910; x_wconf 90' lang='lat' dir='ltr'><strong>cito</strong></span> <span class='ocrx_word' id='word_1_119' title='bbox 1437 1853 1673 1922; x_wconf 80' lang='lat' dir='ltr'><strong>aufugit;</strong></span> <span class='ocrx_word' id='word_1_120' title='bbox 1707 1868 1871 1922; x_wconf 85' lang='lat' dir='ltr'><strong>quem</strong></span> <span class='ocrx_word' id='word_1_121' title='bbox 1917 1855 2145 1908; x_wconf 86' lang='lat' dir='ltr'><strong>Sanctus</strong></span> <span class='ocrx_word' id='word_1_122' title='bbox 2175 1868 2325 1909; x_wconf 90' lang='lat' dir='ltr'><strong>com-</strong></span> 
     </span>
    </p>
   </div>
   <div class='ocr_carea' id='block_1_19' title="bbox 2437 645 4015 724">
    <p class='ocr_par' dir='ltr' id='par_1_19' title="bbox 2437 645 4015 724">
     <span class='ocr_line' id='line_1_19' title="bbox 2437 645 4015 724; baseline 0.006 -25"><span class='ocrx_word' id='word_1_123' title='bbox 2437 653 2522 702; x_wconf 91' lang='lat' dir='ltr'><strong>tus</strong></span> <span class='ocrx_word' id='word_1_124' title='bbox 2551 653 2652 712; x_wconf 88' lang='lat' dir='ltr'><strong>est,</strong></span> <span class='ocrx_word' id='word_1_125' title='bbox 2682 645 2866 701; x_wconf 86' lang='lat' dir='ltr'><strong>dicens</strong></span> <span class='ocrx_word' id='word_1_126' title='bbox 2895 665 2905 700; x_wconf 92' lang='lat'>:</span> <span class='ocrx_word' id='word_1_127' title='bbox 2952 667 2970 700; x_wconf 86' lang='grc'><strong><em>‹</em></strong></span> <span class='ocrx_word' id='word_1_128' title='bbox 3001 646 3166 703; x_wconf 85' lang='lat' dir='ltr'><strong>Miror</strong></span> <span class='ocrx_word' id='word_1_129' title='bbox 3195 664 3360 718; x_wconf 89' lang='lat' dir='ltr'><strong>quare</strong></span> <span class='ocrx_word' id='word_1_130' title='bbox 3387 650 3591 706; x_wconf 89' lang='lat' dir='ltr'><strong>tardius</strong></span> <span class='ocrx_word' id='word_1_131' title='bbox 3622 654 4015 724; x_wconf 83' lang='lat' dir='ltr'><strong>appropinquat</strong></span> 
     </span>
    </p>
   </div>
   <div class='ocr_carea' id='block_1_20' title="bbox 2437 735 4014 811">
    <p class='ocr_par' dir='ltr' id='par_1_20' title="bbox 2437 735 4014 811">
     <span class='ocr_line' id='line_1_20' title="bbox 2437 735 4014 811; baseline 0.007 -22"><span class='ocrx_word' id='word_1_132' title='bbox 2437 736 2682 805; x_wconf 67' lang='lat' dir='ltr'><strong>quaedam</strong></span> <span class='ocrx_word' id='word_1_133' title='bbox 2713 735 2781 791; x_wconf 89' lang='lat' dir='ltr'><strong>de</strong></span> <span class='ocrx_word' id='word_1_134' title='bbox 2808 736 2988 792; x_wconf 88' lang='lat' dir='ltr'><strong>Scotia</strong></span> <span class='ocrx_word' id='word_1_135' title='bbox 3020 741 3195 806; x_wconf 87' lang='lat' dir='ltr'><strong>navis,</strong></span> <span class='ocrx_word' id='word_1_136' title='bbox 3227 756 3346 811; x_wconf 64' lang='lat' dir='ltr'><strong>quae</strong></span> <span class='ocrx_word' id='word_1_137' title='bbox 3376 743 3661 810; x_wconf 87' lang='lat' dir='ltr'><strong>quemdam</strong></span> <span class='ocrx_word' id='word_1_138' title='bbox 3691 743 3907 799; x_wconf 87' lang='lat' dir='ltr'><strong>advehit</strong></span> <span class='ocrx_word' id='word_1_139' title='bbox 3935 760 4014 800; x_wconf 83' lang='lat' dir='ltr'><strong>sa-</strong></span> 
     </span>
    </p>
   </div>
   <div class='ocr_carea' id='block_1_21' title="bbox 2434 829 4015 905">
    <p class='ocr_par' dir='ltr' id='par_1_21' title="bbox 2434 829 4015 905">
     <span class='ocr_line' id='line_1_21' title="bbox 2434 829 4015 905; baseline 0.003 -23"><span class='ocrx_word' id='word_1_140' title='bbox 2434 829 2670 899; x_wconf 89' lang='lat' dir='ltr'><strong>pientem</strong></span> <span class='ocrx_word' id='word_1_141' title='bbox 2693 829 2885 896; x_wconf 89' lang='lat' dir='ltr'><strong>virum,</strong></span> <span class='ocrx_word' id='word_1_142' title='bbox 2915 829 3006 902; x_wconf 86' lang='lat' dir='ltr'><strong>qui</strong></span> <span class='ocrx_word' id='word_1_143' title='bbox 3036 831 3086 885; x_wconf 91' lang='lat' dir='ltr'><strong>in</strong></span> <span class='ocrx_word' id='word_1_144' title='bbox 3110 833 3342 902; x_wconf 90' lang='lat' dir='ltr'><strong>quodam</strong></span> <span class='ocrx_word' id='word_1_145' title='bbox 3370 833 3610 889; x_wconf 82' lang='lat' dir='ltr'><strong>facinore</strong></span> <span class='ocrx_word' id='word_1_146' title='bbox 3634 835 3816 905; x_wconf 89' lang='lat' dir='ltr'><strong>lapsus</strong></span> <span class='ocrx_word' id='word_1_147' title='bbox 3846 837 4015 905; x_wconf 58' lang='lat' dir='ltr'><strong>laery-</strong></span> 
     </span>
    </p>
   </div>
   <div class='ocr_carea' id='block_1_22' title="bbox 2433 924 4018 992">
    <p class='ocr_par' dir='ltr' id='par_1_22' title="bbox 2433 924 4018 992">
     <span class='ocr_line' id='line_1_22' title="bbox 2433 924 4018 992; baseline 0.006 -17"><span class='ocrx_word' id='word_1_148' title='bbox 2433 936 2641 975; x_wconf 89' lang='lat' dir='ltr'><strong>mosam</strong></span> <span class='ocrx_word' id='word_1_149' title='bbox 2671 935 2864 989; x_wconf 83' lang='lat' dir='ltr'><strong>gerens</strong></span> <span class='ocrx_word' id='word_1_150' title='bbox 2913 924 3304 992; x_wconf 80' lang='lat' dir='ltr'><strong>ptrnitudinem</strong></span> <span class='ocrx_word' id='word_1_151' title='bbox 3355 941 3481 979; x_wconf 86' lang='lat' dir='ltr'><strong>mox</strong></span> <span class='ocrx_word' id='word_1_152' title='bbox 3519 926 3784 980; x_wconf 82' lang='lat' dir='ltr'><strong>adveniet.</strong></span> <span class='ocrx_word' id='word_1_153' title='bbox 3821 947 3838 978; x_wconf 78' lang='grc' dir='ltr'><strong><em>ι</em></strong></span> <span class='ocrx_word' id='word_1_154' title='bbox 3892 927 4018 984; x_wconf 78' lang='lat' dir='ltr'><strong>Post</strong></span> 
     </span>
    </p>
   </div>
   <div class='ocr_carea' id='block_1_23' title="bbox 2433 1012 4016 1089">
    <p class='ocr_par' dir='ltr' id='par_1_23' title="bbox 2433 1012 4016 1089">
     <span class='ocr_line' id='line_1_23' title="bbox 2433 1012 4016 1089; baseline 0.004 -24"><span class='ocrx_word' id='word_1_155' title='bbox 2433 1013 2662 1083; x_wconf 86' lang='lat' dir='ltr'><strong>proinde</strong></span> <span class='ocrx_word' id='word_1_156' title='bbox 2691 1012 2836 1067; x_wconf 88' lang='lat' dir='ltr'><strong>haud</strong></span> <span class='ocrx_word' id='word_1_157' title='bbox 2865 1015 3066 1082; x_wconf 82' lang='lat' dir='ltr'><strong>grande</strong></span> <span class='ocrx_word' id='word_1_158' title='bbox 3098 1016 3436 1069; x_wconf 77' lang='lat' dir='ltr'><strong>intervallum</strong></span> <span class='ocrx_word' id='word_1_159' title='bbox 3465 1016 3530 1069; x_wconf 81' lang='lat' dir='ltr'><strong>ad</strong></span> <span class='ocrx_word' id='word_1_160' title='bbox 3561 1014 3816 1071; x_wconf 85' lang='lat' dir='ltr'><strong>Austrum</strong></span> <span class='ocrx_word' id='word_1_161' title='bbox 3863 1036 4016 1089; x_wconf 86' lang='lat' dir='ltr'><strong>prus-</strong></span> 
     </span>
    </p>
   </div>
   <div class='ocr_carea' id='block_1_24' title="bbox 2433 1104 4018 1181">
    <p class='ocr_par' dir='ltr' id='par_1_24' title="bbox 2433 1104 4018 1181">
     <span class='ocr_line' id='line_1_24' title="bbox 2433 1104 4018 1181; baseline 0.005 -23"><span class='ocrx_word' id='word_1_162' title='bbox 2433 1104 2640 1174; x_wconf 88' lang='lat' dir='ltr'><strong>piciens</strong></span> <span class='ocrx_word' id='word_1_163' title='bbox 2671 1107 2915 1160; x_wconf 88' lang='lat' dir='ltr'><strong>minister</strong></span> <span class='ocrx_word' id='word_1_164' title='bbox 2936 1107 3111 1162; x_wconf 84' lang='lat' dir='ltr'><strong>velum</strong></span> <span class='ocrx_word' id='word_1_165' title='bbox 3142 1109 3290 1163; x_wconf 78' lang='lat' dir='ltr'><strong>navis</strong></span> <span class='ocrx_word' id='word_1_166' title='bbox 3319 1109 3449 1162; x_wconf 62' lang='lat' dir='ltr'><strong>Viti&quot;.</strong></span> <span class='ocrx_word' id='word_1_167' title='bbox 3477 1110 3546 1165; x_wconf 90' lang='lat' dir='ltr'><strong>ad</strong></span> <span class='ocrx_word' id='word_1_168' title='bbox 3575 1118 3789 1178; x_wconf 88' lang='lat' dir='ltr'><strong>portqu</strong></span> <span class='ocrx_word' id='word_1_169' title='bbox 3824 1127 4018 1181; x_wconf 80' lang='lat' dir='ltr'><strong>appro-</strong></span> 
     </span>
    </p>
   </div>
   <div class='ocr_carea' id='block_1_25' title="bbox 2432 1198 4018 1270">
    <p class='ocr_par' dir='ltr' id='par_1_25' title="bbox 2432 1198 4018 1270">
     <span class='ocr_line' id='line_1_25' title="bbox 2432 1198 4018 1270; baseline 0.004 -19"><span class='ocrx_word' id='word_1_170' title='bbox 2432 1198 2779 1269; x_wconf 89' lang='lat' dir='ltr'><strong>pinquantis;</strong></span> <span class='ocrx_word' id='word_1_171' title='bbox 2813 1216 2974 1270; x_wconf 90' lang='lat' dir='ltr'><strong>quam</strong></span> <span class='ocrx_word' id='word_1_172' title='bbox 3003 1218 3126 1257; x_wconf 91' lang='lat' dir='ltr'><strong>cum</strong></span> <span class='ocrx_word' id='word_1_173' title='bbox 3159 1201 3360 1259; x_wconf 86' lang='lat' dir='ltr'><strong>Sancto</strong></span> <span class='ocrx_word' id='word_1_174' title='bbox 3391 1205 3768 1260; x_wconf 81' lang='lat' dir='ltr'><strong>adventantem</strong></span> <span class='ocrx_word' id='word_1_175' title='bbox 3795 1206 4018 1260; x_wconf 73' lang='lat' dir='ltr'><strong>demun-</strong></span> 
     </span>
    </p>
   </div>
   <div class='ocr_carea' id='block_1_26' title="bbox 2432 1295 4021 1372">
    <p class='ocr_par' dir='ltr' id='par_1_26' title="bbox 2432 1295 4021 1372">
     <span class='ocr_line' id='line_1_26' title="bbox 2432 1295 4021 1372; baseline 0.004 -23"><span class='ocrx_word' id='word_1_176' title='bbox 2432 1303 2667 1349; x_wconf 85' lang='lat' dir='ltr'><strong>straret:</strong></span> <span class='ocrx_word' id='word_1_177' title='bbox 2698 1314 2717 1348; x_wconf 83' lang='grc'><strong>‹</strong></span> <span class='ocrx_word' id='word_1_178' title='bbox 2744 1295 2866 1350; x_wconf 89' lang='lat' dir='ltr'><strong>Cito</strong></span> <span class='ocrx_word' id='word_1_179' title='bbox 2896 1298 3125 1364; x_wconf 72' lang='lat' dir='ltr'><strong>surgite,</strong></span> <span class='ocrx_word' id='word_1_180' title='bbox 3170 1299 3415 1367; x_wconf 74' lang='lat' dir='ltr'><strong>inquiens</strong></span> <span class='ocrx_word' id='word_1_181' title='bbox 3448 1298 3540 1371; x_wconf 62' lang='grc' dir='ltr'><strong>[ιθ.</strong></span> <span class='ocrx_word' id='word_1_182' title='bbox 3565 1298 3760 1372; x_wconf 91' lang='lat' dir='ltr'><strong>inquit]</strong></span> <span class='ocrx_word' id='word_1_183' title='bbox 3789 1317 3802 1352; x_wconf 90' lang='lat'><strong>:</strong></span> <span class='ocrx_word' id='word_1_184' title='bbox 3836 1316 4021 1355; x_wconf 78' lang='lat' dir='ltr'><strong>eamus</strong></span> 
     </span>
    </p>
   </div>
   <div class='ocr_carea' id='block_1_27' title="bbox 2432 1388 4022 1463">
    <p class='ocr_par' dir='ltr' id='par_1_27' title="bbox 2432 1388 4022 1463">
     <span class='ocr_line' id='line_1_27' title="bbox 2432 1388 4022 1463; baseline 0.004 -21"><span class='ocrx_word' id='word_1_185' title='bbox 2432 1389 2707 1459; x_wconf 79' lang='lat' dir='ltr'><strong>proselyto</strong></span> <span class='ocrx_word' id='word_1_186' title='bbox 2736 1388 2972 1455; x_wconf 80' lang='lat' dir='ltr'><strong>obviam,</strong></span> <span class='ocrx_word' id='word_1_187' title='bbox 3005 1390 3158 1458; x_wconf 73' lang='lat' dir='ltr'><strong>cujus</strong></span> <span class='ocrx_word' id='word_1_188' title='bbox 3179 1407 3360 1444; x_wconf 79' lang='lat' dir='ltr'><strong>veram</strong></span> <span class='ocrx_word' id='word_1_189' title='bbox 3384 1393 3628 1448; x_wconf 83' lang='lat' dir='ltr'><strong>Christus</strong></span> <span class='ocrx_word' id='word_1_190' title='bbox 3649 1395 3888 1462; x_wconf 78' lang='lat' dir='ltr'><strong>suscepit</strong></span> <span class='ocrx_word' id='word_1_191' title='bbox 3913 1409 4022 1463; x_wconf 75' lang='lat' dir='ltr'><strong>pte-</strong></span> 
     </span>
    </p>
   </div>
   <div class='ocr_carea' id='block_1_28' title="bbox 2433 1480 4018 1550">
    <p class='ocr_par' dir='ltr' id='par_1_28' title="bbox 2433 1480 4018 1550">
     <span class='ocr_line' id='line_1_28' title="bbox 2433 1480 4018 1550; baseline 0.004 -16"><span class='ocrx_word' id='word_1_192' title='bbox 2433 1480 2730 1534; x_wconf 89' lang='lat' dir='ltr'><strong>nitentiam.</strong></span> <span class='ocrx_word' id='word_1_193' title='bbox 2766 1501 2784 1532; x_wconf 72' lang='grc' dir='ltr'><strong>ι</strong></span> <span class='ocrx_word' id='word_1_194' title='bbox 2835 1483 2902 1536; x_wconf 84' lang='lat' dir='ltr'><strong>At</strong></span> <span class='ocrx_word' id='word_1_195' title='bbox 2935 1498 3062 1536; x_wconf 88' lang='lat' dir='ltr'><strong>vero</strong></span> <span class='ocrx_word' id='word_1_196' title='bbox 3099 1482 3382 1538; x_wconf 73' lang='lat' dir='ltr'><strong>Fcrhnaus</strong></span> <span class='ocrx_word' id='word_1_197' title='bbox 3422 1486 3487 1537; x_wconf 82' lang='lat' dir='ltr'><strong>de</strong></span> <span class='ocrx_word' id='word_1_198' title='bbox 3516 1487 3635 1539; x_wconf 82' lang='lat' dir='ltr'><strong>navi</strong></span> <span class='ocrx_word' id='word_1_199' title='bbox 3662 1485 4018 1550; x_wconf 71' lang='lat' dir='ltr'><strong>descendens,</strong></span> 
     </span>
    </p>
   </div>
   <div class='ocr_carea' id='block_1_29' title="bbox 2435 1574 4022 1646">
    <p class='ocr_par' dir='ltr' id='par_1_29' title="bbox 2435 1574 4022 1646">
     <span class='ocr_line' id='line_1_29' title="bbox 2435 1574 4022 1646; baseline 0.004 -18"><span class='ocrx_word' id='word_1_200' title='bbox 2435 1575 2634 1629; x_wconf 81' lang='lat' dir='ltr'><strong>Sancto</strong></span> <span class='ocrx_word' id='word_1_201' title='bbox 2680 1574 2748 1628; x_wconf 86' lang='lat' dir='ltr'><strong>ad</strong></span> <span class='ocrx_word' id='word_1_202' title='bbox 2798 1583 3012 1645; x_wconf 74' lang='lat' dir='ltr'><strong>portum</strong></span> <span class='ocrx_word' id='word_1_203' title='bbox 3053 1579 3385 1646; x_wconf 74' lang='lat' dir='ltr'><strong>pcrveuicnti</strong></span> <span class='ocrx_word' id='word_1_204' title='bbox 3414 1579 3603 1633; x_wconf 79' lang='lat' dir='ltr'><strong>obvius</strong></span> <span class='ocrx_word' id='word_1_205' title='bbox 3632 1581 3870 1634; x_wconf 80' lang='lat' dir='ltr'><strong>occurrit</strong></span> <span class='ocrx_word' id='word_1_206' title='bbox 3903 1597 4022 1634; x_wconf 86' lang='lat' dir='ltr'><strong>cum</strong></span> 
     </span>
    </p>
   </div>
   <div class='ocr_carea' id='block_1_30' title="bbox 2433 1666 4024 1739">
    <p class='ocr_par' dir='ltr' id='par_1_30' title="bbox 2433 1666 4024 1739">
     <span class='ocr_line' id='line_1_30' title="bbox 2433 1666 4024 1739; baseline 0.006 -21"><span class='ocrx_word' id='word_1_207' title='bbox 2433 1666 2580 1730; x_wconf 81' lang='lat' dir='ltr'><strong>fletu,</strong></span> <span class='ocrx_word' id='word_1_208' title='bbox 2608 1675 2662 1720; x_wconf 91' lang='lat' dir='ltr'><strong>et</strong></span> <span class='ocrx_word' id='word_1_209' title='bbox 2688 1666 2940 1734; x_wconf 74' lang='lat' dir='ltr'><strong>laurento,</strong></span> <span class='ocrx_word' id='word_1_210' title='bbox 2966 1677 3090 1722; x_wconf 90' lang='lat' dir='ltr'><strong>ante</strong></span> <span class='ocrx_word' id='word_1_211' title='bbox 3123 1669 3284 1738; x_wconf 82' lang='lat' dir='ltr'><strong>pedes</strong></span> <span class='ocrx_word' id='word_1_212' title='bbox 3311 1670 3426 1738; x_wconf 83' lang='lat' dir='ltr'><strong>ejus</strong></span> <span class='ocrx_word' id='word_1_213' title='bbox 3468 1671 3839 1739; x_wconf 82' lang='lat' dir='ltr'><strong>ingeniculaus</strong></span> <span class='ocrx_word' id='word_1_214' title='bbox 3871 1670 4024 1728; x_wconf 76' lang='lat' dir='ltr'><strong>ﬂexis</strong></span> 
     </span>
    </p>
   </div>
   <div class='ocr_carea' id='block_1_31' title="bbox 2433 1763 4026 1833">
    <p class='ocr_par' dir='ltr' id='par_1_31' title="bbox 2433 1763 4026 1833">
     <span class='ocr_line' id='line_1_31' title="bbox 2433 1763 4026 1833; baseline 0.002 -17"><span class='ocrx_word' id='word_1_215' title='bbox 2433 1763 2657 1830; x_wconf 86' lang='lat' dir='ltr'><strong>genibus</strong></span> <span class='ocrx_word' id='word_1_216' title='bbox 2681 1803 2695 1826; x_wconf 93' lang='lat'><strong>,</strong></span> <span class='ocrx_word' id='word_1_217' title='bbox 2751 1764 3085 1818; x_wconf 88' lang='lat' dir='ltr'><strong>amarissime</strong></span> <span class='ocrx_word' id='word_1_218' title='bbox 3131 1765 3424 1833; x_wconf 82' lang='lat' dir='ltr'><strong>ingemuit;</strong></span> <span class='ocrx_word' id='word_1_219' title='bbox 3457 1775 3512 1820; x_wconf 90' lang='lat' dir='ltr'><strong>et</strong></span> <span class='ocrx_word' id='word_1_220' title='bbox 3549 1782 3734 1820; x_wconf 80' lang='lat' dir='ltr'><strong>coram</strong></span> <span class='ocrx_word' id='word_1_221' title='bbox 3773 1769 4026 1820; x_wconf 81' lang='lat' dir='ltr'><strong>omnibus</strong></span> 
     </span>
    </p>
   </div>
   <div class='ocr_carea' id='block_1_32' title="bbox 2435 1854 3828 1926">
    <p class='ocr_par' dir='ltr' id='par_1_32' title="bbox 2435 1854 3828 1926">
     <span class='ocr_line' id='line_1_32' title="bbox 2435 1854 3828 1926; baseline 0.004 -20"><span class='ocrx_word' id='word_1_222' title='bbox 2435 1857 2525 1923; x_wconf 90' lang='lat' dir='ltr'><strong>qui</strong></span> <span class='ocrx_word' id='word_1_223' title='bbox 2559 1854 2751 1909; x_wconf 88' lang='lat' dir='ltr'><strong>ibidem</strong></span> <span class='ocrx_word' id='word_1_224' title='bbox 2783 1857 2994 1911; x_wconf 89' lang='lat' dir='ltr'><strong>inerant</strong></span> <span class='ocrx_word' id='word_1_225' title='bbox 3024 1859 3333 1926; x_wconf 81' lang='lat' dir='ltr'><strong>peccautias</strong></span> <span class='ocrx_word' id='word_1_226' title='bbox 3361 1858 3650 1913; x_wconf 89' lang='lat' dir='ltr'><strong>confitetur</strong></span> <span class='ocrx_word' id='word_1_227' title='bbox 3680 1875 3828 1913; x_wconf 90' lang='lat' dir='ltr'><strong>suas.</strong></span> 
     </span>
    </p>
   </div>
   <div class='ocr_carea' id='block_1_33' title="bbox 748 1926 4025 2019">
    <p class='ocr_par' dir='ltr' id='par_1_33' title="bbox 748 1926 4025 2019">
     <span class='ocr_line' id='line_1_33' title="bbox 748 1926 4025 2019; baseline -0.001 -16"><span class='ocrx_word' id='word_1_228' title='bbox 748 1945 917 2018; x_wconf 91' lang='lat' dir='ltr'><strong>plosis</strong></span> <span class='ocrx_word' id='word_1_229' title='bbox 962 1947 1240 2018; x_wconf 88' lang='lat' dir='ltr'><strong>paululum</strong></span> <span class='ocrx_word' id='word_1_230' title='bbox 1289 1945 1539 2000; x_wconf 89' lang='lat' dir='ltr'><strong>manibus</strong></span> <span class='ocrx_word' id='word_1_231' title='bbox 1582 1954 1822 2000; x_wconf 86' lang='lat' dir='ltr'><strong>revocat.</strong></span> <span class='ocrx_word' id='word_1_232' title='bbox 1859 1933 1961 2012; x_wconf 94' lang='lat' dir='ltr'><strong>Qui</strong></span> <span class='ocrx_word' id='word_1_233' title='bbox 2007 1960 2254 1999; x_wconf 82' lang='lat' dir='ltr'><strong>reversus</strong></span> <span class='ocrx_word' id='word_1_234' title='bbox 2300 1959 2330 2000; x_wconf 91' lang='lat' dir='ltr'><strong>a</strong></span> <span class='ocrx_word' id='word_1_235' title='bbox 2356 1926 2409 1990; x_wconf 73' lang='grc' dir='ltr'><strong>Β</strong></span> <span class='ocrx_word' id='word_1_236' title='bbox 2511 1943 2740 2000; x_wconf 89' lang='lat' dir='ltr'><strong>Sanctus</strong></span> <span class='ocrx_word' id='word_1_237' title='bbox 2767 1961 2889 2001; x_wconf 90' lang='lat' dir='ltr'><strong>cum</strong></span> <span class='ocrx_word' id='word_1_238' title='bbox 2921 1961 2987 2001; x_wconf 92' lang='lat' dir='ltr'><strong>eo</strong></span> <span class='ocrx_word' id='word_1_239' title='bbox 3019 1947 3223 2016; x_wconf 86' lang='lat' dir='ltr'><strong>pariter</strong></span> <span class='ocrx_word' id='word_1_240' title='bbox 3251 1947 3618 2019; x_wconf 77' lang='lat' dir='ltr'><strong>illacrymatus</strong></span> <span class='ocrx_word' id='word_1_241' title='bbox 3647 1949 3714 2002; x_wconf 91' lang='lat' dir='ltr'><strong>ad</strong></span> <span class='ocrx_word' id='word_1_242' title='bbox 3745 1964 3872 2002; x_wconf 85' lang='lat' dir='ltr'><strong>cum</strong></span> <span class='ocrx_word' id='word_1_243' title='bbox 3905 1949 3981 2001; x_wconf 87' lang='lat' dir='ltr'><strong>ait</strong></span> <span class='ocrx_word' id='word_1_244' title='bbox 4013 1967 4025 2000; x_wconf 94' lang='lat'>:</span> 
     </span>
    </p>
   </div>
   <div class='ocr_carea' id='block_1_34' title="bbox 749 2036 2330 2107">
    <p class='ocr_par' dir='ltr' id='par_1_34' title="bbox 749 2036 2330 2107">
     <span class='ocr_line' id='line_1_34' title="bbox 749 2036 2330 2107; baseline -0.005 -11"><span class='ocrx_word' id='word_1_245' title='bbox 749 2040 950 2096; x_wconf 89' lang='lat' dir='ltr'><strong>Sancto</strong></span> <span class='ocrx_word' id='word_1_246' title='bbox 999 2038 1185 2093; x_wconf 88' lang='lat' dir='ltr'><strong>statim</strong></span> <span class='ocrx_word' id='word_1_247' title='bbox 1237 2036 1622 2107; x_wconf 82' lang='lat' dir='ltr'><strong>interrogatus,</strong></span> <span class='ocrx_word' id='word_1_248' title='bbox 1671 2052 1768 2090; x_wconf 91' lang='lat' dir='ltr'><strong>cur</strong></span> <span class='ocrx_word' id='word_1_249' title='bbox 1815 2036 1965 2091; x_wconf 90' lang='lat' dir='ltr'><strong>ocius</strong></span> <span class='ocrx_word' id='word_1_250' title='bbox 2015 2036 2330 2104; x_wconf 83' lang='lat' dir='ltr'><strong>aufugisset,</strong></span> 
     </span>
    </p>
   </div>
   <div class='ocr_carea' id='block_1_35' title="bbox 748 2115 2362 2200">
    <p class='ocr_par' dir='ltr' id='par_1_35' title="bbox 748 2115 2362 2200">
     <span class='ocr_line' id='line_1_35' title="bbox 748 2115 2362 2200; baseline -0.004 -14"><span class='ocrx_word' id='word_1_251' title='bbox 748 2130 855 2186; x_wconf 88' lang='lat' dir='ltr'><strong>hoc</strong></span> <span class='ocrx_word' id='word_1_252' title='bbox 883 2115 1032 2185; x_wconf 85' lang='lat' dir='ltr'><strong>dedit</strong></span> <span class='ocrx_word' id='word_1_253' title='bbox 1061 2144 1385 2200; x_wconf 88' lang='lat' dir='ltr'><strong>responsum</strong></span> <span class='ocrx_word' id='word_1_254' title='bbox 1413 2148 1424 2181; x_wconf 84' lang='lat'><strong>:</strong></span> <span class='ocrx_word' id='word_1_255' title='bbox 1464 2147 1481 2178; x_wconf 74' lang='grc' dir='ltr'><strong><em>ι</em></strong></span> <span class='ocrx_word' id='word_1_256' title='bbox 1511 2127 1636 2182; x_wconf 90' lang='lat' dir='ltr'><strong>ldeo</strong></span> <span class='ocrx_word' id='word_1_257' title='bbox 1668 2127 1800 2194; x_wconf 83' lang='lat' dir='ltr'><strong>fugi,</strong></span> <span class='ocrx_word' id='word_1_258' title='bbox 1829 2127 1953 2196; x_wconf 90' lang='lat' dir='ltr'><strong>quia</strong></span> <span class='ocrx_word' id='word_1_259' title='bbox 1985 2126 2144 2180; x_wconf 87' lang='lat' dir='ltr'><strong>nimis</strong></span> <span class='ocrx_word' id='word_1_260' title='bbox 2170 2127 2332 2197; x_wconf 87' lang='lat' dir='ltr'><strong>perti-</strong></span> <span class='ocrx_word' id='word_1_261' title='bbox 2359 2192 2362 2195; x_wconf 92' lang='lat'><em>_</em></span> 
     </span>
    </p>
   </div>
   <div class='ocr_carea' id='block_1_36' title="bbox 749 2215 2335 2290">
    <p class='ocr_par' dir='ltr' id='par_1_36' title="bbox 749 2215 2335 2290">
     <span class='ocr_line' id='line_1_36' title="bbox 749 2215 2335 2290; baseline -0.002 -15"><span class='ocrx_word' id='word_1_262' title='bbox 749 2221 882 2275; x_wconf 89' lang='lat' dir='ltr'><strong>mui.</strong></span> <span class='ocrx_word' id='word_1_263' title='bbox 916 2238 934 2271; x_wconf 83' lang='grc'><strong>›</strong></span> <span class='ocrx_word' id='word_1_264' title='bbox 988 2219 1057 2276; x_wconf 83' lang='lat' dir='ltr'><strong>Et</strong></span> <span class='ocrx_word' id='word_1_265' title='bbox 1099 2227 1222 2290; x_wconf 91' lang='lat' dir='ltr'><strong>post</strong></span> <span class='ocrx_word' id='word_1_266' title='bbox 1253 2218 1470 2289; x_wconf 88' lang='lat' dir='ltr'><strong>aliquod</strong></span> <span class='ocrx_word' id='word_1_267' title='bbox 1507 2217 1776 2273; x_wconf 87' lang='lat' dir='ltr'><strong>modicum</strong></span> <span class='ocrx_word' id='word_1_268' title='bbox 1809 2215 2151 2272; x_wconf 87' lang='lat' dir='ltr'><strong>intervallum</strong></span> <span class='ocrx_word' id='word_1_269' title='bbox 2199 2217 2335 2272; x_wconf 81' lang='lat' dir='ltr'><strong>fidu-</strong></span> 
     </span>
    </p>
   </div>
   <div class='ocr_carea' id='block_1_37' title="bbox 751 2310 2330 2384">
    <p class='ocr_par' dir='ltr' id='par_1_37' title="bbox 751 2310 2330 2384">
     <span class='ocr_line' id='line_1_37' title="bbox 751 2310 2330 2384; baseline -0.003 -15"><span class='ocrx_word' id='word_1_270' title='bbox 751 2315 944 2370; x_wconf 89' lang='lat' dir='ltr'><strong>cialius</strong></span> <span class='ocrx_word' id='word_1_271' title='bbox 973 2328 1160 2384; x_wconf 87' lang='lat' dir='ltr'><strong>agens,</strong></span> <span class='ocrx_word' id='word_1_272' title='bbox 1193 2315 1356 2369; x_wconf 87' lang='lat' dir='ltr'><strong>audet</strong></span> <span class='ocrx_word' id='word_1_273' title='bbox 1381 2313 1638 2368; x_wconf 89' lang='lat' dir='ltr'><strong>Sanctum</strong></span> <span class='ocrx_word' id='word_1_274' title='bbox 1664 2313 2020 2382; x_wconf 85' lang='lat' dir='ltr'><strong>interrogare,</strong></span> <span class='ocrx_word' id='word_1_275' title='bbox 2041 2310 2330 2380; x_wconf 88' lang='lat' dir='ltr'><strong>inquiens:</strong></span> 
     </span>
    </p>
   </div>
   <div class='ocr_carea' id='block_1_38' title="bbox 758 2403 2332 2477">
    <p class='ocr_par' dir='ltr' id='par_1_38' title="bbox 758 2403 2332 2477">
     <span class='ocr_line' id='line_1_38' title="bbox 758 2403 2332 2477; baseline 0.001 -19"><span class='ocrx_word' id='word_1_276' title='bbox 758 2425 776 2458; x_wconf 75' lang='lat' dir='ltr'><strong>r</strong></span> <span class='ocrx_word' id='word_1_277' title='bbox 805 2406 1054 2477; x_wconf 83' lang='lat' dir='ltr'><strong>Nunquid</strong></span> <span class='ocrx_word' id='word_1_278' title='bbox 1084 2407 1139 2461; x_wconf 92' lang='lat' dir='ltr'><strong>in</strong></span> <span class='ocrx_word' id='word_1_279' title='bbox 1171 2406 1271 2460; x_wconf 92' lang='lat' dir='ltr'><strong>hac</strong></span> <span class='ocrx_word' id='word_1_280' title='bbox 1313 2405 1446 2459; x_wconf 89' lang='lat' dir='ltr'><strong>hora</strong></span> <span class='ocrx_word' id='word_1_281' title='bbox 1490 2405 1668 2474; x_wconf 90' lang='lat' dir='ltr'><strong>aliqua</strong></span> <span class='ocrx_word' id='word_1_282' title='bbox 1713 2405 1812 2460; x_wconf 86' lang='lat' dir='ltr'><strong>tibi</strong></span> <span class='ocrx_word' id='word_1_283' title='bbox 1859 2403 2212 2459; x_wconf 81' lang='lat' dir='ltr'><strong>formidabilis</strong></span> <span class='ocrx_word' id='word_1_284' title='bbox 2239 2418 2332 2459; x_wconf 89' lang='lat' dir='ltr'><strong>os-</strong></span> 
     </span>
    </p>
   </div>
   <div class='ocr_carea' id='block_1_39' title="bbox 756 2501 2331 2570">
    <p class='ocr_par' dir='ltr' id='par_1_39' title="bbox 756 2501 2331 2570">
     <span class='ocr_line' id='line_1_39' title="bbox 756 2501 2331 2570; baseline -0.004 -10"><span class='ocrx_word' id='word_1_285' title='bbox 756 2513 909 2560; x_wconf 87' lang='lat' dir='ltr'><strong>tensa</strong></span> <span class='ocrx_word' id='word_1_286' title='bbox 932 2505 1068 2562; x_wconf 85' lang='lat' dir='ltr'><strong>visio</strong></span> <span class='ocrx_word' id='word_1_287' title='bbox 1089 2503 1240 2559; x_wconf 88' lang='lat' dir='ltr'><strong>erat?</strong></span> <span class='ocrx_word' id='word_1_288' title='bbox 1264 2524 1283 2557; x_wconf 72' lang='grc' dir='ltr'><strong><em>ι</em></strong></span> <span class='ocrx_word' id='word_1_289' title='bbox 1308 2502 1404 2558; x_wconf 91' lang='lat' dir='ltr'><strong>Cui</strong></span> <span class='ocrx_word' id='word_1_290' title='bbox 1428 2501 1658 2558; x_wconf 90' lang='lat' dir='ltr'><strong>Sanctus</strong></span> <span class='ocrx_word' id='word_1_291' title='bbox 1683 2501 1792 2557; x_wconf 90' lang='lat' dir='ltr'><strong>tale</strong></span> <span class='ocrx_word' id='word_1_292' title='bbox 1811 2501 1959 2557; x_wconf 87' lang='lat' dir='ltr'><strong>dedit</strong></span> <span class='ocrx_word' id='word_1_293' title='bbox 1979 2515 2331 2570; x_wconf 87' lang='lat' dir='ltr'><strong>responsum:</strong></span> 
     </span>
    </p>
   </div>
   <div class='ocr_carea' id='block_1_40' title="bbox 753 2593 2332 2663">
    <p class='ocr_par' dir='ltr' id='par_1_40' title="bbox 753 2593 2332 2663">
     <span class='ocr_line' id='line_1_40' title="bbox 753 2593 2332 2663; baseline -0.003 -13"><span class='ocrx_word' id='word_1_294' title='bbox 753 2595 885 2650; x_wconf 80' lang='lat' dir='ltr'><strong>&#39;l&#39;atn</strong></span> <span class='ocrx_word' id='word_1_295' title='bbox 916 2594 1149 2650; x_wconf 85' lang='lat' dir='ltr'><strong>terrifica</strong></span> <span class='ocrx_word' id='word_1_296' title='bbox 1196 2596 1328 2650; x_wconf 90' lang='lat' dir='ltr'><strong>ultio</strong></span> <span class='ocrx_word' id='word_1_297' title='bbox 1358 2610 1504 2650; x_wconf 92' lang='lat' dir='ltr'><strong>nunc</strong></span> <span class='ocrx_word' id='word_1_298' title='bbox 1532 2595 1583 2648; x_wconf 92' lang='lat' dir='ltr'><strong>in</strong></span> <span class='ocrx_word' id='word_1_299' title='bbox 1614 2603 1820 2649; x_wconf 91' lang='lat' dir='ltr'><strong>remota</strong></span> <span class='ocrx_word' id='word_1_300' title='bbox 1852 2593 1999 2648; x_wconf 90' lang='lat' dir='ltr'><strong>orbis</strong></span> <span class='ocrx_word' id='word_1_301' title='bbox 2027 2602 2179 2662; x_wconf 89' lang='lat' dir='ltr'><strong>parte</strong></span> <span class='ocrx_word' id='word_1_302' title='bbox 2205 2607 2332 2663; x_wconf 91' lang='lat' dir='ltr'><strong>per-</strong></span> 
     </span>
    </p>
   </div>
   <div class='ocr_carea' id='block_1_41' title="bbox 750 2682 2336 2755">
    <p class='ocr_par' dir='ltr' id='par_1_41' title="bbox 750 2682 2336 2755">
     <span class='ocr_line' id='line_1_41' title="bbox 750 2682 2336 2755; baseline -0.004 -13"><span class='ocrx_word' id='word_1_303' title='bbox 750 2687 1018 2743; x_wconf 85' lang='lat' dir='ltr'><strong>actaest!</strong></span> <span class='ocrx_word' id='word_1_304' title='bbox 1059 2706 1076 2738; x_wconf 73' lang='grc' dir='ltr'>ι</span> <span class='ocrx_word' id='word_1_305' title='bbox 1107 2685 1310 2752; x_wconf 87' lang='lat' dir='ltr'><strong>Qualis,</strong></span> <span class='ocrx_word' id='word_1_306' title='bbox 1343 2687 1417 2740; x_wconf 91' lang='lat' dir='ltr'><strong>ait</strong></span> <span class='ocrx_word' id='word_1_307' title='bbox 1455 2685 1686 2755; x_wconf 88' lang='lat' dir='ltr'><strong>juvenis,</strong></span> <span class='ocrx_word' id='word_1_308' title='bbox 1729 2684 1984 2748; x_wconf 89' lang='lat' dir='ltr'><strong>vindicta,</strong></span> <span class='ocrx_word' id='word_1_309' title='bbox 2027 2693 2082 2738; x_wconf 92' lang='lat' dir='ltr'><strong>et</strong></span> <span class='ocrx_word' id='word_1_310' title='bbox 2134 2682 2189 2738; x_wconf 92' lang='lat' dir='ltr'><strong>in</strong></span> <span class='ocrx_word' id='word_1_311' title='bbox 2229 2697 2336 2751; x_wconf 90' lang='lat' dir='ltr'><strong>qua</strong></span> 
     </span>
    </p>
   </div>
   <div class='ocr_carea' id='block_1_42' title="bbox 749 2770 2332 2846">
    <p class='ocr_par' dir='ltr' id='par_1_42' title="bbox 749 2770 2332 2846">
     <span class='ocr_line' id='line_1_42' title="bbox 749 2770 2332 2846; baseline -0.004 -14"><span class='ocrx_word' id='word_1_312' title='bbox 749 2777 972 2846; x_wconf 83' lang='lat' dir='ltr'><strong>regione</strong></span> <span class='ocrx_word' id='word_1_313' title='bbox 1021 2776 1207 2831; x_wconf 85' lang='lat' dir='ltr'><strong>facta?</strong></span> <span class='ocrx_word' id='word_1_314' title='bbox 1236 2794 1254 2827; x_wconf 79' lang='grc' dir='ltr'><strong><em>ι</em></strong></span> <span class='ocrx_word' id='word_1_315' title='bbox 1306 2778 1538 2830; x_wconf 83' lang='lat' dir='ltr'><strong>Sanctus</strong></span> <span class='ocrx_word' id='word_1_316' title='bbox 1579 2783 1691 2828; x_wconf 90' lang='lat' dir='ltr'><strong>tum</strong></span> <span class='ocrx_word' id='word_1_317' title='bbox 1722 2775 1801 2830; x_wconf 91' lang='lat' dir='ltr'><strong>sic</strong></span> <span class='ocrx_word' id='word_1_318' title='bbox 1838 2770 2118 2843; x_wconf 82' lang='lat' dir='ltr'><strong>profatur:</strong></span> <span class='ocrx_word' id='word_1_319' title='bbox 2159 2791 2178 2824; x_wconf 71' lang='grc' dir='ltr'>ι</span> <span class='ocrx_word' id='word_1_320' title='bbox 2207 2770 2332 2827; x_wconf 90' lang='lat' dir='ltr'><strong>Sul-</strong></span> 
     </span>
    </p>
   </div>
   <div class='ocr_carea' id='block_1_43' title="bbox 748 2864 2335 2940">
    <p class='ocr_par' dir='ltr' id='par_1_43' title="bbox 748 2864 2335 2940">
     <span class='ocr_line' id='line_1_43' title="bbox 748 2864 2335 2940; baseline -0.004 -16"><span class='ocrx_word' id='word_1_321' title='bbox 748 2869 955 2940; x_wconf 88' lang='lat' dir='ltr'><strong>phurea</strong></span> <span class='ocrx_word' id='word_1_322' title='bbox 986 2869 1053 2923; x_wconf 91' lang='lat' dir='ltr'><strong>de</strong></span> <span class='ocrx_word' id='word_1_323' title='bbox 1087 2868 1228 2924; x_wconf 88' lang='lat' dir='ltr'><strong>coelo</strong></span> <span class='ocrx_word' id='word_1_324' title='bbox 1259 2865 1473 2921; x_wconf 83' lang='lat' dir='ltr'><strong>flamma</strong></span> <span class='ocrx_word' id='word_1_325' title='bbox 1513 2882 1676 2936; x_wconf 90' lang='lat' dir='ltr'><strong>super</strong></span> <span class='ocrx_word' id='word_1_326' title='bbox 1715 2865 1944 2920; x_wconf 84' lang='lat' dir='ltr'><strong>Romani</strong></span> <span class='ocrx_word' id='word_1_327' title='bbox 1980 2865 2115 2934; x_wconf 89' lang='lat' dir='ltr'><strong>juris</strong></span> <span class='ocrx_word' id='word_1_328' title='bbox 2143 2864 2335 2920; x_wconf 90' lang='lat' dir='ltr'><strong>civita-</strong></span> 
     </span>
    </p>
   </div>
   <div class='ocr_carea' id='block_1_44' title="bbox 748 2957 2334 3024">
    <p class='ocr_par' dir='ltr' id='par_1_44' title="bbox 748 2957 2334 3024">
     <span class='ocr_line' id='line_1_44' title="bbox 748 2957 2334 3024; baseline -0.003 -10"><span class='ocrx_word' id='word_1_329' title='bbox 748 2967 859 3014; x_wconf 90' lang='lat' dir='ltr'><strong>tem</strong></span> <span class='ocrx_word' id='word_1_330' title='bbox 890 2959 1029 3014; x_wconf 89' lang='lat' dir='ltr'><strong>intra</strong></span> <span class='ocrx_word' id='word_1_331' title='bbox 1058 2958 1224 3014; x_wconf 75' lang='lat' dir='ltr'><strong>italia:</strong></span> <span class='ocrx_word' id='word_1_332' title='bbox 1252 2959 1511 3014; x_wconf 86' lang='lat' dir='ltr'><strong>terminos</strong></span> <span class='ocrx_word' id='word_1_333' title='bbox 1536 2958 1695 3013; x_wconf 88' lang='lat' dir='ltr'><strong>sitam</strong></span> <span class='ocrx_word' id='word_1_334' title='bbox 1727 2959 1830 3013; x_wconf 92' lang='lat' dir='ltr'><strong>hac</strong></span> <span class='ocrx_word' id='word_1_335' title='bbox 1857 2957 1992 3012; x_wconf 90' lang='lat' dir='ltr'><strong>hora</strong></span> <span class='ocrx_word' id='word_1_336' title='bbox 2021 2957 2189 3013; x_wconf 89' lang='lat' dir='ltr'><strong>etlusa</strong></span> <span class='ocrx_word' id='word_1_337' title='bbox 2218 2967 2334 3024; x_wconf 80' lang='lat' dir='ltr'><strong>est;</strong></span> 
     </span>
    </p>
   </div>
   <div class='ocr_carea' id='block_1_45' title="bbox 753 3053 2337 3126">
    <p class='ocr_par' dir='ltr' id='par_1_45' title="bbox 753 3053 2337 3126">
     <span class='ocr_line' id='line_1_45' title="bbox 753 3053 2337 3126; baseline 0 -18"><span class='ocrx_word' id='word_1_338' title='bbox 753 3053 963 3122; x_wconf 86' lang='lat' dir='ltr'><strong>triaque</strong></span> <span class='ocrx_word' id='word_1_339' title='bbox 987 3053 1153 3108; x_wconf 90' lang='lat' dir='ltr'><strong>millia</strong></span> <span class='ocrx_word' id='word_1_340' title='bbox 1181 3053 1353 3108; x_wconf 89' lang='lat' dir='ltr'><strong>ferme</strong></span> <span class='ocrx_word' id='word_1_341' title='bbox 1373 3055 1640 3121; x_wconf 90' lang='lat' dir='ltr'><strong>virorum,</strong></span> <span class='ocrx_word' id='word_1_342' title='bbox 1664 3062 1897 3124; x_wconf 80' lang='lat' dir='ltr'><strong>excepto</strong></span> <span class='ocrx_word' id='word_1_343' title='bbox 1924 3063 2175 3116; x_wconf 88' lang='lat' dir='ltr'><strong>matrum,</strong></span> <span class='ocrx_word' id='word_1_344' title='bbox 2207 3069 2337 3126; x_wconf 90' lang='lat' dir='ltr'><strong>pue-</strong></span> 
     </span>
    </p>
   </div>
   <div class='ocr_carea' id='block_1_46' title="bbox 750 3145 2338 3214">
    <p class='ocr_par' dir='ltr' id='par_1_46' title="bbox 750 3145 2338 3214">
     <span class='ocr_line' id='line_1_46' title="bbox 750 3145 2338 3214; baseline -0.003 -12"><span class='ocrx_word' id='word_1_345' title='bbox 750 3159 1045 3214; x_wconf 86' lang='lat' dir='ltr'><strong>rorumque</strong></span> <span class='ocrx_word' id='word_1_346' title='bbox 1076 3161 1324 3213; x_wconf 90' lang='lat' dir='ltr'><strong>numero,</strong></span> <span class='ocrx_word' id='word_1_347' title='bbox 1361 3145 1724 3214; x_wconf 70' lang='lat' dir='ltr'><strong>tiisperierunt</strong></span> <span class='ocrx_word' id='word_1_348' title='bbox 1753 3163 1764 3198; x_wconf 90' lang='lat'><strong>:</strong></span> <span class='ocrx_word' id='word_1_349' title='bbox 1799 3153 1854 3198; x_wconf 91' lang='lat' dir='ltr'><strong>et</strong></span> <span class='ocrx_word' id='word_1_350' title='bbox 1883 3152 2170 3214; x_wconf 78' lang='lat' dir='ltr'><strong>antequam</strong></span> <span class='ocrx_word' id='word_1_351' title='bbox 2200 3159 2338 3214; x_wconf 77' lang='lat' dir='ltr'><strong>pra:-</strong></span> 
     </span>
    </p>
   </div>
   <div class='ocr_carea' id='block_1_47' title="bbox 753 3239 2331 3313">
    <p class='ocr_par' dir='ltr' id='par_1_47' title="bbox 753 3239 2331 3313">
     <span class='ocr_line' id='line_1_47' title="bbox 753 3239 2331 3313; baseline -0.001 -18"><span class='ocrx_word' id='word_1_352' title='bbox 753 3256 880 3296; x_wconf 90' lang='lat' dir='ltr'><strong>sens</strong></span> <span class='ocrx_word' id='word_1_353' title='bbox 900 3255 1072 3296; x_wconf 90' lang='lat' dir='ltr'><strong>annus</strong></span> <span class='ocrx_word' id='word_1_354' title='bbox 1104 3241 1262 3312; x_wconf 80' lang='lat' dir='ltr'><strong>[Add.</strong></span> <span class='ocrx_word' id='word_1_355' title='bbox 1291 3239 1646 3313; x_wconf 88' lang='lat' dir='ltr'><strong>absolvatur],</strong></span> <span class='ocrx_word' id='word_1_356' title='bbox 1680 3239 1870 3296; x_wconf 89' lang='lat' dir='ltr'><strong>Gallici</strong></span> <span class='ocrx_word' id='word_1_357' title='bbox 1894 3249 2068 3295; x_wconf 70' lang='lat' dir='ltr'><strong>nauta:</strong></span> <span class='ocrx_word' id='word_1_358' title='bbox 2097 3240 2166 3295; x_wconf 87' lang='lat' dir='ltr'><strong>de</strong></span> <span class='ocrx_word' id='word_1_359' title='bbox 2204 3239 2331 3294; x_wconf 87' lang='lat' dir='ltr'><strong>Gal-</strong></span> 
     </span>
    </p>
   </div>
   <div class='ocr_carea' id='block_1_48' title="bbox 751 3333 2330 3405">
    <p class='ocr_par' dir='ltr' id='par_1_48' title="bbox 751 3333 2330 3405">
     <span class='ocr_line' id='line_1_48' title="bbox 751 3333 2330 3405; baseline 0 -15"><span class='ocrx_word' id='word_1_360' title='bbox 751 3334 940 3390; x_wconf 85' lang='lat' dir='ltr'><strong>liarum</strong></span> <span class='ocrx_word' id='word_1_361' title='bbox 966 3335 1258 3405; x_wconf 89' lang='lat' dir='ltr'><strong>provinciis</strong></span> <span class='ocrx_word' id='word_1_362' title='bbox 1289 3334 1664 3402; x_wconf 89' lang='lat' dir='ltr'><strong>adventantes,</strong></span> <span class='ocrx_word' id='word_1_363' title='bbox 1691 3333 1808 3391; x_wconf 71' lang='lat' dir='ltr'><strong>hazc</strong></span> <span class='ocrx_word' id='word_1_364' title='bbox 1837 3336 2026 3390; x_wconf 89' lang='lat' dir='ltr'><strong>eadem</strong></span> <span class='ocrx_word' id='word_1_365' title='bbox 2051 3335 2146 3390; x_wconf 89' lang='lat' dir='ltr'><strong>tibi</strong></span> <span class='ocrx_word' id='word_1_366' title='bbox 2175 3350 2330 3390; x_wconf 83' lang='lat' dir='ltr'><strong>enar-</strong></span> 
     </span>
    </p>
   </div>
   <div class='ocr_carea' id='block_1_49' title="bbox 749 3427 1016 3482">
    <p class='ocr_par' dir='ltr' id='par_1_49' title="bbox 749 3427 1016 3482">
     <span class='ocr_line' id='line_1_49' title="bbox 749 3427 1016 3482; baseline -0.007 0"><span class='ocrx_word' id='word_1_367' title='bbox 749 3427 963 3482; x_wconf 83' lang='lat' dir='ltr'><strong>rabunt.</strong></span> <span class='ocrx_word' id='word_1_368' title='bbox 997 3447 1016 3480; x_wconf 70' lang='grc' dir='ltr'><strong><em>ι</em></strong></span> 
     </span>
    </p>
   </div>
   <div class='ocr_carea' id='block_1_50' title="bbox 819 3517 2333 3592">
    <p class='ocr_par' dir='ltr' id='par_1_50' title="bbox 819 3517 2333 3592">
     <span class='ocr_line' id='line_1_50' title="bbox 819 3517 2333 3592; baseline 0.002 -19"><span class='ocrx_word' id='word_1_369' title='bbox 819 3517 950 3586; x_wconf 62' lang='lat' dir='ltr'><strong>Quae</strong></span> <span class='ocrx_word' id='word_1_370' title='bbox 963 3519 1122 3575; x_wconf 81' lang='lat' dir='ltr'><strong>verba</strong></span> <span class='ocrx_word' id='word_1_371' title='bbox 1143 3517 1269 3591; x_wconf 71' lang='lat' dir='ltr'><strong>poét</strong></span> <span class='ocrx_word' id='word_1_372' title='bbox 1287 3521 1488 3592; x_wconf 91' lang='lat' dir='ltr'><strong>aliquot</strong></span> <span class='ocrx_word' id='word_1_373' title='bbox 1508 3536 1719 3576; x_wconf 91' lang='lat' dir='ltr'><strong>menses</strong></span> <span class='ocrx_word' id='word_1_374' title='bbox 1736 3519 1971 3577; x_wconf 87' lang='lat' dir='ltr'><strong>veridica</strong></span> <span class='ocrx_word' id='word_1_375' title='bbox 1995 3521 2178 3590; x_wconf 90' lang='lat' dir='ltr'><strong>fuisse,</strong></span> <span class='ocrx_word' id='word_1_376' title='bbox 2207 3530 2333 3576; x_wconf 92' lang='lat' dir='ltr'><strong>sunt</strong></span> 
     </span>
    </p>
   </div>
   <div class='ocr_carea' id='block_1_51' title="bbox 752 3613 2333 3685">
    <p class='ocr_par' dir='ltr' id='par_1_51' title="bbox 752 3613 2333 3685">
     <span class='ocr_line' id='line_1_51' title="bbox 752 3613 2333 3685; baseline 0.001 -17"><span class='ocrx_word' id='word_1_377' title='bbox 752 3613 1121 3683; x_wconf 90' lang='lat' dir='ltr'><strong>comprobata.</strong></span> <span class='ocrx_word' id='word_1_378' title='bbox 1176 3613 1309 3669; x_wconf 86' lang='lat' dir='ltr'><strong>Nam</strong></span> <span class='ocrx_word' id='word_1_379' title='bbox 1341 3614 1480 3671; x_wconf 88' lang='lat' dir='ltr'><strong>idem</strong></span> <span class='ocrx_word' id='word_1_380' title='bbox 1512 3613 1762 3685; x_wconf 86' lang='lat' dir='ltr'><strong>Lugbeus</strong></span> <span class='ocrx_word' id='word_1_381' title='bbox 1799 3615 1956 3671; x_wconf 88' lang='lat' dir='ltr'><strong>simul</strong></span> <span class='ocrx_word' id='word_1_382' title='bbox 1983 3631 2104 3672; x_wconf 91' lang='lat' dir='ltr'><strong>cum</strong></span> <span class='ocrx_word' id='word_1_383' title='bbox 2143 3623 2333 3671; x_wconf 87' lang='lat' dir='ltr'><strong>sancto</strong></span> 
     </span>
    </p>
   </div>
   <div class='ocr_carea' id='block_1_52' title="bbox 753 3702 2333 3777">
    <p class='ocr_par' dir='ltr' id='par_1_52' title="bbox 753 3702 2333 3777">
     <span class='ocr_line' id='line_1_52' title="bbox 753 3702 2333 3777; baseline 0.003 -20"><span class='ocrx_word' id='word_1_384' title='bbox 753 3702 871 3758; x_wconf 91' lang='lat' dir='ltr'><strong>viro</strong></span> <span class='ocrx_word' id='word_1_385' title='bbox 924 3702 992 3757; x_wconf 88' lang='lat' dir='ltr'><strong>ad</strong></span> <span class='ocrx_word' id='word_1_386' title='bbox 1041 3705 1238 3775; x_wconf 70' lang='lat' dir='ltr'><strong>Capuae</strong></span> <span class='ocrx_word' id='word_1_387' title='bbox 1280 3705 1514 3775; x_wconf 87' lang='lat' dir='ltr'><strong>regionis</strong></span> <span class='ocrx_word' id='word_1_388' title='bbox 1543 3706 1662 3777; x_wconf 76' lang='lat' dir='ltr'><strong>(sic)</strong></span> <span class='ocrx_word' id='word_1_389' title='bbox 1689 3721 1958 3777; x_wconf 85' lang='lat' dir='ltr'><strong>pergens,</strong></span> <span class='ocrx_word' id='word_1_390' title='bbox 2021 3706 2333 3762; x_wconf 91' lang='lat' dir='ltr'><strong>nauclerum</strong></span> 
     </span>
    </p>
   </div>
   <div class='ocr_carea' id='block_1_53' title="bbox 755 3794 2334 3866">
    <p class='ocr_par' dir='ltr' id='par_1_53' title="bbox 755 3794 2334 3866">
     <span class='ocr_line' id='line_1_53' title="bbox 755 3794 2334 3866; baseline 0.004 -18"><span class='ocrx_word' id='word_1_391' title='bbox 755 3801 813 3848; x_wconf 88' lang='lat' dir='ltr'><strong>et</strong></span> <span class='ocrx_word' id='word_1_392' title='bbox 839 3799 1034 3848; x_wconf 90' lang='lat' dir='ltr'><strong>nautas</strong></span> <span class='ocrx_word' id='word_1_393' title='bbox 1064 3794 1417 3850; x_wconf 89' lang='lat' dir='ltr'><strong>adventantes</strong></span> <span class='ocrx_word' id='word_1_394' title='bbox 1447 3811 1610 3866; x_wconf 88' lang='lat' dir='ltr'><strong>parce</strong></span> <span class='ocrx_word' id='word_1_395' title='bbox 1654 3796 2013 3866; x_wconf 88' lang='lat' dir='ltr'><strong>interrogans,</strong></span> <span class='ocrx_word' id='word_1_396' title='bbox 2046 3798 2125 3853; x_wconf 91' lang='lat' dir='ltr'><strong>sic</strong></span> <span class='ocrx_word' id='word_1_397' title='bbox 2153 3799 2334 3854; x_wconf 89' lang='lat' dir='ltr'><strong>omnia</strong></span> 
     </span>
    </p>
   </div>
   <div class='ocr_carea' id='block_1_54' title="bbox 753 3878 2330 3950">
    <p class='ocr_par' dir='ltr' id='par_1_54' title="bbox 753 3878 2330 3950">
     <span class='ocr_line' id='line_1_54' title="bbox 753 3878 2330 3950; baseline 0.003 -16"><span class='ocrx_word' id='word_1_398' title='bbox 753 3878 841 3934; x_wconf 90' lang='lat' dir='ltr'><strong>illa</strong></span> <span class='ocrx_word' id='word_1_399' title='bbox 881 3879 949 3935; x_wconf 91' lang='lat' dir='ltr'><strong>de</strong></span> <span class='ocrx_word' id='word_1_400' title='bbox 991 3879 1209 3936; x_wconf 88' lang='lat' dir='ltr'><strong>civitate</strong></span> <span class='ocrx_word' id='word_1_401' title='bbox 1250 3897 1375 3936; x_wconf 88' lang='lat' dir='ltr'><strong>cum</strong></span> <span class='ocrx_word' id='word_1_402' title='bbox 1413 3882 1616 3938; x_wconf 87' lang='lat' dir='ltr'><strong>civibus</strong></span> <span class='ocrx_word' id='word_1_403' title='bbox 1651 3881 1720 3936; x_wconf 91' lang='lat' dir='ltr'><strong>ab</strong></span> <span class='ocrx_word' id='word_1_404' title='bbox 1749 3884 1827 3938; x_wconf 90' lang='lat' dir='ltr'><strong>eis</strong></span> <span class='ocrx_word' id='word_1_405' title='bbox 1870 3883 2018 3937; x_wconf 88' lang='lat' dir='ltr'><strong>audit</strong></span> <span class='ocrx_word' id='word_1_406' title='bbox 2057 3895 2330 3950; x_wconf 88' lang='lat' dir='ltr'><strong>enarrata,</strong></span> 
     </span>
    </p>
   </div>
   <div class='ocr_carea' id='block_1_55' title="bbox 749 3972 2222 4044">
    <p class='ocr_par' dir='ltr' id='par_1_55' title="bbox 749 3972 2222 4044">
     <span class='ocr_line' id='line_1_55' title="bbox 749 3972 2222 4044; baseline 0.001 -18"><span class='ocrx_word' id='word_1_407' title='bbox 749 3972 1200 4042; x_wconf 86' lang='lat' dir='ltr'><strong>quemadmodum</strong></span> <span class='ocrx_word' id='word_1_408' title='bbox 1231 3988 1262 4027; x_wconf 89' lang='lat' dir='ltr'><strong>a</strong></span> <span class='ocrx_word' id='word_1_409' title='bbox 1292 3973 1620 4044; x_wconf 83' lang='lat' dir='ltr'><strong>praedicabili</strong></span> <span class='ocrx_word' id='word_1_410' title='bbox 1654 3975 1770 4029; x_wconf 90' lang='lat' dir='ltr'><strong>viro</strong></span> <span class='ocrx_word' id='word_1_411' title='bbox 1796 3983 1923 4031; x_wconf 89' lang='lat' dir='ltr'><strong>sunt.</strong></span> <span class='ocrx_word' id='word_1_412' title='bbox 1951 3974 2222 4044; x_wconf 62' lang='lat' dir='ltr'><strong>praedicta.</strong></span> 
     </span>
    </p>
   </div>
   <div class='ocr_carea' id='block_1_56' title="bbox 824 4061 2334 4134">
    <p class='ocr_par' dir='ltr' id='par_1_56' title="bbox 824 4061 2334 4134">
     <span class='ocr_line' id='line_1_56' title="bbox 824 4061 2334 4134; baseline 0.003 -16"><span class='ocrx_word' id='word_1_413' title='bbox 824 4061 937 4118; x_wconf 79' lang='lat' dir='ltr'><strong>XV.</strong></span> <span class='ocrx_word' id='word_1_414' title='bbox 969 4063 1207 4130; x_wconf 86' lang='lat' dir='ltr'><strong>Quadam</strong></span> <span class='ocrx_word' id='word_1_415' title='bbox 1245 4065 1475 4120; x_wconf 89' lang='lat' dir='ltr'><strong>brumali</strong></span> <span class='ocrx_word' id='word_1_416' title='bbox 1519 4073 1574 4121; x_wconf 92' lang='lat' dir='ltr'><strong>et</strong></span> <span class='ocrx_word' id='word_1_417' title='bbox 1594 4065 1751 4121; x_wconf 90' lang='lat' dir='ltr'><strong>valde</strong></span> <span class='ocrx_word' id='word_1_418' title='bbox 1775 4063 1966 4134; x_wconf 89' lang='lat' dir='ltr'><strong>frigida</strong></span> <span class='ocrx_word' id='word_1_419' title='bbox 1989 4066 2077 4122; x_wconf 89' lang='lat' dir='ltr'><strong>die</strong></span> <span class='ocrx_word' id='word_1_420' title='bbox 2102 4065 2334 4123; x_wconf 86' lang='lat' dir='ltr'><strong>Sanetus</strong></span> 
     </span>
    </p>
   </div>
   <div class='ocr_carea' id='block_1_57' title="bbox 755 4155 2332 4226">
    <p class='ocr_par' dir='ltr' id='par_1_57' title="bbox 755 4155 2332 4226">
     <span class='ocr_line' id='line_1_57' title="bbox 755 4155 2332 4226; baseline 0.001 -17"><span class='ocrx_word' id='word_1_421' title='bbox 755 4169 950 4224; x_wconf 89' lang='lat' dir='ltr'><strong>magno</strong></span> <span class='ocrx_word' id='word_1_422' title='bbox 981 4155 1297 4212; x_wconf 86' lang='lat' dir='ltr'><strong>tuolestatus</strong></span> <span class='ocrx_word' id='word_1_423' title='bbox 1324 4171 1560 4213; x_wconf 60' lang='lat' dir='ltr'><strong>maerore</strong></span> <span class='ocrx_word' id='word_1_424' title='bbox 1589 4156 1732 4213; x_wconf 85' lang='lat' dir='ltr'><strong>flevit</strong></span> <span class='ocrx_word' id='word_1_425' title='bbox 1759 4175 1771 4211; x_wconf 91' lang='lat'><strong>:</strong></span> <span class='ocrx_word' id='word_1_426' title='bbox 1805 4171 1966 4226; x_wconf 89' lang='lat' dir='ltr'><strong>quem</strong></span> <span class='ocrx_word' id='word_1_427' title='bbox 1995 4171 2122 4211; x_wconf 88' lang='lat' dir='ltr'><strong>suus</strong></span> <span class='ocrx_word' id='word_1_428' title='bbox 2148 4155 2332 4210; x_wconf 85' lang='lat' dir='ltr'><strong>minis-</strong></span> 
     </span>
    </p>
   </div>
   <div class='ocr_carea' id='block_1_58' title="bbox 755 4247 2334 4317">
    <p class='ocr_par' dir='ltr' id='par_1_58' title="bbox 755 4247 2334 4317">
     <span class='ocr_line' id='line_1_58' title="bbox 755 4247 2334 4317; baseline 0.001 -16"><span class='ocrx_word' id='word_1_429' title='bbox 755 4255 926 4302; x_wconf 89' lang='lat' dir='ltr'><strong>trator</strong></span> <span class='ocrx_word' id='word_1_430' title='bbox 947 4247 1262 4303; x_wconf 90' lang='lat' dir='ltr'><strong>Diormitius</strong></span> <span class='ocrx_word' id='word_1_431' title='bbox 1282 4248 1348 4304; x_wconf 91' lang='lat' dir='ltr'><strong>de</strong></span> <span class='ocrx_word' id='word_1_432' title='bbox 1370 4263 1533 4304; x_wconf 84' lang='lat' dir='ltr'><strong>causa</strong></span> <span class='ocrx_word' id='word_1_433' title='bbox 1559 4248 1895 4317; x_wconf 91' lang='lat' dir='ltr'><strong>interrogans</strong></span> <span class='ocrx_word' id='word_1_434' title='bbox 1916 4248 2204 4312; x_wconf 66' lang='lat' dir='ltr'><strong>mcestitite,</strong></span> <span class='ocrx_word' id='word_1_435' title='bbox 2229 4247 2334 4302; x_wconf 89' lang='lat' dir='ltr'><strong>hoc</strong></span> 
     </span>
    </p>
   </div>
   <div class='ocr_carea' id='block_1_59' title="bbox 751 4335 2330 4410">
    <p class='ocr_par' dir='ltr' id='par_1_59' title="bbox 751 4335 2330 4410">
     <span class='ocr_line' id='line_1_59' title="bbox 751 4335 2330 4410; baseline 0.002 -20"><span class='ocrx_word' id='word_1_436' title='bbox 751 4335 820 4391; x_wconf 89' lang='lat' dir='ltr'><strong>ab</strong></span> <span class='ocrx_word' id='word_1_437' title='bbox 846 4351 913 4391; x_wconf 91' lang='lat' dir='ltr'><strong>eo</strong></span> <span class='ocrx_word' id='word_1_438' title='bbox 942 4353 1260 4409; x_wconf 88' lang='lat' dir='ltr'><strong>responsum</strong></span> <span class='ocrx_word' id='word_1_439' title='bbox 1292 4340 1541 4410; x_wconf 88' lang='lat' dir='ltr'><strong>accepit:</strong></span> <span class='ocrx_word' id='word_1_440' title='bbox 1574 4357 1593 4391; x_wconf 72' lang='grc' dir='ltr'><strong><em>ι</em></strong></span> <span class='ocrx_word' id='word_1_441' title='bbox 1628 4337 1745 4394; x_wconf 85' lang='lat' dir='ltr'><strong>Non</strong></span> <span class='ocrx_word' id='word_1_442' title='bbox 1773 4339 2063 4406; x_wconf 89' lang='lat' dir='ltr'><strong>immerito,</strong></span> <span class='ocrx_word' id='word_1_443' title='bbox 2087 4354 2121 4394; x_wconf 94' lang='lat' dir='ltr'><strong>o</strong></span> <span class='ocrx_word' id='word_1_444' title='bbox 2144 4338 2330 4404; x_wconf 84' lang='lat' dir='ltr'><strong>filiole,</strong></span> 
     </span>
    </p>
   </div>
   <div class='ocr_carea' id='block_1_60' title="bbox 752 4430 2329 4500">
    <p class='ocr_par' dir='ltr' id='par_1_60' title="bbox 752 4430 2329 4500">
     <span class='ocr_line' id='line_1_60' title="bbox 752 4430 2329 4500; baseline 0 -14"><span class='ocrx_word' id='word_1_445' title='bbox 752 4445 852 4500; x_wconf 87' lang='lat' dir='ltr'><strong>ego</strong></span> <span class='ocrx_word' id='word_1_446' title='bbox 878 4431 928 4485; x_wconf 91' lang='lat' dir='ltr'><strong>in</strong></span> <span class='ocrx_word' id='word_1_447' title='bbox 955 4431 1061 4485; x_wconf 90' lang='lat' dir='ltr'><strong>hac</strong></span> <span class='ocrx_word' id='word_1_448' title='bbox 1091 4432 1222 4486; x_wconf 87' lang='lat' dir='ltr'><strong>hora</strong></span> <span class='ocrx_word' id='word_1_449' title='bbox 1254 4432 1550 4487; x_wconf 90' lang='lat' dir='ltr'><strong>contristor</strong></span> <span class='ocrx_word' id='word_1_450' title='bbox 1570 4473 1584 4498; x_wconf 96' lang='lat'><strong>,</strong></span> <span class='ocrx_word' id='word_1_451' title='bbox 1616 4446 1768 4487; x_wconf 89' lang='lat' dir='ltr'><strong>meos</strong></span> <span class='ocrx_word' id='word_1_452' title='bbox 1793 4431 1982 4486; x_wconf 91' lang='lat' dir='ltr'><strong>videns</strong></span> <span class='ocrx_word' id='word_1_453' title='bbox 2013 4430 2329 4498; x_wconf 88' lang='lat' dir='ltr'><strong>monachos,</strong></span> 
     </span>
    </p>
   </div>
   <div class='ocr_carea' id='block_1_61' title="bbox 756 4521 2332 4593">
    <p class='ocr_par' dir='ltr' id='par_1_61' title="bbox 756 4521 2332 4593">
     <span class='ocr_line' id='line_1_61' title="bbox 756 4521 2332 4593; baseline -0.001 -15"><span class='ocrx_word' id='word_1_454' title='bbox 756 4537 895 4591; x_wconf 89' lang='lat' dir='ltr'><strong>quos</strong></span> <span class='ocrx_word' id='word_1_455' title='bbox 923 4523 1200 4576; x_wconf 86' lang='lat' dir='ltr'><strong>Laifranus</strong></span> <span class='ocrx_word' id='word_1_456' title='bbox 1232 4537 1376 4578; x_wconf 91' lang='lat' dir='ltr'><strong>nunc</strong></span> <span class='ocrx_word' id='word_1_457' title='bbox 1404 4522 1556 4590; x_wconf 86' lang='lat' dir='ltr'><strong>gravi</strong></span> <span class='ocrx_word' id='word_1_458' title='bbox 1586 4521 1840 4593; x_wconf 86' lang='lat' dir='ltr'><strong>fatigatos</strong></span> <span class='ocrx_word' id='word_1_459' title='bbox 1864 4523 2051 4580; x_wconf 89' lang='lat' dir='ltr'><strong>labore</strong></span> <span class='ocrx_word' id='word_1_460' title='bbox 2081 4524 2133 4578; x_wconf 93' lang='lat' dir='ltr'><strong>in</strong></span> <span class='ocrx_word' id='word_1_461' title='bbox 2161 4523 2332 4579; x_wconf 88' lang='lat' dir='ltr'><strong>alicu-</strong></span> 
     </span>
    </p>
   </div>
   <div class='ocr_carea' id='block_1_62' title="bbox 746 4614 2330 4687">
    <p class='ocr_par' dir='ltr' id='par_1_62' title="bbox 746 4614 2330 4687">
     <span class='ocr_line' id='line_1_62' title="bbox 746 4614 2330 4687; baseline 0.002 -16"><span class='ocrx_word' id='word_1_462' title='bbox 746 4617 835 4687; x_wconf 88' lang='lat' dir='ltr'><strong>jus</strong></span> <span class='ocrx_word' id='word_1_463' title='bbox 861 4614 1082 4684; x_wconf 86' lang='lat' dir='ltr'><strong>majoris</strong></span> <span class='ocrx_word' id='word_1_464' title='bbox 1102 4614 1294 4670; x_wconf 89' lang='lat' dir='ltr'><strong>domus</strong></span> <span class='ocrx_word' id='word_1_465' title='bbox 1325 4615 1526 4670; x_wconf 86' lang='lat' dir='ltr'><strong>fabrica</strong></span> <span class='ocrx_word' id='word_1_466' title='bbox 1558 4615 1830 4680; x_wconf 90' lang='lat' dir='ltr'><strong>molestat,</strong></span> <span class='ocrx_word' id='word_1_467' title='bbox 1855 4615 1999 4686; x_wconf 91' lang='lat' dir='ltr'><strong>quod</strong></span> <span class='ocrx_word' id='word_1_468' title='bbox 2025 4617 2154 4672; x_wconf 90' lang='lat' dir='ltr'><strong>mihi</strong></span> <span class='ocrx_word' id='word_1_469' title='bbox 2178 4617 2330 4674; x_wconf 88' lang='lat' dir='ltr'><strong>valde</strong></span> 
     </span>
    </p>
   </div>
   <div class='ocr_carea' id='block_1_63' title="bbox 754 4707 2325 4778">
    <p class='ocr_par' dir='ltr' id='par_1_63' title="bbox 754 4707 2325 4778">
     <span class='ocr_line' id='line_1_63' title="bbox 754 4707 2325 4778; baseline 0.001 -16"><span class='ocrx_word' id='word_1_470' title='bbox 754 4709 1021 4778; x_wconf 83' lang='lat' dir='ltr'><strong>displicet.</strong></span> <span class='ocrx_word' id='word_1_471' title='bbox 1056 4727 1074 4760; x_wconf 77' lang='grc' dir='ltr'><strong><em>ι</em></strong></span> <span class='ocrx_word' id='word_1_472' title='bbox 1128 4707 1320 4762; x_wconf 84' lang='lat' dir='ltr'><strong>Mirum</strong></span> <span class='ocrx_word' id='word_1_473' title='bbox 1367 4708 1544 4773; x_wconf 89' lang='lat' dir='ltr'><strong>dictu,</strong></span> <span class='ocrx_word' id='word_1_474' title='bbox 1597 4707 1791 4764; x_wconf 86' lang='lat' dir='ltr'><strong>eodem</strong></span> <span class='ocrx_word' id='word_1_475' title='bbox 1840 4718 2112 4764; x_wconf 91' lang='lat' dir='ltr'><strong>momento</strong></span> <span class='ocrx_word' id='word_1_476' title='bbox 2157 4710 2325 4775; x_wconf 73' lang='lat' dir='ltr'><strong>horte,</strong></span> 
     </span>
    </p>
   </div>
   <div class='ocr_carea' id='block_1_64' title="bbox 753 4796 2325 4872">
    <p class='ocr_par' dir='ltr' id='par_1_64' title="bbox 753 4796 2325 4872">
     <span class='ocr_line' id='line_1_64' title="bbox 753 4796 2325 4872; baseline 0.003 -20"><span class='ocrx_word' id='word_1_477' title='bbox 753 4796 1056 4865; x_wconf 81' lang='lat' dir='ltr'><strong>Laifranus,</strong></span> <span class='ocrx_word' id='word_1_478' title='bbox 1091 4798 1340 4854; x_wconf 87' lang='lat' dir='ltr'><strong>habitans</strong></span> <span class='ocrx_word' id='word_1_479' title='bbox 1371 4800 1423 4855; x_wconf 93' lang='lat' dir='ltr'><strong>in</strong></span> <span class='ocrx_word' id='word_1_480' title='bbox 1460 4801 1794 4856; x_wconf 89' lang='lat' dir='ltr'><strong>monasterio</strong></span> <span class='ocrx_word' id='word_1_481' title='bbox 1826 4801 2085 4858; x_wconf 77' lang='lat' dir='ltr'><strong>Roboreti</strong></span> <span class='ocrx_word' id='word_1_482' title='bbox 2124 4803 2325 4872; x_wconf 90' lang='lat' dir='ltr'><strong>campi,</strong></span> 
     </span>
    </p>
   </div>
   <div class='ocr_carea' id='block_1_65' title="bbox 749 4893 2330 4966">
    <p class='ocr_par' dir='ltr' id='par_1_65' title="bbox 749 4893 2330 4966">
     <span class='ocr_line' id='line_1_65' title="bbox 749 4893 2330 4966; baseline 0.001 -18"><span class='ocrx_word' id='word_1_483' title='bbox 749 4894 1148 4965; x_wconf 89' lang='lat' dir='ltr'><strong>quodammodo</strong></span> <span class='ocrx_word' id='word_1_484' title='bbox 1175 4905 1396 4951; x_wconf 90' lang='lat' dir='ltr'><strong>coactus</strong></span> <span class='ocrx_word' id='word_1_485' title='bbox 1416 4904 1470 4952; x_wconf 90' lang='lat' dir='ltr'><strong>et</strong></span> <span class='ocrx_word' id='word_1_486' title='bbox 1492 4896 1647 4966; x_wconf 87' lang='lat' dir='ltr'><strong>quasi</strong></span> <span class='ocrx_word' id='word_1_487' title='bbox 1671 4893 1902 4966; x_wconf 89' lang='lat' dir='ltr'><strong>quadam</strong></span> <span class='ocrx_word' id='word_1_488' title='bbox 1918 4909 2050 4966; x_wconf 86' lang='lat' dir='ltr'><strong>pyra</strong></span> <span class='ocrx_word' id='word_1_489' title='bbox 2082 4895 2330 4950; x_wconf 85' lang='lat' dir='ltr'><strong>intrinse-</strong></span> 
     </span>
    </p>
   </div>
   <div class='ocr_carea' id='block_1_66' title="bbox 749 4985 2328 5055">
    <p class='ocr_par' dir='ltr' id='par_1_66' title="bbox 749 4985 2328 5055">
     <span class='ocr_line' id='line_1_66' title="bbox 749 4985 2328 5055; baseline 0.001 -16"><span class='ocrx_word' id='word_1_490' title='bbox 749 5001 843 5040; x_wconf 86' lang='lat' dir='ltr'><strong>cus</strong></span> <span class='ocrx_word' id='word_1_491' title='bbox 868 5001 1180 5054; x_wconf 85' lang='lat' dir='ltr'><strong>succensus,</strong></span> <span class='ocrx_word' id='word_1_492' title='bbox 1207 4985 1358 5054; x_wconf 90' lang='lat' dir='ltr'><strong>jubet</strong></span> <span class='ocrx_word' id='word_1_493' title='bbox 1386 4987 1679 5042; x_wconf 87' lang='lat' dir='ltr'><strong>monachos</strong></span> <span class='ocrx_word' id='word_1_494' title='bbox 1701 5000 1730 5039; x_wconf 88' lang='lat' dir='ltr'><strong>a</strong></span> <span class='ocrx_word' id='word_1_495' title='bbox 1754 4985 1938 5040; x_wconf 86' lang='lat' dir='ltr'><strong>labore</strong></span> <span class='ocrx_word' id='word_1_496' title='bbox 1964 5000 2206 5055; x_wconf 85' lang='lat' dir='ltr'><strong>cessare,</strong></span> <span class='ocrx_word' id='word_1_497' title='bbox 2227 4985 2328 5040; x_wconf 85' lang='lat' dir='ltr'><strong>ali-</strong></span> 
     </span>
    </p>
   </div>
   <div class='ocr_carea' id='block_1_67' title="bbox 749 5077 2329 5148">
    <p class='ocr_par' dir='ltr' id='par_1_67' title="bbox 749 5077 2329 5148">
     <span class='ocr_line' id='line_1_67' title="bbox 749 5077 2329 5148; baseline 0.004 -20"><span class='ocrx_word' id='word_1_498' title='bbox 749 5091 1017 5147; x_wconf 89' lang='lat' dir='ltr'><strong>quamque</strong></span> <span class='ocrx_word' id='word_1_499' title='bbox 1063 5077 1392 5132; x_wconf 86' lang='lat' dir='ltr'><strong>cibationum</strong></span> <span class='ocrx_word' id='word_1_500' title='bbox 1436 5078 1861 5133; x_wconf 88' lang='lat' dir='ltr'><strong>consolationem</strong></span> <span class='ocrx_word' id='word_1_501' title='bbox 1905 5079 2226 5148; x_wconf 71' lang='lat' dir='ltr'><strong>praeparari;</strong></span> <span class='ocrx_word' id='word_1_502' title='bbox 2275 5089 2329 5134; x_wconf 90' lang='lat' dir='ltr'><strong>et</strong></span> 
     </span>
    </p>
   </div>
   <div class='ocr_carea' id='block_1_68' title="bbox 752 5166 2330 5238">
    <p class='ocr_par' dir='ltr' id='par_1_68' title="bbox 752 5166 2330 5238">
     <span class='ocr_line' id='line_1_68' title="bbox 752 5166 2330 5238; baseline 0.003 -19"><span class='ocrx_word' id='word_1_503' title='bbox 752 5181 858 5221; x_wconf 91' lang='lat' dir='ltr'><strong>non</strong></span> <span class='ocrx_word' id='word_1_504' title='bbox 889 5168 1061 5221; x_wconf 89' lang='lat' dir='ltr'><strong>solum</strong></span> <span class='ocrx_word' id='word_1_505' title='bbox 1085 5168 1137 5220; x_wconf 91' lang='lat' dir='ltr'><strong>in</strong></span> <span class='ocrx_word' id='word_1_506' title='bbox 1161 5167 1347 5222; x_wconf 85' lang='lat' dir='ltr'><strong>eadem</strong></span> <span class='ocrx_word' id='word_1_507' title='bbox 1371 5166 1458 5223; x_wconf 88' lang='lat' dir='ltr'><strong>die</strong></span> <span class='ocrx_word' id='word_1_508' title='bbox 1481 5168 1660 5236; x_wconf 86' lang='lat' dir='ltr'><strong>otiari,</strong></span> <span class='ocrx_word' id='word_1_509' title='bbox 1683 5168 1778 5223; x_wconf 89' lang='lat' dir='ltr'><strong>sed</strong></span> <span class='ocrx_word' id='word_1_510' title='bbox 1796 5170 1925 5223; x_wconf 89' lang='lat' dir='ltr'><strong>etin</strong></span> <span class='ocrx_word' id='word_1_511' title='bbox 1949 5170 2158 5223; x_wconf 68' lang='lat' dir='ltr'><strong>caeteris</strong></span> <span class='ocrx_word' id='word_1_512' title='bbox 2180 5183 2330 5238; x_wconf 88' lang='lat' dir='ltr'><strong>aspe-</strong></span> 
     </span>
    </p>
   </div>
   <div class='ocr_carea' id='block_1_69' title="bbox 753 5258 2330 5329">
    <p class='ocr_par' dir='ltr' id='par_1_69' title="bbox 753 5258 2330 5329">
     <span class='ocr_line' id='line_1_69' title="bbox 753 5258 2330 5329; baseline 0.001 -17"><span class='ocrx_word' id='word_1_513' title='bbox 753 5273 824 5312; x_wconf 74' lang='lat' dir='ltr'><strong>rae</strong></span> <span class='ocrx_word' id='word_1_514' title='bbox 851 5263 1184 5328; x_wconf 81' lang='lat' dir='ltr'><strong>tempestatis</strong></span> <span class='ocrx_word' id='word_1_515' title='bbox 1211 5260 1398 5315; x_wconf 90' lang='lat' dir='ltr'><strong>diebus</strong></span> <span class='ocrx_word' id='word_1_516' title='bbox 1415 5261 1772 5329; x_wconf 87' lang='lat' dir='ltr'><strong>requiescere.</strong></span> <span class='ocrx_word' id='word_1_517' title='bbox 1793 5258 1922 5326; x_wconf 74' lang='lat' dir='ltr'><strong>Qua:</strong></span> <span class='ocrx_word' id='word_1_518' title='bbox 1945 5260 2107 5315; x_wconf 87' lang='lat' dir='ltr'><strong>verba</strong></span> <span class='ocrx_word' id='word_1_519' title='bbox 2134 5259 2203 5314; x_wconf 91' lang='lat' dir='ltr'><strong>ad</strong></span> <span class='ocrx_word' id='word_1_520' title='bbox 2231 5264 2330 5314; x_wconf 80' lang='lat' dir='ltr'><strong>fra-</strong></span> 
     </span>
    </p>
   </div>
   <div class='ocr_carea' id='block_1_70' title="bbox 756 5351 2329 5423">
    <p class='ocr_par' dir='ltr' id='par_1_70' title="bbox 756 5351 2329 5423">
     <span class='ocr_line' id='line_1_70' title="bbox 756 5351 2329 5423; baseline 0.003 -20"><span class='ocrx_word' id='word_1_521' title='bbox 756 5358 862 5406; x_wconf 89' lang='lat' dir='ltr'><strong>tres</strong></span> <span class='ocrx_word' id='word_1_522' title='bbox 893 5351 1254 5406; x_wconf 84' lang='lat' dir='ltr'><strong>consolatoria</strong></span> <span class='ocrx_word' id='word_1_523' title='bbox 1283 5367 1312 5405; x_wconf 92' lang='lat' dir='ltr'><strong>a</strong></span> <span class='ocrx_word' id='word_1_524' title='bbox 1345 5352 1594 5406; x_wconf 84' lang='lat' dir='ltr'><strong>Lail&#39;rano</strong></span> <span class='ocrx_word' id='word_1_525' title='bbox 1625 5352 1764 5407; x_wconf 86' lang='lat' dir='ltr'><strong>dicta</strong></span> <span class='ocrx_word' id='word_1_526' title='bbox 1795 5353 2023 5408; x_wconf 82' lang='lat' dir='ltr'><strong>Sanctus</strong></span> <span class='ocrx_word' id='word_1_527' title='bbox 2058 5354 2111 5408; x_wconf 93' lang='lat' dir='ltr'><strong>in</strong></span> <span class='ocrx_word' id='word_1_528' title='bbox 2141 5354 2329 5423; x_wconf 89' lang='lat' dir='ltr'><strong>spiritu</strong></span> 
     </span>
    </p>
   </div>
   <div class='ocr_carea' id='block_1_71' title="bbox 757 5440 2332 5517">
    <p class='ocr_par' dir='ltr' id='par_1_71' title="bbox 757 5440 2332 5517">
     <span class='ocr_line' id='line_1_71' title="bbox 757 5440 2332 5517; baseline 0.006 -23"><span class='ocrx_word' id='word_1_529' title='bbox 757 5442 979 5497; x_wconf 47' lang='lat' dir='ltr'><strong>audiens</strong></span> <span class='ocrx_word' id='word_1_530' title='bbox 1026 5440 1155 5497; x_wconf 81' lang='lat' dir='ltr'><strong>flere</strong></span> <span class='ocrx_word' id='word_1_531' title='bbox 1197 5444 1444 5510; x_wconf 74' lang='lat' dir='ltr'><strong>cessavit,</strong></span> <span class='ocrx_word' id='word_1_532' title='bbox 1491 5453 1544 5498; x_wconf 91' lang='lat' dir='ltr'><strong>et</strong></span> <span class='ocrx_word' id='word_1_533' title='bbox 1582 5445 1898 5500; x_wconf 88' lang='lat' dir='ltr'><strong>mirabiliter</strong></span> <span class='ocrx_word' id='word_1_534' title='bbox 1932 5446 2147 5514; x_wconf 84' lang='lat' dir='ltr'><strong>gavisus</strong></span> <span class='ocrx_word' id='word_1_535' title='bbox 2170 5488 2184 5512; x_wconf 94' lang='lat'><strong>,</strong></span> <span class='ocrx_word' id='word_1_536' title='bbox 2218 5447 2332 5517; x_wconf 88' lang='lat' dir='ltr'><strong>ipse</strong></span> 
     </span>
    </p>
   </div>
   <div class='ocr_carea' id='block_1_72' title="bbox 761 5533 2331 5610">
    <p class='ocr_par' dir='ltr' id='par_1_72' title="bbox 761 5533 2331 5610">
     <span class='ocr_line' id='line_1_72' title="bbox 761 5533 2331 5610; baseline 0.006 -23"><span class='ocrx_word' id='word_1_537' title='bbox 761 5533 810 5589; x_wconf 92' lang='lat' dir='ltr'><strong>in</strong></span> <span class='ocrx_word' id='word_1_538' title='bbox 839 5536 971 5591; x_wconf 84' lang='lat' dir='ltr'><strong>Jova</strong></span> <span class='ocrx_word' id='word_1_539' title='bbox 998 5537 1168 5591; x_wconf 77' lang='lat' dir='ltr'><strong>insula</strong></span> <span class='ocrx_word' id='word_1_540' title='bbox 1194 5553 1561 5604; x_wconf 85' lang='lat' dir='ltr'><strong>conunanens,</strong></span> <span class='ocrx_word' id='word_1_541' title='bbox 1592 5537 1860 5604; x_wconf 83' lang='lat' dir='ltr'><strong>fratribus,</strong></span> <span class='ocrx_word' id='word_1_542' title='bbox 1885 5539 1975 5608; x_wconf 91' lang='lat' dir='ltr'><strong>qui</strong></span> <span class='ocrx_word' id='word_1_543' title='bbox 2001 5539 2068 5594; x_wconf 90' lang='lat' dir='ltr'><strong>ad</strong></span> <span class='ocrx_word' id='word_1_544' title='bbox 2097 5555 2331 5610; x_wconf 66' lang='lat' dir='ltr'><strong>praesens</strong></span> 
     </span>
    </p>
   </div>
   <div class='ocr_carea' id='block_1_73' title="bbox 756 5626 2330 5697">
    <p class='ocr_par' dir='ltr' id='par_1_73' title="bbox 756 5626 2330 5697">
     <span class='ocr_line' id='line_1_73' title="bbox 756 5626 2330 5697; baseline 0.006 -17"><span class='ocrx_word' id='word_1_545' title='bbox 756 5626 988 5691; x_wconf 89' lang='lat' dir='ltr'><strong>inerant,</strong></span> <span class='ocrx_word' id='word_1_546' title='bbox 1022 5627 1115 5697; x_wconf 86' lang='lat' dir='ltr'><strong>per</strong></span> <span class='ocrx_word' id='word_1_547' title='bbox 1163 5630 1340 5683; x_wconf 87' lang='lat' dir='ltr'><strong>omnia</strong></span> <span class='ocrx_word' id='word_1_548' title='bbox 1373 5632 1660 5695; x_wconf 87' lang='lat' dir='ltr'><strong>enarravit,</strong></span> <span class='ocrx_word' id='word_1_549' title='bbox 1694 5640 1749 5686; x_wconf 90' lang='lat' dir='ltr'><strong>et</strong></span> <span class='ocrx_word' id='word_1_550' title='bbox 1788 5632 2095 5688; x_wconf 85' lang='lat' dir='ltr'><strong>Laifranum</strong></span> <span class='ocrx_word' id='word_1_551' title='bbox 2140 5649 2330 5689; x_wconf 85' lang='lat' dir='ltr'><strong>mona-</strong></span> 
     </span>
    </p>
   </div>
   <div class='ocr_carea' id='block_1_74' title="bbox 756 5719 1660 5779">
    <p class='ocr_par' dir='ltr' id='par_1_74' title="bbox 756 5719 1660 5779">
     <span class='ocr_line' id='line_1_74' title="bbox 756 5719 1660 5779; baseline 0.004 -6"><span class='ocrx_word' id='word_1_552' title='bbox 756 5719 912 5773; x_wconf 89' lang='lat' dir='ltr'><strong>chum</strong></span> <span class='ocrx_word' id='word_1_553' title='bbox 945 5720 1218 5774; x_wconf 79' lang='lat' dir='ltr'><strong>benedixit</strong></span> <span class='ocrx_word' id='word_1_554' title='bbox 1247 5723 1660 5779; x_wconf 78' lang='lat' dir='ltr'><strong>consolatorem.</strong></span> 
     </span>
    </p>
   </div>
   <div class='ocr_carea' id='block_1_75' title="bbox 832 5810 2334 5886">
    <p class='ocr_par' dir='ltr' id='par_1_75' title="bbox 832 5810 2334 5886">
     <span class='ocr_line' id='line_1_75' title="bbox 832 5810 2334 5886; baseline 0.009 -22"><span class='ocrx_word' id='word_1_555' title='bbox 832 5810 967 5865; x_wconf 79' lang='lat' dir='ltr'><strong>XVI.</strong></span> <span class='ocrx_word' id='word_1_556' title='bbox 997 5813 1116 5867; x_wconf 78' lang='lat' dir='ltr'><strong>Alio</strong></span> <span class='ocrx_word' id='word_1_557' title='bbox 1144 5813 1194 5867; x_wconf 88' lang='lat' dir='ltr'><strong>in</strong></span> <span class='ocrx_word' id='word_1_558' title='bbox 1221 5823 1480 5886; x_wconf 86' lang='lat' dir='ltr'><strong>tempore,</strong></span> <span class='ocrx_word' id='word_1_559' title='bbox 1503 5818 1730 5874; x_wconf 83' lang='lat' dir='ltr'><strong>Sanctus</strong></span> <span class='ocrx_word' id='word_1_560' title='bbox 1761 5818 1812 5874; x_wconf 92' lang='lat' dir='ltr'><strong>in</strong></span> <span class='ocrx_word' id='word_1_561' title='bbox 1835 5821 2111 5876; x_wconf 89' lang='lat' dir='ltr'><strong>cacumine</strong></span> <span class='ocrx_word' id='word_1_562' title='bbox 2140 5821 2334 5878; x_wconf 88' lang='lat' dir='ltr'><strong>sedens</strong></span> 
     </span>
    </p>
   </div>
   <div class='ocr_carea' id='block_1_76' title="bbox 767 5909 2331 5988">
    <p class='ocr_par' dir='ltr' id='par_1_76' title="bbox 767 5909 2331 5988">
     <span class='ocr_line' id='line_1_76' title="bbox 767 5909 2331 5988; baseline 0.01 -28"><span class='ocrx_word' id='word_1_563' title='bbox 767 5909 984 5973; x_wconf 72' lang='lat' dir='ltr'><strong>montis,</strong></span> <span class='ocrx_word' id='word_1_564' title='bbox 1008 5911 1100 5978; x_wconf 83' lang='lat' dir='ltr'><strong>qui</strong></span> <span class='ocrx_word' id='word_1_565' title='bbox 1123 5911 1247 5967; x_wconf 90' lang='lat' dir='ltr'><strong>huic</strong></span> <span class='ocrx_word' id='word_1_566' title='bbox 1272 5914 1599 5971; x_wconf 74' lang='lat' dir='ltr'><strong>monasterio</strong></span> <span class='ocrx_word' id='word_1_567' title='bbox 1620 5915 1832 5973; x_wconf 81' lang='lat' dir='ltr'><strong>eminus</strong></span> <span class='ocrx_word' id='word_1_568' title='bbox 1853 5919 2237 5988; x_wconf 87' lang='lat' dir='ltr'><strong>supereminet,</strong></span> <span class='ocrx_word' id='word_1_569' title='bbox 2263 5919 2331 5976; x_wconf 91' lang='lat' dir='ltr'><strong>ad</strong></span> 
     </span>
    </p>
   </div>
   <div class='ocr_carea' id='block_1_77' title="bbox 2354 3291 2406 3356">
    <p class='ocr_par' dir='ltr' id='par_1_77' title="bbox 2354 3291 2406 3356">
     <span class='ocr_line' id='line_1_77' title="bbox 2354 3291 2406 3356; baseline 0 0"><span class='ocrx_word' id='word_1_570' title='bbox 2354 3291 2406 3356; x_wconf 88' lang='lat' dir='ltr'><strong>C</strong></span> 
     </span>
    </p>
   </div>
   <div class='ocr_carea' id='block_1_78' title="bbox 2359 4655 2410 4716">
    <p class='ocr_par' dir='ltr' id='par_1_78' title="bbox 2359 4655 2410 4716">
     <span class='ocr_line' id='line_1_78' title="bbox 2359 4655 2410 4716; baseline 0 0"><span class='ocrx_word' id='word_1_571' title='bbox 2359 4655 2410 4716; x_wconf 82' lang='grc' dir='ltr'>ο</span> 
     </span>
    </p>
   </div>
   <div class='ocr_carea' id='block_1_79' title="bbox 2447 2037 4029 2108">
    <p class='ocr_par' dir='ltr' id='par_1_79' title="bbox 2447 2037 4029 2108">
     <span class='ocr_line' id='line_1_79' title="bbox 2447 2037 4029 2108; baseline 0.004 -20"><span class='ocrx_word' id='word_1_572' title='bbox 2447 2055 2465 2088; x_wconf 75' lang='grc' dir='ltr'>ι</span> <span class='ocrx_word' id='word_1_573' title='bbox 2499 2039 2688 2106; x_wconf 78' lang='lat' dir='ltr'><strong>Surge,</strong></span> <span class='ocrx_word' id='word_1_574' title='bbox 2734 2037 2830 2102; x_wconf 82' lang='lat' dir='ltr'><strong>fili,</strong></span> <span class='ocrx_word' id='word_1_575' title='bbox 2871 2047 2926 2092; x_wconf 91' lang='lat' dir='ltr'><strong>et</strong></span> <span class='ocrx_word' id='word_1_576' title='bbox 2965 2039 3266 2103; x_wconf 85' lang='lat' dir='ltr'><strong>consolare,</strong></span> <span class='ocrx_word' id='word_1_577' title='bbox 3313 2039 3532 2093; x_wconf 82' lang='lat' dir='ltr'><strong>dimissa</strong></span> <span class='ocrx_word' id='word_1_578' title='bbox 3579 2049 3704 2095; x_wconf 87' lang='lat' dir='ltr'><strong>sunt</strong></span> <span class='ocrx_word' id='word_1_579' title='bbox 3751 2049 3866 2102; x_wconf 89' lang='lat' dir='ltr'><strong>tua,</strong></span> <span class='ocrx_word' id='word_1_580' title='bbox 3910 2056 4029 2108; x_wconf 65' lang='grc' dir='ltr'><strong>(μιίὲ</strong></span> 
     </span>
    </p>
   </div>
   <div class='ocr_carea' id='block_1_80' title="bbox 2436 2127 4028 2198">
    <p class='ocr_par' dir='ltr' id='par_1_80' title="bbox 2436 2127 4028 2198">
     <span class='ocr_line' id='line_1_80' title="bbox 2436 2127 4028 2198; baseline -0.001 -15"><span class='ocrx_word' id='word_1_581' title='bbox 2436 2127 2776 2192; x_wconf 85' lang='lat' dir='ltr'><strong>commisisti,</strong></span> <span class='ocrx_word' id='word_1_582' title='bbox 2803 2129 3131 2196; x_wconf 88' lang='lat' dir='ltr'><strong>peccamina.</strong></span> <span class='ocrx_word' id='word_1_583' title='bbox 3157 2127 3291 2194; x_wconf 86' lang='lat' dir='ltr'><strong>Quia</strong></span> <span class='ocrx_word' id='word_1_584' title='bbox 3320 2129 3458 2183; x_wconf 80' lang='lat' dir='ltr'><strong>sicut</strong></span> <span class='ocrx_word' id='word_1_585' title='bbox 3481 2131 3742 2198; x_wconf 87' lang='lat' dir='ltr'><strong>scriptmn</strong></span> <span class='ocrx_word' id='word_1_586' title='bbox 3777 2140 3861 2184; x_wconf 72' lang='lat' dir='ltr'><strong>est</strong></span> <span class='ocrx_word' id='word_1_587' title='bbox 3888 2149 3901 2180; x_wconf 89' lang='lat'><strong>:</strong></span> <span class='ocrx_word' id='word_1_588' title='bbox 3929 2131 4028 2184; x_wconf 82' lang='lat' dir='ltr'><strong>Cor</strong></span> 
     </span>
    </p>
   </div>
   <div class='ocr_carea' id='block_1_81' title="bbox 2436 2217 4031 2292">
    <p class='ocr_par' dir='ltr' id='par_1_81' title="bbox 2436 2217 4031 2292">
     <span class='ocr_line' id='line_1_81' title="bbox 2436 2217 4031 2292; baseline 0.002 -20"><span class='ocrx_word' id='word_1_589' title='bbox 2436 2219 2710 2272; x_wconf 84' lang='lat' dir='ltr'><strong>contritum</strong></span> <span class='ocrx_word' id='word_1_590' title='bbox 2722 2228 2770 2272; x_wconf 85' lang='lat' dir='ltr'><strong>et</strong></span> <span class='ocrx_word' id='word_1_591' title='bbox 2782 2218 3106 2272; x_wconf 80' lang='lat' dir='ltr'><strong>humilialum</strong></span> <span class='ocrx_word' id='word_1_592' title='bbox 3125 2217 3261 2273; x_wconf 77' lang='lat' dir='ltr'><strong>Deus</strong></span> <span class='ocrx_word' id='word_1_593' title='bbox 3277 2237 3378 2273; x_wconf 80' lang='lat' dir='ltr'><strong>non</strong></span> <span class='ocrx_word' id='word_1_594' title='bbox 3399 2222 3616 2290; x_wconf 79' lang='lat' dir='ltr'><strong>spernit.</strong></span> <span class='ocrx_word' id='word_1_595' title='bbox 3642 2240 3660 2272; x_wconf 73' lang='grc' dir='ltr'><strong><em>ι</em></strong></span> <span class='ocrx_word' id='word_1_596' title='bbox 3681 2219 3784 2286; x_wconf 88' lang='lat' dir='ltr'><strong>Qui</strong></span> <span class='ocrx_word' id='word_1_597' title='bbox 3799 2237 4031 2292; x_wconf 80' lang='lat' dir='ltr'><strong>surgens</strong></span> 
     </span>
    </p>
   </div>
   <div class='ocr_carea' id='block_1_82' title="bbox 2441 2307 4032 2378">
    <p class='ocr_par' dir='ltr' id='par_1_82' title="bbox 2441 2307 4032 2378">
     <span class='ocr_line' id='line_1_82' title="bbox 2441 2307 4032 2378; baseline 0.001 -16"><span class='ocrx_word' id='word_1_598' title='bbox 2441 2307 2742 2377; x_wconf 89' lang='lat' dir='ltr'><strong>gaudenter</strong></span> <span class='ocrx_word' id='word_1_599' title='bbox 2770 2323 2802 2362; x_wconf 89' lang='lat' dir='ltr'><strong>a</strong></span> <span class='ocrx_word' id='word_1_600' title='bbox 2841 2307 3041 2364; x_wconf 90' lang='lat' dir='ltr'><strong>Sancto</strong></span> <span class='ocrx_word' id='word_1_601' title='bbox 3067 2317 3374 2378; x_wconf 87' lang='lat' dir='ltr'><strong>susceptus,</strong></span> <span class='ocrx_word' id='word_1_602' title='bbox 3405 2309 3472 2362; x_wconf 86' lang='lat' dir='ltr'><strong>ad</strong></span> <span class='ocrx_word' id='word_1_603' title='bbox 3516 2308 3876 2364; x_wconf 84' lang='lat' dir='ltr'><strong>Baitbeneum</strong></span> <span class='ocrx_word' id='word_1_604' title='bbox 3905 2321 4032 2364; x_wconf 91' lang='lat' dir='ltr'><strong>tunc</strong></span> 
     </span>
    </p>
   </div>
   <div class='ocr_carea' id='block_1_83' title="bbox 2439 2399 4027 2471">
    <p class='ocr_par' dir='ltr' id='par_1_83' title="bbox 2439 2399 4027 2471">
     <span class='ocr_line' id='line_1_83' title="bbox 2439 2399 4027 2471; baseline 0.001 -17"><span class='ocrx_word' id='word_1_605' title='bbox 2439 2400 2698 2470; x_wconf 88' lang='lat' dir='ltr'><strong>temporis</strong></span> <span class='ocrx_word' id='word_1_606' title='bbox 2725 2399 2778 2454; x_wconf 92' lang='lat' dir='ltr'><strong>in</strong></span> <span class='ocrx_word' id='word_1_607' title='bbox 2803 2415 2996 2471; x_wconf 88' lang='lat' dir='ltr'><strong>campo</strong></span> <span class='ocrx_word' id='word_1_608' title='bbox 3015 2399 3200 2468; x_wconf 86' lang='lat' dir='ltr'><strong>Longo</strong></span> <span class='ocrx_word' id='word_1_609' title='bbox 3215 2401 3556 2470; x_wconf 70' lang='lat' dir='ltr'><strong>praepositum</strong></span> <span class='ocrx_word' id='word_1_610' title='bbox 3570 2413 4027 2467; x_wconf 82' lang='lat' dir='ltr'><strong>commorautem,</strong></span> 
     </span>
    </p>
   </div>
   <div class='ocr_carea' id='block_1_84' title="bbox 2448 2491 4024 2562">
    <p class='ocr_par' dir='ltr' id='par_1_84' title="bbox 2448 2491 4024 2562">
     <span class='ocr_line' id='line_1_84' title="bbox 2448 2491 4024 2562; baseline 0 -15"><span class='ocrx_word' id='word_1_611' title='bbox 2448 2501 2570 2562; x_wconf 89' lang='lat' dir='ltr'><strong>post</strong></span> <span class='ocrx_word' id='word_1_612' title='bbox 2599 2491 2805 2562; x_wconf 91' lang='lat' dir='ltr'><strong>aliquot</strong></span> <span class='ocrx_word' id='word_1_613' title='bbox 2844 2501 2926 2546; x_wconf 89' lang='lat' dir='ltr'><strong>est</strong></span> <span class='ocrx_word' id='word_1_614' title='bbox 2956 2492 3184 2549; x_wconf 83' lang='lat' dir='ltr'><strong>emissus</strong></span> <span class='ocrx_word' id='word_1_615' title='bbox 3229 2492 3343 2546; x_wconf 87' lang='lat' dir='ltr'><strong>dies</strong></span> <span class='ocrx_word' id='word_1_616' title='bbox 3386 2492 3438 2546; x_wconf 92' lang='lat' dir='ltr'><strong>in</strong></span> <span class='ocrx_word' id='word_1_617' title='bbox 3470 2508 3600 2561; x_wconf 88' lang='lat' dir='ltr'><strong>pace</strong></span> <span class='ocrx_word' id='word_1_618' title='bbox 3639 2495 4024 2561; x_wconf 87' lang='lat' dir='ltr'><strong>commigrans.</strong></span> 
     </span>
    </p>
   </div>
   <div class='ocr_carea' id='block_1_85' title="bbox 2487 2582 4030 2652">
    <p class='ocr_par' dir='ltr' id='par_1_85' title="bbox 2487 2582 4030 2652">
     <span class='ocr_line' id='line_1_85' title="bbox 2487 2582 4030 2652; baseline 0.002 -16"><span class='ocrx_word' id='word_1_619' title='bbox 2487 2583 2676 2648; x_wconf 49' lang='lat' dir='ltr'><strong>.XVll.</strong></span> <span class='ocrx_word' id='word_1_620' title='bbox 2702 2583 2823 2638; x_wconf 85' lang='lat' dir='ltr'><strong>Alio</strong></span> <span class='ocrx_word' id='word_1_621' title='bbox 2855 2585 2906 2638; x_wconf 92' lang='lat' dir='ltr'><strong>in</strong></span> <span class='ocrx_word' id='word_1_622' title='bbox 2937 2591 3183 2652; x_wconf 89' lang='lat' dir='ltr'><strong>tempore</strong></span> <span class='ocrx_word' id='word_1_623' title='bbox 3207 2583 3362 2637; x_wconf 88' lang='lat' dir='ltr'><strong>binos</strong></span> <span class='ocrx_word' id='word_1_624' title='bbox 3389 2585 3608 2638; x_wconf 88' lang='lat' dir='ltr'><strong>mittens</strong></span> <span class='ocrx_word' id='word_1_625' title='bbox 3629 2585 3934 2638; x_wconf 88' lang='lat' dir='ltr'><strong>monachos</strong></span> <span class='ocrx_word' id='word_1_626' title='bbox 3960 2582 4030 2639; x_wconf 89' lang='lat' dir='ltr'><strong>ad</strong></span> 
     </span>
    </p>
   </div>
   <div class='ocr_carea' id='block_1_86' title="bbox 2441 2675 4028 2746">
    <p class='ocr_par' dir='ltr' id='par_1_86' title="bbox 2441 2675 4028 2746">
     <span class='ocr_line' id='line_1_86' title="bbox 2441 2675 4028 2746; baseline 0 -15"><span class='ocrx_word' id='word_1_627' title='bbox 2441 2692 2596 2731; x_wconf 87' lang='lat' dir='ltr'><strong>suum</strong></span> <span class='ocrx_word' id='word_1_628' title='bbox 2629 2677 2793 2731; x_wconf 91' lang='lat' dir='ltr'><strong>alium</strong></span> <span class='ocrx_word' id='word_1_629' title='bbox 2822 2679 3165 2739; x_wconf 86' lang='lat' dir='ltr'><strong>monachum,</strong></span> <span class='ocrx_word' id='word_1_630' title='bbox 3198 2677 3417 2732; x_wconf 88' lang='lat' dir='ltr'><strong>nomine</strong></span> <span class='ocrx_word' id='word_1_631' title='bbox 3443 2675 3776 2741; x_wconf 83' lang='lat' dir='ltr'><strong>Cailtanum,</strong></span> <span class='ocrx_word' id='word_1_632' title='bbox 3810 2680 3906 2746; x_wconf 91' lang='lat' dir='ltr'><strong>qui</strong></span> <span class='ocrx_word' id='word_1_633' title='bbox 3935 2692 4028 2731; x_wconf 91' lang='lat' dir='ltr'><strong>eo-</strong></span> 
     </span>
    </p>
   </div>
   <div class='ocr_carea' id='block_1_87' title="bbox 2441 2768 4021 2839">
    <p class='ocr_par' dir='ltr' id='par_1_87' title="bbox 2441 2768 4021 2839">
     <span class='ocr_line' id='line_1_87' title="bbox 2441 2768 4021 2839; baseline -0.001 -17"><span class='ocrx_word' id='word_1_634' title='bbox 2441 2768 2564 2824; x_wconf 90' lang='lat' dir='ltr'><strong>dem</strong></span> <span class='ocrx_word' id='word_1_635' title='bbox 2597 2777 2843 2838; x_wconf 86' lang='lat' dir='ltr'><strong>tempore</strong></span> <span class='ocrx_word' id='word_1_636' title='bbox 2867 2770 3185 2839; x_wconf 61' lang='lat' dir='ltr'><strong>praepositus</strong></span> <span class='ocrx_word' id='word_1_637' title='bbox 3214 2778 3332 2823; x_wconf 89' lang='lat' dir='ltr'><strong>erat</strong></span> <span class='ocrx_word' id='word_1_638' title='bbox 3360 2769 3414 2824; x_wconf 88' lang='lat' dir='ltr'><strong>in</strong></span> <span class='ocrx_word' id='word_1_639' title='bbox 3441 2770 3594 2834; x_wconf 83' lang='lat' dir='ltr'><strong>cella,</strong></span> <span class='ocrx_word' id='word_1_640' title='bbox 3622 2769 3742 2824; x_wconf 69' lang='lat' dir='ltr'><strong>hmc</strong></span> <span class='ocrx_word' id='word_1_641' title='bbox 3773 2785 3872 2838; x_wconf 89' lang='lat' dir='ltr'><strong>per</strong></span> <span class='ocrx_word' id='word_1_642' title='bbox 3901 2784 4021 2822; x_wconf 81' lang='lat' dir='ltr'><strong>eos-</strong></span> 
     </span>
    </p>
   </div>
   <div class='ocr_carea' id='block_1_88' title="bbox 2439 2861 4028 2917">
    <p class='ocr_par' dir='ltr' id='par_1_88' title="bbox 2439 2861 4028 2917">
     <span class='ocr_line' id='line_1_88' title="bbox 2439 2861 4028 2917; baseline -0.001 0"><span class='ocrx_word' id='word_1_643' title='bbox 2439 2862 2562 2917; x_wconf 90' lang='lat' dir='ltr'><strong>dem</strong></span> <span class='ocrx_word' id='word_1_644' title='bbox 2593 2863 2810 2916; x_wconf 91' lang='lat' dir='ltr'><strong>nuutios</strong></span> <span class='ocrx_word' id='word_1_645' title='bbox 2835 2863 3068 2917; x_wconf 83' lang='lat' dir='ltr'><strong>Sanctus</strong></span> <span class='ocrx_word' id='word_1_646' title='bbox 3089 2863 3430 2916; x_wconf 89' lang='lat' dir='ltr'><strong>conuuendat</strong></span> <span class='ocrx_word' id='word_1_647' title='bbox 3450 2864 3614 2916; x_wconf 89' lang='lat' dir='ltr'><strong>verba</strong></span> <span class='ocrx_word' id='word_1_648' title='bbox 3642 2880 3655 2916; x_wconf 93' lang='lat'><strong>:</strong></span> <span class='ocrx_word' id='word_1_649' title='bbox 3687 2882 3705 2914; x_wconf 74' lang='grc' dir='ltr'>ι</span> <span class='ocrx_word' id='word_1_650' title='bbox 3740 2861 3866 2916; x_wconf 87' lang='lat' dir='ltr'><strong>Cito</strong></span> <span class='ocrx_word' id='word_1_651' title='bbox 3893 2877 4028 2916; x_wconf 83' lang='lat' dir='ltr'><strong>eun-</strong></span> 
     </span>
    </p>
   </div>
   <div class='ocr_carea' id='block_1_89' title="bbox 2446 2956 4030 3026">
    <p class='ocr_par' dir='ltr' id='par_1_89' title="bbox 2446 2956 4030 3026">
     <span class='ocr_line' id='line_1_89' title="bbox 2446 2956 4030 3026; baseline -0.001 -16"><span class='ocrx_word' id='word_1_652' title='bbox 2446 2966 2526 3010; x_wconf 89' lang='lat' dir='ltr'><strong>tes</strong></span> <span class='ocrx_word' id='word_1_653' title='bbox 2556 2956 2623 3010; x_wconf 91' lang='lat' dir='ltr'><strong>ad</strong></span> <span class='ocrx_word' id='word_1_654' title='bbox 2652 2957 2954 3011; x_wconf 85' lang='lat' dir='ltr'><strong>Cailtanum</strong></span> <span class='ocrx_word' id='word_1_655' title='bbox 2980 2966 3290 3026; x_wconf 84' lang='lat' dir='ltr'><strong>properate,</strong></span> <span class='ocrx_word' id='word_1_656' title='bbox 3323 2957 3592 3024; x_wconf 82' lang='lat' dir='ltr'><strong>diciteque</strong></span> <span class='ocrx_word' id='word_1_657' title='bbox 3621 2957 3719 3022; x_wconf 91' lang='lat' dir='ltr'><strong>illi,</strong></span> <span class='ocrx_word' id='word_1_658' title='bbox 3753 2965 3815 3011; x_wconf 91' lang='lat' dir='ltr'><strong>ut</strong></span> <span class='ocrx_word' id='word_1_659' title='bbox 3844 2957 3912 3009; x_wconf 92' lang='lat' dir='ltr'><strong>ad</strong></span> <span class='ocrx_word' id='word_1_660' title='bbox 3945 2971 4030 3010; x_wconf 89' lang='lat' dir='ltr'><strong>me</strong></span> 
     </span>
    </p>
   </div>
   <div class='ocr_carea' id='block_1_90' title="bbox 2440 3045 4032 3113">
    <p class='ocr_par' dir='ltr' id='par_1_90' title="bbox 2440 3045 4032 3113">
     <span class='ocr_line' id='line_1_90' title="bbox 2440 3045 4032 3113; baseline -0.003 -10"><span class='ocrx_word' id='word_1_661' title='bbox 2440 3051 2558 3103; x_wconf 89' lang='lat' dir='ltr'><strong>sine</strong></span> <span class='ocrx_word' id='word_1_662' title='bbox 2612 3048 2719 3102; x_wconf 85' lang='lat' dir='ltr'><strong>ulla</strong></span> <span class='ocrx_word' id='word_1_663' title='bbox 2765 3049 2946 3104; x_wconf 79' lang='lat' dir='ltr'><strong>veniat</strong></span> <span class='ocrx_word' id='word_1_664' title='bbox 2990 3049 3215 3102; x_wconf 88' lang='lat' dir='ltr'><strong>tuorula.</strong></span> <span class='ocrx_word' id='word_1_665' title='bbox 3254 3066 3272 3098; x_wconf 72' lang='grc' dir='ltr'><strong><em>ι</em></strong></span> <span class='ocrx_word' id='word_1_666' title='bbox 3308 3046 3408 3113; x_wconf 87' lang='lat' dir='ltr'><strong>Qui</strong></span> <span class='ocrx_word' id='word_1_667' title='bbox 3437 3047 3604 3102; x_wconf 87' lang='lat' dir='ltr'><strong>verbo</strong></span> <span class='ocrx_word' id='word_1_668' title='bbox 3654 3045 3844 3101; x_wconf 86' lang='lat' dir='ltr'><strong>Sancti</strong></span> <span class='ocrx_word' id='word_1_669' title='bbox 3873 3045 4032 3101; x_wconf 85' lang='lat' dir='ltr'><strong>obse-</strong></span> 
     </span>
    </p>
   </div>
   <div class='ocr_carea' id='block_1_91' title="bbox 2442 3141 4029 3212">
    <p class='ocr_par' dir='ltr' id='par_1_91' title="bbox 2442 3141 4029 3212">
     <span class='ocr_line' id='line_1_91' title="bbox 2442 3141 4029 3212; baseline -0.001 -16"><span class='ocrx_word' id='word_1_670' title='bbox 2442 3144 2571 3205; x_wconf 87' lang='lat' dir='ltr'><strong>cuti,</strong></span> <span class='ocrx_word' id='word_1_671' title='bbox 2607 3153 2890 3209; x_wconf 85' lang='lat' dir='ltr'><strong>exeuntes,</strong></span> <span class='ocrx_word' id='word_1_672' title='bbox 2922 3152 2976 3197; x_wconf 90' lang='lat' dir='ltr'><strong>et</strong></span> <span class='ocrx_word' id='word_1_673' title='bbox 3007 3143 3076 3197; x_wconf 90' lang='lat' dir='ltr'><strong>ad</strong></span> <span class='ocrx_word' id='word_1_674' title='bbox 3105 3143 3294 3198; x_wconf 90' lang='lat' dir='ltr'><strong>cellam</strong></span> <span class='ocrx_word' id='word_1_675' title='bbox 3327 3143 3705 3212; x_wconf 82' lang='lat' dir='ltr'><strong>pervenientes</strong></span> <span class='ocrx_word' id='word_1_676' title='bbox 3732 3157 3848 3194; x_wconf 74' lang='lat' dir='ltr'><strong>sua:</strong></span> <span class='ocrx_word' id='word_1_677' title='bbox 3880 3141 4029 3210; x_wconf 82' lang='lat' dir='ltr'><strong>lega-</strong></span> 
     </span>
    </p>
   </div>
   <div class='ocr_carea' id='block_1_92' title="bbox 2443 3233 4032 3305">
    <p class='ocr_par' dir='ltr' id='par_1_92' title="bbox 2443 3233 4032 3305">
     <span class='ocr_line' id='line_1_92' title="bbox 2443 3233 4032 3305; baseline 0 -17"><span class='ocrx_word' id='word_1_678' title='bbox 2443 3236 2699 3291; x_wconf 75' lang='lat' dir='ltr'><strong>tiuncula:</strong></span> <span class='ocrx_word' id='word_1_679' title='bbox 2725 3237 3038 3305; x_wconf 88' lang='lat' dir='ltr'><strong>qualitatem</strong></span> <span class='ocrx_word' id='word_1_680' title='bbox 3085 3233 3337 3290; x_wconf 86' lang='lat' dir='ltr'><strong>Cailtano</strong></span> <span class='ocrx_word' id='word_1_681' title='bbox 3366 3235 3772 3288; x_wconf 87' lang='lat' dir='ltr'><strong>intimaverunt.</strong></span> <span class='ocrx_word' id='word_1_682' title='bbox 3801 3233 3909 3298; x_wconf 86' lang='lat' dir='ltr'><strong>Qui</strong></span> <span class='ocrx_word' id='word_1_683' title='bbox 3939 3250 4032 3288; x_wconf 84' lang='lat' dir='ltr'><strong>ea-</strong></span> 
     </span>
    </p>
   </div>
   <div class='ocr_carea' id='block_1_93' title="bbox 2438 3326 4033 3396">
    <p class='ocr_par' dir='ltr' id='par_1_93' title="bbox 2438 3326 4033 3396">
     <span class='ocr_line' id='line_1_93' title="bbox 2438 3326 4033 3396; baseline -0.001 -13"><span class='ocrx_word' id='word_1_684' title='bbox 2438 3328 2559 3383; x_wconf 90' lang='lat' dir='ltr'><strong>dem</strong></span> <span class='ocrx_word' id='word_1_685' title='bbox 2591 3329 2722 3384; x_wconf 89' lang='lat' dir='ltr'><strong>hora</strong></span> <span class='ocrx_word' id='word_1_686' title='bbox 2753 3329 2899 3384; x_wconf 91' lang='lat' dir='ltr'><strong>nullo</strong></span> <span class='ocrx_word' id='word_1_687' title='bbox 2930 3329 3238 3383; x_wconf 86' lang='lat' dir='ltr'><strong>demoratus</strong></span> <span class='ocrx_word' id='word_1_688' title='bbox 3269 3327 3430 3382; x_wconf 89' lang='lat' dir='ltr'><strong>modo</strong></span> <span class='ocrx_word' id='word_1_689' title='bbox 3449 3369 3463 3393; x_wconf 95' lang='lat'><strong>,</strong></span> <span class='ocrx_word' id='word_1_690' title='bbox 3493 3326 3675 3381; x_wconf 90' lang='lat' dir='ltr'><strong>Sancti</strong></span> <span class='ocrx_word' id='word_1_691' title='bbox 3707 3337 4033 3396; x_wconf 85' lang='lat' dir='ltr'><strong>prosecutus</strong></span> 
     </span>
    </p>
   </div>
   <div class='ocr_carea' id='block_1_94' title="bbox 2437 3420 4031 3492">
    <p class='ocr_par' dir='ltr' id='par_1_94' title="bbox 2437 3420 4031 3492">
     <span class='ocr_line' id='line_1_94' title="bbox 2437 3420 4031 3492; baseline -0.003 -14"><span class='ocrx_word' id='word_1_692' title='bbox 2437 3423 2646 3492; x_wconf 89' lang='lat' dir='ltr'><strong>legatos</strong></span> <span class='ocrx_word' id='word_1_693' title='bbox 2679 3423 2746 3476; x_wconf 89' lang='lat' dir='ltr'><strong>ad</strong></span> <span class='ocrx_word' id='word_1_694' title='bbox 2775 3438 2898 3477; x_wconf 92' lang='lat' dir='ltr'><strong>eum</strong></span> <span class='ocrx_word' id='word_1_695' title='bbox 2931 3423 2982 3476; x_wconf 92' lang='lat' dir='ltr'><strong>in</strong></span> <span class='ocrx_word' id='word_1_696' title='bbox 3003 3420 3138 3476; x_wconf 86' lang='lat' dir='ltr'><strong>Jova</strong></span> <span class='ocrx_word' id='word_1_697' title='bbox 3165 3421 3337 3475; x_wconf 90' lang='lat' dir='ltr'><strong>insula</strong></span> <span class='ocrx_word' id='word_1_698' title='bbox 3361 3429 3814 3484; x_wconf 89' lang='lat' dir='ltr'><strong>commorantem,</strong></span> <span class='ocrx_word' id='word_1_699' title='bbox 3841 3435 4031 3475; x_wconf 88' lang='lat' dir='ltr'><strong>eorum</strong></span> 
     </span>
    </p>
   </div>
   <div class='ocr_carea' id='block_1_95' title="bbox 2441 3497 4034 3585">
    <p class='ocr_par' dir='ltr' id='par_1_95' title="bbox 2441 3497 4034 3585">
     <span class='ocr_line' id='line_1_95' title="bbox 2441 3497 4034 3585; baseline -0.002 -14"><span class='ocrx_word' id='word_1_700' title='bbox 2441 3497 2654 3572; x_wconf 84' lang='lat' dir='ltr'><strong>itineris</strong></span> <span class='ocrx_word' id='word_1_701' title='bbox 2682 3532 2890 3582; x_wconf 88' lang='lat' dir='ltr'><strong>comes,</strong></span> <span class='ocrx_word' id='word_1_702' title='bbox 2925 3515 3177 3570; x_wconf 90' lang='lat' dir='ltr'><strong>celeriter</strong></span> <span class='ocrx_word' id='word_1_703' title='bbox 3205 3513 3469 3585; x_wconf 88' lang='lat' dir='ltr'><strong>pervenit.</strong></span> <span class='ocrx_word' id='word_1_704' title='bbox 3503 3511 3620 3578; x_wconf 87' lang='lat' dir='ltr'><strong>Quo</strong></span> <span class='ocrx_word' id='word_1_705' title='bbox 3649 3512 3770 3566; x_wconf 89' lang='lat' dir='ltr'><strong>viso</strong></span> <span class='ocrx_word' id='word_1_706' title='bbox 3799 3513 4034 3568; x_wconf 88' lang='lat' dir='ltr'><strong>Sanctus</strong></span> 
     </span>
    </p>
   </div>
   <div class='ocr_carea' id='block_1_96' title="bbox 2438 3604 4026 3674">
    <p class='ocr_par' dir='ltr' id='par_1_96' title="bbox 2438 3604 4026 3674">
     <span class='ocr_line' id='line_1_96' title="bbox 2438 3604 4026 3674; baseline -0.004 -9"><span class='ocrx_word' id='word_1_707' title='bbox 2438 3610 2506 3665; x_wconf 88' lang='lat' dir='ltr'><strong>ad</strong></span> <span class='ocrx_word' id='word_1_708' title='bbox 2535 3625 2658 3664; x_wconf 90' lang='lat' dir='ltr'><strong>eum</strong></span> <span class='ocrx_word' id='word_1_709' title='bbox 2700 3609 2882 3663; x_wconf 88' lang='lat' dir='ltr'><strong>taliter</strong></span> <span class='ocrx_word' id='word_1_710' title='bbox 2930 3609 3159 3670; x_wconf 90' lang='lat' dir='ltr'><strong>locutus,</strong></span> <span class='ocrx_word' id='word_1_711' title='bbox 3195 3608 3276 3661; x_wconf 90' lang='lat' dir='ltr'><strong>his</strong></span> <span class='ocrx_word' id='word_1_712' title='bbox 3320 3605 3612 3674; x_wconf 70' lang='lat' dir='ltr'><strong>compeliat</strong></span> <span class='ocrx_word' id='word_1_713' title='bbox 3649 3605 3877 3659; x_wconf 86' lang='lat' dir='ltr'><strong>verbis:</strong></span> <span class='ocrx_word' id='word_1_714' title='bbox 3932 3624 3950 3656; x_wconf 82' lang='lat' dir='ltr'><strong>r</strong></span> <span class='ocrx_word' id='word_1_715' title='bbox 3981 3604 4026 3658; x_wconf 87' lang='grc'>0</span> 
     </span>
    </p>
   </div>
   <div class='ocr_carea' id='block_1_97' title="bbox 2437 3695 4024 3766">
    <p class='ocr_par' dir='ltr' id='par_1_97' title="bbox 2437 3695 4024 3766">
     <span class='ocr_line' id='line_1_97' title="bbox 2437 3695 4024 3766; baseline -0.004 -9"><span class='ocrx_word' id='word_1_716' title='bbox 2437 3702 2706 3766; x_wconf 81' lang='lat' dir='ltr'><strong>Cailtane,</strong></span> <span class='ocrx_word' id='word_1_717' title='bbox 2738 3701 2878 3756; x_wconf 88' lang='lat' dir='ltr'><strong>bene</strong></span> <span class='ocrx_word' id='word_1_718' title='bbox 2921 3699 3094 3756; x_wconf 89' lang='lat' dir='ltr'><strong>fecisti</strong></span> <span class='ocrx_word' id='word_1_719' title='bbox 3125 3699 3193 3754; x_wconf 90' lang='lat' dir='ltr'><strong>ad</strong></span> <span class='ocrx_word' id='word_1_720' title='bbox 3228 3714 3316 3752; x_wconf 87' lang='lat' dir='ltr'><strong>me</strong></span> <span class='ocrx_word' id='word_1_721' title='bbox 3344 3697 3662 3753; x_wconf 90' lang='lat' dir='ltr'><strong>obedienter</strong></span> <span class='ocrx_word' id='word_1_722' title='bbox 3693 3695 4024 3752; x_wconf 87' lang='lat' dir='ltr'><strong>festinando.</strong></span> 
     </span>
    </p>
   </div>
   <div class='ocr_carea' id='block_1_98' title="bbox 2437 3789 4029 3866">
    <p class='ocr_par' dir='ltr' id='par_1_98' title="bbox 2437 3789 4029 3866">
     <span class='ocr_line' id='line_1_98' title="bbox 2437 3789 4029 3866; baseline -0.006 -15"><span class='ocrx_word' id='word_1_723' title='bbox 2437 3795 2744 3866; x_wconf 81' lang='lat' dir='ltr'><strong>Requiesce</strong></span> <span class='ocrx_word' id='word_1_724' title='bbox 2769 3794 3070 3865; x_wconf 90' lang='lat' dir='ltr'><strong>paulisper,</strong></span> <span class='ocrx_word' id='word_1_725' title='bbox 3103 3792 3304 3847; x_wconf 91' lang='lat' dir='ltr'><strong>idcirco</strong></span> <span class='ocrx_word' id='word_1_726' title='bbox 3334 3790 3402 3845; x_wconf 93' lang='lat' dir='ltr'><strong>ad</strong></span> <span class='ocrx_word' id='word_1_727' title='bbox 3429 3799 3480 3845; x_wconf 94' lang='lat' dir='ltr'><strong>te</strong></span> <span class='ocrx_word' id='word_1_728' title='bbox 3503 3789 3848 3844; x_wconf 85' lang='lat' dir='ltr'><strong>invitandqu</strong></span> <span class='ocrx_word' id='word_1_729' title='bbox 3875 3790 4029 3856; x_wconf 85' lang='lat' dir='ltr'><strong>misi,</strong></span> 
     </span>
    </p>
   </div>
   <div class='ocr_carea' id='block_1_99' title="bbox 2439 3880 4029 3951">
    <p class='ocr_par' dir='ltr' id='par_1_99' title="bbox 2439 3880 4029 3951">
     <span class='ocr_line' id='line_1_99' title="bbox 2439 3880 4029 3951; baseline -0.005 -8"><span class='ocrx_word' id='word_1_730' title='bbox 2439 3903 2628 3943; x_wconf 90' lang='lat' dir='ltr'><strong>amans</strong></span> <span class='ocrx_word' id='word_1_731' title='bbox 2673 3886 2924 3951; x_wconf 89' lang='lat' dir='ltr'><strong>amicum,</strong></span> <span class='ocrx_word' id='word_1_732' title='bbox 2975 3893 3034 3940; x_wconf 89' lang='lat' dir='ltr'><strong>ut</strong></span> <span class='ocrx_word' id='word_1_733' title='bbox 3081 3884 3167 3939; x_wconf 81' lang='lat' dir='ltr'><strong>hic</strong></span> <span class='ocrx_word' id='word_1_734' title='bbox 3211 3897 3423 3938; x_wconf 89' lang='lat' dir='ltr'><strong>mecum</strong></span> <span class='ocrx_word' id='word_1_735' title='bbox 3454 3882 3506 3935; x_wconf 93' lang='lat' dir='ltr'><strong>in</strong></span> <span class='ocrx_word' id='word_1_736' title='bbox 3538 3896 3664 3935; x_wconf 89' lang='lat' dir='ltr'><strong>vera</strong></span> <span class='ocrx_word' id='word_1_737' title='bbox 3696 3880 3858 3935; x_wconf 87' lang='lat' dir='ltr'><strong>finias</strong></span> <span class='ocrx_word' id='word_1_738' title='bbox 3896 3883 4029 3936; x_wconf 85' lang='lat' dir='ltr'><strong>obe-</strong></span> 
     </span>
    </p>
   </div>
   <div class='ocr_carea' id='block_1_100' title="bbox 2439 3974 4030 4043">
    <p class='ocr_par' dir='ltr' id='par_1_100' title="bbox 2439 3974 4030 4043">
     <span class='ocr_line' id='line_1_100' title="bbox 2439 3974 4030 4043; baseline -0.005 -7"><span class='ocrx_word' id='word_1_739' title='bbox 2439 3981 2642 4037; x_wconf 87' lang='lat' dir='ltr'><strong>dientia</strong></span> <span class='ocrx_word' id='word_1_740' title='bbox 2673 3981 2798 4034; x_wconf 68' lang='lat' dir='ltr'><strong>vitae</strong></span> <span class='ocrx_word' id='word_1_741' title='bbox 2821 3995 3034 4034; x_wconf 86' lang='lat' dir='ltr'><strong>cursum</strong></span> <span class='ocrx_word' id='word_1_742' title='bbox 3066 3987 3202 4043; x_wconf 73' lang='lat' dir='ltr'><strong>tute;</strong></span> <span class='ocrx_word' id='word_1_743' title='bbox 3235 3991 3360 4032; x_wconf 89' lang='lat' dir='ltr'><strong>nam</strong></span> <span class='ocrx_word' id='word_1_744' title='bbox 3392 3983 3518 4029; x_wconf 89' lang='lat' dir='ltr'><strong>ante</strong></span> <span class='ocrx_word' id='word_1_745' title='bbox 3545 3974 3708 4042; x_wconf 90' lang='lat' dir='ltr'><strong>hujus</strong></span> <span class='ocrx_word' id='word_1_746' title='bbox 3734 3974 4030 4029; x_wconf 87' lang='lat' dir='ltr'><strong>hebdoma-</strong></span> 
     </span>
    </p>
   </div>
   <div class='ocr_carea' id='block_1_101' title="bbox 2436 4065 4026 4140">
    <p class='ocr_par' dir='ltr' id='par_1_101' title="bbox 2436 4065 4026 4140">
     <span class='ocr_line' id='line_1_101' title="bbox 2436 4065 4026 4140; baseline -0.006 -12"><span class='ocrx_word' id='word_1_747' title='bbox 2436 4072 2518 4128; x_wconf 88' lang='lat' dir='ltr'><strong>dis</strong></span> <span class='ocrx_word' id='word_1_748' title='bbox 2546 4071 2707 4126; x_wconf 84' lang='lat' dir='ltr'><strong>finem</strong></span> <span class='ocrx_word' id='word_1_749' title='bbox 2736 4069 2802 4124; x_wconf 91' lang='lat' dir='ltr'><strong>ad</strong></span> <span class='ocrx_word' id='word_1_750' title='bbox 2835 4070 3002 4124; x_wconf 90' lang='lat' dir='ltr'><strong>Deum</strong></span> <span class='ocrx_word' id='word_1_751' title='bbox 3034 4069 3087 4123; x_wconf 91' lang='lat' dir='ltr'><strong>in</strong></span> <span class='ocrx_word' id='word_1_752' title='bbox 3113 4083 3247 4140; x_wconf 90' lang='lat' dir='ltr'><strong>pace</strong></span> <span class='ocrx_word' id='word_1_753' title='bbox 3279 4066 3551 4121; x_wconf 85' lang='lat' dir='ltr'><strong>transibis.</strong></span> <span class='ocrx_word' id='word_1_754' title='bbox 3583 4084 3602 4116; x_wconf 74' lang='grc' dir='ltr'><strong><em>ι</em></strong></span> <span class='ocrx_word' id='word_1_755' title='bbox 3631 4065 3847 4132; x_wconf 82' lang='lat' dir='ltr'><strong>Quibus</strong></span> <span class='ocrx_word' id='word_1_756' title='bbox 3875 4065 4026 4119; x_wconf 87' lang='lat' dir='ltr'><strong>audi-</strong></span> 
     </span>
    </p>
   </div>
   <div class='ocr_carea' id='block_1_102' title="bbox 2439 4157 4029 4232">
    <p class='ocr_par' dir='ltr' id='par_1_102' title="bbox 2439 4157 4029 4232">
     <span class='ocr_line' id='line_1_102' title="bbox 2439 4157 4029 4232; baseline -0.006 -14"><span class='ocrx_word' id='word_1_757' title='bbox 2439 4164 2528 4231; x_wconf 91' lang='lat' dir='ltr'><strong>tis,</strong></span> <span class='ocrx_word' id='word_1_758' title='bbox 2558 4163 2760 4232; x_wconf 88' lang='lat' dir='ltr'><strong>gratias</strong></span> <span class='ocrx_word' id='word_1_759' title='bbox 2779 4176 2941 4230; x_wconf 76' lang='lat' dir='ltr'><strong>agens</strong></span> <span class='ocrx_word' id='word_1_760' title='bbox 2965 4160 3102 4227; x_wconf 89' lang='lat' dir='ltr'><strong>Deo,</strong></span> <span class='ocrx_word' id='word_1_761' title='bbox 3127 4161 3384 4214; x_wconf 90' lang='lat' dir='ltr'><strong>Sanctum</strong></span> <span class='ocrx_word' id='word_1_762' title='bbox 3407 4158 3718 4229; x_wconf 86' lang='lat' dir='ltr'><strong>lacrytnans</strong></span> <span class='ocrx_word' id='word_1_763' title='bbox 3743 4157 4029 4211; x_wconf 60' lang='lat' dir='ltr'><strong>exosculx-</strong></span> 
     </span>
    </p>
   </div>
   <div class='ocr_carea' id='block_1_103' title="bbox 2440 4249 4025 4323">
    <p class='ocr_par' dir='ltr' id='par_1_103' title="bbox 2440 4249 4025 4323">
     <span class='ocr_line' id='line_1_103' title="bbox 2440 4249 4025 4323; baseline -0.006 -13"><span class='ocrx_word' id='word_1_764' title='bbox 2440 4265 2524 4312; x_wconf 88' lang='lat' dir='ltr'><strong>tus</strong></span> <span class='ocrx_word' id='word_1_765' title='bbox 2549 4264 2652 4320; x_wconf 80' lang='lat' dir='ltr'><strong>est,</strong></span> <span class='ocrx_word' id='word_1_766' title='bbox 2686 4264 2741 4308; x_wconf 89' lang='lat' dir='ltr'><strong>et</strong></span> <span class='ocrx_word' id='word_1_767' title='bbox 2763 4255 2827 4308; x_wconf 86' lang='lat' dir='ltr'><strong>ad</strong></span> <span class='ocrx_word' id='word_1_768' title='bbox 2851 4253 3168 4323; x_wconf 80' lang='lat' dir='ltr'><strong>hospitium,</strong></span> <span class='ocrx_word' id='word_1_769' title='bbox 3191 4259 3412 4319; x_wconf 89' lang='lat' dir='ltr'><strong>accepta</strong></span> <span class='ocrx_word' id='word_1_770' title='bbox 3440 4249 3505 4303; x_wconf 86' lang='lat' dir='ltr'><strong>ab</strong></span> <span class='ocrx_word' id='word_1_771' title='bbox 3529 4264 3596 4304; x_wconf 92' lang='lat' dir='ltr'><strong>eo</strong></span> <span class='ocrx_word' id='word_1_772' title='bbox 3619 4249 4025 4311; x_wconf 84' lang='lat' dir='ltr'><strong>benedictione,</strong></span> 
     </span>
    </p>
   </div>
   <div class='ocr_carea' id='block_1_104' title="bbox 2436 4341 4026 4418">
    <p class='ocr_par' dir='ltr' id='par_1_104' title="bbox 2436 4341 4026 4418">
     <span class='ocr_line' id='line_1_104' title="bbox 2436 4341 4026 4418; baseline -0.005 -17"><span class='ocrx_word' id='word_1_773' title='bbox 2436 4348 2646 4418; x_wconf 82' lang='lat' dir='ltr'><strong>pergit;</strong></span> <span class='ocrx_word' id='word_1_774' title='bbox 2677 4351 2978 4416; x_wconf 87' lang='lat' dir='ltr'><strong>eademque</strong></span> <span class='ocrx_word' id='word_1_775' title='bbox 3005 4345 3295 4399; x_wconf 88' lang='lat' dir='ltr'><strong>subsecuta</strong></span> <span class='ocrx_word' id='word_1_776' title='bbox 3325 4350 3483 4397; x_wconf 90' lang='lat' dir='ltr'><strong>nocte</strong></span> <span class='ocrx_word' id='word_1_777' title='bbox 3513 4341 3841 4405; x_wconf 79' lang='lat' dir='ltr'><strong>infirmatus,</strong></span> <span class='ocrx_word' id='word_1_778' title='bbox 3873 4341 4026 4410; x_wconf 76' lang='lat' dir='ltr'><strong>juxta</strong></span> 
     </span>
    </p>
   </div>
   <div class='ocr_carea' id='block_1_105' title="bbox 2437 4429 4029 4504">
    <p class='ocr_par' dir='ltr' id='par_1_105' title="bbox 2437 4429 4029 4504">
     <span class='ocr_line' id='line_1_105' title="bbox 2437 4429 4029 4504; baseline -0.003 -13"><span class='ocrx_word' id='word_1_779' title='bbox 2437 4438 2659 4492; x_wconf 88' lang='lat' dir='ltr'><strong>verbum</strong></span> <span class='ocrx_word' id='word_1_780' title='bbox 2681 4437 2890 4504; x_wconf 92' lang='lat' dir='ltr'><strong>Sancti,</strong></span> <span class='ocrx_word' id='word_1_781' title='bbox 2916 4437 2967 4490; x_wconf 91' lang='lat' dir='ltr'><strong>in</strong></span> <span class='ocrx_word' id='word_1_782' title='bbox 2992 4436 3182 4491; x_wconf 88' lang='lat' dir='ltr'><strong>eadem</strong></span> <span class='ocrx_word' id='word_1_783' title='bbox 3206 4435 3504 4504; x_wconf 87' lang='lat' dir='ltr'><strong>septimana</strong></span> <span class='ocrx_word' id='word_1_784' title='bbox 3529 4430 3598 4486; x_wconf 88' lang='lat' dir='ltr'><strong>ad</strong></span> <span class='ocrx_word' id='word_1_785' title='bbox 3617 4429 3896 4486; x_wconf 89' lang='lat' dir='ltr'><strong>Christum</strong></span> <span class='ocrx_word' id='word_1_786' title='bbox 3926 4431 4029 4486; x_wconf 89' lang='lat' dir='ltr'><strong>Do—</strong></span> 
     </span>
    </p>
   </div>
   <div class='ocr_carea' id='block_1_106' title="bbox 2438 4527 2972 4598">
    <p class='ocr_par' dir='ltr' id='par_1_106' title="bbox 2438 4527 2972 4598">
     <span class='ocr_line' id='line_1_106' title="bbox 2438 4527 2972 4598; baseline 0.002 -17"><span class='ocrx_word' id='word_1_787' title='bbox 2438 4527 2641 4583; x_wconf 90' lang='lat' dir='ltr'><strong>minum</strong></span> <span class='ocrx_word' id='word_1_788' title='bbox 2670 4527 2972 4598; x_wconf 82' lang='lat' dir='ltr'><strong>emigravit.</strong></span> 
     </span>
    </p>
   </div>
   <div class='ocr_carea' id='block_1_107' title="bbox 2522 4618 4028 4689">
    <p class='ocr_par' dir='ltr' id='par_1_107' title="bbox 2522 4618 4028 4689">
     <span class='ocr_line' id='line_1_107' title="bbox 2522 4618 4028 4689; baseline -0.003 -15"><span class='ocrx_word' id='word_1_789' title='bbox 2522 4619 2705 4674; x_wconf 76' lang='lat' dir='ltr'><strong>XVIII.</strong></span> <span class='ocrx_word' id='word_1_790' title='bbox 2739 4619 2978 4686; x_wconf 86' lang='lat' dir='ltr'><strong>Quadam</strong></span> <span class='ocrx_word' id='word_1_791' title='bbox 3028 4619 3302 4675; x_wconf 90' lang='lat' dir='ltr'><strong>Dominica</strong></span> <span class='ocrx_word' id='word_1_792' title='bbox 3332 4619 3421 4675; x_wconf 89' lang='lat' dir='ltr'><strong>die</strong></span> <span class='ocrx_word' id='word_1_793' title='bbox 3457 4618 3595 4673; x_wconf 89' lang='lat' dir='ltr'><strong>ultra</strong></span> <span class='ocrx_word' id='word_1_794' title='bbox 3625 4633 3769 4689; x_wconf 67' lang='lat' dir='ltr'><strong>stepe</strong></span> <span class='ocrx_word' id='word_1_795' title='bbox 3815 4634 4028 4672; x_wconf 81' lang='lat' dir='ltr'><strong>memo-</strong></span> 
     </span>
    </p>
   </div>
   <div class='ocr_carea' id='block_1_108' title="bbox 2438 4709 4031 4781">
    <p class='ocr_par' dir='ltr' id='par_1_108' title="bbox 2438 4709 4031 4781">
     <span class='ocr_line' id='line_1_108' title="bbox 2438 4709 4031 4781; baseline -0.004 -12"><span class='ocrx_word' id='word_1_796' title='bbox 2438 4723 2614 4769; x_wconf 88' lang='lat' dir='ltr'><strong>ratum</strong></span> <span class='ocrx_word' id='word_1_797' title='bbox 2639 4714 2929 4768; x_wconf 89' lang='lat' dir='ltr'><strong>clamatum</strong></span> <span class='ocrx_word' id='word_1_798' title='bbox 2971 4722 3054 4768; x_wconf 86' lang='lat' dir='ltr'><strong>est</strong></span> <span class='ocrx_word' id='word_1_799' title='bbox 3084 4711 3315 4778; x_wconf 88' lang='lat' dir='ltr'><strong>fretum;</strong></span> <span class='ocrx_word' id='word_1_800' title='bbox 3347 4728 3507 4781; x_wconf 92' lang='lat' dir='ltr'><strong>quem</strong></span> <span class='ocrx_word' id='word_1_801' title='bbox 3538 4710 3761 4766; x_wconf 87' lang='lat' dir='ltr'><strong>audiens</strong></span> <span class='ocrx_word' id='word_1_802' title='bbox 3791 4709 4031 4764; x_wconf 87' lang='lat' dir='ltr'><strong>Sanctus</strong></span> 
     </span>
    </p>
   </div>
   <div class='ocr_carea' id='block_1_109' title="bbox 2444 4801 4028 4875">
    <p class='ocr_par' dir='ltr' id='par_1_109' title="bbox 2444 4801 4028 4875">
     <span class='ocr_line' id='line_1_109' title="bbox 2444 4801 4028 4875; baseline -0.004 -15"><span class='ocrx_word' id='word_1_803' title='bbox 2444 4807 2762 4874; x_wconf 87' lang='lat' dir='ltr'><strong>clamorem,</strong></span> <span class='ocrx_word' id='word_1_804' title='bbox 2785 4807 2852 4859; x_wconf 90' lang='lat' dir='ltr'><strong>ad</strong></span> <span class='ocrx_word' id='word_1_805' title='bbox 2879 4804 3092 4873; x_wconf 81' lang='lat' dir='ltr'><strong>fratres,</strong></span> <span class='ocrx_word' id='word_1_806' title='bbox 3121 4806 3211 4875; x_wconf 90' lang='lat' dir='ltr'><strong>qui</strong></span> <span class='ocrx_word' id='word_1_807' title='bbox 3236 4805 3428 4859; x_wconf 84' lang='lat' dir='ltr'><strong>ibidem</strong></span> <span class='ocrx_word' id='word_1_808' title='bbox 3459 4805 3670 4858; x_wconf 88' lang='lat' dir='ltr'><strong>inerant</strong></span> <span class='ocrx_word' id='word_1_809' title='bbox 3695 4822 3708 4856; x_wconf 86' lang='lat'><strong>:</strong></span> <span class='ocrx_word' id='word_1_810' title='bbox 3741 4820 3759 4854; x_wconf 69' lang='grc' dir='ltr'>ι</span> <span class='ocrx_word' id='word_1_811' title='bbox 3801 4801 3904 4864; x_wconf 84' lang='lat' dir='ltr'><strong>Ite,</strong></span> <span class='ocrx_word' id='word_1_812' title='bbox 3930 4804 4028 4867; x_wconf 85' lang='lat' dir='ltr'><strong>ait,</strong></span> 
     </span>
    </p>
   </div>
   <div class='ocr_carea' id='block_1_110' title="bbox 2435 4893 4033 4968">
    <p class='ocr_par' dir='ltr' id='par_1_110' title="bbox 2435 4893 4033 4968">
     <span class='ocr_line' id='line_1_110' title="bbox 2435 4893 4033 4968; baseline -0.004 -15"><span class='ocrx_word' id='word_1_813' title='bbox 2435 4897 2708 4966; x_wconf 89' lang='lat' dir='ltr'><strong>celeriter,</strong></span> <span class='ocrx_word' id='word_1_814' title='bbox 2739 4897 3166 4968; x_wconf 83' lang='lat' dir='ltr'><strong>peregrinosque</strong></span> <span class='ocrx_word' id='word_1_815' title='bbox 3203 4896 3272 4952; x_wconf 91' lang='lat' dir='ltr'><strong>de</strong></span> <span class='ocrx_word' id='word_1_816' title='bbox 3309 4896 3595 4965; x_wconf 88' lang='lat' dir='ltr'><strong>longinqua</strong></span> <span class='ocrx_word' id='word_1_817' title='bbox 3623 4893 3911 4949; x_wconf 90' lang='lat' dir='ltr'><strong>venientes</strong></span> <span class='ocrx_word' id='word_1_818' title='bbox 3946 4910 4033 4946; x_wconf 85' lang='lat' dir='ltr'><strong>re—</strong></span> 
     </span>
    </p>
   </div>
   <div class='ocr_carea' id='block_1_111' title="bbox 2431 4984 4029 5058">
    <p class='ocr_par' dir='ltr' id='par_1_111' title="bbox 2431 4984 4029 5058">
     <span class='ocr_line' id='line_1_111' title="bbox 2431 4984 4029 5058; baseline -0.003 -16"><span class='ocrx_word' id='word_1_819' title='bbox 2431 4989 2612 5058; x_wconf 88' lang='lat' dir='ltr'><strong>gione,</strong></span> <span class='ocrx_word' id='word_1_820' title='bbox 2632 4988 2698 5042; x_wconf 88' lang='lat' dir='ltr'><strong>ad</strong></span> <span class='ocrx_word' id='word_1_821' title='bbox 2721 5004 2821 5044; x_wconf 89' lang='lat' dir='ltr'><strong>nos</strong></span> <span class='ocrx_word' id='word_1_822' title='bbox 2836 4989 2988 5044; x_wconf 91' lang='lat' dir='ltr'><strong>ocius</strong></span> <span class='ocrx_word' id='word_1_823' title='bbox 3013 4987 3279 5043; x_wconf 90' lang='lat' dir='ltr'><strong>adducite.</strong></span> <span class='ocrx_word' id='word_1_824' title='bbox 3311 5008 3330 5041; x_wconf 80' lang='grc'><strong>»</strong></span> <span class='ocrx_word' id='word_1_825' title='bbox 3365 4986 3466 5054; x_wconf 90' lang='lat' dir='ltr'><strong>Qui</strong></span> <span class='ocrx_word' id='word_1_826' title='bbox 3491 4986 3752 5041; x_wconf 91' lang='lat' dir='ltr'><strong>continuo</strong></span> <span class='ocrx_word' id='word_1_827' title='bbox 3776 4984 4029 5040; x_wconf 85' lang='lat' dir='ltr'><strong>obsecuti</strong></span> 
     </span>
    </p>
   </div>
   <div class='ocr_carea' id='block_1_112' title="bbox 2435 5075 4032 5151">
    <p class='ocr_par' dir='ltr' id='par_1_112' title="bbox 2435 5075 4032 5151">
     <span class='ocr_line' id='line_1_112' title="bbox 2435 5075 4032 5151; baseline -0.005 -12"><span class='ocrx_word' id='word_1_828' title='bbox 2435 5081 2841 5139; x_wconf 88' lang='lat' dir='ltr'><strong>transfretantes</strong></span> <span class='ocrx_word' id='word_1_829' title='bbox 2899 5081 3239 5136; x_wconf 77' lang='lat' dir='ltr'><strong>adduxerunt</strong></span> <span class='ocrx_word' id='word_1_830' title='bbox 3283 5081 3544 5151; x_wconf 86' lang='lat' dir='ltr'><strong>hospites,</strong></span> <span class='ocrx_word' id='word_1_831' title='bbox 3602 5092 3739 5148; x_wconf 88' lang='lat' dir='ltr'><strong>quos</strong></span> <span class='ocrx_word' id='word_1_832' title='bbox 3793 5075 4032 5132; x_wconf 89' lang='lat' dir='ltr'><strong>Sanctus</strong></span> 
     </span>
    </p>
   </div>
   <div class='ocr_carea' id='block_1_113' title="bbox 2438 5171 4029 5240">
    <p class='ocr_par' dir='ltr' id='par_1_113' title="bbox 2438 5171 4029 5240">
     <span class='ocr_line' id='line_1_113' title="bbox 2438 5171 4029 5240; baseline -0.004 -12"><span class='ocrx_word' id='word_1_833' title='bbox 2438 5173 2782 5228; x_wconf 79' lang='lat' dir='ltr'><strong>exosculatus</strong></span> <span class='ocrx_word' id='word_1_834' title='bbox 2823 5181 3221 5240; x_wconf 84' lang='lat' dir='ltr'><strong>consequenter</strong></span> <span class='ocrx_word' id='word_1_835' title='bbox 3255 5171 3322 5226; x_wconf 90' lang='lat' dir='ltr'><strong>de</strong></span> <span class='ocrx_word' id='word_1_836' title='bbox 3351 5186 3513 5225; x_wconf 86' lang='lat' dir='ltr'><strong>causa</strong></span> <span class='ocrx_word' id='word_1_837' title='bbox 3551 5179 3911 5240; x_wconf 88' lang='lat' dir='ltr'><strong>percontatur</strong></span> <span class='ocrx_word' id='word_1_838' title='bbox 3944 5171 4029 5222; x_wconf 91' lang='lat' dir='ltr'><strong>iti-</strong></span> 
     </span>
    </p>
   </div>
   <div class='ocr_carea' id='block_1_114' title="bbox 2433 5260 4028 5334">
    <p class='ocr_par' dir='ltr' id='par_1_114' title="bbox 2433 5260 4028 5334">
     <span class='ocr_line' id='line_1_114' title="bbox 2433 5260 4028 5334; baseline -0.004 -14"><span class='ocrx_word' id='word_1_839' title='bbox 2433 5265 2595 5321; x_wconf 89' lang='lat' dir='ltr'><strong>neris.</strong></span> <span class='ocrx_word' id='word_1_840' title='bbox 2621 5265 2722 5332; x_wconf 90' lang='lat' dir='ltr'><strong>Qui</strong></span> <span class='ocrx_word' id='word_1_841' title='bbox 2750 5265 3138 5334; x_wconf 90' lang='lat' dir='ltr'><strong>respondentes</strong></span> <span class='ocrx_word' id='word_1_842' title='bbox 3163 5265 3312 5318; x_wconf 89' lang='lat' dir='ltr'><strong>aiunt</strong></span> <span class='ocrx_word' id='word_1_843' title='bbox 3337 5279 3346 5314; x_wconf 93' lang='lat'>:</span> <span class='ocrx_word' id='word_1_844' title='bbox 3388 5281 3405 5314; x_wconf 69' lang='grc' dir='ltr'><em>α</em></span> <span class='ocrx_word' id='word_1_845' title='bbox 3447 5260 3514 5316; x_wconf 90' lang='lat' dir='ltr'><strong>Ut</strong></span> <span class='ocrx_word' id='word_1_846' title='bbox 3543 5262 3647 5316; x_wconf 93' lang='lat' dir='ltr'><strong>hoc</strong></span> <span class='ocrx_word' id='word_1_847' title='bbox 3675 5261 3846 5316; x_wconf 87' lang='lat' dir='ltr'><strong>etiam</strong></span> <span class='ocrx_word' id='word_1_848' title='bbox 3882 5275 4028 5316; x_wconf 89' lang='lat' dir='ltr'><strong>anno</strong></span> 
     </span>
    </p>
   </div>
   <div class='ocr_carea' id='block_1_115' title="bbox 2433 5360 3433 5431">
    <p class='ocr_par' dir='ltr' id='par_1_115' title="bbox 2433 5360 3433 5431">
     <span class='ocr_line' id='line_1_115' title="bbox 2433 5360 3433 5431; baseline -0.004 -17"><span class='ocrx_word' id='word_1_849' title='bbox 2433 5362 2571 5431; x_wconf 90' lang='lat' dir='ltr'><strong>apud</strong></span> <span class='ocrx_word' id='word_1_850' title='bbox 2603 5371 2656 5415; x_wconf 88' lang='lat' dir='ltr'><strong>te</strong></span> <span class='ocrx_word' id='word_1_851' title='bbox 2684 5360 3106 5431; x_wconf 84' lang='lat' dir='ltr'><strong>peregrinemur,</strong></span> <span class='ocrx_word' id='word_1_852' title='bbox 3131 5360 3390 5413; x_wconf 68' lang='lat' dir='ltr'><strong>venimus.</strong></span> <span class='ocrx_word' id='word_1_853' title='bbox 3416 5377 3433 5410; x_wconf 75' lang='grc' dir='ltr'><strong><em>ι</em></strong></span> 
     </span>
    </p>
   </div>
   <div class='ocr_carea' id='block_1_116' title="bbox 2503 5449 4018 5520">
    <p class='ocr_par' dir='ltr' id='par_1_116' title="bbox 2503 5449 4018 5520">
     <span class='ocr_line' id='line_1_116' title="bbox 2503 5449 4018 5520; baseline -0.005 -12"><span class='ocrx_word' id='word_1_854' title='bbox 2503 5452 2706 5519; x_wconf 88' lang='lat' dir='ltr'><strong>Quibus</strong></span> <span class='ocrx_word' id='word_1_855' title='bbox 2735 5453 2962 5508; x_wconf 84' lang='lat' dir='ltr'><strong>Sanctus</strong></span> <span class='ocrx_word' id='word_1_856' title='bbox 2991 5452 3130 5506; x_wconf 89' lang='lat' dir='ltr'><strong>hanc</strong></span> <span class='ocrx_word' id='word_1_857' title='bbox 3159 5450 3306 5506; x_wconf 87' lang='lat' dir='ltr'><strong>dedit</strong></span> <span class='ocrx_word' id='word_1_858' title='bbox 3333 5450 3742 5520; x_wconf 88' lang='lat' dir='ltr'><strong>responsionem</strong></span> <span class='ocrx_word' id='word_1_859' title='bbox 3780 5465 3835 5506; x_wconf 72' lang='grc' dir='ltr'><strong>ει</strong></span> <span class='ocrx_word' id='word_1_860' title='bbox 3863 5449 4018 5520; x_wconf 78' lang='lat' dir='ltr'><strong>Apu-l</strong></span> 
     </span>
    </p>
   </div>
   <div class='ocr_carea' id='block_1_117' title="bbox 2433 5541 4022 5611">
    <p class='ocr_par' dir='ltr' id='par_1_117' title="bbox 2433 5541 4022 5611">
     <span class='ocr_line' id='line_1_117' title="bbox 2433 5541 4022 5611; baseline -0.004 -11"><span class='ocrx_word' id='word_1_861' title='bbox 2433 5560 2540 5607; x_wconf 89' lang='lat' dir='ltr'><strong>me,</strong></span> <span class='ocrx_word' id='word_1_862' title='bbox 2577 5554 2634 5600; x_wconf 92' lang='lat' dir='ltr'><strong>ut</strong></span> <span class='ocrx_word' id='word_1_863' title='bbox 2690 5544 2885 5610; x_wconf 80' lang='lat' dir='ltr'><strong>dicitis,</strong></span> <span class='ocrx_word' id='word_1_864' title='bbox 2923 5544 3047 5598; x_wconf 91' lang='lat' dir='ltr'><strong>anni</strong></span> <span class='ocrx_word' id='word_1_865' title='bbox 3103 5543 3258 5598; x_wconf 90' lang='lat' dir='ltr'><strong>unius</strong></span> <span class='ocrx_word' id='word_1_866' title='bbox 3297 5541 3858 5611; x_wconf 69' lang='lat' dir='ltr'><strong>spatio&#39;peregrinari</strong></span> <span class='ocrx_word' id='word_1_867' title='bbox 3919 5557 4022 5594; x_wconf 85' lang='lat' dir='ltr'><strong>non</strong></span> 
     </span>
    </p>
   </div>
   <div class='ocr_carea' id='block_1_118' title="bbox 2433 5637 4019 5710">
    <p class='ocr_par' dir='ltr' id='par_1_118' title="bbox 2433 5637 4019 5710">
     <span class='ocr_line' id='line_1_118' title="bbox 2433 5637 4019 5710; baseline -0.003 -16"><span class='ocrx_word' id='word_1_868' title='bbox 2433 5639 2702 5710; x_wconf 88' lang='lat' dir='ltr'><strong>poteritis,</strong></span> <span class='ocrx_word' id='word_1_869' title='bbox 2732 5640 2832 5694; x_wconf 91' lang='lat' dir='ltr'><strong>nisi</strong></span> <span class='ocrx_word' id='word_1_870' title='bbox 2855 5639 3002 5710; x_wconf 90' lang='lat' dir='ltr'><strong>prius</strong></span> <span class='ocrx_word' id='word_1_871' title='bbox 3028 5638 3400 5692; x_wconf 90' lang='lat' dir='ltr'><strong>monachicum</strong></span> <span class='ocrx_word' id='word_1_872' title='bbox 3426 5637 3788 5706; x_wconf 86' lang='lat' dir='ltr'><strong>promiseritis</strong></span> <span class='ocrx_word' id='word_1_873' title='bbox 3817 5648 4019 5692; x_wconf 82' lang='lat' dir='ltr'><strong>votum.</strong></span> 
     </span>
    </p>
   </div>
   <div class='ocr_carea' id='block_1_119' title="bbox 2434 5728 4020 5800">
    <p class='ocr_par' dir='ltr' id='par_1_119' title="bbox 2434 5728 4020 5800">
     <span class='ocr_line' id='line_1_119' title="bbox 2434 5728 4020 5800; baseline -0.003 -14"><span class='ocrx_word' id='word_1_874' title='bbox 2434 5731 2590 5798; x_wconf 90' lang='lat' dir='ltr'><strong>Quod</strong></span> <span class='ocrx_word' id='word_1_875' title='bbox 2639 5732 2730 5800; x_wconf 90' lang='lat' dir='ltr'><strong>qui</strong></span> <span class='ocrx_word' id='word_1_876' title='bbox 2771 5732 2982 5786; x_wconf 74' lang='lat' dir='ltr'><strong>inerant</strong></span> <span class='ocrx_word' id='word_1_877' title='bbox 3012 5739 3303 5800; x_wconf 60' lang='lat' dir='ltr'><strong>praesentes</strong></span> <span class='ocrx_word' id='word_1_878' title='bbox 3336 5728 3486 5783; x_wconf 83' lang='lat' dir='ltr'><strong>valde</strong></span> <span class='ocrx_word' id='word_1_879' title='bbox 3531 5729 3713 5783; x_wconf 88' lang='lat' dir='ltr'><strong>mirati</strong></span> <span class='ocrx_word' id='word_1_880' title='bbox 3761 5738 3914 5795; x_wconf 88' lang='lat' dir='ltr'><strong>sunt,</strong></span> <span class='ocrx_word' id='word_1_881' title='bbox 3959 5728 4020 5783; x_wconf 90' lang='lat' dir='ltr'><strong>ad</strong></span> 
     </span>
    </p>
   </div>
   <div class='ocr_carea' id='block_1_120' title="bbox 2433 5823 4020 5898">
    <p class='ocr_par' dir='ltr' id='par_1_120' title="bbox 2433 5823 4020 5898">
     <span class='ocr_line' id='line_1_120' title="bbox 2433 5823 4020 5898; baseline -0.004 -16"><span class='ocrx_word' id='word_1_882' title='bbox 2433 5827 2676 5898; x_wconf 88' lang='lat' dir='ltr'><strong>hospites</strong></span> <span class='ocrx_word' id='word_1_883' title='bbox 2729 5827 2916 5882; x_wconf 83' lang='lat' dir='ltr'><strong>eadem</strong></span> <span class='ocrx_word' id='word_1_884' title='bbox 2981 5826 3115 5881; x_wconf 88' lang='lat' dir='ltr'><strong>hora</strong></span> <span class='ocrx_word' id='word_1_885' title='bbox 3159 5824 3510 5880; x_wconf 85' lang='lat' dir='ltr'><strong>adventantes</strong></span> <span class='ocrx_word' id='word_1_886' title='bbox 3557 5823 3684 5879; x_wconf 87' lang='lat' dir='ltr'><strong>dici.</strong></span> <span class='ocrx_word' id='word_1_887' title='bbox 3723 5843 3742 5877; x_wconf 72' lang='grc' dir='ltr'><strong><em>ι</em></strong></span> <span class='ocrx_word' id='word_1_888' title='bbox 3777 5826 3858 5879; x_wconf 77' lang='lat' dir='ltr'><strong>Ad</strong></span> <span class='ocrx_word' id='word_1_889' title='bbox 3908 5838 4020 5895; x_wconf 69' lang='lat' dir='ltr'><strong>qua:</strong></span> 
     </span>
    </p>
   </div>
   <div class='ocr_carea' id='block_1_121' title="bbox 2433 5916 4017 5988">
    <p class='ocr_par' dir='ltr' id='par_1_121' title="bbox 2433 5916 4017 5988">
     <span class='ocr_line' id='line_1_121' title="bbox 2433 5916 4017 5988; baseline -0.006 -12"><span class='ocrx_word' id='word_1_890' title='bbox 2433 5919 2618 5976; x_wconf 87' lang='lat' dir='ltr'><strong>Sancti</strong></span> <span class='ocrx_word' id='word_1_891' title='bbox 2651 5917 2811 5975; x_wconf 86' lang='lat' dir='ltr'><strong>verba</strong></span> <span class='ocrx_word' id='word_1_892' title='bbox 2839 5917 3021 5976; x_wconf 86' lang='lat' dir='ltr'><strong>senior</strong></span> <span class='ocrx_word' id='word_1_893' title='bbox 3047 5917 3374 5988; x_wconf 74' lang='lat' dir='ltr'><strong>respondens</strong></span> <span class='ocrx_word' id='word_1_894' title='bbox 3418 5918 3584 5971; x_wconf 57' lang='lat' dir='ltr'><strong>l&#39;ratvr</strong></span> <span class='ocrx_word' id='word_1_895' title='bbox 3615 5921 3689 5971; x_wconf 84' lang='lat' dir='ltr'><strong>ait</strong></span> <span class='ocrx_word' id='word_1_896' title='bbox 3719 5936 3732 5971; x_wconf 87' lang='lat'><strong>:</strong></span> <span class='ocrx_word' id='word_1_897' title='bbox 3767 5937 3784 5970; x_wconf 76' lang='grc' dir='ltr'>ι</span> <span class='ocrx_word' id='word_1_898' title='bbox 3836 5916 3946 5972; x_wconf 80' lang='lat' dir='ltr'><strong>Hoc</strong></span> <span class='ocrx_word' id='word_1_899' title='bbox 3973 5916 4017 5968; x_wconf 74' lang='lat' dir='ltr'><strong>in</strong></span> 
     </span>
    </p>
   </div>
  </div>
