4204 6542
219 342 322 399 737

1341 358 1426 413 DE
1471 359 1627 415 VITA
1670 361 1726 418 S.
1768 360 2121 423 COLUMBIE
2165 369 2300 426 LIB.
2342 371 2382 432 Ι.

3412 395 3512 448 7'58

219 469 406 513 mente
439 461 774 530 propositum
806 463 930 517 licet
961 465 1012 518 in
1052 468 1192 522 hanc
1245 471 1432 527 horam
1464 489 1636 545 usque
1693 477 1812 533 nul—
1841 482 1893 540 A
1919 484 2104 538 accitis
2137 487 2203 540 ad
2247 503 2307 542 se
2352 487 2493 543 binis
2519 492 2585 545 de
2620 493 2877 553 fratribus
2908 499 3053 566 viris,
3087 515 3315 572 quorum
3347 524 3508 564 voca~

220 549 427 572 l-a-_-_-
455 551 727 572 ι..ι.μ....ξῌᾷ
760 571 768 572 ,
828 564 841 572 .
1032 567 1042 572 -
1639 570 1689 572 μ-

219 549 432 604 latenus
455 551 1006 619 habuerimus,tamen
1029 567 1176 614 tuum
1193 576 1485 633 sequemur
1498 570 1808 637 consilium,

215 641 494 712 divinitus,
543 656 602 701 ut
632 649 920 718 credimus,
975 653 1313 725 inspiratam.
1355 679 1373 712 ι
1425 660 1563 727 Quid
1612 663 1814 733 plura?

215 738 427 795 Eodem
469 743 614 798 horae
661 757 939 803 momento
968 754 1267 809 oratorium
1316 770 1437 811 cum
1481 758 1700 816 Sancto
1726 760 1813 815 in"

211 833 388 899 gressi
417 833 635 900 devote,
659 834 816 894 ﬂexis
843 841 1067 909 genibus
1087 853 1270 901 votum
1303 852 1616 907 monachile
1647 866 1810 908 vove-

212 934 364 980 runt.

282 1021 518 1077 Sanctus
565 1032 674 1079 tum
708 1025 904 1084 deinde
956 1030 1025 1084 ad
1082 1032 1278 1090 fratres
1336 1051 1631 1093 conversus
1688 1039 1802 1093 ait:

214 1127 234 1163 ι
271 1110 338 1165 Hi
372 1112 481 1169 duo
530 1119 807 1188 proselyti,
840 1121 1015 1176 vivam
1073 1123 1183 1180 Deo
1214 1128 1422 1197 seipsos
1481 1131 1802 1187 exhibentes

207 1202 466 1271 hostiam,
523 1207 790 1282 longaque
838 1214 890 1268 in
965 1216 1113 1271 brevi
1177 1217 1498 1276 Christiana:
1557 1231 1806 1293 tempora

205 1300 415 1354 militim
439 1305 793 1373 complentes,
823 1308 926 1364 hoc
955 1327 1078 1366 mox
1105 1313 1296 1368 eodem
1335 1332 1522 1372 mense
1554 1318 1618 1372 ad
1648 1318 1804 1373 Chri-

203 1401 347 1447 stum
383 1394 672 1452 Dominum
712 1401 764 1455 in
797 1418 928 1471 pace
970 1408 1290 1462 transibunt.
1325 1429 1340 1459 ο
1376 1409 1580 1476 Quibus
1609 1413 1804 1467 auditis

204 1485 366 1537 ambo
415 1486 609 1543 fratres
635 1493 834 1559 gratias
871 1495 981 1549 Deo
1009 1507 1249 1566 agentes,
1282 1500 1347 1553 ad
1377 1501 1671 1572 hospitium
1703 1503 1799 1560 de—

201 1573 350 1630 ducti
384 1589 530 1642 sunt,
562 1582 961 1654 interjectisque
993 1588 1182 1644 diebus
1206 1602 1434 1660 septem,
1481 1595 1666 1648 senior
1694 1595 1801 1650 fra—

203 1675 282 1718 ter
323 1670 490 1736 cmpit
521 1671 798 1739 infirmari,
833 1686 884 1729 et
912 1679 1098 1732 eidem
1128 1689 1348 1748 peracta
1378 1683 1701 1752 septimana,
1729 1684 1798 1738 ad

200 1754 492 1813 Dominum
522 1764 822 1834 emigravit.
858 1767 1116 1825 Similiter
1160 1781 1213 1826 et
1254 1774 1390 1827 alter
1415 1784 1538 1844 post
1585 1787 1793 1845 septem

199 1847 338 1903 alios
369 1849 486 1906 dies
515 1853 812 1912 infirmatus
851 1860 1088 1928 ejusdem
1123 1863 1172 1916 in
1205 1863 1309 1919 fine
1333 1866 1686 1923 hebdomadis
1725 1870 1792 1924 ad
1830 1863 1875 1923 Β

199 1937 491 1996 Dominum
520 1944 747 2002 feliciter
774 1950 1044 2020 migravit.
1077 1953 1252 2022 Etsic,
1283 1959 1578 2014 secundum
1605 1961 1791 2018 Sancti

199 2034 496 2091 veridicam
528 2043 892 2111 prophetiam,
917 2047 1053 2101 intra
1088 2050 1326 2117 ejusdem
1371 2056 1572 2109 mensis
1613 2058 1795 2112 termi-

199 2141 328 2179 num
353 2129 516 2184 ambo
538 2147 636 2200 pra
649 2145 855 2189 sentem
884 2136 1138 2195 finierunt
1169 2143 1360 2199 vitam.

269 2215 410 2272 XIX.
441 2220 577 2276 Dum
608 2239 706 2294 per
735 2227 940 2297 aliquot
968 2231 1082 2286 dies
1119 2234 1172 2288 in
1213 2235 1386 2291 insula
1418 2239 1792 2296 demet-aretur

196 2311 385 2366 Scotia
419 2315 502 2369 vir
531 2317 742 2385 beatus,
777 2322 1003 2392 alicujus
1033 2327 1136 2382 loci
1171 2332 1451 2398 terrulam,
1486 2336 1622 2389 mari
1653 2338 1788 2392 vici-

193 2418 345 2469 nam,
382 2404 573 2463 baculo
628 2415 953 2483 percutiens,
995 2419 1060 2471 ad
1112 2423 1339 2478 comites
1387 2425 1498 2480 ait:
1540 2447 1557 2478 ι
1597 2429 1786 2485 Mirum

191 2493 366 2559 dictu,
393 2513 424 2551 ο
446 2495 612 2564 ﬁlioli,
641 2501 799 2558 hodie
822 2506 874 2559 in
904 2510 1003 2563 hac
1023 2510 1183 2580 hujus
1208 2513 1312 2570 loci
1340 2521 1538 2573 terrula
1565 2521 1786 2591 quidam

187 2590 411 2657 gentilis
440 2608 625 2660 senex,
652 2600 899 2655 naturale
921 2619 1017 2672 per
1047 2613 1216 2663 totam
1246 2610 1449 2667 bonum
1474 2611 1787 2673 custodiens

188 2681 384 2747 vitam,
419 2693 474 2738 et
503 2686 883 2760 baptizabitur,
914 2705 968 2749 et
997 2701 1274 2766 morietur,
1318 2713 1374 2759 et
1407 2709 1722 2778 sepelietur.
1762 2732 1780 2765 ι

185 2773 258 2829 Et
299 2792 426 2833 ecce
454 2783 608 2849 quasi
642 2795 758 2852 post
791 2788 946 2842 unius
979 2791 1318 2852 intervallum
1349 2799 1497 2855 hora:
1538 2806 1782 2862 navicula

185 2866 259 2922 ad
291 2871 541 2926 eumdem
563 2881 873 2944 snpcrvenit
901 2895 1136 2953 portuum,
1183 2890 1334 2958 cujus
1380 2893 1433 2947 in
1464 2910 1625 2964 prora
1659 2900 1780 2966 qui-

185 2957 314 3013 dam
347 2961 608 3020 advectus
631 2978 713 3022 est
738 2970 1041 3044 decrepitus
1084 2957 1782 3057 senexGeOne-primarius

181 3053 452 3123 cohortis,
490 3074 648 3126 quem
699 3062 808 3117 bini
859 3065 1086 3133 juvenes
1132 3073 1198 3128 de
1256 3077 1376 3130 navi
1408 3053 1776 3153 sublevantes,

183 3155 316 3201 ante
361 3148 506 3204 beati
539 3153 634 3207 viri
688 3169 1038 3227 conSpectum
1091 3165 1387 3235 deponunt.
1441 3172 1542 3238 Qui
1593 3148 1775 3231 statim

179 3243 354 3296 verbo
383 3243 478 3298 Dei
503 3260 536 3299 a
565 3246 766 3306 Sancto
789 3269 885 3322 per
913 3256 1262 3329 interpretem
1283 3275 1500 3335 recepto
1526 3271 1771 3338 credens,

179 3336 249 3391 ab
279 3338 474 3394 eodem
501 3341 805 3412 baptizatus
835 3359 946 3418 est;
974 3362 1028 3407 et
1055 3367 1174 3424 post
1207 3360 1420 3428 expleta
1455 3336 1775 3434 baptizatios

177 3430 267 3483 nis
293 3435 576 3502 mysteria,
609 3439 750 3493 sicut
790 3441 1022 3500 Sanctus
1049 3450 1464 3521 prophetizavit,
1497 3458 1688 3514 eodem
1721 3461 1775 3515 in

180 3522 309 3576 loco
349 3538 748 3594 consequenter
795 3535 950 3601 obiit,
983 3537 1289 3610 ibidemque
1338 3547 1469 3600 socii
1513 3560 1774 3621 congesto

175 3613 424 3684 lapidum
454 3633 652 3676 acervo
673 3625 970 3693 sepeliunt,
1021 3632 1111 3699 qui
1141 3634 1412 3706 hodieque
1442 3639 1494 3694 in
1531 3613 1650 3698 hac.
1676 3659 1773 3698 ora

173 3709 423 3764 cemitur
445 3714 737 3785 maritima,
793 3719 1096 3791 fluviusque
1145 3727 1388 3796 ejusdem
1419 3733 1541 3802 loci,
1576 3736 1630 3790 in
1660 3753 1772 3807 quo

171 3798 319 3854 idem
387 3802 654 3872 baptisma
734 3823 1062 3882 acceperat,
1135 3832 1204 3872 ex
1268 3823 1486 3878 nomine
1554 3826 1671 3896 ejus
1716 3830 1770 3884 in

171 3890 502 3959 hodiernum
528 3896 675 3953 diem
708 3904 1015 3960 nominatus
1047 3917 1102 3963 et
1129 3912 1197 3965 ab
1246 3916 1446 3970 accolis
1476 3890 1766 3979 vocitatus.

242 3981 363 4038 XX.
390 3984 512 4041 Alio
536 3988 588 4042 in
619 4000 891 4063 tempore,
917 3996 1150 4058 Sanctus
1173 4019 1293 4059 cum
1319 4008 1370 4062 in
1403 4007 1766 4071 Scotiensium

168 4077 336 4145 paulo
352 4082 606 4150 superius
646 4098 957 4145 moraretur
1000 4106 1299 4153 memorata
1341 4103 1584 4170 regione,
1633 4121 1765 4163 casu

169 4167 453 4226 Dominica
483 4173 570 4228 die
601 4175 664 4229 ad
685 4180 952 4248 quoddam
984 4185 1200 4243 devenit
1221 4192 1456 4248 vicinum
1485 4210 1765 4256 monaste-

165 4261 332 4330 rium,
386 4267 532 4332 quod
595 4267 800 4326 Scotice
868 4275 1032 4331 Trioit
1079 4283 1367 4340 vocitatur.
1427 4287 1625 4345 Eadem
1678 4294 1764 4350 die

165 4358 400 4424 proinde
439 4364 728 4429 quemdam
773 4369 994 4427 audiens
1025 4377 1396 4449 presbyterum
1440 4399 1604 4440 sacrm
1656 4387 1763 4444 Eu-

167 4449 440 4507 chariStiae
471 4460 724 4526 mysteria
767 4464 1165 4536 conficientem,
1200 4490 1356 4540 quem
1389 4477 1512 4534 ideo
1543 4480 1754 4546 fratres,

163 4543 254 4610 qui
303 4545 506 4600 ibidem
560 4556 975 4612 commanebant
1028 4561 1093 4614 ad
1141 4563 1420 4622 Missarum
1472 4543 1751 4641 elegerant

165 4642 476 4708 peragenda
527 4643 788 4709 solennia,
821 4652 943 4718 quia
983 4654 1144 4711 valde
1171 4658 1480 4729 religiosum
1522 4667 1758 4722 aastima-

162 4727 311 4796 bant,
383 4744 610 4801 repente
651 4738 790 4795 hanc
850 4745 1238 4804 formidabilem
1280 4727 1362 4808 vde
1416 4771 1511 4811 ore
1553 4760 1757 4828 profert

162 4833 353 4875 vocem
387 4841 398 4874 :
437 4841 457 4874 ι
496 4824 694 4883 Munda
723 4840 777 4885 et
815 4834 1087 4893 immunda
1123 4843 1324 4910 pariter
1351 4863 1493 4903 nunc
1524 4855 1749 4920 permis-

159 4915 271 4967 ceri
318 4926 638 4985 cernuntur,
695 4923 797 4978 hoc
838 4938 939 4992 est,
985 4932 1186 4987 munda
1237 4951 1405 4993 sacrze
1462 4942 1753 5002 oblationis

158 5009 420 5076 mysteria
457 5025 551 5078 per
601 5015 934 5073 immundum
984 5022 1257 5083 hominem
1305 5033 1626 5099 ministrata,
1660 5042 1751 5109 qui

155 5095 210 5149 in
254 5113 358 5152 sua
392 5100 609 5157 interim
637 5109 967 5165 conscientia
998 5114 1213 5184 aliquod
1260 5122 1462 5188 grande
1509 5095 1752 5184 occullat

153 5187 387 5246 facinus.
455 5213 475 5245 ι
513 5195 638 5252 Ηωε
684 5201 774 5269 qui
825 5202 1034 5260 inerant
1089 5187 1391 5281 audientes,
1445 5219 1749 5277 tremefacti

151 5282 315 5338 nimis
346 5285 696 5357 Obstupuere.
742 5290 835 5348 Ille
860 5311 1008 5362 vero,
1057 5299 1124 5355 de
1151 5317 1258 5371 quo
1287 5302 1603 5365 dicebautur
1634 5313 1751 5370 hinc

150 5373 340 5440 verba,
400 5391 587 5433 coram
641 5385 892 5441 omnibus
923 5394 1257 5458 peccantiam
1313 5403 1621 5469 compulsus
1665 5417 1750 5463 est

150 5465 404 5522 confiteri
425 5485 599 5536 suam,
625 5471 932 5548 Christique
948 5486 1357 5555 commilitones,
1386 5495 1475 5560 qui
1501 5495 1552 5549 in
1575 5499 1750 5554 eccle-

149 5560 228 5612 sia
250 5559 512 5616 Sanctum
546 5565 978 5639 circumstantes,
1012 5579 1220 5633 occulta
1251 5585 1430 5638 cordis
1461 5589 1748 5646 audierant

151 5655 616 5726 manifestantern,
661 5664 895 5722 divinam
928 5671 977 5726 in
1002 5687 1068 5728 eo
1092 5677 1369 5735 scientiam
1394 5699 1514 5740 cum
1553 5703 1745 5759 magna

149 5746 508 5808 admiratione
537 5755 932 5823 glorificarunt.

219 5839 337 5897 Alio
363 5852 632 5916 tempore,
665 5850 898 5909 Sanctus
931 5856 983 5913 in
998 5855 1128 5917 Jova
1160 5880 1507 5927 commanens
1537 5875 1733 5944 insula,

1786 4615 1839 4678 ι)

1916 573 2040 630 bula
2075 577 2318 649 Lugbeus
2366 591 2418 637 et
2440 584 2712 654 Siluanus,
2757 588 2960 646 eisdem
2994 596 3310 667 prmcipicus
3341 601 3505 658 dicit:

1922 691 1941 724 ‹
1977 674 2111 729 Hinc
2140 677 2206 731 ad
2236 677 2462 734 Maleam
2493 680 2845 740 transfretate
2894 687 3145 756 insulam,
3176 701 3232 746 et
3260 693 3312 748 in
3342 694 3502 752 Cam-

1916 771 2055 840 pulis
2077 775 2210 829 mari
2242 775 2434 831 vicinis
2464 777 2649 833 Ertum
2680 781 2905 850 quaerite
2933 783 3195 853 furacem,
3225 789 3316 858 qui
3344 799 3508 846 nocte

1913 869 2188 936 praeterita
2212 871 2359 927 solus
2380 873 2599 929 occulte
2619 876 2687 931 de
2714 876 2887 932 insula
2933 880 3130 937 Coloso
3161 885 3503 954 perveniens,

1911 963 2012 1016 sub
2040 977 2141 1018 suo
2162 964 2307 1021 [ωηο
2340 974 2484 1021 tecta
2513 969 2758 1025 navicula
2785 971 2927 1027 inter
2951 988 3235 1030 arenarum
3259 978 3505 1035 cumulos

1912 1070 2012 1125 per
2035 1055 2176 1112 diem
2208 1074 2266 1114 se
2299 1060 2578 1116 occultare
2608 1072 2855 1131 conatur,
2889 1074 2949 1120 ut
2982 1075 3146 1123 noctu
3186 1069 3253 1123 ad
3282 1086 3505 1141 parvam

1911 1151 2275 1221 transnaviget
2305 1153 2555 1221 insulam,
2597 1155 2688 1210 ubi
2741 1159 2932 1213 marini
2982 1161 3153 1216 nostri
3184 1160 3321 1231 juris
3347 1163 3502 1220 vituli

1908 1251 2233 1311 generantur
2253 1255 2307 1300 et
2327 1255 2609 1316 generant,
2637 1255 2694 1302 ut
2715 1249 2780 1304 de
2808 1250 2911 1305 illis
2934 1251 3117 1307 furtim
3141 1253 3338 1310 occisis
3359 1254 3501 1316 edax

1906 1335 2063 1390 valde
2088 1335 2241 1392 furax
2264 1354 2416 1394 suam
2462 1341 2680 1412 replens
2726 1343 3031 1399 naviculam
3056 1347 3124 1401 ad
3153 1363 3309 1405 suum
3337 1363 3498 1421 repe-

1907 1425 2001 1481 det
2030 1427 2415 1486 habitaculum.
2460 1451 2478 1484 ι

1978 1519 2079 1586 Qui
2112 1521 2226 1576 haec
2273 1524 2555 1581 audientes
2603 1527 2848 1583 obsecuti
2893 1528 3182 1600 emigrant,
3214 1533 3497 1606 furemque

1905 1615 1957 1668 in
1987 1613 2120 1669 locis
2142 1629 2169 1668 a
2216 1615 2420 1672 Sancto
2473 1621 2807 1690 prmsignatis
2837 1623 3158 1681 absconsum
3185 1631 3495 1697 reperiunt;

1904 1713 1959 1757 et
1989 1704 2054 1756 ad
2077 1705 2357 1772 Sanctum,
2387 1709 2544 1763 sicuti
2592 1710 2696 1765 illis
2725 1724 3077 1784 praeceperat,
3106 1718 3492 1787 perduxerunt.

1906 1797 2021 1861 Quo
2045 1798 2180 1864 viso,
2206 1798 2439 1856 Sanctus
2467 1801 2535 1857 ad
2563 1818 2682 1858 eum
2711 1804 2873 1860 dicit:
2911 1827 2931 1860 ι
2956 1810 3136 1874 Quare
3159 1818 3216 1864 tu
3245 1827 3334 1867 res
3364 1813 3497 1869 alie-

1905 1905 2026 1957 nas,
2059 1890 2297 1946 divinum
2333 1901 2699 1964 transgressus
2729 1897 3040 1954 mandatum
3081 1916 3225 1972 saepe
3257 1901 3496 1959 furat-is?

1900 1979 2124 2048 Quando
2149 1999 2369 2041 necesse
2405 1987 2675 2054 habueris,
2709 1989 2775 2043 ad
2818 2005 2916 2045 nos
2938 1992 3161 2048 veniens
3184 1997 3492 2054 necessaria

1897 2075 2133 2143 accipies
2163 2081 2453 2147 postulata.
2489 2101 2506 2133 ι
2543 2081 2610 2135 Ει
2650 2083 2767 2138 haec
2796 2084 2983 2141 dicens
3012 2090 3270 2161 praecepit
3294 2106 3489 2148 verve-

1897 2181 1986 2222 ces
2013 2167 2206 2236 Occidi,
2241 2179 2295 2226 et
2320 2187 2419 2241 pro
2443 2172 2602 2228 furtis
2624 2173 2738 2229 dari
2761 2176 2958 2232 misero
2982 2178 3175 2248 furaci,
3203 2196 3272 2237 ne
3291 2198 3492 2241 vacuus

1894 2257 1961 2312 ad
2001 2275 2096 2314 sua
2144 2271 2433 2319 remearet.
2471 2263 2541 2319 Et
2571 2274 2693 2336 post
2720 2268 3055 2339 aliquantum
3094 2280 3308 2344 tempus
3351 2275 3489 2331 San-

1895 2359 2013 2407 ctus
2040 2352 2095 2405 in
2122 2354 2314 2422 spiritu
2353 2357 2655 2424 praevidens
2684 2359 2915 2415 vicinam
2962 2362 3096 2418 furis
3135 2374 3390 2434 mortem,
3417 2369 3486 2423 ad

1897 2442 2244 2500 Baltheneum
2284 2463 2350 2503 eo
2376 2456 2620 2519 tempore
2649 2454 3019 2522 prmpositum,
3053 2468 3482 2517 commorantem

1892 2538 1944 2592 in
1976 2555 2171 2610 campo
2200 2540 2386 2612 Lunge
2417 2546 2602 2607 mittit,
2639 2555 2696 2600 ut
2731 2548 2907 2603 eidem
2937 2549 3038 2604 furi
3069 2553 3337 2620 quoddam
3367 2557 3487 2626 pin-

1891 2642 1994 2698 gue
2019 2646 2204 2699 pecus,
2237 2641 2293 2688 et
2319 2644 2527 2702 septem
2569 2637 2780 2692 medias
2825 2641 3116 2697 novissima
3162 2647 3344 2700 mittat
3373 2663 3485 2702 mu-

1891 2740 2040 2778 nera.
2076 2725 2283 2791 Quibus
2315 2744 2342 2781 a
2375 2728 2697 2799 Balthenco,
2721 2732 2858 2787 sicut
2891 2733 3121 2791 Sanctus
3141 2742 3483 2795 commenda.

1889 2825 2061 2880 verat,
2094 2820 2442 2887 transmissis,
2475 2837 2540 2876 ea
2571 2824 2660 2878 die
2698 2824 2949 2881 inventus
2979 2837 3062 2882 est
3096 2840 3271 2885 morte
3303 2833 3480 2888 subita

1887 2919 2190 2978 praeventus
2219 2911 2374 2967 furax
2403 2914 2664 2981 misellus,
2691 2924 2744 2970 et
2775 2917 2827 2971 in
2855 2920 3124 2989 exsequiis
3151 2922 3269 2991 ejus
3299 2932 3475 2980 trans-

1888 3003 2050 3058 missa
2079 3020 2314 3074 expensa
2345 3018 2468 3062 sunt
2491 3011 2670 3065 xenia.

1949 3093 2067 3148 Alio
2091 3103 2357 3166 tempore,
2380 3097 2611 3155 Sanctus
2629 3117 2749 3157 cum
2759 3101 2912 3172 juxta
2935 3114 3180 3178 stagnum
3196 3109 3288 3165 Dei
3308 3127 3478 3184 prepe

1885 3186 2083 3240 ostium
2143 3187 2396 3257 fluminis,
2441 3193 2582 3260 quod
2615 3193 2806 3250 Latine
2846 3197 2936 3251 ὕοι
2988 3199 3206 3266 dicitur,
3241 3203 3330 3258 die
3377 3205 3476 3258 ali-

1885 3294 1990 3349 qua
2013 3297 2137 3336 eum
2179 3280 2433 3340 fratribus
2461 3286 2696 3356 sederet,
2725 3292 2942 3359 quidam
2974 3294 3040 3348 ad
3083 3311 3178 3350 eos
3231 3297 3477 3355 Scotieus

1881 3384 2038 3445 poeta
2066 3376 2302 3445 devenit,
2331 3382 2419 3450 qui
2450 3398 2570 3438 cum
2600 3394 2723 3454 post
2752 3388 2988 3460 aliquam
3019 3394 3330 3451 recessisse’
3356 3413 3474 3454 ser-

1879 3473 2336 3540 mocinationem,
2372 3478 2570 3536 fratres
2598 3482 2664 3535 ad
2689 3481 2947 3539 Sanctum
2975 3504 2988 3540 :
3029 3506 3048 3540 ι
3085 3487 3214 3559 Cur,
3246 3492 3417 3559 aiunt,
3440 3509 3473 3549 a

1880 3564 2033 3620 nobis
2055 3568 2390 3635 regrediente
2418 3571 2712 3630 Coronano
2743 3577 2957 3648 aliquod
2984 3595 3052 3635 ex
3073 3599 3226 3638 more
3246 3601 3357 3641 sua
3379 3602 3469 3642 ar-

1880 3656 1948 3712 tis
1960 3661 2226 3716 canticum
2252 3680 2357 3720 non
2375 3667 2657 3735 postulasti
2675 3670 3080 3730 modulabiliter
3101 3675 3421 3737 decantari?
3443 3702 3464 3736 ι

1876 3748 2080 3816 Quibus
2122 3752 2383 3809 Sanctus:
2426 3776 2444 3808 ‹
2477 3757 2654 3824 Quare
2694 3769 2749 3815 et
2794 3778 2893 3818 vos
2923 3781 3067 3822 nunc
3099 3770 3306 3826 inutilia
3335 3790 3467 3844 pro-

1875 3839 2026 3896 fertis
2052 3843 2255 3898 verba?
2285 3845 2572 3912 Quomodo
2617 3851 2686 3906 ab
2734 3851 2826 3908 illo
2859 3855 3056 3912 misero
3104 3839 3468 3921 bomuncione

1878 3936 2209 4002 postularem
2275 3955 2495 3996 carmen
2546 3943 2770 4012 laetitiae,
2805 3949 2894 4017 qui
2944 3965 3087 4006 nunc
3117 3954 3185 4008 ab
3231 3955 3466 4014 inimicis

1875 4027 2186 4094 trucidatus,
2235 4046 2402 4100 usque
2442 4033 2509 4088 ad
2559 4033 2719 4090 finem
2752 4039 2903 4094 ocius
2933 4045 3182 4110 pervenit
3231 4047 3400 4102 vitae?
3436 4069 3454 4103 ι

1873 4116 1967 4173 His
1997 4135 2026 4173 a
2058 4131 2247 4176 sancto
2276 4122 2454 4204 dictis,
2488 4135 2544 4180 et
2571 4143 2699 4184 ecce
2727 4132 2866 4186 ultra
2889 4131 3088 4191 flumen
3125 4137 3321 4207 aliquis
3347 4141 3464 4195 cla-

1869 4211 2023 4264 mitat
2043 4211 2226 4279 homo,
2252 4215 2472 4272 dicens:
2512 4237 2530 4270 ι
2579 4219 2676 4276 Ille
2705 4232 2892 4293 poeta,
2920 4226 3011 4296 qui
3054 4243 3085 4282 a
3110 4230 3263 4285 vobis
3290 4247 3462 4303 nuper

1869 4318 2056 4374 sospes
2083 4307 2264 4376 rediit,
2297 4309 2430 4366 hora
2459 4311 2515 4367 in
2545 4313 2650 4369 hac
2677 4316 2745 4370 ab
2777 4317 3010 4376 inimicis
3048 4321 3101 4376 in
3125 4323 3208 4377 via
3238 4324 3462 4382 interfe-

1866 4406 1984 4451 ctus
2012 4409 2108 4453 est.
2151 4421 2166 4452 ι
2227 4401 2427 4458 Omnes
2451 4407 2689 4476 tum,qui
2722 4420 3015 4478 praesentes
3041 4414 3279 4486 inerant,
3305 4418 3460 4474 valde

1866 4491 2062 4551 mirati.
2098 4509 2157 4549 se
2184 4495 2406 4552 invicem
2432 4498 2704 4556 intuentes
2742 4503 3091 4574 obstupuere.

1936 4581 2123 4638 XXII].
2143 4586 2262 4643 Alio
2281 4588 2462 4644 itidem
2484 4600 2588 4644 tem
2597 4608 2744 4661 pore,
2767 4593 2998 4654 Sanctus
3017 4598 3068 4653 in
3081 4597 3214 4657 Jova
3229 4618 3457 4663 conver-

1862 4690 1989 4730 sans
2023 4677 2217 4744 insula,
2245 4696 2466 4752 repente
2496 4686 2639 4742 inter
2654 4687 2940 4757 legendum
2973 4710 3186 4752 summo
3213 4714 3336 4755 cum
3369 4703 3451 4757 in-

1860 4769 2006 4838 genti
2030 4771 2387 4829 admiratione
2409 4777 2610 4845 gemitu
2633 4779 3138 4849 ingemuitmmsto:
3179 4793 3321 4859 quod
3365 4795 3450 4850 vi-

1860 4860 1991 4917 dens
2004 4865 2092 4934 qui
2109 4882 2343 4936 przesens
2373 4869 2547 4926 inerat
2575 4871 2848 4944 Lugbeus,
2870 4880 3038 4949 cat-pit
3058 4883 3207 4939 abeo
3223 4901 3453 4956 percon—

1862 4956 1961 5010 tari
1978 4957 2134 5012 subiti
2148 4975 2365 5017 causam
2383 4967 2650 5022 maeroris.
2665 4969 2764 5024 Cui
2777 4969 3012 5029 Sanctus
3027 4975 3183 5033 valde
3199 4981 3450 5036 maestifi-

1858 5057 2012 5103 catus
2044 5050 2182 5107 hanc
2210 5053 2357 5110 dedit
2383 5060 2789 5128 responsionem
2827 5083 2838 5117 :
2881 5084 2899 5117 ι
2925 5065 3040 5121 Duo
3069 5073 3287 5141 quidam
3303 5090 3448 5131 nunc

1857 5144 1988 5213 regii
2009 5148 2223 5213 generis
2246 5149 2346 5204 viri
2373 5151 2424 5206 in
2451 5153 2634 5209 Scotia
2659 5158 2857 5212 mutuis
2878 5160 3020 5216 inter
3045 5177 3106 5219 se
3136 5165 3448 5224 vulneribus

1858 5236 2100 5293 transfixi
2156 5240 2537 5313 disperierunt,
2584 5247 2727 5304 haud
2780 5255 2968 5322 procul
3012 5271 3042 5311 a
3094 5263 3444 5330 monasterio,

1857 5331 2002 5400 quod
2056 5333 2253 5390 dicitur
2289 5336 2547 5393 Cellarois
2600 5343 2652 5396 in
2685 5345 2964 5413 provincia
3021 5347 3443 5420 Magdamorum.

1855 5422 2053 5478 Octava
2081 5427 2148 5480 de
2178 5427 2280 5484 hac
2311 5440 2529 5500 peracta
2563 5434 2921 5502 hebdomada,
2947 5440 3088 5498 ultra
3118 5441 3315 5501 fretum
3345 5448 3444 5504 ali-

1853 5515 1971 5584 quis
2001 5516 2321 5588 clamitabit,
2357 5524 2450 5592 qui
2483 5525 2596 5582 hac
2623 5527 2690 5582 de
2721 5527 2977 5588 Hibernia
3005 5537 3227 5594 veniens
3254 5540 3328 5595 ita
3355 5552 3438 5598 ta-

1852 5604 1975 5661 liter
2023 5608 2162 5666 facta
2206 5616 2516 5682 enarrahit;
2567 5619 2658 5673 sed
2697 5619 2838 5688 hoc,
2865 5640 2898 5678 ο
2945 5626 3147 5694 filiole,
3177 5634 3434 5700 quamdiu

1851 5699 2059 5767 vixero,
2093 5705 2294 5760 nemini
2341 5707 2561 5766 indices.
2605 5731 2621 5764 ι
2659 5711 2858 5770 Octava
2889 5720 3116 5786 proinde
3154 5699 3291 5781 ultra
3328 5728 3436 5785 fre-

1852 5799 1965 5847 tum
1989 5794 2281 5852 clamatum
2323 5809 2404 5856 est
2433 5801 2537 5856 die.

1924 5886 2155 5946 Sanctus
2196 5899 2307 5948 tum
2362 5911 2525 5966 supra
2554 5912 2914 5960 memoratum
2947 5906 3013 5963 ad
3055 5923 3116 5966 se
3157 5907 3438 5981 Lugbeum
