4204 6540
192 424 291 481 7η

1312 422 1402 478 DE
1445 420 1605 476 VITA
1641 420 1698 476 S.
1738 418 2095 477 COLUMBE
2138 420 2268 476 LIB.
2313 418 2353 475 1.

3381 421 3489 478 τις

188 538 411 596 Canabe
440 549 573 593 crux
601 536 761 591 inlisa
785 544 890 603 est,
913 542 969 590 et
992 534 1160 590 altera
1182 534 1272 589 ubi
1302 533 1536 591 Sanetus
1559 536 1786 602 restitit,
1820 544 1869 603 Α
1897 548 2040 599 nem,
2072 532 2228 603 plene
2275 532 2565 604 resumptis
2594 533 2814 590 viribus.
2848 533 3020 603 Quam
3054 532 3175 589 Ideo
3204 536 3302 591 tibi
3355 538 3483 594 dili-

187 630 281 689 ilIo
307 630 622 702 exsplrante
645 627 895 683 similiter
917 642 1052 683 crux
1072 628 1343 697 hodieque
1367 627 1535 683 iniixa
1560 635 1683 684 stat.

266 720 512 777 XXXIII.
546 720 669 776 Alio
719 733 938 789 quoque
990 720 1043 774 in
1077 729 1343 790 tempore,
1375 720 1591 790 quidam
1648 720 1788 775 inter

184 827 418 876 caeteros
469 816 537 873 ad
585 815 841 872 Sanctum
889 814 1132 885 plebeius
1211 813 1377 878 venit,
1426 828 1588 884 quem
1663 830 1787 871 cum

185 912 423 968 Sanctus
477 910 543 965 ad
572 923 633 965 se
672 922 897 977 vespere
940 907 1249 963 venientem
1296 907 1552 962 vidisset:
1587 925 1604 958 ι
1663 906 1782 973 Ubi,

185 1005 283 1071 ait,
336 1003 590 1060 habitas?
625 1020 646 1055 ι
700 1001 794 1057 Ille
823 1000 999 1070 inquit
1030 1020 1043 1055 :
1080 1020 1099 1054 ο
1129 1001 1187 1056 In
1220 1002 1441 1072 regione
1470 1015 1590 1072 qua:
1639 1000 1787 1054 litto-

187 1098 337 1155 ribus
368 1098 546 1167 stagni
574 1097 909 1152 contermina
934 1104 1036 1162 cst,
1070 1110 1171 1165 ego
1200 1096 1601 1151 inhabitu.»—r
1634 1096 1781 1150 Illam

186 1205 351 1262 quam
409 1188 547 1245 dicis
588 1188 998 1259 provincioiam,
1051 1189 1125 1242 ait
1168 1190 1417 1256 Sanctus,
1473 1203 1615 1243 nunc
1660 1187 1782 1243 bar-

181 1284 299 1341 bari
339 1284 669 1357 populantur
732 1290 1055 1337 vastatores.
1106 1301 1125 1334 ›
1179 1282 1301 1348 Quo
1357 1281 1561 1347 audito,
1622 1281 1784 1336 miser

182 1376 427 1447 plebeius
478 1374 724 1430 maritam
750 1383 805 1429 ct
852 1372 993 1429 lilios
1022 1372 1353 1444 deplangere
1378 1374 1560 1443 cmpit.
1614 1374 1781 1439 Quem

182 1470 425 1528 Sanctus
475 1471 628 1526 valde
658 1480 979 1525 mmrentcm
1012 1470 1197 1523 videns
1222 1469 1528 1533 consolans,
1572 1467 1740 1539 inquit
1768 1487 1778 1521 :

189 1582 208 1616 ι
248 1562 425 1627 Vade,
486 1560 832 1624 homunculo,
891 1560 1044 1627 vade,
1099 1568 1190 1615 tua
1244 1560 1500 1614 familiula
1564 1568 1676 1614 tota
1730 1560 1784 1615 in

182 1665 427 1710 montem
470 1656 677 1722 lugens
728 1654 918 1716 evasit,
962 1662 1051 1707 tua
1102 1668 1230 1707 vero
1261 1654 1441 1707 omnia
1487 1652 1783 1722 pecuseula

180 1765 367 1805 secum
420 1750 702 1803 invasores
729 1748 1060 1816 abegerunt,
1096 1762 1421 1815 omnemque
1452 1747 1646 1802 domus
1689 1763 1781 1801 su-

179 1840 513 1911 pellectilem
568 1840 818 1895 Slmlzllt'l'
866 1842 993 1894 εωιυί
1042 1847 1291 1909 raptores
1335 1854 1456 1894 cum
1488 1840 1663 1909 prmda
1700 1852 1781 1893 ra-

1890 634 2080 698 gcnter
2104 626 2447 695 commendo,
2480 626 2607 697 quia
2627 625 2697 681 de
2722 636 2919 682 nostra:
2944 627 3284 697 paternitatis
3307 631 3485 700 regie-

1890 736 1959 777 ne
1980 727 2064 778 est
2092 721 2341 777 oriunda.
2386 741 2404 774 ι

1959 814 2300 873 Ohsecundat
2353 814 2537 882 frater,
2582 815 2850 885 tertiaque
2889 814 2978 872 die
3019 826 3146 888 post
3175 818 3364 875 horam
3388 835 3492 878 no-

1886 922 2033 973 nam,
2067 916 2126 961 ut
2158 906 2345 978 jussus
2376 907 2568 974 fuerat,
2602 907 2866 979 przescita:
2907 910 3196 966 adventum
3252 925 3479 983 praesto-

1886 1000 2030 1057 latur
2053 1001 2317 1073 hospitae;
2360 1000 2853 1073 adventantemque
2872 1001 2944 1058 de
2970 1002 3151 1060 littore
3177 1005 3321 1061 levat
3368 1006 3492 1079 Iap-

1886 1111 2027 1163 sam,
2052 1095 2127 1151 ad
2142 1096 2436 1166 hospitium
2462 1095 2944 1167 portatintirmam.
2974 1096 3302 1152 esurientem
3316 1100 3486 1156 cibat.

1885 1185 1988 1242 Cui
2021 1187 2088 1243 ad
2133 1189 2525 1245 monasterium
2572 1201 2801 1258 vespere
2842 1201 3063 1244 reverso
3083 1188 3351 1256 Sanctus,
3378 1208 3486 1249 non

1886 1280 2249 1351 interrogans,
2293 1282 2385 1337 sed
2436 1297 2682 1348 narrans,
2714 1281 2791 1335 ait
2823 1299 2835 1334 :
2874 1294 2891 1333 α
2931 1281 3221 1339 Benedicat
3251 1294 3305 1340 te
3328 1285 3485 1351 licus,

1886 1374 1955 1427 mi
1982 1368 2073 1441 liii,
2120 1374 2211 1444 qui
2252 1376 2547 1445 peregrina:
2578 1375 2717 1430 bene
2742 1375 3063 1433 ministrasti
3092 1376 3332 1449 hospittr,
3365 1392 3487 1448 qua:

1886 1469 1939 1523 in
1984 1471 2419 1541 peregrinatione
2468 1486 2575 1525 non
2622 1470 3010 1537 demorabitur,
3062 1471 3157 1526 sed
3214 1479 3337 1541 post
3395 1481 3494 1526 tcr-

1888 1578 1986 1617 nos
2038 1563 2179 1619 soles
2229 1563 2298 1618 ad
2375 1564 2604 1633 patriam
2657 1563 2963 1632 rcpedabit.
3003 1584 3020 1617 ι
3083 1563 3237 1630 Quini
3288 1565 3384 1633 ita,
3433 1573 3493 1619 ut

1888 1654 2119 1711 Sanctus
2170 1656 2436 1725 praedixit,
2490 1671 2577 1710 res
2624 1656 2785 1709 etiam
2842 1654 3109 1725 probavit.
3159 1656 3291 1711 Nam
3323 1658 3492 1713 trina-

1887 1750 2027 1806 Iibus
2088 1750 2358 1819 hospitata
2392 1748 2605 1816 diebus,
2640 1760 2822 1805 coram
2872 1750 3086 1820 hospite
3130 1751 3377 1807 ministro
3422 1751 3492 1809 de

1888 1850 2031 1896 terra
2075 1856 2135 1896 se
2184 1842 2418 1912 primum
2464 1841 2700 1897 volando
2724 1841 2942 1896 elevans
2984 1840 3034 1895 in
3062 1842 3312 1907 sublime,
3356 1859 3493 1915 pan-

178 1949 374 2005 puere.
433 1952 451 1987 ›
488 1932 614 1988 Haec
657 1948 722 1986 au
747 1934 881 1987 tiens
905 1933 1148 2002 plebeius
1171 1934 1237 1986 ad
1261 1933 1486 2001 patriam
1504 1946 1781 2001 regressus
1815 1927 1860 1985 Β
1890 1921 2160 2004 iisperque
2182 1933 2235 1987 in
2266 1948 2393 1989 aere
2416 1934 2558 1988 viam
2591 1933 2892 2003 speculata,
2920 1934 3108 1989 oceani
3144 1935 3490 1989 transvadato

177 2028 593 2094 cuncta,sicuta
611 2027 1079 2097 Sanctuprzcdieta
1108 2037 1260 2093 sunt,
1287 2028 1487 2080 invenit
1513 2026 1780 2095 exempla.

252 2122 452 2177 XXIX.
508 2122 629 2175 Alio
674 2122 854 2173 itidem
904 2121 953 2172 in
1014 2128 1283 2187 tempore,
1339 2121 1579 2174 omnium
1646 2119 1785 2174 illius

176 2216 359 2271 (etatis
406 2215 456 2268 in
510 2213 711 2284 popqu
742 2212 1067 2266 forti-sinitis
1096 2212 1355 2281 virorum,
1390 2220 1633 2265 sanctum
1665 2228 1786 2280 pcr-

178 2316 439 2362 contatus
495 2315 578 2361 Cal.
629 2306 823 2368 virum,
869 2320 973 2373 qua
1025 2314 1201 2358 morte
1255 2314 1399 2357 esset
1447 2303 1783 2373 praevenien-

182 2398 289 2454 dus
318 2417 331 2451 :
368 2399 457 2453 cui
485 2388 756 2452 Sanctus:
792 2415 808 2447 ‹
850 2397 956 2450 δρα
990 2400 1039 2449 in
1085 2396 1245 2461 bello,
1289 2396 1387 2461 ait,
1422 2411 1522 2450 ncc
1568 2397 1621 2449 in
1653 2395 1784 2449 mari

181 2492 457 2558 morieris,
514 2507 701 2547 comes
757 2492 830 2544 tui
864 2490 1095 2555 itineris,
1139 2506 1171 2543 a
1198 2505 1306 2559 quo
1340 2505 1447 2546 non
1488 2491 1786 2560 suspicaris

175 2599 346 2640 causa
390 2584 494 2637 erit
519 2593 622 2637 tua:
671 2592 880 2636 nmrt's.
914 2600 931 2632 ι
983 2580 1271 2647 Fortassis,
1322 2582 1495 2650 inquit
1550 2581 1782 2647 Goreus,

176 2681 378 2753 aliquis
436 2681 503 2735 de
557 2680 693 2733 meis
741 2678 1124 2733 comitantibus
1169 2676 1354 2731 amicis
1386 2692 1472 2731 me
1514 2677 1784 2732 trucidare

175 2776 404 2846 CI‘BI‘BI,
437 2783 531 2827 aut
564 2774 757 2827 marita
790 2774 859 2827 ob
890 2772 1119 2841 alicujus
1162 2770 1392 2840 junioris
1421 2771 1519 2825 viri
1543 2786 1782 2826 amorem

178 2885 273 2928 me
312 2867 584 2924 maleﬁcio
612 2867 813 2922 mortiii
849 2881 963 2920 are.
988 2885 1007 2917 ι
1046 2866 1276 2919 Sanctus
1308 2884 1318 2917 :
1358 2885 1374 2916 ι
1409 2866 1521 2918 Non
1556 2866 1650 2929 ita,
1684 2866 1780 2929 ait,

173 2962 478 3030 continget.
515 2966 712 3027 Quare.
767 2958 977 3014 Gorens
1029 2958 1221 3028 inquit,
1270 2956 1337 3012 de
1379 2974 1503 3012 meo
1534 2958 1786 3013 interfec-

179 3062 303 3111 tore
327 3052 460 3108 mihi
486 3068 627 3107 nunc
651 3051 900 3105 intimare
930 3066 1036 3104 non
1063 3048 1178 3102 vis?
1204 3051 1430 3103 Sanctus
1463 3066 1476 3101 :
1503 3066 1519 3098 ι
1555 3048 1776 3112 Idcirco,

180 3149 281 3216 ait,
316 3148 446 3204 nolo
506 3147 602 3202 tibi
648 3146 715 3200 de
744 3146 835 3199 illo
886 3154 976 3198 tito
1005 3144 1204 3199 comite
1234 3159 1413 3199 nocuo
1441 3160 1582 3198 nunc
1610 3144 1787 3197 mani-

180 3239 380 3296 festius
423 3238 625 3307 aliquid
673 3236 907 3300 edirerc,
961 3251 1029 3290 ne
1076 3236 1193 3303 ejus
1238 3238 1427 3290 crebra
1477 3234 1781 3289 recordatio

1888 2046 2128 2101 aequore,
2154 2032 2221 2087 ad
2244 2032 2574 2103 Hyberniam
2598 2041 2750 2088 recto
2764 2032 2980 2089 volatus
3002 2048 3191 2098 cursu,
3218 2034 3304 2088 die
3326 2047 3487 2105 repe-

1888 2124 2035 2177 davit
2078 2124 2390 2192 tranquillo.

1961 2214 2152 2271 XXXI.
2185 2216 2306 2272 Alio
2339 2217 2391 2271 in
2426 2225 2671 2286 tempore
2712 2217 2793 2272 vir
2833 2217 3025 2273 beatus
3066 2232 3187 2272 cum
3236 2218 3303 2271 ad
3334 2233 3488 2272 cam-

1891 2327 1989 2382 pos
2019 2320 2385 2365 reverteretur
2412 2324 2719 2379 ;equoreos,
2747 2310 2862 2379 ipse
2904 2318 2958 2363 et
2991 2308 3285 2377 Congellus
3322 2309 3489 2363 abbas

1889 2403 2120 2472 quadam
2162 2411 2380 2458 secreta
2428 2401 2601 2456 aestivi
2658 2401 2919 2470 temporis
2968 2400 3074 2465 die,
3118 2399 3259 2453 haud
3300 2399 3488 2469 procul

1890 2511 1922 2549 a
1952 2510 2118 2565 supra
2142 2502 2447 2550 memorata
2477 2493 2779 2548 munitione
2805 2491 3065 2547 resident.
3099 2490 3233 2545 Tum
3266 2491 3491 2561 proinde

1892 2604 2031 2658 aqua
2080 2588 2149 2643 de
2177 2589 2414 2657 quodam
2441 2588 2691 2657 proximo
2740 2586 2808 2640 ad
2838 2601 3029 2641 manus
3071 2584 3324 2640 iuvandas
3370 2583 3492 2640 fou-

1894 2680 2057 2735 lic.qu
2107 2678 2174 2733 ad
2224 2678 2455 2733 Sanctos
2502 2678 2554 2732 in
2581 2694 2733 2733 teneo
2779 2677 3020 2733 defertur
3052 2678 3298 2741 vasculo;
3328 2670 3490 2744 quem

1892 2788 2013 2828 cum
2055 2780 2277 2828 sanctus
2306 2770 2571 2826 Columba
2602 2770 2925 2841 accepisset,
2974 2770 3039 2824 ad
3069 2769 3319 2825 abbatem
3346 2771 3492 2823 tion-

1891 2867 2088 2921 eellum
2143 2882 2174 2919 a
2204 2866 2375 2920 latere
2424 2865 2728 2929 sedentem,
2764 2864 2842 2918 sic
2872 2863 3152 2933 profatur:
3194 2883 3209 2914 ι
3250 2862 3342 2917 Ille
3365 2863 3487 2918 fon-

1895 2960 2109 3027 ticulus,
2159 2978 2193 3014 υ
2241 2959 2497 3027 Congelle
2536 2960 2603 3013 de
2644 2975 2750 3027 quo
2773 2959 2889 3013 haec
2920 2957 3087 3013 ell'usa
3142 2958 3296 3012 nobis
3319 2957 3482 3011 allata

1891 3061 1977 3108 est
2005 3067 2167 3123 aqua,
2193 3052 2243 3107 ei
2258 3051 2568 3107 venietdies
2589 3050 2809 3120 quando
2840 3051 2998 3105 nullis
3026 3052 3211 3106 usibus
3233 3050 3486 3105 humanis

1892 3155 2049 3216 aptus
2081 3146 2202 3201 erit.
2246 3166 2263 3198 ι
2290 3173 2363 3186 -
2400 3164 2420 3199 ι
2454 3148 2568 3212 Qua
2600 3161 2780 3205 causa,
2806 3146 2881 3198 ait
2910 3146 3197 3214 Congelus,
3224 3144 3341 3214 ejus
3370 3148 3487 3198 lui-

1892 3248 2017 3293 tana
2061 3246 2441 3309 corrumpetur
2486 3238 2664 3292 unda?
2705 3256 2725 3289 ι
2756 3237 2986 3292 Sanctus
3038 3246 3149 3291 tum
3183 3220 3488 3291 Columba:

174 3333 343 3386 nimis
392 3340 443 3385 te
484 3329 806 3391 muastilicet,
832 3328 1007 3383 donec
1029 3326 1361 3393 veniatdies,
1394 3342 1497 3395 qua
1540 3325 1780 3394 ejusdem
1813 3307 1859 3371 Ο
1899 3352 1916 3385 ι
1974 3333 2107 3401 Quia
2156 3333 2415 3399 humano,
2477 3332 2673 3402 inquit,
2730 3347 2926 3386 cruore
2981 3331 3300 3400 replebitur.
3358 3330 3492 3385 Nam

174 3427 256 3480 rei
311 3424 594 3477 veritatem
642 3422 916 3492 probabis.
958 3440 976 3473 ι
1013 3421 1148 3487 Quid
1182 3422 1538 3475 IllIIIIOI'alIIIII‘
1568 3421 1746 3475 verbis
1764 3422 1783 3473 ‘3

174 3516 314 3573 Post
361 3517 571 3585 aliquot
617 3530 885 3569 annorum
943 3529 1207 3568 excursus
1262 3513 1402 3566 idem
1451 3528 1613 3580 supra
1667 3528 1783 3567 me-

173 3618 430 3664 moratus
453 3604 671 3661 Gorcns
713 3621 841 3659 casu
872 3606 1051 3675 aliqua
1081 3606 1167 3659 die
1215 3607 1315 3659 sub
1346 3606 1470 3658 navi
1514 3605 1784 3674 residens,

179 3701 415 3761 cultello
442 3699 668 3771 proprio
700 3699 1020 3754 christiliam
1043 3699 1109 3753 de
1134 3699 1307 3753 castili
1337 3698 1593 3752 eradcbat
1628 3716 1639 3751 :
1673 3708 1785 3752 tum

178 3794 386 3853 deinde
435 3793 570 3848 alios
610 3808 781 3864 prone
825 3792 964 3847 inter
1021 3807 1081 3847 se
1137 3792 1517 3857 belligerantes
1560 3792 1787 3844 audins

179 3892 349 3948 citius
414 3892 606 3959 surgit,
664 3895 722 3941 ut
769 3902 863 3942 eos
923 3902 954 3939 a
1004 3884 1413 3954 belligeratione
1487 3891 1787 3953 separatct,

178 3990 496 4051 eodemque
554 3980 775 4036 cultello
816 3979 903 4032 illa
939 3978 1272 4031 subitatione
1332 3976 1686 4045 negligentius
1731 3975 1784 4029 in

180 4086 334 4134 terra
379 4078 615 4131 uernisso
670 4076 788 4143 ejus
834 4072 1084 4142 genicula
1127 4069 1333 4125 oii‘eursa
1378 4071 1615 4139 graviter
1666 4069 1783 4124 vul-

179 4181 379 4230 nerata
424 4178 539 4234 est;
600 4177 657 4222 ct
705 4167 798 4225 taii
842 4166 1077 4221 faciente
1105 4164 1307 4219 comite
1336 4178 1500 4218 causa
1546 4163 1597 4218 ei
1642 4177 1789 4218 mor-

181 4263 507 4323 tiﬁcationis
560 4262 753 4315 oborta
793 4266 877 4313 est
904 4276 915 4310 :
948 4272 1111 4325 quam
1143 4257 1261 4325 ipse
1290 4254 1571 4320 continuo,
1594 4268 1788 4309 secun-

181 4362 319 4417 dum
376 4356 552 4412 sancti
602 4353 1042 4409 vaticinationem
1094 4350 1219 4416 viri,
1271 4359 1453 4404 mente
1507 4348 1787 4420 perculsus

182 4451 532 4522 recognovit,
572 4456 805 4521 postque
852 4447 1159 4516 aliquantos
1207 4459 1420 4499 menses
1460 4444 1653 4499 eodem
1699 4458 1791 4513 ag-

184 4553 448 4617 gravatus
496 4542 687 4597 dolore
712 4540 961 4596 moritur.

266 4638 437 4695 XXX.
496 4639 617 4694 Alio
664 4653 898 4708 namque
930 4638 982 4692 in
1015 4645 1277 4708 tempore,
1308 4651 1433 4691 cum
1480 4634 1789 4691 Sanctusiu

185 4734 351 4800 Jova,
410 4732 739 4787 inhabitarct
766 4731 959 4796 insula,
1001 4748 1165 4785 unum
1213 4730 1283 4785 de
1336 4729 1589 4786 fratribus
1626 4731 1793 4787 advo-

186 4842 327 4885 cans
372 4826 451 4881 sic
500 4824 796 4895 compellat
828 4842 842 4877 :
873 4842 891 4874 ι
944 4822 1127 4879 Tertia
1170 4824 1238 4877 ab
1282 4822 1385 4877 hac
1424 4823 1794 4880 inlucescente

187 4919 283 4974 die
349 4918 572 4972 debebis
618 4917 671 4971 in
722 4916 1048 4971 occidentali
1079 4915 1237 4985 hujus
1277 4916 1461 4970 insu'a‘.
1492 4925 1645 4986 parte
1694 4932 1790 4970 ex-

190 5019 420 5083 pectare
465 5025 627 5079 super
670 5010 837 5063 maris
878 5026 1030 5064 oram
1082 5010 1296 5064 εεὼοιιδ.
1352 5013 1482 5065 Nam
1530 5012 1598 5065 de
1627 5013 1794 5083 Aqui-

190 5104 371 5160 lonari
391 5103 661 5159 Ilibcrnize
689 5104 910 5173 regione
936 5103 1178 5173 quaedam
1212 5104 1421 5174 hospita
1440 5120 1583 5175 grus,
1617 5107 1793 5162 ventis

190 5212 293 5267 per
338 5196 530 5266 longos
555 5196 695 5251 aeris
724 5198 925 5265 agitata
963 5197 1242 5262 circuitus,
1269 5206 1395 5267 post
1438 5214 1637 5255 nonam
1687 5199 1791 5254 diei

193 5290 387 5344 horam
434 5289 591 5343 valde
640 5291 777 5343 lessa
828 5299 883 5344 et
915 5291 1132 5358 fatigata
1162 5293 1531 5361 superveniet,
1560 5303 1616 5347 et
1653 5308 1793 5365 pene

195 5383 536 5451 consumptis
582 5382 779 5435 viribus
827 5397 1011 5436 coram
1058 5392 1109 5437 te
1145 5383 1199 5438 in
1240 5384 1424 5438 littore
1472 5384 1671 5443 cadens
1702 5402 1792 5442 re-

195 5480 437 5540 cumbet,
504 5490 667 5545 quam
723 5476 1147 5532 misericorditer
1198 5478 1481 5534 sublevare
1555 5481 1789 5549 curabis,

194 5576 251 5625 et
272 5566 342 5622 ad
372 5567 730 5638 propinquam
758 5567 1070 5638 deportabis
1100 5569 1350 5636 domum;
1379 5572 1580 5627 ibidem
1606 5574 1792 5643 bosui-

197 5661 380 5716 taliter
420 5668 700 5730 receptam
749 5676 843 5731 per
899 5669 1008 5717 tres
1055 5660 1169 5718 dies
1232 5674 1287 5720 et
1343 5675 1532 5720 noctes
1580 5666 1632 5720 ei
1689 5668 1794 5722 mi-

197 5757 434 5811 nistrans
490 5753 725 5810 sollicite
770 5754 991 5822 cibabis,
1042 5764 1099 5812 et
1137 5764 1259 5827 post
1299 5758 1516 5829 expleto
1546 5768 1791 5814 recreata

200 5849 377 5903 triduo
409 5846 603 5903 nolens
630 5846 768 5901 ultra
812 5849 954 5917 apud
995 5865 1096 5906 nos
1126 5851 1477 5923 peregrinari,
1527 5851 1591 5906 ad
1645 5856 1793 5921 prio-

200 5956 315 5997 rem
334 5940 538 5998 Scotite
580 5938 814 6009 dulcem,
860 5942 1004 6000 unde
1039 5952 1160 6000 orta
1200 5955 1301 6012 est,
1328 5943 1591 6001 remeabit
1617 5946 1795 6015 regio-

1894 3426 1999 3480 mei
2056 3426 2464 3496 cognationales
2516 3424 2704 3489 amici,
2737 3433 2794 3479 et
2834 3424 2909 3476 tui
2939 3421 3239 3477 secundmn
3268 3437 3489 3477 carnem

1892 3517 2111 3587 cognati
2135 3519 2186 3571 in
2217 3517 2320 3572 hac
2349 3518 2522 3571 vicina
2570 3516 2871 3570 munitione
2910 3515 3314 3585 belligerantes,
3344 3530 3493 3569 cout-

1896 3610 2115 3664 mittent
2163 3608 2409 3673 bellum;
2458 3606 2601 3662 unde
2686 3608 2738 3660 in
2775 3621 2938 3676 supra
2988 3614 3290 3660 memorato
3342 3605 3493 3659 I'oute

1891 3701 2085 3773 aliquis
2130 3700 2199 3757 de
2247 3716 2368 3756 mea
2420 3700 2745 3770 cognatiOne
2769 3699 3125 3754 trucidabitur
3178 3698 3493 3766 homuncio,

1892 3801 2050 3871 Cujus
2079 3816 2206 3857 cum
2249 3802 2461 3858 caneris
2487 3800 2757 3855 interfecti
2783 3798 3044 3868 sanguine
3073 3797 3316 3867 ejusdem
3371 3797 3492 3853 fon-

1894 3896 2043 3951 ticuli
2098 3897 2250 3951 locus
2302 3894 2618 3965 replebitur.
2669 3912 2687 3945 ι

1891 3988 1915 4059 {ﬁ
1946 3988 2077 4054 Qua:
2097 3988 2213 4057 ejus
2235 3988 2469 4043 veridica
2492 4001 2596 4044 suo
2611 3997 2855 4057 tempore
2876 3994 2996 4057 post
3015 3985 3216 4042 multus
3235 3984 3496 4041 vaticina—

1896 4086 1972 4140 tio
1995 4086 2209 4155 expieta
2242 4094 2323 4141 est
2354 4100 2545 4141 annos.
2601 4088 2656 4139 In
2680 4098 2789 4153 quo
2815 4082 2984 4151 bello,
3030 4090 3091 4137 ut
3118 4083 3269 4138 multi
3295 4092 3496 4140 norunt

1894 4177 2442 4250 populi,Donmalius
2472 4177 2591 4233 Aidi
2648 4179 2785 4233 titius
2801 4179 2977 4233 victor
3015 4178 3337 4235 sublimatus
3374 4185 3494 4248 est;

1900 4273 2034 4327 etin
2065 4272 2280 4335 eodem,
2316 4271 2612 4327 seiundum
2648 4271 2822 4326 sancti
2861 4270 3173 4325 vaticinium
3202 4270 3322 4337 viri,
3347 4269 3497 4327 fetuti-

1901 4366 2024 4422 culo
2052 4364 2271 4435 quidam
2303 4365 2371 4420 de
2399 4364 2674 4434 parentela
2701 4363 3016 4418 interfectus
3046 4364 3227 4419 homo.

1970 4442 2119 4515 Alius
2174 4458 2306 4513 mihi
2339 4459 2694 4519 Adamnano,
2748 4456 2949 4512 Christi
3024 4454 3198 4517 miles,
3253 4455 3492 4512 Fiuanus

1901 4552 2138 4617 nomine,
2170 4550 2263 4619 qui
2288 4551 2448 4604 vitam
2477 4548 2661 4603 multis
2695 4548 3135 4603 anachoreticam
3157 4549 3312 4603 annis
3337 4548 3492 4619 juxta

1901 4645 2160 4701 Roboreti
2187 4643 2573 4699 monasterium
2596 4640 2785 4711 Campi
2817 4641 3363 4709 irreprehensibililer
3391 4644 3494 4699 ilu—

1898 4736 2075 4799 cebat,
2128 4735 2197 4791 de
2242 4735 2434 4791 eodem
2466 4733 2607 4789 bello
2630 4748 2690 4787 se
2708 4742 2973 4802 praesente
3002 4735 3293 4789 conunisso
3316 4734 3494 4803 aliqua

1896 4842 2177 4894 enarratis,
2212 4835 2545 4898 protestatus
2586 4834 2673 4880 est
2711 4826 2764 4879 in
2801 4840 2963 4895 supra
2991 4826 3137 4880 dicto
3171 4824 3318 4879 fonte
3350 4836 3495 4880 trun-

1896 4938 2020 4979 cum
2052 4922 2441 4978 eadaverinum
2472 4920 2694 4984 vidisse,
2728 4922 3025 4988 eademque
3054 4919 3140 4974 die
3161 4920 3231 4974 ad
3280 4936 3496 4974 monas-

1899 5016 2090 5070 terium
2138 5016 2309 5071 sancti
2367 5014 2587 5084 Congcli
2631 5014 2771 5083 quod
2834 5012 3049 5068 Scotice
3093 5011 3289 5067 dicitur
3342 5011 3495 5067 Cam-

1897 5110 2007 5175 bas,
2053 5109 2343 5163 commisso
2381 5121 2656 5162 reversum
2684 5106 2846 5165 bello.
2880 5105 3007 5175 quia
3063 5104 3187 5161 inde
3232 5108 3381 5174 prius
3404 5121 3495 5160 ve-

1898 5209 2082 5265 nerat;
2133 5200 2205 5254 ibi
2246 5200 2480 5267 denique
2520 5198 2661 5252 duos
2695 5197 2867 5252 sancti
2914 5197 3153 5266 Corigelii
3188 5212 3346 5254 senis
3375 5214 3494 5253 mo-

1897 5292 2099 5347 nachos
2144 5291 2435 5361 reperisse,
2485 5290 2681 5359 quibus
2716 5304 2839 5344 cum
2902 5291 2971 5345 de
3027 5291 3171 5347 bello
3226 5306 3493 5347 coramse

1896 5393 2036 5447 aeto,
2054 5393 2111 5438 et
2127 5383 2195 5438 de
2207 5384 2466 5440 fonticulo
2486 5384 2721 5438 humano
2735 5399 2930 5439 cruore
2942 5393 3201 5453 corrupto
3218 5384 3491 5453 aliquanta

1896 5485 2193 5542 enarraret,
2213 5478 2286 5533 illi
2304 5486 2701 5545 consequenter
2722 5495 2732 5529 :
2758 5494 2777 5528 α
2816 5476 2986 5531 Verus
3007 5485 3090 5531 est
3114 5478 3375 5547 prepheta
3388 5477 3497 5533 Co-

1896 5576 2202 5644 lumbanus,
2231 5575 2400 5641 aiunt,
2426 5574 2517 5642 qui
2539 5574 2654 5628 haec
2681 5573 2861 5628 omnia
2906 5587 3025 5643 qua:
3056 5571 3240 5627 hodie
3266 5572 3332 5627 de
3353 5571 3495 5627 bello

1897 5676 1951 5724 et
2012 5667 2272 5724 fonticulo
2346 5666 2562 5737 expleta
2590 5680 2839 5731 enarras,
2884 5674 3012 5719 ante
3071 5665 3272 5720 multos
3317 5679 3492 5720 annos

1898 5759 2073 5817 futura
2147 5762 2302 5817 nobis
2349 5758 2691 5816 audientibus
2731 5772 2915 5814 coram
2970 5766 3167 5815 saneto
3234 5756 3498 5826 Cougello

1894 5856 2049 5923 juxta
2137 5855 2400 5911 thhirni
2481 5854 2672 5910 BCdtllb‘
2741 5852 3095 5908 munitionem
3168 5851 3497 5923 pncnuutia

1899 5960 2070 6006 verat.
2108 5970 2126 6003 ι
