4204 6536
694 427 796 484 743

1866 406 2108 464 SANCTI
2147 404 2382 462 ADAMA
2396 404 2460 460 Nl
2500 401 2794 460 ABBATIS

3867 394 3979 450 7-H

765 534 976 593 XXIII.
1024 532 1224 589 Eodem
1274 531 1332 601 in
1381 538 1629 599 tempore
1681 525 1937 582 Conallus
1985 525 2274 595 episcopus
2305 539 2347 592 Α
2380 520 2660 575 nitentiam
2696 519 2825 589 agit,
2860 524 2914 571 et
2965 515 3032 570 de
3082 522 3280 570 caetero
3326 511 3563 566 avaritize
3610 509 3975 565 abrenuntia-

693 646 836 705 pcne
875 624 1356 683 innumerabilibus
1384 620 1558 678 xeniis
1599 619 1762 675 beato
1810 618 1927 674 viro
1975 618 2269 688 hospitium

2376 619 2558 667 turum
2580 627 2641 667 se
2671 610 2959 680 promittit,
2987 616 3042 662 et
3067 607 3370 674 largitatem
3400 620 3522 661 cum
3547 619 3754 657 morum
3786 617 3978 657 emen-

695 698 1015 794 piaepuravit
1070 726 1193 795 post
1245 715 1557 771 condictum
1612 726 1773 783 supra
1850 721 2273 766 memoratorum
2376 706 2593 761 datione
2630 714 3066 762 consecuturum.
3122 701 3444 772 Etjussusa
3485 698 3686 753 Sancto
3730 710 3976 765 surgere,

694 826 878 881 regum
908 810 1063 865 turba
1096 814 1453 879 prosequente
1478 804 1669 867 multa,
1699 802 2009 859 revertenti.
2044 800 2278 857 Proinde

694 911 883 960 sancto
934 899 1239 957 advenienti
1285 900 1401 955 viro
1429 898 1588 953 xenia
1609 897 1793 968 populi
1816 896 1978 949 multa
2020 895 2075 949 in
2102 894 2279 964 platea

699 994 1016 1053 monasterii
1043 990 1593 1063 stratebenedicenda
1621 989 1993 1060 adsignantur,
2013 1003 2135 1059 qua:
2157 1003 2278 1043 cum

701 1089 1024 1145 benedicens
1060 1086 1329 1157 aspiceret
1381 1084 1600 1140 xenium
1636 1082 1863 1151 alicujus
1894 1082 2135 1151 oputenti
2160 1081 2279 1149 viri,

702 1181 1010 1254 specialiter
1058 1179 1434 1236 demonstrans
1456 1177 1627 1231 virum
1667 1176 1786 1232 ait:
1822 1192 1840 1225 ι
1872 1172 2036 1242 Cujus
2061 1180 2145 1228 est
2180 1172 2283 1227 hoc

703 1278 923 1332 xenium
980 1289 1079 1345 pro
1123 1270 1506 1327 misericordiis
1562 1280 1883 1339 pauperum,
1930 1274 1986 1319 ct
2039 1264 2156 1335 ejus
2181 1264 2283 1317 lar—

703 1368 906 1440 gitione
944 1364 1037 1421 Dei
1068 1366 1356 1421 comitatur
1382 1360 1769 1417 misericordia.
1810 1377 1829 1411 ι
1862 1357 2104 1427 Itemque
2144 1355 2284 1410 aliud

704 1456 978 1521 discernit,
1007 1456 1148 1511 inter
1171 1454 1276 1509 alia
1307 1453 1493 1519 multa,
1519 1452 1758 1516 xenium,
1804 1448 2106 1519 ,iitquiens:
2144 1465 2163 1498 ‹
2215 1446 2289 1499 De

706 1549 813 1605 hoc
855 1562 955 1617 ego
1009 1548 1170 1602 xenio
1200 1546 1301 1600 viri
1357 1544 1614 1623 sapientis
1662 1550 1719 1599 et
1765 1542 1911 1595 avari
1956 1540 2103 1595 nullo
2130 1538 2291 1593 modo

703 1650 920 1712 gustare
957 1655 1195 1712 possum,
1226 1638 1330 1694 nisi
1358 1639 1506 1708 prius
1539 1652 1723 1693 veram
1754 1637 1823 1691 de
1850 1644 2073 1706 peccato
2112 1632 2291 1687 avari-

702 1733 791 1787 tia:
837 1731 1227 1802 ptenitudinem
1279 1730 1470 1799 egerit.
1513 1747 1532 1782 ι
1584 1727 1741 1795 Quod
1798 1728 2020 1783 verbum
2072 1726 2182 1780 cito
2240 1727 2292 1777 in

709 1822 865 1878 turba
888 1822 1221 1891 divulgatum
1251 1822 1494 1887 audiens,
1524 1821 1758 1897 accurrit
1804 1818 2121 1886 Columbus,
2155 1816 2295 1871 ﬁlius

701 1912 839 1978 Aidi,
872 1916 1143 1979 conscius,
1195 1921 1253 1969 et
1296 1927 1482 1969 veram
1521 1910 1723 1969 Sancto
1752 1911 1905 1967 ﬂexis
1925 1910 2151 1982 genibus
2179 1925 2294 1981 pte-

2378 815 2445 855 ex
2496 800 2587 854 illa
2636 800 2769 854 hora
2824 806 2907 853 est
2960 805 3179 853 sanatus
3211 795 3278 849 de
3306 794 3441 848 vitio
3471 790 3794 847 tenacitatis.
3847 788 3982 843 Erat

2379 892 2521 946 enim
2557 892 2634 945 vir
2657 891 2893 960 sapiens,
2924 890 3080 944 sicuti
3102 888 3302 941 Sancto
3324 885 3375 939 in
3408 884 3525 953 ejus
3548 886 3842 938 revelatum
3861 888 3983 935 erat

2382 985 2565 1038 xenio.
2600 984 2690 1039 llle
2720 998 2853 1039 vero
2884 983 3053 1046 dives,
3086 983 3263 1048 largus
3294 979 3608 1033 Brendenus
3640 978 3874 1041 nomine,
3907 974 3980 1030 de

2383 1076 2536 1145 cujus
2581 1076 2738 1130 senio
2764 1076 2922 1144 paulo
2963 1076 3209 1143 superius
3250 1072 3451 1126 dictum
3490 1078 3606 1135 est;
3654 1068 3877 1123 audiens
3925 1075 3985 1121 et

2383 1169 2499 1240 ipse
2529 1168 2712 1224 Sancti
2734 1169 2895 1223 verba
2925 1168 2991 1222 de
3014 1184 3073 1223 se
3096 1168 3259 1229 dicta,
3323 1162 3693 1232 iugeniculans
3720 1161 3786 1216 ad
3814 1160 3985 1231 pedes

2386 1264 2571 1318 Sancti
2628 1271 2895 1333 precatur,
2945 1272 3001 1316 ut
3041 1277 3137 1333 pro
3186 1276 3253 1315 eo
3298 1261 3362 1313 ad
3416 1260 3700 1313 Dominum
3752 1260 3986 1313 Sanctus

2390 1353 2578 1408 fundat
2632 1371 2868 1424 precem,
2901 1354 2992 1424 qui
3038 1355 3107 1409 ab
3161 1368 3228 1408 eo
3261 1354 3486 1420 primum
3516 1367 3613 1421 pro
3666 1349 3985 1419 quibusdam

2391 1448 2501 1501 suis
2554 1446 2865 1515 objurgatus
2898 1446 3166 1515 peccatis,
3212 1445 3604 1516 pmnitudiuem
3654 1457 3869 1512 gerens,
3920 1441 3988 1494 de

2401 1548 2597 1594 caetero
2646 1554 2705 1595 se
2734 1539 3145 1593 emendaturum
3189 1539 3456 1608 promisit,
3484 1547 3542 1592 et
3571 1536 3650 1592 sic
3667 1543 3896 1605 uterque
3920 1532 3989 1588 de

2396 1631 2630 1701 propriis
2658 1632 2974 1686 emendatus
3002 1641 3057 1687 et
3086 1645 3302 1686 sanatus
3332 1641 3418 1685 est
3446 1631 3610 1684 vitiis.

2470 1721 2608 1776 lluic
2636 1722 2811 1789 primo
2855 1723 2992 1776 libro
3035 1722 3122 1777 hic
3162 1723 3456 1790 imponitur
3499 1718 3778 1774 terminus.
3829 1716 3992 1771 Nunc

2398 1828 2632 1884 sequens
2674 1812 2887 1868 orditur
2918 1813 3053 1869 liber
3092 1813 3161 1867 de
3204 1813 3471 1867 Virtutum
3514 1809 3819 1876 miraculis,
3867 1823 3989 1877 qua:

2399 1907 2715 1977 plerumque
2735 1908 2896 1962 etiam
2928 1907 3258 1977 pmphetalis
3285 1904 3619 1975 pnescientia
3668 1904 3985 1958 comitatur.

719 2024 3989 2056 Μ

1497 2150 2001 2229 INCIPIT
2064 2148 2418 2226 LIBER
2478 2146 3169 2242 SECUNDUS,

1927 2289 2011 2341 DE
2043 2286 2379 2338 VIRTUTUM
2426 2287 2784 2339 MIRACUIJS.

785 2515 827 2571 l.
853 2512 973 2569 Alio
990 2511 1044 2566 in
1077 2516 1342 2579 tempore,
1369 2520 1493 2561 cum
1519 2504 1602 2558 vir
1621 2503 1959 2559 venerandus
1990 2504 2040 2557 in
2075 2502 2297 2558 Scothia
2330 2506 2376 2566 B
2410 2520 2547 2558 nunc
2574 2504 2628 2559 in
2676 2502 2978 2558 dulcissima
3010 2512 3290 2558 vertantur
3317 2518 3504 2574 poma.
3544 2522 3561 2557 ο
3597 2503 3788 2561 Mirum
3822 2507 3993 2577 dictu,

715 2607 857 2681 apud
881 2613 1121 2662 sanctum
1143 2600 1278 2656 Find
1305 2598 1530 2654 Burrum
1561 2594 1896 2668 episcopum,
1930 2598 2107 2651 adhuc
2140 2598 2297 2666 juve-

712 2704 817 2767 nis,
846 2698 1173 2770 Sapientiam
1208 2708 1374 2751 sacra:
1404 2692 1697 2763 Scriptura:
1728 2692 2033 2755 addiscens,
2060 2707 2299 2746 comma-

712 2803 900 2859 neret,
932 2790 1162 2863 quadarn
1189 2786 1414 2843 solemni
1445 2786 1531 2840 die
1556 2786 1737 2839 vinum
1776 2784 1841 2839 ad
1869 2783 2166 2839 sucrilicale
2188 2799 2303 2854 my-

711 2886 936 2944 sterium
969 2899 1097 2940 casu
1128 2881 1306 2951 aliquo
1345 2878 1565 2933 minime
1607 2876 2001 2931 inveniebatur.
2043 2873 2121 2928 De
2149 2874 2303 2943 cujus

722 2979 939 3036 defectu
978 2992 1098 3033 cum
1130 2974 1404 3030 ministros
1431 2971 1614 3025 altaris
1654 2970 1795 3024 inter
1829 2984 1890 3024 se
1919 2968 2302 3037 eonquirentes

713 3076 944 3136 auiiret,
978 3072 1043 3125 ad
1067 3068 1266 3123 fontem
1296 3074 1512 3135 sumpto
1538 3064 1715 3134 pergit
1739 3078 1925 3123 urceo,
1951 3071 2009 3115 ut
2038 3061 2106 3114 ad
2132 3074 2299 3116 sacra:

715 3161 1055 3222 eucharistize
1104 3157 1397 3213 ministeria
1437 3170 1629 3226 aquim
1663 3154 1815 3224 quasi
1864 3152 2128 3206 diaconus
2182 3150 2304 3204 l'on-

719 3264 900 3313 tanam
946 3250 1208 3307 hauriret.
1258 3245 1377 3317 Ipse
1414 3248 1612 3316 quippe
1642 3246 1747 3300 illis
1790 3245 1845 3299 in
1874 3244 2073 3299 diebus
2101 3249 2224 3299 erat
2252 3244 2307 3299 in

719 3348 1039 3404 diaconatus
1067 3340 1235 3413 gradu
1280 3338 1678 3392 administrans.

790 3437 884 3494 Vir
909 3438 1091 3505 itaque
1122 3434 1313 3488 beatus
1350 3430 1681 3499 aquaticum,
1711 3428 1857 3500 quod
1886 3428 1955 3484 de
1984 3430 2142 3485 latice
2169 3429 2306 3484 han-

718 3533 820 3598 sit,
872 3529 1233 3591 elementum,
1287 3522 1544 3578 invocato
1612 3522 1831 3577 nomine
1877 3520 2005 3576 Jesu
2065 3520 2307 3589 Christi,

722 3623 953 3680 lldeliter
1008 3616 1324 3679 benedixit,
1376 3613 1469 3685 qui
1524 3613 1578 3669 in
1622 3611 1769 3669 Cana
1826 3612 2058 3668 Galil-eae
2112 3626 2307 3683 aquam

722 3713 993 3772 convertit
1036 3710 1088 3764 in
1144 3709 1348 3771 viuum,
1392 3720 1502 3775 quo
1545 3704 1709 3759 etiam
1747 3713 2008 3774 operante
2048 3702 2312 3758 miraculo

726 3804 966 3868 inferior,
993 3801 1099 3856 hoc
1121 3808 1224 3864 est,
1258 3799 1509 3867 aquatica
1540 3803 1753 3860 natura,
1787 3795 1840 3850 iu
1870 3798 2195 3865 gratiorem,
2229 3796 2306 3849 vi-

2408 2596 2551 2651 dicto
2598 2596 2758 2651 cilius
2813 2597 3115 2665 eodemque
3163 2604 3436 2651 momento
3496 2597 3735 2666 ejusdem
3787 2600 4000 2656 arboris

2410 2690 2587 2744 Omnia
2618 2705 2796 2757 pom,
2823 2691 3019 2745 amissa
3048 2692 3433 2758 amaritudine,
3466 2693 3517 2745 in
3557 2693 3769 2758 miram,
3800 2709 3998 2748 secun-

2411 2780 2537 2835 dum
2560 2781 2783 2836 verbum
2813 2780 3019 2845 Sancti,
3052 2798 3208 2837 versa
3233 2793 3359 2837 sunt
3383 2784 3741 2840 dulcedinem.

2480 2873 2566 2928 ill.
2603 2876 2723 2929 Alio
2751 2877 2803 2931 in
2834 2885 2867 2928 t-
2890 2891 3077 2946 inpure
3104 2879 3334 2931 Sanctus
3355 2893 3481 2934 suos
3506 2879 3648 2933 misit
3671 2882 3992 2948 monachos,

2407 2974 2469 3019 ut
2499 2966 2565 3020 de
2593 2968 2819 3035 alicuj-.s
2853 2968 3027 3037 plebei
3049 2970 3278 3038 agellulo
3314 2969 3583 3039 virgarum
3616 2970 3905 3027 fasciculus
3924 2974 3993 3026 ad

2410 3060 2704 3129 hospitium
2758 3060 3014 3116 all'crrcnt
3065 3065 3506 3118 construendum.
3575 3066 3676 3130 Qui
3738 3082 3862 3122 cum
3932 3066 4003 3122 ad

2410 3149 2667 3205 sallClUlll
2696 3152 2944 3206 oneraria
2974 3153 3178 3223 repleta
3228 3157 3347 3209 navi
3383 3155 3450 3209 de
3484 3172 3649 3228 supra
3699 3157 3857 3213 dictis
3889 3160 4001 3214 vir-

2410 3246 2658 3317 gularum
2704 3250 2965 3313 materiis,
2993 3251 3194 3304 reversi
3226 3252 3490 3317 venirent,
3510 3257 3861 3326 dicerentque
3885 3256 4002 3325 ple-

2411 3340 2588 3395 beium
2621 3358 2781 3398 causa
2810 3343 3052 3411 ejusdem
3086 3346 3239 3399 valde
3286 3346 3555 3416 dispendii
3584 3348 3847 3402 cuntrista
3867 3358 4000 3417 tum,

2413 3431 2643 3488 SauCLUs
2673 3446 3077 3504 consequenter
3128 3437 3443 3507 praecipiens
3487 3439 3617 3494 dicit
3648 3458 3661 3494 :
3698 3458 3715 3491 ι
3756 3439 3832 3495 Ne
3874 3455 4004 3510 ergo

2414 3528 2837 3583 scandaiizemus
2886 3528 3095 3592 virum,
3151 3530 3218 3584 ad
3251 3532 3423 3598 ipsum
3457 3546 3487 3585 a
3536 3532 3694 3589 nobis
3743 3533 3826 3589 bis
3867 3535 4006 3588 terni

2417 3617 2727 3673 deferantur
2772 3618 2956 3675 hordei
2989 3620 3187 3689 modii,
3218 3622 3552 3691 eosdemque
3582 3623 3666 3677 his
3715 3624 3769 3677 in
3813 3624 3882 3678 die
3907 3626 4006 3680 bus

2418 3719 2567 3766 arata
2598 3713 2712 3782 ipse
2754 3713 2985 3767 seminet
3032 3715 3085 3768 in
3118 3722 3280 3768 terra.
3326 3735 3344 3767 ι
3381 3716 3586 3782 Quibus
3615 3716 3679 3771 ad
3712 3717 4004 3788 plebeium,

2418 3800 2817 3859 Frindehanum
2842 3803 3080 3869 nomine,
3107 3803 3261 3873 juxta
3282 3806 3462 3860 Sancti
3482 3806 3781 3875 jussionem
3801 3809 4002 3876 missis,

728 3898 923 3954 delicet
961 3892 1215 3955 vinalem,
1247 3904 1345 3960 per
1361 3902 1554 3944 manus
1576 3887 1932 3958 prtedicabilis
1961 3889 2061 3942 viri
2085 3903 2312 3945 conver-
2340 3898 2389 3965 ο
2418 3903 2474 3950 et
2512 3909 2693 3950 coram
2746 3910 2813 3951 eo
2854 3911 2976 3951 cum
3026 3896 3119 3951 tali
3163 3899 3635 3955 commendatione
3680 3901 3999 3970 adsignatis,

729 4012 788 4053 sa
821 4002 904 4049 est
930 3992 1196 4062 speciem.
1226 3987 1320 4043 Vir
1348 3986 1529 4055 itaque
1550 3992 1769 4038 sanctus
1806 3981 1837 4036 a
1866 3979 2014 4036 fonte
2044 3995 2310 4047 reversus,

732 4098 786 4144 et
814 4084 1096 4142 ecclesiam
1126 4082 1332 4136 intrans
1360 4077 1519 4131 talem
1540 4076 1695 4144 juxta
1719 4074 1891 4129 altare
1919 4088 2140 4129 urceum
2174 4075 2313 4129 intra

732 4194 794 4237 se
836 4179 1121 4233 habentem
1179 4170 1405 4242 deponit
1455 4169 1745 4240 liquorem,
1794 4174 1848 4221 et
1877 4167 1946 4221 ad
1990 4167 2311 4222 ministros:

741 4292 759 4326 ι
795 4270 1036 4333 Habetis,
1068 4269 1165 4333 ait,
1194 4267 1374 4320 vinum
1399 4262 1542 4332 quod
1566 4261 1821 4316 Dominus
1850 4259 2096 4315 Christus
2124 4260 2191 4314 ad
2218 4274 2316 4315 sua

735 4364 883 4420 misit
922 4356 1227 4431 peragenda
1282 4353 1559 4424 mysteria.
1598 4369 1615 4403 ι
1650 4352 1768 4416 Quo
1812 4349 2055 4418 cognito,
2099 4356 2317 4405 sanctus

737 4471 859 4515 eum
888 4452 1146 4508 ministris
1173 4448 1460 4520 episcopus
1513 4443 1737 4500 eximias
1766 4442 1877 4498 Deo
1906 4441 2150 4497 referunt
2191 4454 2313 4511 gra-

739 4550 857 4606 tias.
912 4547 1143 4603 Sanctus
1185 4555 1316 4596 vero
1368 4537 1581 4608 juvenis
1630 4535 1735 4591 hoc
1786 4551 1896 4590 non
1946 4534 2180 4597 sibimet,
2224 4530 2319 4587 sed

739 4650 929 4701 sancto
979 4637 1242 4692 Vinniano
1273 4632 1577 4687 ascribebat
1633 4628 1909 4697 episc0po.
1964 4625 2080 4680 Hoc
2134 4626 2318 4693 itaque

741 4734 971 4807 primmn
999 4729 1212 4782 virtutis
1240 4724 1622 4778 documentum
1652 4718 1897 4774 Christus
1932 4717 2192 4771 Dominus
2222 4731 2321 4787 per

742 4840 897 4882 suum
953 4817 1253 4876 declaravit
1301 4813 1657 4881 discipulum,
1708 4811 1852 4880 quod
1898 4810 1952 4863 in
2008 4808 2195 4864 eadem
2264 4823 2323 4863 re

744 4915 955 4971 initium
984 4916 1189 4982 ponens
1227 4905 1501 4975 signorum
1532 4902 1584 4955 in
1631 4898 1777 4954 Cana
1802 4896 2035 4953 Galilme
2066 4907 2324 4969 operatus

744 5015 829 5064 est
857 5020 953 5076 per
979 5001 1350 5069 semetipsum.

818 5099 880 5153 ll.
914 5096 1168 5163 Quaadam
1213 5100 1326 5146 erat
1373 5088 1534 5143 arbor
1569 5086 1723 5142 valde
1754 5100 1977 5158 pomosa
2005 5100 2179 5156 prope
2207 5101 2322 5140 mo-

750 5198 1040 5248 nastenum
1068 5184 1294 5239 Roboris
1321 5180 1528 5249 Campi,
1556 5178 1611 5232 in
1638 5179 1862 5232 australi
1895 5177 2010 5245 ejus
2046 5193 2220 5248 parte,
2255 5179 2323 5233 de

2420 3999 2697 4059 gratanter
2722 3990 3014 4059 accipiens,
3065 3988 3181 4043 ait:
3224 4010 3243 4043 ›
3279 3991 3563 4056 Quomodo
3588 4002 3716 4063 post
3768 3997 4005 4052 medium

2419 4083 2659 4135 aestivum
2689 4089 2905 4150 tempus
2931 4094 3085 4151 seges
3112 4083 3375 4137 seminata
3405 4093 3593 4139 contra
3645 4085 3807 4156 hujus
3847 4097 4006 4143 terra:

2420 4184 2666 4228 naturam
2695 4172 2971 4243 proliciet‘!
3004 4193 3022 4227 ι
3076 4172 3268 4228 Marita
3318 4190 3351 4230 e
3397 4185 3587 4231 contra
3621 4195 3634 4231 :
3675 4196 3695 4230 ε
3739 4177 3868 4244 Fac,
3904 4182 4001 4247 ait,

2422 4265 2717 4319 secundum
2760 4262 2948 4320 Sancti
3000 4265 3335 4331 mandatum,
3366 4267 3453 4321 cui
3495 4267 3755 4324 Dominus
3784 4271 4010 4327 donabit

2421 4359 2785 4427 quodcunque
2815 4358 2883 4412 ab
2913 4372 2979 4414 eo
3008 4358 3392 4429 postulaverit.
3433 4379 3453 4413 ι
3487 4360 3593 4417 Sed
3621 4372 3677 4418 et
3714 4363 3809 4434 qui
3856 4366 4004 4421 missi

2422 4457 2548 4503 Sunt
2566 4448 2726 4503 simul
2757 4450 2860 4504 hoc
2887 4450 3211 4505 addiderunt
3237 4451 3465 4508 dicendo
3497 4470 3511 4506 :
3549 4472 3568 4506 ι
3627 4453 3861 4511 Sanctus
3906 4457 4013 4513 Co-

2422 4538 2624 4605 lumba,
2653 4540 2873 4610 quinos
2918 4543 2985 4596 ad
3031 4551 3084 4597 te
3119 4559 3238 4598 cum
3269 4544 3374 4599 hoc
3417 4546 3565 4599 misit
3607 4562 3854 4613 munere,
3909 4550 4013 4606 hoc

2423 4631 2731 4684 mandatum
2790 4648 2887 4702 per
2938 4649 3035 4688 nos
3094 4636 3163 4689 de
3214 4643 3299 4689 tua
3340 4638 3740 4693 commendavit
3790 4652 4008 4712 segete,

2425 4720 2613 4777 dicens
2645 4740 2656 4775 :
2686 4721 2860 4778 llomo
2904 4724 2993 4780 ille
3048 4726 3100 4781 in
3151 4728 3551 4797 onmipoteutia
3600 4730 3693 4786 Dei
3745 4734 4008 4803 conlidat,

2424 4817 2669 4885 quamvis
2697 4818 2764 4872 de
2789 4833 2974 4875 mense
2997 4820 3158 4877 Junio
3187 4838 3259 4877 xu
3293 4825 3583 4892 prannissis
3605 4824 3798 4881 diebus
3847 4829 4012 4883 semi-

2428 4920 2546 4965 nata
2572 4913 2622 4966 in
2656 4913 2928 4982 principiis
2961 4914 3180 4983 Augusti
3222 4918 3422 4971 mensis
3466 4927 3718 4973 metetur.
3758 4938 3776 4971 ι
3828 4922 4005 4977 Obse-

2428 5006 2612 5075 quitur
2659 5007 2901 5077 plebeius
2929 5010 3155 5075 arando,
3180 5020 3234 5066 et
3276 5013 3614 5079 seminando,
3668 5025 3723 5069 et
3758 5030 4008 5081 messem,

2427 5113 2585 5166 quam
2617 5101 2942 5170 supradicto
2967 5103 3017 5156 in
3046 5112 3287 5173 tempore
3316 5115 3503 5159 contra
3520 5122 3671 5177 spem
3696 5111 4006 5175 seminavit,

2430 5205 2551 5245 cum
2604 5193 2843 5246 omnium
2888 5193 3246 5252 admiratione
3316 5197 3616 5254 vicinorum
3675 5201 3726 5255 in
3784 5203 4010 5259 exordio

749 5304 853 5359 qua
884 5300 1006 5343 cum
1057 5281 1247 5339 incola:
1273 5280 1377 5335 Ieci
1415 5280 1685 5350 quondam
1714 5278 1981 5333 haberent
2008 5293 2107 5347 pro
2159 5276 2325 5330 nimia
2358 5285 2404 5344 υ
2432 5282 2652 5352 Augusti
2680 5286 2879 5341 mensis
2906 5296 3173 5342 maturam
3218 5290 3372 5359 juxta
3399 5290 3583 5347 Sancti
3614 5293 3837 5348 verbum
3872 5310 4013 5352 mes-

751 5379 954 5436 l'ructts
1021 5374 1375 5431 amaritudine
1417 5371 1866 5443 querimoniam,
1930 5370 2161 5440 quadam
2242 5368 2329 5424 die

753 5472 988 5527 Sanctus
1008 5468 1075 5522 ad
1095 5482 1213 5523 eam
1240 5465 1466 5520 accessit
1494 5464 1802 5518 Autumuali
1829 5472 2097 5532 tempore,
2114 5463 2329 5517 videns-

760 5578 867 5634 que
914 5561 1109 5629 lignum
1154 5558 1419 5613 incassum
1458 5556 1700 5610 abundos
1747 5555 1947 5610 habere
1977 5552 2201 5617 fructus,
2236 5553 2327 5621 qui

760 5672 827 5712 ex
846 5656 926 5711 eis
954 5659 1230 5722 gustantes
1276 5649 1399 5719 plus
1445 5648 1698 5703 lmderent
1747 5664 1909 5718 quam
1960 5648 2324 5715 delectarent;

758 5749 989 5804 Sanctus
1016 5744 1225 5800 elevata
1254 5759 1415 5797 manu
1445 5743 1783 5808 benedicens,
1815 5745 1889 5797 ait
1922 5760 1935 5807 ;
1976 5762 1995 5795 ‹
2026 5741 2083 5797 In
2115 5743 2332 5798 nomine

765 5841 1149 5912 omnipotentis
1196 5838 1292 5895 Dei
1349 5838 1524 5895 omnis
1569 5847 1655 5893 tua
1717 5838 2040 5905 amaritudo,
2090 5853 2123 5893 ο
2174 5839 2336 5893 arbor

768 5950 948 5991 amara
995 5948 1025 5989 a
1055 5941 1109 5988 te
1128 5930 1368 5996 recedat,
1391 5941 1589 6000 tuaque
1618 5931 1722 5985 huc
1768 5945 1938 5999 usque
1978 5929 2330 5994 amarissima,

2433 5377 2557 5432 suit.

2505 5470 2594 5526 IV.
2628 5472 2745 5527 Alio
2774 5472 2954 5528 itidem
2985 5475 3037 5527 in
3080 5483 3343 5544 tempore,
3376 5476 3759 5538 cum,Sanctos
3790 5480 3842 5533 in
3880 5478 4013 5535 Jova

2435 5574 2858 5617 commoraretur
2910 5564 3124 5631 insula,
3181 5567 3373 5620 sedens
3422 5568 3474 5621 in
3538 5569 3852 5631 monticulo,
3925 5570 4015 5642 qui

2439 5654 2625 5710 Latine
2676 5656 2898 5711 Munitio
2945 5658 3134 5727 Magna
3180 5660 3393 5726 dicitur,
3440 5661 3589 5716 videt
3646 5664 3716 5717 ab
3755 5665 4009 5733 aquilone

2440 5748 2636 5803 nubem
2691 5750 2942 5817 densam,
3001 5760 3055 5804 et
3104 5752 3390 5821 pluvialem
3438 5754 3506 5808 de
3548 5756 3774 5811 meridie
3822 5773 4014 5813 serena

2442 5842 2706 5896 obortam.
2732 5840 2847 5907 Qua
2879 5843 3203 5899 ascendente
3226 5846 3357 5912 visa,
3389 5844 3618 5902 Sanctus
3634 5848 3699 5902 ad
3727 5851 4015 5919 quemdam

2443 5930 2510 5988 de
2536 5932 2649 5987 suis
2674 5932 2824 6001 juxta
2854 5949 2914 5990 se
2934 5937 3257 5992 monachum
3287 5938 3568 5995 sedentem
3598 5980 3612 6007 ,
3659 5942 3881 5998 nomine
3915 5944 4016 6000 Sil-
