4204 6540
202 370 308 428 745

1334 364 1420 420 DE
1464 361 1621 420 VITA
1664 363 1720 418 S.
1763 360 2109 419 COLUMBIE
2152 361 2285 418 LIB.
2323 359 2394 416 ll.

3377 353 3484 414 7‘8

201 500 398 544 vanum
431 501 442 537 :
482 503 501 538 ι
541 482 667 539 Haec
699 481 886 547 nubes,
915 480 991 534 ait
1019 479 1174 534 valde
1198 495 1368 534 nocua
1395 478 1706 533 hominibus
1731 485 1785 533 et
1817 482 1865 541 Α
1895 477 2208 544 capsellam,
2253 475 2475 529 dicens:
2514 489 2530 523 ι
2569 466 2882 527 Benedictio
2913 480 3032 540 quae
3059 469 3111 525 in
3140 469 3241 528 itac
3269 475 3484 544 capsel-

201 579 489 651 pecoribus
545 576 648 632 erit
691 593 704 636 ;
762 575 973 644 hacque
1022 571 1107 626 die
1154 571 1397 625 velocius
1445 568 1792 624 transvolans

199 686 361 740 super
385 669 718 738 aliquantam
750 665 985 721 Scothia:
1016 673 1226 734 partem
1250 702 1264 728 ,
1298 661 1532 732 pluviam
1567 673 1792 728 vespere

199 762 480 817 distillabit
525 757 918 814 ntorbiferam:
969 772 1089 826 quo
1136 756 1318 824 gravia
1376 762 1432 807 et
1503 750 1790 822 purulenta

199 854 450 908 humanis
517 852 571 906 in
621 849 964 920 corporibus,
1007 857 1062 903 et
1113 847 1164 901 in
1213 861 1472 916 pecorum
1531 842 1790 897 uberibus

200 949 356 1003 nasci
412 946 574 1001 faciet
631 945 836 1010 ulcera,
898 942 1092 1013 quibus
1139 941 1388 995 homines
1439 935 1688 1000 morbidi,
1735 942 1789 989 et

199 1037 437 1108 pecudes
460 1037 546 1090 illa
579 1049 851 1090 venenosa
881 1031 1217 1101 gravituline
1249 1043 1418 1098 usque
1462 1027 1526 1082 ad
1557 1035 1788 1081 mortem

200 1129 475 1184 molestati
504 1127 845 1182 laborabunt.
880 1124 986 1180 Sed
1017 1138 1115 1177 nos
1146 1136 1335 1176 eorum
1372 1118 1616 1174 miserati
1663 1118 1791 1172 sub-

200 1222 386 1276 venire
423 1218 771 1280 languoribus
820 1216 1048 1272 Domino
1078 1213 1368 1267 miserante
1397 1212 1680 1267 debemus.
1707 1208 1790 1264 Tu

198 1330 350 1383 ergo,
402 1314 643 1380 Silvane,
705 1329 848 1369 nunc
887 1327 1100 1368 mecum
1141 1309 1474 1366 descendens
1496 1307 1562 1361 de
1605 1313 1791 1358 monte

197 1407 603 1476 navigationem
638 1419 904 1476 prmpara,
937 1403 1175 1458 crastina
1206 1401 1293 1455 die
1325 1399 1430 1454 vita
1485 1397 1684 1453 comite
1735 1403 1790 1449 et

201 1497 314 1551 Deo
342 1497 576 1562 volente,
603 1511 632 1550 a
656 1511 742 1550 me
768 1511 906 1566 pane
938 1503 1181 1564 accepto,
1212 1492 1303 1546 Dei
1333 1492 1582 1545 invocato
1613 1487 1790 1543 nomi-

195 1604 282 1654 ne,
318 1589 639 1651 benedicto;
672 1603 781 1657 quo
812 1589 865 1641 in
889 1602 1082 1656 aquam
1139 1585 1386 1647 intincto,
1427 1582 1676 1636 homines
1723 1593 1788 1633 ea

196 1683 476 1750 conspersi
500 1691 554 1736 et
585 1695 782 1751 pecora
802 1679 1036 1734 celerem
1064 1678 1462 1748 recuperabunt
1484 1674 1734 1728 salutem.
1762 1689 1780 1722 ι

265 1771 410 1838 Quid
439 1772 762 1827 moramur?
813 1771 906 1825 Die
957 1772 1189 1826 crastina
1219 1769 1301 1822 his
1331 1783 1449 1836 qua:
1482 1764 1785 1820 necessaria

1896 566 2023 620 lulla
2076 567 2402 629 continetur,
2455 564 2673 634 quando
2722 563 2786 617 ad
2848 563 3144 631 Mauginam
3196 567 3482 633 pervenies

1894 659 2235 720 visitandam.
2268 661 2318 713 in
2346 676 2498 728 aqua:
2518 657 2792 713 vasculum
2819 658 3170 726 intinguatur,
3188 658 3484 728 eademque

1893 751 2282 806 benedictionis
2313 767 2452 821 aqua
2483 766 2648 821 super
2680 749 2798 819 ejus
2828 750 3142 804 infundatur
3170 766 3385 822 coxam,
3427 763 3484 808 et

1892 842 2071 897 statim
2104 842 2354 897 invocato
2385 843 2475 897 Dei
2501 841 2722 897 nomine
2751 841 2944 896 coxale
2989 843 3346 911 conjungetur
3392 859 3480 911 os,

1892 943 1942 988 et
1975 933 2318 996 densabitur;
2353 943 2406 988 et
2453 941 2641 990 s:ncla
2668 933 2821 1003 virgo
2869 931 3085 1000 plenam
3136 933 3483 1004 recuperabit

1891 1026 2142 1080 Salutem.
2174 1047 2191 1079 ι
2228 1025 2294 1080 Ει
2318 1027 2422 1082 hoc
2453 1035 2674 1081 sanctus
2701 1025 2907 1079 addidit
2934 1043 2944 1077 :
2985 1043 3003 1075 ι
3036 1023 3115 1079 Εη
3151 1041 3250 1094 ego
3279 1040 3484 1096 ponam

1892 1118 1945 1172 in
1977 1118 2132 1187 hujus
2160 1119 2393 1188 capsula:
2445 1117 2708 1187 Operculo
2740 1134 3027 1173 numerum
3082 1117 3270 1187 viginti
3312 1120 3480 1173 trium

1891 1225 2179 1274 annorum,
2209 1210 2406 1279 quibus
2431 1224 2586 1264 sacra
2633 1209 2784 1278 virgo
2814 1209 2868 1263 in
2917 1210 3019 1266 bac
3059 1209 3315 1280 pmsenti
3361 1219 3483 1281 post

1891 1303 2134 1358 eamdem
2165 1303 2392 1358 salutem
2418 1302 2622 1357 victura
2645 1312 2729 1357 est
2757 1300 2891 1357 vita.
2930 1321 2946 1354 ι

1960 1395 2089 1462 Qua:
2115 1393 2293 1448 omnia
2325 1393 2403 1448 sic
2426 1393 2584 1463 plene
2614 1393 2828 1464 expleta
2861 1402 3008 1457 sunt,
3040 1393 3197 1448 sicuti
3222 1410 3249 1447 a
3277 1393 3481 1452 Sancto

1891 1487 2163 1557 praedicta.
2191 1486 2321 1541 Nam
2350 1488 2532 1543 statim
2565 1485 2906 1555 utLugaidus
2927 1487 2993 1541 ad
3015 1497 3257 1542 sanctam
3285 1505 3482 1559 pet-ve.

1891 1582 1968 1634 nit
1999 1581 2279 1649 virginem,
2313 1596 2451 1649 aqua
2499 1579 2808 1643 benedicta,
2864 1579 3006 1633 sicut
3054 1578 3285 1635 Sanctus
3329 1596 3482 1636 com-

1888 1672 2183 1736 mendavit,
2213 1672 2427 1740 perfusa
2455 1685 2613 1736 coxa,
2645 1671 2764 1725 sine
2822 1669 2928 1724 nlla
2974 1672 3185 1724 mornla
3236 1671 3476 1729 conden-

1889 1773 2010 1818 sato
2060 1778 2205 1828 osse,
2240 1762 2396 1832 plene
2426 1771 2612 1817 sanata
2658 1771 2774 1828 est;
2804 1770 2858 1817 et
2914 1762 2968 1816 in
3019 1763 3251 1815 adventu
3302 1761 3477 1815 sancti

192 1874 351 1918 erant
382 1865 539 1918 citius
567 1863 904 1933 prmparatis,
964 1862 1231 1923 Silvanus,
1267 1868 1492 1928 accepto
1524 1857 1591 1911 de
1620 1871 1785 1908 manu
1814 1845 1862 1905 Β
1889 1857 2165 1912 Columbae
2218 1873 2340 1911 cum
2397 1856 2600 1924 ingenti
2648 1856 2940 1923 gratiarum
2993 1855 3207 1910 actione
3254 1854 3434 1922 gavisa
3461 1895 3478 1919 ,

189 1955 378 2010 Sancti
410 1971 546 2025 pane
577 1955 887 2018 benedicto,
907 1954 957 2006 in
981 1967 1115 2022 pace
1145 1952 1466 2020 enavigavit.
1486 1949 1584 2004 Cui
1612 1949 1784 2002 Sanc-

192 2056 278 2099 las
325 2062 356 2098 a
409 2062 467 2100 te
520 2044 708 2099 eadem
760 2045 1047 2111 emigranti
1098 2043 1230 2097 hora
1287 2041 1435 2094 addit
1477 2041 1579 2094 hoc
1623 2037 1783 2091 etiam

188 2141 620 2194 consolatorium
653 2137 897 2202 verbum,
931 2137 1115 2192 dicens
1149 2153 1160 2188 :
1202 2155 1219 2186 ι
1259 2133 1501 2195 Conlide,
1537 2129 1628 2192 ﬁli,
1664 2145 1787 2182 ven-

189 2241 274 2285 tos
307 2231 535 2285 habebis
585 2230 871 2293 secundos,
929 2237 986 2282 et
1039 2241 1329 2296 prosperos
1372 2225 1459 2278 diu
1510 2229 1785 2290 noctuque

189 2341 362 2394 usque
385 2324 509 2378 dum
535 2323 601 2377 ad
624 2323 766 2376 illam
790 2321 1072 2391 pervenias
1087 2320 1381 2389 regionem,
1399 2326 1456 2370 ut
1481 2313 1784 2384 languenti-

185 2417 286 2470 bus
341 2414 541 2468 ibidem
581 2413 812 2468 celerius
841 2428 961 2467 cum
991 2411 1192 2466 salubri
1225 2408 1512 2464 subvenias
1559 2420 1716 2475 pane.
1757 2424 1775 2456 ι

186 2511 327 2577 Quid
363 2510 552 2580 plura?
580 2507 829 2563 Silvanus
862 2507 1025 2561 verbo
1081 2510 1397 2559 obsecutus-
1424 2501 1609 2554 Sancti
1654 2514 1781 2567 pro-

185 2619 350 2675 Spera
396 2612 452 2657 et
478 2602 641 2657 celeri
672 2600 1039 2669 navigatione,
1095 2597 1391 2652 auxiliante
1433 2594 1683 2658 Domino,
1716 2592 1783 2647 ad

189 2712 362 2767 supra
395 2705 748 2751 memoratam
783 2693 1107 2764 perveniens
1137 2700 1377 2761 partem,
1416 2688 1556 2742 illius
1607 2685 1784 2755 regio-

185 2793 270 2846 nis
303 2791 543 2861 plebem,
572 2788 639 2843 de
666 2802 770 2856 qua
802 2786 1033 2841 Sanctus
1075 2782 1417 2854 prmdixerat,
1447 2780 1781 2834 devastatam

185 2882 355 2937 nubis
383 2878 654 2950 prxdicta:
676 2874 962 2931 morbifera
991 2876 1192 2945 reperit
1214 2873 1391 2943 pluvia
1414 2870 1782 2941 superfluente

181 2973 352 3030 citius
410 2972 809 3043 praecurrentis,
847 2970 1202 3039 inprimisque
1253 2968 1335 3022 bis
1387 2966 1524 3020 terni
1571 2964 1670 3017 viri
1727 2963 1782 3018 in

181 3066 382 3122 eadem
413 3066 552 3120 mari
584 3063 759 3118 vicina
797 3065 960 3116 domo
991 3058 1194 3129 reperti
1226 3059 1277 3112 in
1309 3057 1570 3112 extremis
1602 3063 1779 3110 morte

183 3159 355 3229 positi
380 3158 877 3228 appropinquante,
916 3152 982 3206 ab
1008 3151 1198 3207 eodem
1227 3148 1444 3203 Silvano
1489 3163 1626 3216 aqua
1675 3146 1775 3200 be-

1891 1951 2076 2019 viginti
2125 1951 2293 2004 tribus
2341 1949 2516 2012 annis,
2554 1947 2848 2002 secundum
2879 1946 3062 2001 Sancti
3108 1946 3474 2016 prophetiam,

1891 2052 2012 2112 post
2044 2042 2332 2096 sanitatem
2366 2039 2416 2092 in
2443 2039 2598 2094 bonis
2628 2037 2836 2092 actibus
2861 2053 3186 2108 permanens
3216 2038 3367 2090 vixit.

1964 2133 2047 2187 \l.
2081 2133 2171 2187 Vir
2201 2134 2321 2187 vita:
2352 2131 2731 2203 przedicabilis,
2766 2132 2925 2186 sicuti
2950 2132 3108 2186 nobis
3135 2132 3202 2185 ab
3231 2132 3476 2200 expertis

1890 2225 2140 2281 traditum
2189 2237 2302 2294 est,
2367 2226 2699 2280 diversorum
2762 2224 3051 2292 languores
3107 2223 3478 2290 infirmorum,

1888 2322 2139 2374 invocato
2168 2316 2372 2372 Christi
2401 2318 2618 2371 nomine
2648 2315 2752 2369 illis
2782 2316 2835 2368 in
2866 2316 3056 2370 diebus
3087 2317 3316 2378 sanavit,
3349 2316 3474 2383 qui-

1888 2415 1987 2467 bus
2016 2412 2083 2467 ad
2131 2426 2318 2481 regum
2366 2425 2594 2480 pergens
2634 2407 2963 2475 condictum,
3014 2408 3065 2462 in
3115 2409 3276 2462 dorso
3330 2416 3478 2462 uete

1887 2505 2037 2559 brevi
2097 2513 2462 2558 commoratus
2512 2510 2594 2557 est
2625 2511 2889 2572 tempore.
2941 2499 3072 2554 Nam
3132 2511 3225 2555 aut
3275 2510 3478 2555 sancta:

1888 2613 2078 2652 manus
2093 2597 2460 2665 protensione,
2487 2607 2580 2649 aut
2608 2609 2748 2662 aqua
2773 2594 2840 2649 ab
2869 2609 2934 2648 eo
2955 2593 3264 2658 benedicta,
3288 2593 3478 2663 :cgroti

1886 2689 2071 2759 plures
2094 2689 2318 2758 ..-spersi,
2352 2697 2447 2742 aut
2475 2687 2638 2743 etiam
2677 2686 2901 2741 fimbriae
2926 2685 3044 2756 ejus
3092 2696 3235 2742 tactu
3268 2687 3478 2755 amphi-

1888 2782 2015 2846 bali,
2049 2791 2144 2837 aut
2173 2781 2402 2851 alicujus
2423 2784 2524 2848 rei,
2557 2781 2686 2836 salis
2715 2780 2987 2849 videlicet,
3018 2783 3103 2836 vel
3134 2781 3285 2850 panis
3312 2782 3478 2836 bene-

1887 2869 2122 2925 dictione
2148 2879 2390 2938 accepta,
2439 2880 2494 2924 et
2536 2869 2769 2941 lymphis
2815 2870 3062 2938 intincta,
3095 2870 3310 2939 plenam
3356 2886 3475 2926 cre-

1888 2960 2079 3017 dentes
2108 2969 2503 3030 recuperarunt
2524 2961 2774 3017 salutem.
3115 2984 3117 2987 ·

1957 3053 2064 3109 Vll.
2095 3053 2215 3108 Alio
2248 3055 2429 3109 itidem
2459 3055 2513 3108 in
2543 3063 2807 3126 tempore,
2832 3055 3050 3126 quidam
3076 3070 3106 3110 a
3145 3055 3345 3111 Sancto
3375 3071 3474 3126 pe-

1885 3153 2020 3198 tram
2048 3145 2174 3198 salis
2201 3144 2536 3199 benedictam
2569 3145 2799 3214 accepit,
2853 3146 3028 3200 sorori
3051 3154 3111 3202 et
3138 3161 3248 3201 sua:
3278 3148 3474 3202 nutrici

179 3213 513 3306 hc'lictioh'is
544 3213 770 3317 aspersi,
795 3247 848 3300 in
879 3245 1069 3300 eadem
1112 3242 1363 3314 presenti
1395 3242 1480 3295 die
1504 3213 1767 3311 opportu-
1807 3213 1855 3277 (ἶ
1886 3237 2219 3308 profuturam
2248 3236 2529 3292 oculorum
2552 3213 2760 3304 dolori;
2815 3252 2935 3307 qua:
2973 3238 3285 3308 ophtalmize
3317 3239 3474 3294 labo-

181 3344 309 3397 nius
362 3342 540 3396 sanati
569 3349 713 3394 sunt.
738 3337 901 3407 Cujus
928 3337 1120 3392 subitm
1149 3335 1447 3391 sanationis
1476 3349 1662 3387 rumor
1687 3348 1782 3403 per

181 3443 360 3489 totam
397 3433 543 3486 illam
579 3431 771 3485 morbo
803 3429 1173 3499 pestilentiore
1203 3438 1467 3482 vastatam
1498 3427 1776 3494 regionem

180 3525 295 3577 cito
330 3522 664 3588 divulgatus,
699 3535 916 3575 onmem
975 3518 1276 3574 morbidum
1335 3517 1399 3571 ad
1453 3518 1624 3570 sancti
1671 3516 1779 3571 Co-

178 3613 384 3667 lumba:
415 3612 650 3682 legatum
695 3611 939 3664 invitavit
969 3610 1246 3680 populum.
1269 3610 1370 3676 Qui
1394 3609 1547 3678 juxta
1595 3607 1780 3665 Sancti

177 3704 509 3758 mandatum
536 3704 785 3758 homines
816 3712 871 3758 et
911 3717 1131 3773 pecora,
1175 3718 1315 3775 pane
1345 3702 1570 3758 intincto
1610 3701 1780 3756 bene-

177 3796 356 3862 dicto,
390 3809 528 3861 aqua
560 3793 886 3863 conspersit,
915 3801 969 3847 et
997 3792 1255 3848 continuo
1300 3793 1510 3863 plenam
1553 3805 1780 3861 recupec

179 3895 376 3940 rantes
435 3884 698 3948 salutem,
749 3883 993 3938 homines
1038 3899 1163 3938 cum
1237 3883 1532 3952 pecudibus
1584 3880 1779 3937 salvati

178 3978 467 4032 Christum
500 3977 552 4030 in
574 3983 766 4030 sancto
797 3974 1056 4029 Columba
1085 3989 1205 4028 cuin
1244 3973 1441 4028 eximia
1470 3972 1778 4040 gratiarum

177 4070 406 4123 actione
429 4066 732 4120 laudarunt.
768 4066 822 4118 in
852 4065 954 4120 hac
984 4067 1126 4120 enim
1148 4080 1309 4134 supra
1346 4065 1546 4134 scripta
1583 4079 1776 4119 narra-

181 4158 362 4222 tione,
397 4164 456 4209 ut
480 4156 710 4220 mstimo,
758 4155 865 4210 duo
896 4155 1012 4210 haec
1051 4154 1336 4209 manifeste
1365 4155 1565 4224 pariter
1606 4155 1778 4209 comi-

179 4258 396 4312 tantur,
442 4248 545 4302 hoc
567 4257 669 4313 est,
703 4248 874 4317 gratia
897 4248 1328 4319 prophetationis
1382 4247 1448 4303 de
1506 4249 1668 4314 nube,
1724 4257 1781 4303 et

180 4343 361 4395 virtus
395 4341 711 4394 miraculum
738 4341 789 4394 in
829 4341 1201 4410 mgrotantium
1248 4341 1494 4395 sanitate.
1534 4342 1656 4396 llzcc
1687 4357 1782 4412 per

179 4434 370 4488 omnia
421 4446 542 4486 esse
595 4432 869 4485 verissima
917 4431 1252 4500 supradictus
1291 4430 1538 4488 Silvanus
1584 4434 1780 4488 Christi

1885 3331 2039 3384 rabat
2068 3328 2222 3383 valde
2250 3330 2399 3399 gravi
2427 3329 2710 3398 languore,
2735 3328 2789 3383 id
2811 3339 2918 3399 est,
2954 3330 3237 3385 oculorum
3260 3330 3473 3387 dolore.

1883 3421 2068 3476 Talem
2107 3421 2375 3490 eulogiam
2425 3420 2613 3476 eadem
2651 3437 2808 3477 soror
2845 3431 2900 3477 et
2936 3423 3167 3477 nutricia
3206 3425 3273 3478 de
3310 3438 3476 3479 manu

1883 3513 2064 3569 fratris
2101 3514 2394 3584 accipiens,
2439 3515 2492 3569 in
2519 3515 2726 3585 pariete
2755 3531 2917 3587 super
2944 3517 3143 3572 lectum
3167 3518 3472 3587 suspendit,

1882 3621 2118 3678 casuque
2148 3615 2270 3677 post
2299 3608 2603 3678 aliquantos
2631 3607 2859 3677 contigit
2892 3608 3029 3676 dies,
3065 3618 3122 3663 ut
3153 3610 3294 3664 idem
3319 3612 3472 3666 vicu-

1881 3699 1965 3756 lus
2012 3715 2134 3755 cum
2181 3716 2346 3770 supra
2393 3700 2550 3756 dicta:
2602 3701 2928 3757 domuncula
2988 3701 3200 3758 femina:
3255 3704 3474 3760 flamma

1883 3799 2130 3847 vastante
2179 3800 2324 3847 totus
2375 3801 2836 3849 concremaretur.
2893 3792 3089 3849 Mirum
3127 3795 3295 3860 dictu,
3330 3795 3476 3853 illius

1883 3885 2107 3953 parietis
2137 3885 2423 3955 particula,
2478 3900 2546 3940 ne
2573 3885 2719 3940 beati
2748 3886 2850 3941 viri
2880 3887 2934 3941 in
2961 3903 3026 3942 ea
3057 3888 3332 3958 deperiret
3352 3906 3476 3945 sus.

1884 3989 2049 4045 pensa
2098 3975 2436 4040 benedictio,
2495 3985 2618 4045 post
2667 3985 2836 4032 totam
2895 3976 3196 4034 ambustam
3252 3980 3475 4035 domum

1883 4076 2030 4120 stans
2070 4066 2232 4120 illaesa
2264 4067 2591 4135 permansit;
2623 4082 2726 4121 nec
2757 4067 2894 4137 ignis
2913 4083 3075 4123 ausus
3101 4079 3185 4124 est
3205 4072 3474 4140 attingere

1883 4159 2110 4223 binales,
2163 4160 2213 4212 in
2258 4159 2453 4228 quibus
2480 4159 2598 4213 talis
2628 4159 2898 4229 pendebat
2919 4161 3044 4216 salis
3075 4170 3227 4232 petra
3247 4203 3261 4226 ,
3287 4163 3472 4219 sudes.

1954 4248 2083 4302 Vlll.
2149 4250 2303 4303 Aliud
2358 4249 2675 4304 miraculum
2731 4252 2942 4306 mstimo
3000 4268 3106 4306 non
3163 4255 3474 4326 tacendum,

1883 4341 2031 4410 quod
2064 4341 2356 4409 aliquando
2404 4341 2602 4396 factum
2635 4350 2716 4395 est
2745 4357 2842 4411 per
2868 4345 3198 4399 contrarium
3229 4347 3472 4402 elemen-

1887 4443 2019 4489 tum.
2072 4433 2360 4490 Multorum
2392 4450 2626 4504 namque
2656 4439 2978 4492 transcursis
3001 4454 3265 4494 annorum
3297 4441 3477 4497 circu-

179 4527 380 4591 miles,
442 4523 615 4579 sancti
675 4523 879 4592 legatus
935 4522 1240 4589 Columba},
1296 4539 1479 4577 coram
1535 4523 1778 4595 Segeneo
1809 4571 1857 4631 υ
1888 4528 1950 4582 lis
1997 4537 2120 4596 post
2162 4528 2303 4582 beati
2334 4527 2400 4581 ad
2451 4527 2737 4584 Dominum
2769 4530 3054 4585 transitum
3085 4533 3203 4598 viri,
3256 4535 3475 4604 quidam

179 4619 408 4680 abbate,
435 4623 492 4669 et
522 4616 730 4668 caeteris
761 4622 989 4668 testatus
1018 4623 1102 4668 cst
1131 4615 1450 4669 senioribus.

260 4711 323 4764 γ.
342 4707 468 4762 Alio
492 4709 546 4762 in
573 4716 836 4778 tempore,
860 4722 982 4761 cum
1000 4707 1228 4762 Sanctus
1252 4707 1303 4760 in
1326 4709 1454 4762 Jova
1469 4707 1782 4763 demorare-

180 4810 269 4854 ῑι;ι’
292 4799 497 4863 insula,
516 4797 688 4868 prima
704 4795 809 4850 diei
833 4796 962 4850 hora
983 4797 1265 4866 quemdam
1279 4797 1544 4853 advocans
1565 4796 1783 4852 fratrem

181 4891 494 4962 Lugaidum
545 4888 786 4949 nomine,
821 4887 1002 4942 taliter
1043 4902 1166 4943 eum
1212 4891 1528 4960 compellat,
1556 4891 1780 4947 dicens:

188 5005 204 5036 ε
247 4982 515 5052 Prmpara
547 4981 654 5033 cito
685 4978 751 5032 ad
790 4980 1066 5034 Scothiam
1096 4980 1331 5035 celerem
1359 4983 1782 5052 navigationem,

178 5089 306 5127 nam
335 5071 478 5126 mihi
499 5069 654 5123 valde
676 5077 758 5124 est
775 5083 998 5124 necesse
1023 5078 1075 5123 te
1101 5085 1268 5139 usque
1295 5070 1360 5124 ad
1381 5070 1782 5127 Cbiliocherum

177 5167 471 5219 destinare
501 5163 760 5232 legatum.
797 5163 852 5216 ln
875 5163 978 5216 hac
995 5162 1135 5216 enim
1169 5165 1435 5234 prmterita
1468 5177 1626 5219 nocte
1655 5181 1783 5220 casu

179 5258 368 5328 aliquo
401 5253 656 5325 Mangina
679 5265 862 5311 sancta
885 5256 1032 5323 virgo
1061 5255 1127 5309 ab
1146 5253 1396 5311 Oratorio
1419 5265 1540 5325 post
1566 5255 1782 5312 Missam

179 5350 411 5404 domum
470 5361 687 5402 reversa
743 5347 1025 5414 titubavit,
1076 5363 1323 5418 coxaque
1382 5349 1497 5419 ejus
1545 5351 1596 5404 in
1650 5351 1785 5408 duas

179 5441 472 5498 confracta
502 5448 588 5494 est
616 5449 820 5510 partes.
851 5438 978 5496 Hmc
1007 5440 1204 5509 saepius
1231 5455 1411 5496 meum
1441 5441 1783 5498 inclamitans

180 5550 388 5589 nomen
424 5541 841 5597 commemorat,
871 5547 899 5585 a
931 5531 1157 5587 Domino
1179 5547 1403 5603 sperans
1438 5548 1496 5588 se
1531 5543 1782 5604 acceptu-

179 5643 296 5682 ram
325 5641 429 5697 per
460 5639 550 5680 me
574 5623 1022 5679 consolationem.
1055 5643 1072 5676 ι

254 5720 400 5786 Quid
436 5718 629 5788 plura?
671 5714 907 5786 Lugaido
938 5717 1332 5773 obsecundanti
1363 5729 1418 5774 et
1441 5734 1780 5788 consequen-

183 5823 267 5870 tcr
285 5811 582 5884 emigranti
600 5810 830 5866 Sanctus
845 5811 1058 5881 pineam
1081 5811 1245 5870 tradit
1263 5827 1386 5869 cum
1403 5790 1784 5873 benedictione

485 5947 759 6008 Parnon.
807 5945 1219 6010 LXXXVIII.

1883 4619 2096 4688 juvenis
2136 4620 2202 4673 de
2240 4634 2380 4688 equo
2426 4619 2603 4690 lapsus
2634 4621 2686 4675 in
2710 4618 2929 4675 flumine
2958 4638 3188 4686 mersus,
3239 4634 3473 4680 ettnor-

1891 4720 2031 4775 tuus,
2081 4710 2268 4778 viginti
2302 4711 2400 4764 sub
2431 4722 2568 4778 aqna
2598 4711 2786 4766 diebus
2818 4715 3132 4781 permansit.
3185 4715 3285 4782 Qui
3310 4717 3475 4773 sicuti

1886 4802 1985 4857 sub
2008 4802 2200 4856 ascella
2233 4802 2453 4868 cadens,
2497 4803 2662 4858 libros
2691 4804 2740 4857 in
2771 4804 2983 4874 pellicio
3011 4807 3318 4863 reconditos
3343 4824 3470 4864 sac-

1887 4893 2008 4948 culo
2039 4892 2299 4956 habebat;
2332 4893 2405 4946 ita
2433 4893 2597 4948 etiam
2632 4903 2755 4964 post
2781 4910 2940 4965 supra
2972 4908 3327 4952 memoratum
3356 4900 3474 4956 die-

1887 5003 2003 5041 rum
2033 5001 2311 5040 numerum
2335 4995 2418 5041 est.
2436 4998 2684 5056 repertus
2709 4989 2982 5043 sai-culum
3006 5003 3127 5042 cum
3158 4990 3307 5044 libris
3329 4991 3473 5048 inter

1886 5077 2160 5131 brachium
2184 5085 2240 5131 et
2271 5076 2414 5131 latus
2437 5079 2739 5132 continens.
2773 5080 2936 5146 Cujus
2966 5089 3020 5134 et
3051 5081 3115 5133 ad
3150 5081 3353 5135 aridam
3387 5099 3471 5134 re-

1888 5177 2100 5237 portato
2143 5168 2423 5231 cadavere,
2466 5178 2521 5222 et
2568 5177 2757 5234 aperto
2800 5169 3043 5236 sacculo,
3083 5169 3266 5225 folium
3297 5173 3471 5226 sancti

1887 5257 2159 5312 Columba:
2198 5259 2396 5314 sanctis
2437 5260 2692 5329 scriptum
2735 5261 3004 5329 digitulis,
3057 5262 3196 5316 inter
3238 5263 3469 5319 aliorum

1886 5349 2010 5402 folia
2053 5348 2310 5404 librorum
2351 5367 2457 5405 non
2505 5360 2707 5404 tantum
2734 5360 3020 5421 corrupta,
3076 5351 3171 5407 sed
3202 5362 3256 5408 et
3281 5363 3473 5423 putre-

1888 5440 2044 5504 facta,
2078 5440 2351 5496 inventum
2383 5451 2467 5499 est
2495 5443 2640 5497 nullo
2683 5444 2845 5498 modo
2871 5451 3214 5513 corruptum,
3248 5457 3311 5497 ac
3339 5443 3384 5496 si
3414 5445 3468 5497 in

1887 5532 2084 5587 scrinio
2107 5541 2247 5586 esset
2272 5534 2625 5588 reconditum.

1959 5622 2043 5678 IX.
2063 5625 2180 5678 Alio
2210 5640 2441 5694 namque
2470 5634 2735 5695 tempore,
2760 5641 2879 5680 cum
2903 5625 3134 5682 Sanctus
3156 5628 3207 5680 in
3231 5641 3327 5681 sua
3348 5641 3472 5680 ver-

1885 5726 2096 5772 saretur
2145 5717 2614 5786 peregrinatione,
2667 5719 2837 5771 infans
2884 5719 2931 5772 ci
2974 5734 3071 5788 per
3099 5728 3352 5788 parentes
3401 5718 3470 5773 ad

1885 5809 2262 5882 baptizari-lunt
2297 5809 2520 5866 offertur
2549 5812 2651 5864 iter
2681 5810 2882 5879 agenti.
2917 5809 2982 5866 Et
3011 5811 3134 5879 quia
3187 5811 3238 5864 in
3282 5810 3475 5867 vicinis

3113 5941 3190 6002 25
