4204 6554
189 424 290 482 ’[49
1304 421 1390 476 DE
1432 419 1588 476 VITA
1627 420 1685 474 S.
1728 417 2072 474 COLUMBA‘T
2115 418 2243 473 LIB.
2285 416 2350 472 Il.

3360 424 3464 479 750

188 537 473 592 lumbanus
524 537 764 603 nomine,
812 537 901 607 qui
934 536 998 589 ad
1043 536 1259 605 januam
1306 534 1554 602 lugurioli
1594 533 1770 587 subito
1800 538 1847 594 Α
1876 546 2035 600 supra
2099 530 2423 600 praefinitum
2491 544 2772 586 numerum
2832 531 3166 591 excedebant
3233 539 3459 597 diversis

188 631 511 697 perveniens
538 629 757 693 restitit,
807 629 859 680 in
887 642 995 697 quo
1027 626 1105 680 vir
1127 627 1314 680 beatus
1344 626 1635 680 scribebat.
1670 626 1769 682 Hic

187 720 330 774 idem
374 729 497 788 post
539 735 823 775 vaccarum
858 733 1106 773 reversus
1135 718 1478 781 mulsionem,
1514 717 1566 771 in
1613 717 1774 771 dorso

185 820 411 883 partans
464 812 740 867 vasculum
798 827 937 865 novo
1008 810 1224 881 plenum
1280 810 1464 876 lacte,
1522 807 1650 862 dicit
1710 810 1775 862 ad

184 906 469 968 Sanctum,
526 913 585 958 ut
633 904 785 972 juxta
830 916 1034 958 morem
1084 901 1190 955 tale
1230 901 1576 955 benediceret
1617 916 1772 953 onus.

183 997 421 1052 Sanctus
474 1005 585 1050 tum
644 1011 713 1050 ex
751 996 979 1050 adverso
1029 995 1240 1048 eminus
1290 994 1340 1047 in
1392 1009 1517 1047 aere
1566 994 1775 1062 signum

184 1104 352 1141 manu
399 1089 606 1143 elevata
654 1088 890 1142 salutare
922 1086 1183 1156 depinxit.
1235 1087 1389 1153 Quod
1439 1088 1580 1141 illico
1621 1086 1775 1141 valde

186 1183 515 1233 concussum
568 1187 679 1245 est,
729 1192 1107 1247 gergennaque
1131 1176 1371 1245 operculi
1401 1192 1497 1247 per
1522 1193 1617 1230 sua
1652 1176 1775 1229 bina

184 1270 453 1324 foramina
502 1270 965 1337 retrusa,|ongius
1017 1268 1256 1339 projecta
1304 1279 1416 1336 est;
1465 1270 1776 1338 Operculum

188 1371 332 1417 terra
366 1373 523 1417 tenus
551 1365 771 1428 cecidit;
806 1365 889 1418 lac
915 1379 979 1418 ex
1014 1362 1219 1431 majore
1248 1377 1496 1416 mensura
1529 1363 1581 1415 in
1603 1363 1776 1418 solum

185 1457 432 1510 defusum
456 1466 559 1511 est.
583 1456 909 1511 Juvenculus
931 1471 1024 1509 vas
1047 1472 1169 1509 cum
1192 1471 1359 1525 parvo
1390 1457 1538 1524 quod
1562 1470 1777 1509 reman-

183 1558 332 1603 serat
377 1549 560 1614 lactis,
610 1563 772 1617 super
804 1548 1021 1601 fundum
1067 1548 1116 1601 in
1158 1556 1299 1601 terra
1329 1546 1578 1616 deponit,
1605 1561 1779 1615 genua

185 1640 359 1695 ﬂectit
387 1641 723 1711 suppliciter.
757 1641 837 1694 Ad
866 1657 1025 1709 quem
1054 1658 1065 1691 :
1104 1659 1123 1691 ι
1162 1642 1361 1708 Surge,
1396 1642 1468 1693 ait
1495 1640 1775 1703 Columba,

184 1732 346 1785 hodie
378 1733 430 1785 in
477 1740 568 1784 tua
614 1733 929 1800 Operatione
977 1731 1308 1798 negligenter
1337 1732 1514 1799 egisti.
1571 1730 1779 1785 Daemo-

184 1840 308 1878 nem
333 1825 476 1878 enim
500 1825 550 1878 in
580 1820 745 1878 fundo
778 1825 927 1878 vacui
960 1823 1261 1876 latitantem
1285 1822 1485 1876 vaseuli
1515 1823 1778 1892 impresso

1877 627 2138 689 praerepta
2180 620 2394 675 casibus
2433 636 2696 690 nusquam
2736 634 3175 694 comparuerant,
3227 640 3457 700 excepto

1878 728 1943 767 eo
1970 712 2110 782 quod
2159 721 2251 766 aut
2297 712 2350 768 in
2407 730 2535 768 usus
2576 716 2824 786 proprios
2855 717 3084 787 familiar,
3133 723 3306 777 autin
3330 738 3467 793 opus

1879 807 2235 877 cleemOsynre
2265 806 2500 877 expendi
2549 817 2779 877 poterat.
2829 808 2889 864 In
2931 811 3033 867 hac
3061 814 3238 883 itaque
3270 831 3462 871 narra-

1879 896 2044 960 tione,
2090 905 2146 949 tit
2201 898 2253 951 in
2313 898 2521 954 cmteris
2563 900 2869 968 virtutibus,
2914 902 3225 958 miraculum
3256 915 3311 959 et
3338 924 3470 976 pro-

1878 989 2056 1057 phetia
2090 989 2246 1041 simul
2298 1000 2484 1058 aperte
2511 991 2831 1045 ostenditur.
2858 991 2988 1046 Nam
3017 994 3067 1047 in
3110 1010 3303 1065 magna
3336 1012 3467 1053 vac-

1880 1096 2062 1134 carum
2091 1081 2442 1149 ampliatique
2474 1082 2863 1138 benedictionis
2894 1086 3095 1153 pariter
3123 1095 3177 1141 et
3207 1088 3471 1143 orationis

1879 1172 2051 1226 virtus
2072 1184 2319 1242 apparet,
2368 1181 2423 1227 et
2466 1174 2517 1229 in
2546 1175 2903 1245 prmlinitione
2933 1177 3141 1233 numeri
3172 1180 3466 1250 propheta—

1879 1264 1943 1317 lis
1964 1266 2319 1333 pncscientia.

1950 1355 2216 1411 XVll.Vir
2248 1358 2580 1415 venerandus
2602 1377 2761 1431 supra
2788 1369 3143 1419 memoratum
3174 1364 3465 1423 Columba-

1880 1462 2027 1509 num,
2053 1463 2213 1518 qucm
2240 1448 2308 1503 de
2338 1466 2571 1521 paupere
2591 1452 2758 1506 virtus
2788 1454 3177 1509 benedictionis
3196 1456 3313 1525 ejus
3340 1458 3469 1513 divi-

1883 1546 1988 1592 tem
2014 1538 2158 1606 fecit,
2185 1540 2337 1593 valde
2358 1542 2630 1609 diligebat,
2652 1545 2775 1611 quia
2793 1544 2841 1597 ei
2868 1546 3030 1598 multa
3053 1547 3269 1615 pietatis
3290 1547 3466 1604 ollicia

1881 1633 2171 1699 prtebebat.
2204 1632 2332 1687 Erat
2358 1643 2538 1687 autem
2573 1637 2663 1689 illo
2696 1640 2746 1690 in
2781 1646 3025 1707 tempore
3056 1641 3270 1707 quidam
3304 1643 3471 1698 male-

1882 1722 2056 1777 faclor
2106 1726 2266 1778 homo
2300 1725 2568 1779 bonorum
2611 1737 2946 1795 persecutor.
2998 1730 3064 1785 de
3119 1734 3267 1801 regio
3318 1744 3469 1790 ortus

1884 1829 2099 1884 genere.
2143 1816 2238 1871 llic
2273 1832 2434 1887 supra
2462 1818 2664 1872 dictum
2708 1818 3099 1876 Columbanum
3129 1825 3300 1879 sancti
3331 1828 3469 1880 ami-

184 1916 469 1971 Dmninico
492 1918 667 1971 crucis
691 1918 841 1985 signa
866 1925 990 1971 ante
1020 1916 1341 1970 inlusionem
1370 1917 1519 1971 lactis
1553 1933 1657 1971 non
1694 1917 1778 1970 ef-

1883 1922 2002 1959 cum
2033 1906 2307 1961 Columba:
2356 1910 2805 1977 persequebatur,
2850 1912 3178 1983 domumque
3209 1916 3327 1985 ejus
3353 1935 3468 1972 om-

182 2010 405 2079 fugasti,
435 2010 589 2075 cujus
618 2010 861 2063 videlicet
892 2010 1026 2079 signi
1059 2023 1201 2061 nunc
1243 2010 1491 2062 virtutem
1526 2026 1630 2061 non
1663 2025 1781 2063 sus-

181 2100 363 2155 tinens
387 2098 752 2161 tremefactus,
786 2110 900 2151 toto
932 2100 1135 2168 pariter
1158 2099 1369 2151 turbato
1400 2114 1547 2163 vase,
1583 2098 1779 2153 veloci-

182 2201 267 2244 ti-r
312 2208 436 2245 cum
486 2192 643 2245 lactis
686 2192 945 2245 effusione
993 2190 1216 2258 aufugit.
1273 2188 1387 2244 lloc
1435 2203 1564 2257 ergo
1597 2191 1660 2241 ad
1693 2206 1779 2245 me

183 2284 407 2353 prepius
435 2282 713 2337 vasculum
764 2293 824 2336 ut
874 2283 999 2336 illud
1031 2281 1382 2347 benedicam,
1434 2282 1773 2350 approxima.

182 2378 301 2444 Quo
359 2377 519 2441 facto,
566 2376 797 2430 Sanctus
847 2375 1211 2428 semivacuuzu
1258 2372 1610 2427 benedixerat
1663 2386 1775 2436 vas,

182 2471 486 2537 eodemque
535 2477 809 2521 momento
862 2465 1114 2518 divinitus
1176 2464 1443 2533 repletum
1503 2471 1772 2531 repertum

182 2572 287 2629 est,
318 2574 654 2631 parvumque
681 2558 825 2628 quod
857 2560 1004 2628 prius
1034 2559 1085 2611 in
1118 2556 1284 2611 fundo
1314 2568 1647 2610 remanserat
1681 2572 1774 2609 va--

181 2658 292 2722 sis,
338 2655 437 2707 sub
482 2666 679 2707 sancta:
712 2667 899 2706 manus
929 2650 1310 2705 benedictione
1337 2665 1505 2719 usque
1536 2649 1603 2704 ad
1631 2665 1775 2704 sum-

183 2764 334 2803 mum
363 2746 517 2801 citius
548 2753 882 2800 cxcreverat.

257 2838 372 2893 XV.
430 2837 544 2892 lloc
597 2843 797 2890 tactum
850 2836 1183 2903 subsequens
1236 2834 1287 2888 in
1334 2833 1496 2888 domo
1552 2833 1776 2901 alicujus

183 2931 384 3002 plebeii
418 2930 597 2983 divitis
618 2968 633 2990 ,
668 2929 757 2982 ubi
787 2943 906 2983 cum
957 2927 1186 2981 Sanctus
1215 2926 1602 2994 hospitaretur,
1635 2926 1775 2978 intra

182 3024 493 3080 rusticanos
512 3021 899 3077 contendentes
929 3022 1085 3083 duos,
1135 3034 1366 3089 quorum
1396 3019 1540 3088 prius
1570 3018 1777 3071 adven-

186 3126 301 3170 tum
346 3114 633 3185 pra'scivit,
669 3123 811 3168 recta
853 3112 1485 3181 jmiicatiouejudicavit.
1526 3111 1777 3178 Unusque

185 3226 254 3264 ex
286 3212 386 3273 eis,
410 3209 501 3276 qui
534 3206 808 3262 maleficus
835 3214 974 3273 erat,
1003 3222 1033 3260 a
1063 3205 1263 3261 Sancto
1304 3206 1512 3275 jussus,
1540 3206 1605 3258 de
1638 3206 1775 3259 bove

187 3301 457 3366 masculo,
511 3300 598 3368 qui
632 3313 798 3368 prope
828 3306 964 3361 erat,
1010 3300 1089 3350 lae
1118 3305 1233 3351 arte
1261 3298 1527 3352 diabolica
1554 3313 1775 3368 expres-

186 3396 278 3449 sit.
326 3392 481 3459 Quod
512 3392 740 3447 sailCAUS
794 3407 900 3446 non
945 3401 1000 3445 ut
1023 3392 1110 3445 illa
1142 3390 1487 3446 continuaret
1517 3392 1775 3445 maleficia

190 3487 306 3541 fieri
330 3487 509 3555 jussit,
541 3488 681 3555 quod
707 3487 873 3547 absit;
921 3484 1015 3539 sed
1047 3496 1101 3537 ut
1131 3501 1193 3538 ea
1227 3502 1407 3541 coram
1438 3487 1778 3541 multitudine

189 3580 520 3634 destrueret.
575 3579 665 3633 Vir
697 3579 876 3647 itaque
919 3579 1110 3632 beatus
1140 3595 1253 3643 vas,
1287 3589 1344 3631 ut
1374 3579 1657 3634 videbatur
1687 3580 1776 3634 tali

188 3675 413 3744 plenum
443 3675 599 3735 larte,
635 3672 735 3725 sibi
778 3673 927 3726 ocius
958 3672 1069 3725 dari
1104 3672 1380 3740 poposcit,
1429 3681 1483 3726 et
1512 3672 1613 3725 hac
1656 3688 1774 3726 cum

188 3766 456 3820 sententia
493 3764 782 3827 benedixit,
813 3764 1035 3816 dlCifllS:
1075 3781 1092 3814 ι
1134 3764 1289 3817 Modo
1328 3764 1645 3829 probabitur
1671 3780 1776 3819 non

189 3871 314 3911 esse
365 3870 580 3918 verum,
633 3858 776 3922 quod
822 3855 1090 3922 putabatis
1146 3852 1267 3917 lac,
1335 3855 1433 3909 sed
1472 3856 1775 3910 damonum

193 3950 383 4004 fraude
402 3950 467 4003 ad
490 3948 832 4018 dacipiendos
859 3946 1107 4002 homines
1127 3947 1463 4002 decoloratus
1480 3948 1717 4018 sanguis.
1754 3968 1772 4001 ι

196 4040 261 4094 Ει
287 4042 543 4096 continuo
573 4040 779 4096 lacteus
809 4040 899 4094 ille
929 4038 1079 4094 color
1108 4040 1161 4092 in
1188 4049 1438 4094 naturam
1480 4041 1775 4110 propriam,

195 4134 301 4188 hoc
334 4142 438 4199 est,
487 4133 540 4186 in
589 4131 902 4200 sanguinem
933 4145 1121 4185 versus
1143 4138 1244 4184 est.
1299 4131 1402 4185 Bos
1444 4147 1659 4201 quoque
1685 4134 1777 4201 qui

191 4242 294 4297 ρρι·
315 4226 471 4279 unius
519 4224 665 4278 hora:
707 4231 1038 4277 momentum
1085 4222 1226 4290 turpi
1280 4223 1451 4276 macie
1483 4222 1695 4277 tabidus
1726 4232 1782 4278 et

194 4324 504 4370 maceratus
531 4323 669 4379 erat,
693 4314 854 4368 morti
882 4314 1178 4382 proximus,
1207 4312 1489 4367 benedicta
1516 4328 1545 4366 a
1576 4312 1779 4369 Sancto

191 4423 332 4477 aqua
355 4406 687 4477 superfusus,
719 4404 852 4458 mira
882 4404 981 4458 sub
1010 4402 1287 4458 celeritate
1312 4412 1536 4469 sanatus
1571 4414 1669 4459 est.

264 4502 407 4557 XVI.
439 4502 559 4555 Alio
582 4514 798 4570 quoque
827 4499 880 4552 in
912 4507 1178 4567 tempore,
1207 4498 1289 4551 vir
1330 4497 1520 4553 beatus
1548 4501 1778 4569 quadam

1882 1998 2039 2052 nibus
2070 1999 2122 2053 in
2152 2015 2216 2054 ea
2239 2000 2473 2054 inventis
2498 2002 2874 2057 devastaverat
2902 2008 3122 2075 ereptis,
3149 2024 3252 2062 non
3278 2012 3468 2078 semel,

1880 2092 1973 2145 sed
2005 2090 2084 2144 bis
2129 2092 2420 2146 inimiciter
2461 2106 2648 2161 agens.
2685 2093 2835 2151 Unde
2882 2098 3017 2152 forte
3059 2117 3165 2154 non
3197 2102 3468 2160 immerito

1881 2184 2054 2238 eidem
2089 2186 2327 2251 maligno
2358 2186 2553 2240 accidit
2580 2188 2718 2253 viro,
2758 2200 2814 2242 ut
2846 2193 3004 2245 tertia
3028 2193 3144 2247 vice
3174 2204 3297 2263 post
3322 2197 3468 2266 ejus-

1879 2274 2001 2328 dem
2032 2276 2224 2330 domus
2256 2278 2469 2331 tertiam
2501 2279 2979 2347 depi‘mdationetn,
3026 2284 3239 2338 beatum
3270 2287 3465 2357 virum,

1881 2384 2040 2437 quem
2072 2371 2226 2439 quasi
2274 2371 2484 2439 longius
2524 2372 2880 2441 despexerat,
2914 2378 3134 2444 prOpius
3178 2382 3467 2449 appropin-

1879 2477 2137 2531 quantem
2167 2464 2234 2517 ad
2263 2469 2445 2518 navim
2476 2474 2757 2520 revertens
2784 2470 2960 2536 prada
2992 2479 3217 2525 onustus
3238 2489 3359 2527 cum
3381 2490 3470 2531 so-

1879 2559 1975 2611 ciis
2006 2558 2222 2612 obvium
2254 2559 2499 2613 haberet.
2527 2560 2697 2626 Quem
2721 2577 2842 2615 cum
2875 2562 3103 2619 Sanctus
3126 2564 3193 2620 de
3217 2568 3326 2622 suis
3346 2584 3470 2623 cor-

1880 2648 2075 2717 riperet
2126 2651 2281 2704 malis
2305 2692 2319 2715 ,
2355 2652 2698 2719 praedamque
2727 2652 3004 2722 deponere
3048 2671 3243 2724 rogans
3272 2661 3470 2714 suade-

1881 2750 1983 2804 ret,
2019 2741 2108 2795 ille
2156 2741 2375 2795 immitis
2416 2742 2811 2797 insuadihiiiier
2852 2761 3173 2813 permanens
3213 2748 3472 2804 Sanctum

1880 2831 2144 2901 despexit,
2182 2833 2473 2902 navimque
2520 2850 2642 2887 cum
2692 2835 2871 2900 praeda
2904 2840 3222 2904 ascendens,
3254 2844 3471 2897 beatum

1880 2925 2052 2976 virum
2098 2924 2468 2977 subsannabat
2497 2936 2550 2978 et
2581 2926 2878 2981 deridebat.
2914 2930 3085 2995 Quem
3128 2932 3355 2989 Sanctus
3388 2953 3472 2990 us-

1880 3028 1986 3080 que
2002 3014 2068 3066 ad
2088 3029 2235 3068 mare
2258 3026 2579 3084 prosecutus
2595 3026 2697 3077 est.
2720 3022 3030 3089 vitreasque
3055 3022 3260 3078 intrans
3284 3042 3469 3096 aquas,

1882 3120 2049 3173 usque
2079 3106 2143 3159 ad
2172 3121 2368 3175 genua,
2396 3124 2697 3176 mquorcas,
2725 3111 2911 3165 levatis
2944 3114 3008 3165 ad
3038 3116 3232 3168 caelum
3284 3119 3470 3173 amba-

1881 3198 1981 3251 bus
2018 3199 2261 3252 manibus
2280 3198 2553 3254 Christum
2586 3201 2790 3255 intente
2811 3212 3080 3270 precatur,
3102 3207 3191 3272 qui
3212 3221 3336 3261 suos
3356 3209 3475 3275 glo-

1883 3288 2156 3343 riﬁcantes
2187 3306 2243 3343 se
2279 3290 2546 3359 glorilicat
2589 3293 2810 3347 electos.
2847 3292 2981 3347 Tum
3013 3296 3204 3352 deinde
3242 3301 3473 3357 Sanctus

1884 3382 2101 3452 expli‘ta
2129 3384 2377 3437 oratione
2409 3385 2473 3436 ad
2506 3385 2710 3437 aridam
2741 3402 3011 3451 reversus,
3040 3388 3090 3441 in
3117 3390 3474 3449 eminentiore

1883 3489 2003 3527 cum
2036 3475 2323 3527 comitibus
2352 3478 2504 3528 sedet
2535 3476 2695 3538 loco;
2728 3476 2798 3529 ad
2831 3493 2965 3545 quos
2996 3480 3083 3532 illa
3115 3482 3166 3534 in
3198 3482 3333 3537 hora
3365 3486 3475 3540 for-

1885 3566 2153 3619 midabilia
2188 3570 2344 3620 valde
2374 3568 2578 3635 profert
2607 3569 2792 3633 verba,
2818 3568 3002 3626 dicens
3029 3591 3040 3624 :
3075 3591 3092 3624 ί
3121 3571 3220 3627 Hic
3247 3576 3477 3632 misera-

1886 3663 2005 3718 bilis
2037 3664 2349 3729 hwinuucio,
2381 3666 2469 3733 qui
2502 3664 2772 3719 Christum
2808 3669 2857 3720 in
2917 3669 3027 3721 suis
3057 3670 3301 3735 despexit
3352 3689 3472 3729 ser-

1890 3758 1982 3825 vis,
2014 3758 2080 3811 ad
2114 3770 2348 3827 portum,
2383 3774 2412 3812 a
2443 3774 2551 3828 quo
2584 3776 2755 3827 nuper
2778 3776 2959 3815 coram
2984 3762 3138 3816 vobis
3168 3765 3476 3835 emigravit,

1885 3864 2159 3917 nunquam
2196 3859 2533 3915 revertetur;
2567 3854 2659 3905 sed
2692 3867 2792 3906 nec
2821 3853 2886 3906 ad
2920 3854 3071 3918 alias,
3104 3870 3237 3923 quas
3266 3862 3474 3928 appetit

1886 3951 2077 4004 terras,
2112 3944 2287 3996 subita
2328 3954 2634 4011 pratventus
2672 3953 2870 4006 morte,
2901 3961 3022 3998 cum
3053 3947 3163 4002 suis
3194 3952 3475 4017 perveniet

1884 4036 2039 4088 malis
2061 4036 2527 4104 cooperatoribus.
2559 4034 2753 4101 Hodie,
2772 4052 2933 4105 quam
2965 4053 3089 4093 mox
3115 4039 3380 4106 videbitis,
3405 4043 3475 4099 de

1884 4129 2025 4182 nube
2062 4144 2090 4181 a
2134 4128 2306 4182 Borea
2359 4137 2478 4182 orta
2530 4130 2750 4186 immitis
2795 4130 3031 4185 immissa
3076 4134 3309 4200 procella
3349 4150 3474 4191 eum

1885 4236 2007 4275 cum
2036 4222 2196 4275 sociis
2226 4221 2571 4289 submerget;
2602 4237 2700 4276 nec
2721 4223 2786 4276 de
2814 4223 2894 4278 eis
2917 4224 3079 4278 etiam
3106 4241 3243 4283 unus
3262 4242 3472 4283 remea-

1887 4310 1964 4364 bit
1992 4311 2281 4365 fabulator.
2320 4331 2335 4363 i
2386 4310 2515 4365 Post
2551 4314 2889 4381 aliquantum
2922 4316 3276 4384 paucularum
3308 4319 3479 4375 inter-

1884 4414 2101 4461 ventum
2151 4422 2451 4475 morarum,
2498 4408 2586 4462 die
2630 4410 2999 4477 serenissima,
3042 4426 3189 4477 ecce,
3230 4412 3297 4467 de
3342 4416 3479 4469 mari

1886 4501 2099 4563 oborta,
2125 4500 2263 4554 sicut
2291 4499 2524 4555 Sanctus
2553 4500 2785 4566 dixerat,
2816 4504 2985 4556 nubes
3011 4518 3130 4557 cum
3154 4519 3347 4572 magno
3369 4505 3479 4560 fra-

193 4604 357 4651 nocte
386 4609 505 4647 cum
538 4591 676 4661 apud
702 4590 1092 4645 Columbanum
1121 4604 1245 4649 tunc
1276 4591 1533 4659 temporis
1562 4591 1779 4661 inopem
1814 4632 1859 4690 υ
1889 4604 2018 4658 gore
2050 4589 2191 4642 vetiti
2223 4590 2417 4643 emissa
2450 4599 2719 4657 raptorem
2744 4606 2863 4645 cum
2889 4592 3064 4659 praeda
3088 4594 3227 4647 inter
3247 4593 3476 4651 Maleam

192 4690 334 4745 bene
358 4688 673 4755 bospitarct.
700 4700 857 4739 tuane
878 4684 1050 4754 primo
1071 4684 1300 4740 Sanctus
1320 4684 1386 4737 de
1406 4685 1704 4752 quantitate
1728 4696 1781 4739 et

192 4781 455 4849 qualitate
497 4778 812 4832 substantiae
845 4777 1111 4845 plebeium
1143 4777 1411 4846 hospitem
1457 4777 1778 4844 interrogat.

194 4872 297 4940 Qui
328 4872 727 4936 interrogatus:
758 4887 778 4918 ς
816 4868 1060 4937 Quinque
1101 4866 1471 4921 tantummodo
1499 4906 1511 4929 ,
1539 4869 1632 4933 ait,
1660 4884 1783 4923 vac-

195 4962 350 5019 culas
397 4960 603 5023 habeo;
658 4972 777 5027 qua!
833 4960 878 5011 si
925 4972 1017 5013 eas
1071 4957 1439 5020 benedixeris',
1500 4958 1553 5011 in
1611 4958 1783 5026 majus

197 5059 467 5109 crescent.
519 5070 538 5102 ι
575 5049 717 5115 Quas
764 5048 905 5104 illico
961 5064 991 5103 a
1041 5047 1242 5103 Sancto
1294 5049 1476 5117 jussus
1535 5049 1781 5115 adduxit,

198 5156 258 5202 et
302 5145 463 5213 hujus
483 5142 800 5198 Columbani
848 5140 1069 5196 buculas
1096 5139 1341 5209 quinales
1380 5140 1657 5209 aequaliter
1688 5142 1781 5196 be-

200 5239 479 5300 nedicens,
528 5234 734 5304 inquit:
774 5253 791 5285 ι
827 5234 1093 5289 Centenas
1122 5241 1177 5288 et
1204 5235 1466 5302 quinque,
1525 5233 1638 5289 Deo
1684 5237 1784 5291 do-

202 5338 390 5394 nante,
423 5327 647 5382 habebis
674 5341 901 5391 vaccas;
953 5336 1007 5380 et
1053 5327 1157 5380 erit
1196 5326 1247 5380 in
1279 5325 1399 5380 filiis
1425 5334 1480 5380 et
1502 5329 1786 5397 nepotibus

202 5424 310 5478 tuis
340 5419 527 5475 ﬂorida
572 5418 897 5473 benedictio.
936 5435 955 5469 ι
990 5416 1118 5481 Qua:
1175 5418 1356 5471 omnia
1406 5415 1559 5485 juxta
1613 5421 1785 5475 sancti

203 5518 305 5572 viri
363 5512 830 5584 prophetationem
887 5511 939 5565 in
983 5509 1124 5578 agris
1179 5518 1234 5563 et
1263 5510 1547 5579 pecoribus
1587 5511 1702 5580 ejus
1733 5520 1788 5567 et

200 5606 357 5678 prole
387 5603 695 5674 plenissime
727 5600 1019 5671 adimpleta
1051 5608 1193 5655 sunt.
1244 5600 1545 5669 Mirumque
1576 5603 1628 5655 iu
1667 5618 1789 5657 mo-

199 5700 330 5753 dum
373 5711 631 5752 numerus
670 5710 701 5747 a
730 5692 929 5748 Sancto
959 5691 1251 5761 praefinitus
1282 5706 1447 5762 supra
1488 5703 1789 5750 memorato

198 5790 323 5845 viro
348 5790 404 5845 in
433 5784 753 5843 centenario
774 5792 827 5838 et
844 5782 1092 5853 quinario
1114 5797 1400 5838 vaccarum
1426 5783 1670 5853 expletus
1692 5802 1790 5840 nu-

199 5895 377 5947 mero,
419 5878 571 5935 nullo
624 5875 786 5932 modo
814 5872 1105 5945 superaddi
1135 5873 1330 5942 potuit.
1379 5871 1512 5930 Nam
1552 5876 1641 5932 illa
1671 5892 1790 5948 quae

1887 4688 1941 4734 et
1980 4679 2231 4734 Colosum
2267 4680 2496 4733 insulam
2547 4680 2835 4735 inveniens
2870 4682 3052 4736 subito
3085 4684 3300 4739 turbato
3344 4688 3477 4742 sub-

1886 4775 2074 4829 mersit
2108 4775 2284 4828 niedio
2309 4774 2440 4827 mari
2466 4791 2480 4839 ;
2508 4790 2609 4829 nec
2634 4790 2698 4829 ex
2726 4776 2824 4839 eis,
2843 4776 2999 4845 juxta
3024 4778 3245 4833 verbum
3268 4780 3474 4850 Sancti,

1886 4866 1977 4934 qui
2010 4866 2132 4920 naii
2166 4868 2399 4931 inerant,
2423 4865 2507 4919 vel
2532 4882 2668 4921 unus
2692 4868 2903 4933 evasit;
2941 4869 3245 4938 tnirumque
3276 4871 3328 4926 in
3353 4888 3474 4930 mo-

1887 4960 2012 5013 dum
2044 4969 2153 5015 toto
2185 4962 2605 5033 circumquaque
2636 4973 2887 5018 manente
2916 4967 3204 5036 tranquillo
3232 4983 3477 5040 (equore,

1889 5052 2008 5106 talis
2053 5069 2154 5106 una
2198 5068 2423 5122 rapaces
2465 5056 2530 5109 ad
2586 5056 2795 5109 inferna
2835 5058 3144 5113 submersos
3184 5063 3476 5128 prostravit

1888 5144 2160 5213 procella;
2196 5146 2392 5199 misere
2419 5146 2658 5214 quidem,
2689 5148 2784 5201 sed
2813 5148 2989 5216 digne.

1959 5236 2077 5289 Alio
2106 5251 2323 5306 quoque
2356 5240 2406 5291 in
2440 5246 2702 5307 tempore,
2734 5240 2817 5294 vir
2844 5250 3063 5297 sanctus
3091 5245 3377 5313 quemdam
3408 5244 3475 5297 de.

1888 5329 2053 5383 nobili
2086 5326 2360 5383 Pictorum
2393 5344 2593 5398 genere
2622 5333 2860 5384 exsulem
2894 5333 2948 5385 in
2986 5348 3204 5390 manum
3250 5336 3475 5405 alicujus

1889 5421 2013 5474 ditis
2060 5420 2155 5474 viri
2199 5422 2485 5489 diligenter
2528 5422 2811 5489 assignans
2858 5425 3277 5487 commendavit,
3326 5438 3385 5481 ut
3422 5429 3475 5483 in

1890 5513 2004 5581 ejus
2052 5516 2332 5577 comitatu,
2379 5513 2535 5582 quasi
2576 5528 2717 5569 unus
2764 5515 2831 5570 de
2874 5515 3079 5581 amicis,
3129 5532 3226 5585 per
3272 5517 3477 5587 aliquot

1891 5619 2105 5659 menses
2154 5614 2593 5660 conversaretur.
2629 5606 2798 5672 Quem
2843 5622 2962 5661 cum
2993 5607 3087 5661 tali
3131 5611 3478 5665 commenda-

1889 5696 2036 5750 tione
2064 5698 2130 5750 dc
2153 5698 2327 5752 sancti
2358 5713 2523 5753 manu
2546 5699 2645 5754 viri
2671 5698 2997 5768 suscepisset
3016 5700 3475 5768 commendatum,

1889 5796 2012 5857 post
2040 5803 2243 5857 paucos
2283 5790 2400 5844 dies
2429 5790 2617 5846 dolose
2644 5805 2810 5859 agens
2838 5792 3042 5846 crudeli
3086 5806 3206 5846 eum
3232 5792 3477 5862 jussione

1892 5878 2199 5935 trucidavit.
2230 5880 2388 5946 Quod
2420 5881 2654 5937 immane
2678 5885 2856 5937 scelus
2892 5898 3013 5939 eum
3043 5883 3242 5938 Sancto
3269 5898 3298 5937 a
3332 5902 3479 5942 coui-
