4204 6584
775 414 869 474 ’151

1935 413 2179 471 SANCTI
2217 411 2523 471 ADAMANI
2563 411 2849 469 ABBATIS

3915 413 4021 472 752

773 530 1074 585 meanlihtts
1102 539 1245 585 esset
1282 531 1604 596 nuntiatum,
1634 529 1712 585 sic
1740 530 2072 599 respomlens
2099 527 2341 601 profatus
2367 528 2418 586 Δ
2444 523 2564 576 dam
2595 540 2715 580 cum
2748 532 2860 579 tota
2897 524 3140 594 plebeius
3183 523 3384 580 familia
3413 525 3633 582 verbum
3661 529 3787 584 vita:
3816 545 3913 601 per
3938 533 3995 589 in

771 631 893 675 est:
945 642 962 673 ι
992 622 1106 676 Non
1153 622 1300 687 mihi,
1340 621 1435 676 sed
1479 623 1587 677 l-fco
1628 620 1808 675 infelix
1856 621 1945 675 ille
1985 622 2343 676 homunculus

774 715 1027 767 tuentitus
1064 722 1145 768 est
1182 731 1194 765 :
1235 711 1348 780 ejus
1376 728 1573 767 nomen
1613 712 1679 765 de
1722 713 1841 766 vita:
1875 712 2009 767 libro
2053 714 2338 768 delebitor.

774 804 895 856 time
930 803 1090 857 verba
1119 802 1305 856 a-stivo
1329 817 1470 857 nunc
1496 801 1767 856 mediante
1796 802 2169 871 proloquimur
2199 813 2338 856 tem-

773 908 938 963 pore;
1002 893 1095 947 sed
1142 892 1463 955 autumnali,
1514 900 1801 959 antequam
1848 892 1915 946 de
1958 892 2112 947 suilla
2161 900 2339 961 gustet

771 998 953 1047 carne,
1001 984 1232 1038 arboreo
1275 984 1512 1049 saginata
1554 983 1759 1049 fructu,
1810 983 1983 1038 subita
2035 992 2338 1054 praeventus

769 1084 961 1141 morte,
995 1078 1060 1130 ad
1085 1076 1358 1131 infernalia
1383 1076 1621 1144 rapietur
1649 1076 1783 1132 loca.
1818 1095 1836 1127 ι

842 1165 1023 1221 XVIII.
1058 1167 1179 1221 fla'e
1201 1166 1371 1220 sancti
1400 1167 1678 1236 prophetia
1701 1165 1796 1220 viri
1826 1182 1946 1222 cum
1969 1167 2177 1221 misello
2197 1184 2335 1221 mm-

766 1262 994 1314 tiaretur
1022 1258 1390 1319 bomuncioni,
1423 1258 1725 1327 deSpiciens
1751 1257 1918 1313 irrisit
1958 1261 2233 1312 Sanctum.
2270 1257 2335 1313 Et

764 1358 886 1421 post
912 1349 1026 1402 dies
1048 1348 1254 1416 aliquot
1274 1348 1661 1402 autumnalium
1686 1350 1968 1412 mensium,
2002 1365 2067 1403 eo
2085 1349 2328 1417 jubente,

761 1440 939 1494 scrofa
962 1455 1158 1494 nucum
1187 1440 1511 1508 impinguata
1533 1439 1737 1494 nucleis
1772 1439 2071 1508 jngulatur,
2102 1441 2328 1495 necdum

762 1531 883 1586 aliis
908 1531 1147 1599 ejusdem
1188 1528 1281 1584 viri
1318 1529 1576 1597 iugulatis
1605 1531 1806 1585 suibus.
1840 1530 1914 1584 De
1944 1547 2046 1600 qua
2082 1531 2330 1586 celeriter

761 1630 1070 1677 exenterata
1113 1632 1318 1690 partem
1349 1622 1447 1675 sibi
1497 1622 1549 1675 in
1578 1637 1707 1676 veru
1738 1621 1963 1675 celerius
1991 1622 2158 1675 assari
2188 1639 2325 1692 prte-

761 1716 922 1785 eepit,
957 1724 1014 1768 ut
1038 1716 1106 1767 de
1135 1730 1197 1768 ea
1229 1715 1512 1782 impatiens
1538 1721 1870 1781 praegustatis
1898 1715 2039 1768 beati
2072 1716 2167 1768 viri
2198 1731 2327 1784 pio-

760 1804 1125 1873 phetationcm
1171 1809 1490 1857 destrueret.
1532 1802 1644 1867 Qua
1678 1803 1926 1858 videlicet
1971 1812 2165 1866 assata,
2209 1803 2324 1858 dari

2447 623 2877 684 terpretatorem,
2902 628 3090 672 sancto
3120 616 3447 686 praedicante
3478 620 3611 681 viro.
3641 622 3867 676 audiens
3894 637 4015 678 cre-

2445 704 2598 768 didit,
2630 706 2960 776 credensque
3005 706 3308 774 baptizatus
3346 716 3449 773 est,
3480 709 3702 765 maritus
3739 726 3862 766 cum
3900 728 4016 768 tua-

2442 796 2566 861 rita,
2600 797 2907 867 liberisque,
2935 804 2991 851 et
3022 798 3395 853 familiaribus.
3425 797 3489 853 Et
3525 808 3646 869 post
3679 800 4012 870 aliquantum

2441 888 2767 942 diecularum
2805 889 3142 945 intervallum
3171 906 3459 960 paucarum
3490 906 3626 946 unus
3655 892 3887 948 ﬁliorum
3921 910 4017 965 pa-

2443 983 2764 1037 trisfamilias
2811 984 2958 1052 gravi
3001 995 3283 1055 corruptus
3324 988 3674 1055 aegritudine,
3724 1007 3894 1061 usque
3947 993 4015 1048 ad

2439 1072 2665 1126 conﬁnia
2712 1075 2902 1128 mortis
2950 1083 3005 1130 et
3050 1076 3168 1129 vita:
3218 1077 3503 1145 perductus
3547 1088 3646 1134 est.
3677 1079 3849 1146 Quem
3892 1097 4014 1137 cum

2438 1163 2575 1229 magi
2626 1164 2944 1219 morientem
2989 1165 3267 1232 vidissent,
3301 1168 3613 1236 parentibus
3658 1185 3781 1224 cum
3824 1187 4013 1241 magna

2436 1254 2848 1322 exprobratione
2873 1264 3151 1325 cwperunt
3175 1255 3418 1319 illudere.
3455 1260 3689 1328 suosQue
3715 1262 3868 1331 quasi
3898 1260 4014 1317 for-

2436 1336 2599 1399 tiores
2647 1349 2775 1403 deos
2824 1347 3197 1417 magniﬁcare,
3250 1348 3672 1407 Christianorum
3720 1369 3848 1408 vero
3896 1362 4015 1410 tan-

2434 1453 2591 1505 quam
2622 1438 2900 1493 inlirmiori
2928 1440 3205 1509 derogare.
3237 1440 3365 1506 Qua:
3409 1443 3586 1497 omnia
3629 1459 3751 1498 cum
3794 1444 4013 1500 intima-

2431 1534 2615 1580 rentur
2658 1527 2819 1582 beato
2860 1528 2999 1597 viro,
3042 1528 3159 1583 zelo
3205 1532 3492 1588 suscitatus
3532 1532 3647 1595 Dei,
3697 1534 3765 1588 ad
3793 1535 4013 1593 domum

2432 1633 2549 1671 cum
2577 1619 2686 1673 suis
2714 1620 2999 1676 comitibus
3027 1621 3183 1675 amici
3216 1622 3386 1690 peigit
3414 1624 3632 1693 plebeii,
3651 1626 3738 1680 ubi
3760 1637 4014 1696 parentes

2430 1726 2599 1779 nuper
2646 1712 2911 1767 defunctae
2949 1714 3115 1782 prolis
3161 1724 3379 1769 incestas
3418 1715 3693 1771 celebrant
3732 1721 4012 1788 exequias.

2428 1803 2574 1866 Quos
2618 1802 2847 1857 Sanctus
2893 1802 3049 1858 valde
3096 1804 3424 1860 tristificatos
3480 1806 3664 1862 videns
3704 1807 4012 1878 confirmat,

759 1896 857 1951 sibi
904 1896 1149 1964 poposcit
1188 1894 1420 1963 aliquam
1453 1895 1877 1964 pnegustandam
1919 1910 2129 1949 morsus
2156 1895 2322 1963 parti-
2354 1879 2403 1942 Β
2428 1893 2582 1947 dictis
2609 1894 2898 1963 compellat
2925 1894 3323 1961 consolatoriis,
3356 1904 3413 1949 ut
3452 1896 3596 1951 nullo
3642 1898 3804 1953 modo
3834 1898 3904 1953 de
3929 1898 4015 1954 di-

757 1986 961 2048 cnlam;
1006 1985 1263 2054 adquam
1301 1986 1717 2055 percipiendam,
1761 1993 2036 2039 extensam
2084 2000 2321 2052 manum,

759 2076 1066 2145 priusquam
1098 2077 1162 2129 ad
1186 2094 1245 2129 os
1267 2087 1629 2141 converteret,
1661 2077 1936 2144 exSpirans
1972 2085 2212 2131 mortuus
2241 2093 2326 2133 re-

759 2177 842 2221 tro
870 2167 921 2220 in
963 2165 1183 2220 dorsum
1216 2168 1431 2221 cecidit.
1464 2166 1532 2219 Et
1563 2167 1651 2236 qui
1697 2165 1936 2219 viderant
1964 2174 2018 2221 et
2046 2166 2327 2221 audierant

758 2258 907 2312 \alde
950 2256 1290 2320 tremefacti,
1331 2256 1675 2321 admirantes,
1722 2254 1993 2310 Christum
2037 2256 2091 2310 in
2136 2263 2324 2311 sancto

758 2349 1018 2418 propheta
1049 2349 1466 2401 honoriﬁcantes
1494 2347 1942 2415 glorificaverunt.

830 2438 968 2492 XIX.
1002 2439 1120 2492 Alio
1148 2452 1361 2507 quoque
1390 2439 1443 2491 in
1475 2447 1739 2506 tempore,
1779 2455 1898 2493 eum
1937 2439 2016 2492 vir
2042 2439 2230 2493 beatus
2267 2439 2323 2493 in

760 2528 1027 2584 Pictorum
1054 2528 1328 2597 provim-ia
1356 2543 1454 2598 per
1489 2529 1693 2598 aliquot
1734 2540 2037 2584 moraretur
2061 2530 2195 2596 dies,
2225 2546 2323 2585 ne-

756 2634 908 2676 cesse
945 2619 1130 2674 habuit
1161 2620 1375 2674 fluvium
1406 2621 1630 2674 transire
1660 2621 1870 2675 Nesam.
1905 2622 1984 2675 Ad
2022 2622 2174 2688 cujus
2202 2636 2324 2677 cum

754 2711 1070 2766 accessisset
1109 2712 1300 2781 ripam,
1333 2713 1467 2765 alios
1508 2728 1577 2766 ex
1604 2714 1799 2768 accolis
1829 2714 2020 2783 aspicit
2056 2714 2322 2770 misellum

754 2804 1038 2858 Immantes
1078 2802 1681 2872 homunculum,quem,
1726 2815 1785 2859 ut
1815 2806 1981 2875 ipsius
2022 2809 2325 2877 sepultores

755 2892 1017 2958 ferebant,
1048 2893 1288 2963 qumdatn
1317 2895 1478 2962 paulo
1513 2904 1638 2949 ante
1664 2905 1882 2950 nantem
1912 2899 2165 2966 aquatilis
2187 2914 2323 2968 pra:-

758 2982 958 3050 ripiens
982 2982 1149 3037 bestia
1174 2999 1358 3038 morsu
1388 2985 1675 3038 momordit
1695 2986 1990 3041 sanissimo
2018 3004 2031 3039 :
2058 2987 2209 3057 cujus
2230 2989 2325 3044 mi-

752 3088 932 3127 serum
955 3073 1114 3127 eadm
1129 3089 1211 3137 cr,
1235 3089 1356 3128 sero
1379 3074 1525 3141 licet,
1546 3076 1763 3143 quidam
1786 3078 1838 3130 in
1861 3078 1983 3132 aluo
2004 3078 2323 3134 subvenien-

754 3173 835 3219 tes
876 3165 1136 3233 porreetis
1183 3167 1498 3234 proripuere
1542 3169 1768 3222 uncinis.
1808 3168 1902 3222 Vir
1932 3185 1963 3224 e
1990 3180 2179 3225 contra
2208 3172 2321 3228 hac

753 3253 997 3321 audiens,
1026 3255 1280 3323 prmcepit
1301 3263 1360 3308 ut
1383 3256 1575 3323 aliquis
1592 3271 1624 3311 e
1645 3257 1927 3314 comitibus
1946 3268 2167 3315 enatans
2190 3277 2319 3317 cau-

751 3342 933 3413 pnlum
971 3342 1023 3398 in
1050 3344 1217 3396 altera
1246 3351 1476 3398 stantem
1505 3344 1617 3414 ripa
1645 3345 1712 3400 ad
1740 3362 1799 3401 se
1828 3348 2124 3419 navigando
2153 3351 2315 3405 redu-

750 3444 855 3490 cat.
901 3436 1019 3499 Quo
1062 3434 1243 3489 audito
1283 3436 1459 3490 sancti
1492 3437 1843 3504 praedicabilis
1886 3438 1983 3492 viri
2024 3449 2311 3510 pmcepto,

753 3527 1040 3597 Lugneus,
1089 3528 1219 3582 nihil
1264 3537 1542 3593 moratus,
1605 3529 2014 3597 obseeundans,
2058 3532 2318 3604 depositis

750 3618 1088 3674 vestimentis
1116 3627 1341 3688 excepta
1374 3618 1555 3673 tunica
1584 3618 1819 3674 immittit
1839 3636 1897 3676 se
1920 3622 1974 3676 in
1994 3637 2181 3693 aquas.
2210 3622 2317 3679 Sed

748 3714 948 3776 bellua,
975 3727 1093 3780 qum
1133 3712 1282 3782 prius
1313 3728 1418 3767 non
1451 3720 1559 3765 tam
1606 3714 1815 3776 satiata,
1854 3730 2012 3784 quam
2052 3716 2105 3769 in
2138 3715 2316 3785 prmda

745 3819 972 3860 accensa
1005 3803 1057 3856 in
1089 3802 1350 3872 profundo
1387 3800 1619 3857 flutninis
1658 3802 1926 3869 latitabat,
1961 3805 2215 3869 sentiens,
2248 3822 2315 3861 eo

751 3903 934 3962 nante,
958 3896 1223 3949 turbatam
1253 3909 1415 3965 supra
1452 3909 1667 3964 aquam,
1706 3896 1885 3953 subito
1914 3911 2192 3967 emergens
2219 3913 2316 3953 na-

749 3986 913 4040 tatilis
954 3984 1021 4039 ad
1069 3986 1338 4039 hominem
1374 3986 1425 4038 in
1472 3986 1646 4041 medio
1696 3996 1968 4042 natantem
1998 3988 2150 4043 alveo
2193 4005 2314 4044 cum

749 4076 952 4146 ingenti
978 4075 1193 4129 fremitu
1223 4086 1411 4144 aperto
1439 4076 1673 4131 occurrit
1696 4093 1809 4133 ore.

820 4165 912 4220 Vir
942 4174 1053 4220 tum
1084 4166 1273 4220 beatus
1304 4165 1506 4233 videns,
1538 4168 1784 4223 onmibus
1811 4168 1904 4237 qui
1943 4169 2171 4234 inerant,
2206 4178 2315 4226 tam

750 4256 1012 4320 barbaris,
1044 4271 1204 4324 quam
1238 4255 1401 4309 etiam
1446 4256 1718 4322 fratribus,
1748 4258 1911 4313 nimio
1945 4267 2151 4314 terrore
2188 4274 2313 4329 per-

746 4347 929 4411 culsis,
952 4362 1073 4401 cum
1095 4345 1331 4401 salutare
1357 4346 1547 4401 devota
1572 4363 1730 4403 manu
1754 4349 1807 4402 in
1830 4365 1995 4403 vacuo
2019 4358 2071 4404 et
2102 4350 2155 4404 in
2189 4365 2315 4405 acre

745 4440 918 4493 erucis
946 4437 1204 4506 pinxisset
1231 4437 1463 4506 signum,
1487 4438 1733 4493 invocato
1760 4438 1854 4493 Dei
1884 4442 2121 4504 nomine,
2149 4441 2314 4496 feroci

746 4529 1026 4596 imperavit
1057 4528 1259 4592 hestia‘,
1285 4528 1468 4582 dicens
1494 4547 1505 4579 :
1536 4547 1554 4579 ι
1587 4528 1731 4582 Nolis
1753 4530 1887 4583 ultra
1912 4531 2179 4601 progredi,
2212 4546 2313 4587 nec

746 4619 1017 4673 hominem
1050 4626 1256 4685 tangas,
1285 4625 1429 4672 retro
1459 4618 1614 4673 citius
1645 4628 1936 4673 revertere.
1972 4639 1988 4671 ο
2024 4618 2156 4675 Tum
2186 4622 2312 4676 bes-

750 4712 821 4764 tia
849 4709 969 4777 iiac,
990 4708 1175 4764 Sancti
1205 4708 1381 4763 audita
1412 4725 1560 4777 voce,
1592 4720 1910 4777 retrorsum,
1942 4725 2004 4765 ac
2032 4712 2075 4764 si
2104 4711 2315 4767 funibus

747 4800 1129 4859 retraheretur,
1155 4799 1423 4853 velociore
1451 4814 1608 4853 cursu
1647 4800 1777 4868 fugit
1807 4801 2122 4855 tremefacta
2151 4820 2163 4864 ;
2196 4818 2313 4872 qua:

747 4890 894 4959 prius
917 4889 1137 4958 Lugneo
1158 4890 1304 4942 nanti
1326 4903 1392 4943 co
1413 4905 1580 4957 usque
1599 4892 2072 4960 appropinquavit,
2100 4903 2155 4946 ut
2174 4895 2314 4949 inter

745 4981 1015 5037 hominem
1050 4987 1105 5034 et
1131 4979 1357 5033 bestiam
1384 4994 1490 5033 non
1526 4983 1750 5050 amplius
1780 4992 1945 5041 esset,
1972 4998 2128 5051 quam
2158 4987 2313 5040 unius

746 5071 949 5128 contuli
995 5069 1289 5138 longitudo.
1341 5068 1553 5124 Fratres
1601 5079 1710 5124 tum
1756 5074 2043 5126 recessisse
2074 5074 2313 5129 videntes

745 5158 1386 5228 bestiam,Lugneumque
1401 5161 1812 5216 commilitonem
1837 5162 1909 5215 ad
1939 5178 2030 5217 eos
2060 5165 2312 5219 intactum

745 5263 801 5307 et
830 5250 1153 5306 incolumem
1179 5250 1231 5303 in
1262 5249 1502 5303 navicula
1530 5267 1821 5317 reversum,
1848 5268 1971 5307 Ctlllt
1996 5254 2190 5320 ingenti
2219 5256 2313 5309 ad-

745 5344 1028 5398 miratione
1072 5341 1503 5409 glorificaverunt
1542 5342 1706 5398 Deum
1751 5345 1801 5396 in
1844 5348 2004 5398 beato
2037 5348 2177 5409 vim;
2220 5347 2312 5401 sed

746 5446 802 5489 et
830 5435 1054 5503 gentiles
1084 5433 1315 5497 barbari,
1346 5434 1435 5501 qui
1462 5433 1526 5487 ad
1557 5451 1786 5503 praesens
1814 5438 2041 5501 inerant,
2067 5441 2308 5505 ejusdem

744 5526 988 5581 miraculi
1028 5523 1411 5593 magnitudine,
1455 5526 1600 5593 quod
1629 5534 1683 5580 et
1712 5528 1811 5595 ipsi
1845 5528 2077 5584 viderant
2099 5573 2113 5597 ,
2155 5546 2309 5586 com-

743 5618 901 5689 pulsi,
935 5616 1101 5670 Deum
1132 5616 1603 5684 magniﬁcaverunt
1624 5615 2065 5675 Citristianorum.

813 5708 927 5765 XX.
964 5711 1055 5765 Illo
1086 5710 1138 5763 in
1168 5716 1409 5778 tempore
1433 5726 1540 5779 quo
1565 5721 1780 5766 sanctus
1817 5713 2071 5769 Columba
2103 5717 2155 5770 in
2188 5716 2309 5773 Pie-

744 5812 926 5860 torum
957 5801 1230 5874 provincia
1262 5816 1362 5872 per
1385 5801 1586 5875 aliqvot
1617 5804 1997 5862 demorabatur
2023 5808 2156 5877 dies,
2188 5811 2309 5879 qni-

2430 1984 2548 2038 vina
2578 1985 2961 2053 ornnipotcntia
2989 1984 3309 2040 dubitarent.
3345 1984 3751 2054 Consequenter
3779 2003 4009 2056 percon-

2429 2070 2587 2143 tatur,
2624 2078 2843 2133 dieens:
2898 2098 2916 2130 ι
2948 2080 3002 2133 ln
3042 2092 3151 2147 quo
3195 2079 3489 2148 hospitiolo
3532 2094 3731 2148 corpus
3767 2076 4009 2132 defuncti

2422 2170 2567 2239 jacet
2594 2172 2746 2241 pueri
2771 2172 2792 2222 ?
2823 2189 2841 2222 ι
2876 2168 3035 2225 Pater
3062 2180 3172 2224 tum
3201 2169 3419 2225 orbatus
3440 2170 3696 2225 Sanctum
3721 2171 3820 2225 sub
3845 2185 4009 2224 mms-

2427 2270 2539 2314 tum
2565 2261 2779 2316 deducit
2815 2260 3044 2327 culmen,
3076 2261 3168 2330 qui
3202 2269 3284 2315 sta
3313 2261 3387 2315 im
3415 2276 3628 2315 omnem
3658 2259 3786 2314 foris
3815 2260 4006 2315 exclu-

2425 2366 2538 2406 sam
2582 2353 2884 2421 relinquens
2913 2362 3204 2415 catervam,
3235 2351 3383 2406 solus
3430 2351 3801 2408 nitestiﬁeatus
3837 2351 4008 2404 intrat

2425 2440 2806 2496 habitaculum.
2845 2441 2943 2498 Ubi
2968 2442 3110 2497 illico
3139 2441 3290 2496 ﬂexis
3309 2444 3533 2510 genibus
3563 2443 3749 2496 faciem
3773 2441 4002 2495 ubertim

2425 2530 2675 2601 lacrymis
2722 2532 2969 2600 irrigans,
3016 2531 3286 2586 Christum
3316 2540 3569 2600 precatur
3602 2531 3901 2593 Dominum,
3943 2535 4003 2584 et

2426 2631 2548 2692 post
2595 2622 3095 2690 ingeniculationem
3142 2636 3365 2692 surgens
3399 2621 3586 2677 oculos
3627 2620 3893 2674 convertit
3931 2616 4001 2671 ad

2425 2720 2694 2767 mortuum
2723 2713 2944 2767 dicens:
2982 2730 3001 2763 ι
3032 2712 3089 2766 In
3134 2712 3353 2767 nomine
3393 2710 3603 2765 Domini
3645 2708 3773 2765 Jesu
3802 2707 4004 2764 Christi

2425 2804 2763 2869 resuscitare,
2811 2812 2867 2858 ct
2910 2810 2994 2857 sta
3040 2817 3201 2872 super
3251 2801 3415 2872 pedes
3463 2810 3603 2856 tuos.
3635 2821 3654 2853 ι
3704 2801 3836 2855 Cum
3895 2802 4001 2855 hac

2424 2896 2606 2951 Sancti
2634 2895 2933 2951 honorabili
2964 2909 3096 2950 voce
3125 2893 3303 2948 anima
3347 2896 3416 2947 ad
3461 2909 3658 2963 corpus
3697 2893 3870 2957 rediit,
3902 2892 4003 2948 de-

2423 2987 2741 3056 functusque
2784 2986 2983 3050 apertis
3029 2984 3223 3039 revixit
3267 2984 3456 3049 oculis,
3488 2983 3638 3052 cujus
3675 2998 3889 3037 manum
3918 2991 4006 3038 te-

2423 3090 2554 3129 nens
2584 3074 2914 3145 apostolicus
2941 3074 3105 3128 homo
3130 3073 3321 3137 erexit,
3355 3082 3409 3127 et
3434 3072 3485 3125 in
3512 3071 3799 3128 stationem
3829 3071 4003 3125 stabi-

2425 3166 2561 3222 liens
2587 3181 2773 3221 secum
2801 3165 3015 3220 domum
3046 3177 3294 3232 egressus
3321 3162 3553 3226 deducit,
3599 3170 3654 3216 et
3683 3161 4000 3230 parentibus

2348 3229 2395 3288 ο
2426 3257 2725 3311 redivivum
2753 3254 3062 3322 assignavit.
3091 3229 3317 3308 'Clamor
3340 3260 3453 3306 tum
3482 3250 3666 3321 populi
3685 3229 3996 3316 attollitur,

2422 3350 2647 3420 plangor
2672 3349 2725 3403 in
2760 3347 3085 3402 laetationem
3113 3346 3466 3413 convertitur,
3496 3342 3635 3398 Deus
3674 3341 3998 3398 Christiano-

2418 3454 2531 3492 rum
2558 3436 2904 3508 gloriﬁcatur.

2489 3526 2601 3582 Hoc
2627 3535 2809 3582 noster
2834 3525 3096 3580 Columba
3124 3541 3245 3580 cum
3274 3524 3425 3581 Helia
3447 3533 3502 3581 et
3520 3524 3734 3580 Heliseo
3759 3525 3994 3595 prophe-

2419 3618 2490 3672 tis
2518 3617 2713 3672 babeat
2741 3617 2842 3671 sibi
2868 3631 3153 3673 commune
3181 3616 3392 3671 virtutis
3418 3616 3757 3684 miraculum,
3786 3626 3841 3670 et
3868 3631 3993 3671 cum

2418 3706 2581 3763 Petro
2609 3716 2666 3763 et
2701 3706 2864 3763 Paulo
2890 3714 2947 3763 et
2985 3706 3193 3762 Joanne
3235 3707 3493 3775 apostolis
3520 3714 3729 3776 partem
3772 3706 3997 3762 honoris

2417 3799 2646 3854 similem
2708 3798 2762 3854 in
2813 3797 3187 3854 defunctorum
3234 3796 3684 3863 resuscitatione,
3734 3805 3790 3851 et
3851 3798 3996 3852 inter

2418 3900 2700 3959 utrosque,
2728 3890 2835 3945 hoc
2876 3898 2979 3957 est,
3010 3889 3394 3959 prophetarum
3424 3897 3478 3941 et
3504 3888 3868 3957 apostolorum
3894 3887 3993 3942 ho-

2418 3983 2695 4038 norilicam
2723 3981 2959 4037 caelestis
2996 3979 3187 4050 patria:
3215 3980 3424 4046 sedem,
3454 3979 3616 4035 homo
3645 3977 3994 4049 propheticus

2418 4084 2474 4130 et
2520 4073 2853 4144 apostolicus
2892 4073 3201 4128 mternalem
3244 4086 3368 4127 cum
3402 4070 3635 4137 Christo,
3680 4070 3771 4138 qui
3798 4077 3992 4138 regnat

2417 4179 2536 4220 cum
2559 4162 2718 4218 Patre
2737 4162 2790 4217 in
2814 4162 3015 4217 unitate
3033 4163 3262 4231 Spiritus
3278 4161 3445 4216 sancti
3462 4175 3559 4230 per
3576 4159 3752 4214 omnia
3770 4160 3989 4215 saecula.

2487 4252 2626 4307 XXI.
2648 4252 2848 4309 Eodem
2874 4255 2927 4309 iu
2950 4266 3213 4324 tempore,
3234 4254 3318 4307 vir
3341 4251 3674 4307 venerandus
3701 4248 3991 4319 quamdam

2418 4364 2449 4402 a
2480 4347 2780 4403 Broichano
2807 4346 2961 4416 Mago
2991 4346 3297 4402 Scothicam
3319 4344 3609 4414 postulavit
3633 4359 3864 4407 servam,
3889 4343 3986 4398 huc

2416 4439 2688 4494 inanitatis
2734 4439 3079 4492 miseratione
3115 4437 3480 4501 liberandam;
3522 4449 3680 4501 quam
3728 4449 3849 4488 cum
3896 4434 3989 4491 ille

2420 4531 2554 4586 duro
2580 4529 2738 4583 valde
2783 4537 2837 4583 et
2883 4527 3081 4583 stolido
3111 4533 3404 4582 retentaret
3431 4524 3631 4588 animo,
3660 4524 3889 4578 Sanctus
3920 4522 3987 4579 ad

2421 4636 2543 4675 eum
2568 4620 2797 4682 locutus,
2824 4620 2925 4674 hoc
2945 4617 3188 4688 profatur
3213 4632 3231 4671 :
3259 4635 3278 4670 ι
3307 4615 3465 4671 Modo
3486 4615 3642 4679 scito,
3666 4612 3968 4668 Broichano

2417 4714 2573 4777 scito,
2614 4712 2735 4782 quia
2772 4710 2818 4766 si
2860 4709 2988 4764 mihi
3019 4709 3158 4763 hanc
3185 4707 3522 4778 peregrinam
3551 4705 3775 4760 liberare
3805 4703 3983 4775 capti-

2415 4818 2534 4857 vam
2565 4802 2823 4867 nolueris,
2857 4801 3163 4870 priusquam
3193 4797 3260 4852 de
3289 4797 3392 4853 hac
3418 4804 3658 4852 revertar
3682 4795 3982 4865 provincia,

2416 4895 2575 4950 citius
2602 4892 2867 4948 morieris.
2904 4909 2923 4944 ι
2959 4889 3026 4945 Ει
3050 4891 3151 4944 hoc
3177 4903 3360 4943 coram
3386 4885 3593 4941 Brudeo
3621 4898 3747 4952 rege
3773 4883 3965 4937 dicens

2415 4987 2634 5040 domum
2681 4997 2925 5052 egressus
2968 4981 3189 5050 regiam,
3221 4978 3288 5034 ad
3330 4977 3521 5033 Nesam
3549 4976 3694 5031 venit
3723 4975 3944 5028 fluvium

2414 5076 2482 5129 de
2523 5091 2631 5144 quo
2670 5074 2917 5128 videlicet
2947 5072 3109 5126 fluvio
3137 5070 3365 5141 lapidem
3402 5067 3654 5123 attollens
3696 5066 3980 5122 candidutr

2416 5165 2482 5219 ad
2512 5166 2735 5220 comites
2761 5183 2771 5217 :
2810 5183 2827 5214 ι
2857 5161 3092 5232 Signate,
3123 5163 3218 5228 ait,
3252 5162 3393 5216 hunc
3421 5159 3702 5215 candidum
3727 5159 3961 5226 lapidem

2415 5272 2512 5325 per
2556 5271 2713 5324 quem
2767 5255 3020 5309 Dominus
3062 5255 3113 5308 in
3162 5253 3264 5307 hoc
3311 5252 3494 5321 gentili
3543 5249 3744 5320 popqu
3783 5248 3975 5303 multas

2414 5356 2735 5414 aegrotorum
2764 5345 3005 5416 perficiet
3046 5345 3323 5398 sanitates.
3356 5363 3374 5394 ι
3410 5341 3474 5395 Ει
3502 5342 3605 5396 hoc
3634 5339 3827 5394 effatus
3853 5354 3953 5393 ver

2413 5436 2541 5490 bum
2583 5443 2974 5503 consequenter
3007 5433 3209 5498 intulit,
3242 5432 3522 5500 inquiens:
3575 5448 3593 5481 ‹
3624 5428 3774 5483 Nunc
3823 5427 3969 5483 Broi-

2413 5529 2617 5583 cbanus
2640 5526 2846 5581 fortiter
2871 5541 3159 5580 concussus
3187 5533 3286 5579 est.
3320 5524 3449 5578 Nam
3481 5522 3713 5590 Angelus
3740 5520 3809 5575 de
3835 5520 3975 5575 coelo

2413 5621 2624 5683 missus,
2658 5618 2892 5687 graviter
2936 5618 3086 5671 illum
3115 5617 3437 5686 percutiens,
3472 5614 3691 5667 vitream
3737 5612 3789 5665 in
3820 5626 3973 5666 manv

2414 5711 2549 5779 ejus,
2580 5709 2646 5764 de
2676 5724 2777 5779 qua
2808 5708 3040 5773 bibebat,
3070 5706 3328 5778 confregit
3358 5706 3410 5761 in
3449 5705 3613 5759 multa
3637 5702 3943 5771 fragmenta

2414 5807 2588 5877 ipsum
2616 5819 2744 5860 vero
2773 5800 3110 5862 anhelantem
3137 5814 3278 5872 aegra
3307 5798 3519 5870 reﬁquit
3553 5796 3783 5869 suspira,
3818 5803 3966 5851 mort
