4204 6546
289 433 396 489 753

1393 435 1482 492 DE
1521 435 1685 493 VITA
1725 434 1781 493 S.
1825 431 2176 495 COLUMBAJ
2218 439 2346 497 LIB.
2388 440 2454 495 ll.

3456 455 3561 511 754

287 543 545 598 vicinum.
584 542 701 599 Hoc
741 542 797 599 in
825 544 950 600 loco
984 543 1262 616 paululum
1300 558 1676 618 exspectemus
1721 548 1877 603 binos
1903 548 1958 608 Α
1984 553 2062 608 las
2092 556 2461 623 concitabant,
2497 557 2804 629 coelumque
2831 561 3084 633 diemque
3114 566 3457 625 tenebrarum
3480 585 3574 627 ca-

281 636 435 704 regis
467 635 686 689 nuntius
720 635 786 689 ad
818 650 917 690 nos
943 634 1194 692 celeriter
1239 637 1454 701 missos,
1484 647 1544 693 ut
1576 638 1879 694 Broichano

282 729 539 784 morienti
568 730 730 785 citius
758 729 1159 784 subveniamus.
1204 730 1358 787 Nunc
1393 731 1726 787 Broichanus
1766 730 1879 785 for-

281 823 622 878 midabiliter
641 833 924 893 correptus
945 824 1196 879 ancillam
1222 824 1454 880 liberare
1474 834 1557 880 est
1582 833 1821 895 paratus.
1852 843 1873 877 ι

356 916 550 970 Adhuc
593 916 794 972 Saneto
832 916 947 972 hare
991 916 1250 987 loquente
1288 921 1473 982 verba,
1522 932 1674 983 ecce,
1720 918 1877 973 sicuti

282 1007 638 1078 pradixerat,
669 1010 776 1062 duo
807 1023 834 1061 a
865 1020 992 1076 rege
1018 1008 1167 1063 missi
1197 1009 1406 1074 equites
1430 1008 1738 1075 adveniunt,
1771 1025 1877 1065 om-

282 1101 376 1155 nia
405 1116 526 1170 qua:
569 1102 621 1153 in
665 1100 806 1167 regis
833 1099 1031 1173 [ΡΜ-ιη
1063 1101 1305 1171 notione]
1347 1101 1587 1156 motione
1613 1102 1680 1156 de
1719 1101 1873 1157 Broi-

279 1193 464 1250 chano
489 1192 643 1261 juxta
670 1193 851 1247 Sancti
878 1192 1184 1248 vaticinium
1214 1202 1339 1248 sunt
1366 1203 1506 1259 acta,
1537 1204 1871 1261 enarrantes,

277 1292 339 1339 et
362 1284 430 1337 de
462 1283 639 1351 poculi
677 1284 1067 1352 confractione,
1091 1284 1159 1340 de
1186 1284 1489 1346 Broichano
1524 1286 1697 1355 juxta,
1727 1296 1783 1343 et
1807 1289 1874 1343 de

281 1375 426 1447 Magi
475 1379 854 1448 correptione,
886 1379 952 1434 de
995 1379 1222 1435 servulae
1264 1388 1451 1450 parata
1498 1379 1867 1446 absolutione;

279 1470 495 1539 hocque
527 1470 842 1535 intulerunt,
874 1470 1115 1525 dicentes
1149 1488 1160 1523 ε
1200 1488 1219 1523 ι
1255 1469 1369 1525 Rex
1398 1480 1455 1526 et
1482 1471 1597 1540 ejus
1638 1472 1869 1526 familia-

277 1578 368 1618 res
404 1579 505 1618 nos
534 1563 599 1618 ad
642 1572 696 1618 te
734 1564 1016 1630 miserunt,
1049 1573 1107 1618 ut
1146 1566 1370 1620 nutritio
1407 1563 1525 1635 ejus
1563 1564 1868 1620 Broichano

273 1655 569 1711 subvenias
597 1670 723 1709 mox
754 1656 1037 1711 morituro.
1073 1676 1090 1708 ι

344 1748 559 1817 Qu'ibus
582 1748 780 1803 auditis
809 1748 1107 1816 legatorum
1130 1749 1332 1814 verbis,
1359 1749 1590 1805 Sanctus
1616 1750 1771 1806 binos
1801 1750 1867 1804 de

273 1842 542 1897 comitum
587 1856 815 1896 numero
850 1842 915 1894 ad
947 1857 1127 1913 regem
1173 1857 1295 1897 cum
1338 1842 1514 1911 lapide
1548 1857 1579 1896 a
1609 1858 1668 1898 se
1697 1843 1863 1898 bene-

1992 646 2154 714 ligine
2182 648 2541 705 obducebant.
2567 649 2697 718 Quae
2725 659 2905 709 tamen
2936 656 3139 722 omnia,
3161 667 3349 716 sancto
3380 669 3572 717 orante

1989 735 2284 807 Germano,
2315 740 2460 795 dicto
2487 743 2645 798 citius
2668 746 2855 799 sedata
2885 745 3098 803 detersa
3128 762 3409 807 cessarunt
3433 753 3569 808 cali-

1987 828 2131 896 gine.
2179 831 2373 886 Noster
2415 832 2595 901 itaque
2632 834 2895 889 Columba
2926 836 3112 893 videns
3147 848 3338 895 contra
3365 854 3424 895 se
3452 841 3566 897 ele-

1985 929 2167 977 menta
2218 923 2483 977 concitari
2532 925 2784 989 furentia,
2815 924 3087 981 Christum
3138 930 3350 984 invocat
3391 929 3570 983 Domi-

1984 1030 2133 1081 num,
2166 1016 2563 1085 cimbulamque
2592 1019 2910 1084 ascendens,
2954 1021 3133 1074 nautis
3174 1021 3564 1087 limsitantibus,

1982 1105 2098 1175 ipse
2138 1108 2473 1163 constantior
2517 1108 2688 1163 factus
2726 1110 2907 1165 velum
2940 1118 3130 1165 contra
3162 1120 3381 1166 ventum
3407 1114 3562 1180 jubet

1980 1197 2197 1267 subrigi.

2049 1290 2167 1357 Quo
2195 1290 2360 1356 facto,
2388 1292 2533 1344 omni
2565 1292 2898 1360 inspectante
2929 1291 3101 1355 turba,
3128 1291 3397 1361 navigium
3424 1306 3564 1346 con-

1978 1390 2057 1436 tra
2091 1382 2246 1434 flatus
2278 1382 2410 1434 mira
2454 1388 2666 1434 vectum
2709 1382 2945 1435 occurrit
2990 1381 3303 1446 velocitate;
3344 1392 3398 1436 et
3443 1391 3564 1450 post

1976 1473 2119 1528 haud
2146 1472 2349 1541 grande
2395 1472 2736 1527 intervallum
2784 1474 2926 1526 venti
2968 1475 3224 1528 contrarii
3256 1474 3320 1526 ad
3354 1474 3393 1527 it
3416 1475 3562 1529 neris

1975 1563 2272 1617 ministeria
2297 1578 2419 1617 cum
2448 1564 2688 1617 omnium
2718 1562 3077 1619 admiratione
3100 1574 3459 1619 revertuntur.
3495 1563 3561 1618 Et

1972 1656 2050 1708 sic
2092 1669 2189 1723 per
2236 1662 2401 1707 totam
2456 1654 2602 1707 illam
2632 1654 2797 1722 diem,
2848 1654 3029 1710 ﬂabris
3060 1654 3268 1709 leuibus
3306 1654 3557 1709 secundis

1974 1743 2248 1808 flantibus,
2276 1744 2415 1797 beati
2444 1743 2618 1797 cimba
2648 1744 2747 1797 viri
2779 1753 3020 1814 optatum
3054 1753 3306 1814 provecta
3337 1744 3403 1798 ad
3430 1760 3558 1814 por-

1972 1842 2084 1889 tum
2114 1835 2267 1905 pulsa
2295 1844 2397 1890 est.
2434 1835 2740 1905 Perpendat
2778 1836 2960 1904 itaque
2998 1836 3189 1900 lector,
3230 1846 3459 1904 quantus
3501 1846 3559 1892 et

272 1934 422 1988 dicto
473 1934 662 1999 mittit,
693 1933 878 1987 dicens
910 1954 920 1985 ;
974 1906 1077 1988 «ξε
1125 1936 1179 1988 in
1215 1906 1409 2003 primis-
1448 1935 1757 2004 promiserit
1804 1951 1863 1990 se
1892 1906 1941 1966 Β
1972 1926 2145 1995 qualis
2176 1924 2315 1979 idem
2345 1925 2426 1979 vir
2453 1926 2797 1980 venerandus
2836 1925 3017 1988 fuerit,
3054 1927 3105 1980 in
3135 1943 3241 1994 quo
3273 1928 3412 1981 Deus
3435 1945 3555 1982 om-

270 2022 617 2078 Broichanus
640 2020 894 2075 famulam
926 2022 1300 2086 liberaturum,
1328 2032 1439 2077 tum
1464 2023 1656 2078 deinde
1683 2025 1769 2079 hic
1795 2026 1867 2078 la-

270 2113 438 2185 pilius
490 2114 825 2182 intinguatur
875 2113 927 2166 in
974 2128 1145 2181 aqua;
1180 2122 1235 2169 et
1282 2115 1360 2169 sic
1405 2115 1471 2169 de
1512 2130 1577 2169 eo
1609 2115 1778 2183 bibat,
1810 2125 1863 2170 et

267 2204 535 2262 continuo
563 2206 796 2258 salutem
842 2205 1204 2273 recuperabit.
1236 2203 1292 2259 Si
1323 2220 1453 2259 vero
1494 2207 1732 2261 renuerit
1772 2222 1861 2262 re-

266 2294 488 2363 fragans
516 2293 720 2348 abst:lvi
752 2309 988 2359 servam,
1021 2296 1203 2348 statim
1238 2296 1515 2349 morietur.
1549 2314 1567 2348 ι

340 2388 460 2442 Duo
494 2388 642 2441 missi
672 2387 839 2441 verbo
865 2387 1051 2441 Sancti
1074 2386 1434 2455 obsequentes
1461 2388 1525 2441 ad
1556 2390 1733 2443 aulam
1764 2390 1861 2444 de-

269 2480 505 2533 veniunt
536 2478 760 2546 regiam,
792 2479 955 2532 verba
1002 2477 1102 2531 viri
1130 2478 1512 2533 venerabiliter
1546 2489 1859 2535 euarrantes

262 2572 404 2639 regi.
427 2570 635 2636 Quibus
655 2569 913 2624 intimatis
933 2570 1043 2638 regi
1067 2578 1122 2623 et
1145 2570 1373 2625 nutritio
1396 2572 1511 2638 ejus
1534 2570 1855 2637 Broichano,

264 2665 428 2719 valde
451 2673 811 2733 expaveruut.
840 2662 1041 2716 Eadem
1069 2665 1200 2717 liora
1225 2662 1448 2717 liberata
1468 2665 1664 2739 tantula
1685 2666 1857 2719 sancti

264 2755 464 2824 legatis
512 2755 613 2808 viri
661 2755 989 2822 assignatur,
1034 2754 1170 2823 lapis
1219 2755 1271 2808 in
1314 2770 1508 2823 aquam
1556 2756 1853 2825 intingitur,

263 2848 578 2915 mirumque
610 2846 665 2900 in
700 2847 920 2901 modum
957 2846 1093 2915 lapis
1124 2856 1314 2900 contra
1344 2856 1589 2901 naturam
1621 2849 1671 2901 in
1705 2849 1859 2915 aquis

264 2945 612 3007 supernatat,
634 2936 789 3005 quasi
812 2951 1053 3005 pomum,
1076 2934 1162 2989 vel
1187 2951 1291 2989 nux
1317 2952 1330 2999 ;
1358 2950 1457 2990 nec
1478 2936 1651 3004 potuit
1675 2936 1857 2989 Sancti

269 3026 579 3081 benedictio
621 3027 721 3080 viri
762 3025 1075 3093 submergi:
1118 3026 1184 3079 de
1227 3040 1335 3093 quo
1382 3026 1713 3080 Broichanus
1761 3042 1858 3079 na-

263 3124 418 3171 tante
445 3117 638 3172 bibens
663 3116 860 3185 lapide,
886 3116 1067 3170 statim
1100 3130 1129 3169 a
1160 3116 1333 3169 vicina
1360 3116 1521 3170 rediit
1548 3125 1742 3177 morte,
1777 3117 1858 3169 in-

265 3215 586 3277 tegramque
631 3207 809 3261 carnis
856 3206 1201 3275 recuperavit
1249 3205 1500 3259 salutem.
1536 3204 1682 3258 Talis
1726 3220 1856 3259 vero

262 3300 401 3372 lapis
434 3309 623 3369 postea
660 3300 713 3353 in
747 3298 1014 3353 thesauris
1037 3298 1181 3365 regis
1210 3295 1542 3362 reconditus,
1573 3296 1770 3349 multas
1802 3296 1853 3349 in

262 3392 473 3465 populo
502 3391 883 3460 mgritudinum
928 3390 1193 3444 sanitates
1220 3388 1471 3443 similiter
1500 3388 1551 3442 in
1587 3402 1727 3458 aqua
1756 3404 1855 3443 na-

268 3496 395 3541 tans
423 3485 700 3548 intinctus,
734 3482 964 3537 Domino
994 3482 1308 3544 miserante,
1342 3478 1539 3535 ellecit.

335 3576 531 3631 Mirum
559 3576 731 3642 dictu,
762 3575 830 3627 ah
868 3573 952 3627 his
980 3572 1218 3642 aegrotis,
1252 3586 1481 3641 quorum
1519 3572 1642 3626 vitae
1672 3572 1855 3627 termi-

262 3685 371 3727 nus
398 3676 810 3739 supervenerat,
844 3667 1135 3735 requisitos
1180 3663 1324 3719 idem
1356 3663 1492 3733 lapis
1518 3664 1666 3718 nullo
1693 3665 1854 3718 modo

261 3759 495 3829 reperiri
531 3765 761 3827 poterat.
808 3755 899 3811 Sic
942 3764 998 3811 et
1040 3756 1095 3810 in
1137 3755 1224 3810 die
1253 3756 1431 3809 obitus
1475 3754 1669 3809 Brudei
1714 3756 1853 3822 regis

260 3859 631 3930 quaerebatur,
677 3870 776 3910 nec
816 3863 996 3908 tamen
1043 3854 1095 3907 in
1135 3852 1327 3908 eodem
1367 3851 1508 3917 loco,
1557 3851 1648 3905 ubi
1678 3851 1855 3905 fuerat

259 3947 577 4004 reconditus
605 3946 772 4016 prius,
808 3943 1200 3998 inveniebatur.

338 4036 503 4093 XXII.
540 4035 669 4091 Post
696 4050 859 4106 supra
896 4040 1191 4088 memorata
1213 4040 1451 4101 peracta,
1483 4031 1711 4100 quadam
1740 4032 1848 4098 die,

262 4127 606 4182 Broichanus
654 4125 721 4178 ad
777 4133 1022 4178 sanctutn
1068 4122 1397 4192 proloquens
1444 4123 1637 4183 virum,
1690 4122 1845 4175 iniit:

268 4239 290 4273 ι
320 4218 498 4274 Dicito
546 4217 698 4282 mihi,
728 4214 1010 4278 Columba,
1042 4227 1150 4282 quo
1187 4222 1431 4283 tempore
1475 4212 1625 4281 cupis
1667 4212 1850 4265 enavi-

259 4324 415 4380 gare.
456 4328 475 4361 i
508 4309 777 4365 Sanctus:
817 4326 836 4359 ι
869 4306 1068 4370 Tertia,
1098 4305 1193 4371 ait,
1222 4305 1331 4372 die,
1375 4303 1487 4358 Deo
1516 4304 1753 4370 volente,
1794 4313 1849 4358 et

260 4403 374 4457 vita
422 4402 645 4466 comite,
697 4399 1095 4466 navigationem
1138 4398 1488 4468 proponimus
1530 4398 1786 4467 incipere.
1822 4415 1838 4446 ι

262 4494 602 4550 Broichanus
638 4508 670 4547 e
710 4500 941 4547 contra:
992 4509 1010 4542 ι
1039 4489 1157 4545 Non
1186 4490 1410 4560 poteris,
1443 4490 1537 4552 ait,
1585 4506 1706 4543 nam
1746 4502 1845 4557 ego

1970 2018 2221 2086 nipotens
2251 2017 2446 2071 talibus
2490 2017 2817 2086 przescriptis
2855 2018 3237 2072 miraculorum
3270 2020 3557 2075 virtutibus

1966 2121 2149 2161 coram
2207 2106 2365 2175 plebe
2411 2107 2664 2175 gentilica
2715 2107 2923 2162 illustre
2979 2124 3136 2165 suum
3191 2110 3556 2166 manifestavit

1964 2213 2182 2252 nomen.

2036 2286 2225 2342 XXIII.
2258 2288 2379 2343 Alio
2411 2288 2463 2342 in
2508 2297 2769 2358 tempore,
2795 2289 2897 2345 hoc
2925 2298 3029 2357 est,
3070 2291 3122 2344 in
3163 2291 3334 2361 prima
3364 2292 3554 2348 Sancti

1963 2379 2279 2448 fatigatione
2310 2381 2521 2435 itineris
2550 2381 2617 2435 ad
2648 2396 2829 2449 regem
2860 2381 3149 2448 Brudeum,
3198 2397 3325 2437 casu
3369 2386 3552 2439 conti-

1962 2471 2059 2539 git,
2097 2479 2155 2525 ut
2185 2471 2327 2525 idem
2370 2486 2467 2525 rex
2510 2472 2647 2525 fastu
2679 2472 2854 2527 elatus
2896 2474 3045 2542 regio
3084 2489 3194 2527 sure
3233 2476 3551 2531 munitionis

1962 2561 2194 2630 superbe
2216 2575 2398 2629 agens,
2425 2563 2474 2615 in
2500 2563 2674 2630 primo
2702 2563 2844 2617 beati
2869 2565 3102 2617 adventu
3130 2565 3251 2627 viri,
3285 2582 3392 2619 non
3419 2582 3552 2636 ape-

1962 2652 2091 2704 riret
2121 2667 2135 2719 ι
2163 2661 2324 2704 ortas.
2359 2651 2511 2715 Quod
2546 2661 2605 2705 ut
2632 2653 2884 2720 cognovit
2916 2654 3077 2709 homo
3101 2654 3194 2709 Dei
3224 2670 3347 2709 cum
3379 2658 3553 2711 comi-

1961 2744 2104 2797 tibus
2144 2743 2210 2796 ad
2239 2744 2421 2797 valvas
2464 2757 2745 2813 portarum
2776 2746 3057 2811 accedens,
3102 2749 3331 2817 primum
3362 2749 3550 2804 Domi-

1962 2834 2091 2887 nictc
2123 2834 2298 2889 erucis
2344 2835 2654 2904 imprimens
2690 2838 2918 2903 signum,
2956 2847 3065 2891 tum
3100 2837 3293 2893 deinde
3328 2855 3547 2893 manum

1962 2925 2186 2994 pulsans
2216 2935 2404 2979 contra
2435 2928 2574 2980 ostia
2604 2928 2776 2995 ponit.
2812 2928 2940 2992 Quae
2966 2930 3224 2983 continuo
3246 2939 3440 2999 sponte
3469 2945 3551 2986 re-

1964 3023 2051 3069 tro
2083 3016 2310 3069 retrnsis
2343 3017 2555 3070 fortiter
2581 3019 2717 3071 seris
2741 3034 2864 3073 cum
2886 3020 3033 3073 omni
3060 3020 3336 3074 celeritate
3359 3031 3549 3089 aperta

1962 3111 2062 3157 est.
2089 3104 2289 3168 Quibus
2313 3106 2491 3158 statim
2515 3106 2737 3173 apertis,
2762 3106 2988 3161 Sanctus
3012 3119 3405 3176 consequenter
3425 3126 3549 3164 cum

1962 3194 2075 3248 suis
2120 3195 2277 3247 sociis
2324 3196 2560 3249 intravit.
2604 3196 2719 3261 Quo
2758 3198 2995 3265 cognito,
3048 3214 3144 3252 rex
3180 3214 3302 3253 cum
3350 3209 3545 3254 senatu

1883 3257 1931 3320 δ
1963 3288 2118 3341 valde
2164 3289 2570 3357 pertimescens,
2605 3289 2821 3343 domum
2881 3305 3129 3359 egressus
3166 3291 3377 3345 obviam
3421 3307 3544 3345 cum

1960 3382 2307 3434 veneratione
2355 3379 2517 3433 beato
2564 3382 2729 3450 pergit
2783 3383 2917 3448 viro,
2967 3383 3311 3452 pacilicisque
3364 3386 3548 3439 verbis

1957 3471 2152 3525 blande
2179 3472 2467 3525 admodum
2492 3473 2805 3541 compellat,
2827 3482 2881 3527 et
2905 3488 2969 3526 ex
2992 3488 3053 3527 ea
3085 3475 3135 3527 in
3162 3483 3434 3543 posterum
3460 3478 3547 3532 die

1957 3575 2202 3621 sanctum
2243 3576 2299 3619 et
2342 3566 2701 3620 venerabilem
2743 3567 2914 3619 virum
2962 3567 3102 3621 idem
3148 3578 3403 3636 regnator
3431 3584 3547 3624 sua:

1958 3656 2205 3709 omnibus
2231 3655 2352 3707 vita:
2384 3656 2601 3725 reliquis
2621 3655 2809 3711 diebus
2835 3655 2990 3711 valde
3016 3670 3208 3726 magna
3232 3658 3545 3728 honoravit,

1956 3755 2015 3799 ut
2043 3746 2241 3808 decnit,
2278 3745 2709 3799 honorificentia.

2024 3840 2212 3894 μιν.
2238 3842 2355 3895 Alio
2387 3842 2565 3895 itidem
2597 3843 2650 3896 in
2682 3852 2945 3913 tempore,
2971 3843 3057 3898 vir
3078 3843 3268 3898 beatus
3298 3844 3545 3913 aliqua-

1955 3935 2023 3989 tis
2052 3935 2104 3988 in
2138 3936 2352 3990 Scothia
2396 3944 2642 3990 versatus
2670 3936 2736 3991 ad
2776 3938 3071 3991 visitandos
3107 3938 3320 4003 fratres,
3351 3940 3442 4007 qui
3487 3941 3541 3993 in

1954 4029 2284 4082 monasterio
2310 4029 2474 4082 divini
2504 4030 2643 4083 ruris
2669 4030 3085 4084 commanebaut
3114 4030 3426 4085 Rivulorum
3472 4032 3541 4087 ab

1953 4122 2031 4177 eis
2061 4121 2320 4174 invitatus
2354 4122 2626 4191 perrexit;
2656 4121 2750 4176 sed
2780 4137 2906 4176 casu
2936 4122 3115 4191 aliquo
3145 4122 3357 4187 accidit,
3385 4132 3443 4176 ut
3473 4137 3541 4178 eo

1953 4213 2020 4267 ad
2046 4213 2331 4266 ecclesiam
2353 4211 2651 4267 accedente
2672 4212 2852 4267 claves
2875 4228 2982 4267 non
3010 4215 3378 4282 reperirentur
3405 4215 3543 4268 Ora-

1953 4306 2102 4360 torii.
2131 4304 2263 4357 Cum
2294 4319 2424 4359 vero
2465 4304 2696 4360 Sanctus
2727 4306 2793 4360 de
2820 4320 2930 4360 non
2963 4308 3192 4374 repertis
3222 4306 3397 4360 adhuc
3426 4306 3543 4360 cla-

1952 4397 2130 4459 vibus,
2162 4404 2219 4451 et
2244 4397 2508 4451 obseratis
2535 4395 2739 4450 foribus
2763 4396 2902 4451 inter
2922 4412 2979 4450 se
3002 4398 3383 4467 conquirentes
3406 4397 3541 4452 alios

1951 4490 2212 4555 audisset,
2236 4490 2351 4557 ipse
2378 4489 2446 4542 ad
2469 4489 2664 4543 ostium
2688 4489 3123 4558 apprOpinquans
3149 4506 3161 4541 :
3191 4507 3209 4538 ι
3237 4487 3435 4543 Potens
3457 4498 3541 4542 est

256 4595 483 4643 ventum
529 4585 623 4639 tibi
662 4584 995 4640 contrarium
1035 4582 1237 4648 facere,
1283 4582 1674 4652 caliginemque
1721 4598 1841 4636 um-
1874 4619 1929 4680 Β
1955 4580 2236 4647 Dominus,
2265 4581 2359 4646 ait,
2393 4580 2609 4635 domum
2638 4596 2788 4633 suam
2811 4582 2975 4633 etiam
3005 4581 3122 4634 sine
3148 4581 3387 4634 clavibus
3416 4596 3537 4635 ser-

258 4679 482 4735 brosam
522 4676 945 4746 superinducere
981 4689 1220 4745 possum.
1249 4692 1268 4726 ι
1303 4673 1571 4729 Sanctus:
1609 4693 1627 4725 ‹
1657 4672 1844 4727 Omni-

261 4772 515 4844 potentia
559 4769 674 4834 Dei,
703 4771 797 4831 ait,
837 4768 1077 4823 omnium
1109 4767 1438 4827 dominatur,
1480 4766 1532 4819 in
1563 4766 1718 4834 cujus
1746 4782 1848 4821 no-

261 4861 413 4917 mine
440 4874 632 4913 omnes
662 4858 834 4913 nostri
864 4865 1044 4911 mutus
1085 4857 1202 4927 ipso
1237 4857 1574 4925 gubernante
1603 4858 1848 4925 dirigun-

258 4960 371 5009 tur.
405 4969 425 5002 ι
461 4949 599 5016 Quid
630 4949 829 5019 plura?
874 4948 1105 5003 Sanctus
1134 4947 1322 5002 eadem
1353 4947 1460 5013 die,
1492 4948 1628 5003 sicut
1652 4964 1851 5018 propo-

260 5045 400 5109 suit,
454 5042 521 5097 ad
568 5042 742 5097 lacum
779 5041 1015 5096 lluminis
1074 5040 1213 5095 Nisae
1256 5041 1471 5110 longum
1522 5043 1687 5097 multa
1724 5058 1850 5112 pro-

258 5141 529 5203 sequente
577 5141 817 5196 caterva,
858 5132 1005 5185 venit
1050 5148 1062 5160 ·
1096 5129 1233 5200 Magi
1280 5146 1407 5185 vero
1452 5132 1686 5199 gaudere
1738 5143 1847 5187 tum

257 5238 500 5295 cmpere,
529 5236 778 5291 magnam
812 5221 1055 5276 videntes
1076 5221 1515 5290 superinductam
1542 5223 1844 5293 caliginem,

257 5326 310 5371 et
362 5313 694 5369 contrarium
735 5327 857 5365 cum
889 5319 1208 5380 tempestate
1251 5310 1456 5366 flatum.
1502 5312 1611 5368 Nec
1652 5316 1846 5370 mirum

261 5408 382 5463 hmo
413 5403 683 5459 interdum
712 5414 829 5457 arte
859 5404 1162 5457 daemonum
1194 5418 1355 5473 posse
1395 5404 1532 5468 lieri,
1575 5405 1686 5460 Deo
1729 5423 1850 5477 per-

259 5500 535 5562 mittente,
570 5503 629 5549 ut
658 5496 819 5550 etiam
847 5496 990 5550 venti
1021 5504 1077 5550 et
1114 5510 1332 5565 aequora
1360 5498 1411 5551 in
1444 5498 1690 5567 asperius
1720 5514 1848 5554 con-

260 5590 519 5647 citentur.
562 5584 653 5640 Sic
682 5586 823 5639 enim
854 5585 1144 5656 aliquando
1173 5585 1561 5641 dmmoniorum
1611 5588 1849 5658 legiones

260 5692 455 5738 sancto
482 5680 758 5736 Germano
788 5683 1045 5750 episcopo
1075 5682 1143 5735 de
1171 5681 1291 5735 sinu
1319 5681 1527 5736 Gallico
1553 5696 1714 5738 causa
1744 5684 1845 5739 hu-

261 5790 437 5831 mana:
489 5775 685 5829 salutis
735 5772 801 5825 ad
852 5772 1183 5827 Britanniam
1234 5776 1502 5843 naviganti
1561 5778 1737 5832 medio
1795 5777 1849 5833 in

256 5880 485 5938 equore
511 5872 900 5931 occurrerant;
932 5873 987 5920 ct
1009 5875 1346 5937 Opponentes
1368 5868 1605 5937 pericula
1635 5871 1850 5940 procel-

1952 4673 2032 4728 vis
2058 4672 2293 4741 aperire.
2326 4692 2345 4723 ι
2379 4671 2510 4725 Cum
2542 4672 2642 4725 hac
2673 4682 2782 4725 tum
2808 4686 2943 4726 voce
2973 4672 3153 4726 subito
3184 4680 3331 4725 retro
3360 4679 3538 4726 retru-

1951 4766 2027 4821 sis
2056 4762 2182 4821 forti
2212 4774 2360 4819 motu
2393 4765 2643 4833 pessulis,
2673 4775 2866 4834 sponte
2897 4776 3085 4835 aperta
3113 4765 3277 4833 janua
3308 4766 3542 4819 Sanctus

1951 4873 2073 4913 cum
2102 4858 2343 4914 omnium
2374 4857 2731 4911 admiratione
2771 4856 2837 4909 ad
2867 4858 3153 4911 ecclesiam
3186 4865 3309 4911 ante
3348 4872 3538 4912 omnes

1952 4956 2271 5023 ingreditur,
2300 4962 2356 5008 et
2388 4951 2721 5021 hospitaliter
2763 4967 2792 5003 a
2826 4951 3083 5004 fratribus
3124 4958 3406 5019 susceptus
3437 4948 3537 5003 lio-

1952 5047 2271 5102 norabiliter
2299 5048 2365 5099 ab
2396 5045 2642 5098 omnibus
2669 5051 2978 5097 veneratur.

2022 5134 2185 5189 XXV.
2232 5136 2351 5189 Alio
2381 5136 2432 5188 in
2474 5143 2739 5202 tempore,
2769 5133 2986 5202 quidam
3031 5132 3095 5185 ad
3127 5131 3382 5186 Sanctum
3416 5132 3535 5201 ple-

1951 5226 2105 5280 beius
2126 5226 2276 5279 venit
2298 5225 2695 5294 pauperrimus,
2722 5225 2810 5292 qui
2835 5224 2889 5278 in
2911 5238 2975 5277 ea
3001 5222 3273 5277 habitabat
3289 5222 3537 5289 regione,

1950 5330 2071 5384 qua:
2112 5316 2288 5384 stagni
2334 5315 2611 5370 littoribus
2658 5314 2861 5383 aporici
2892 5325 2973 5367 est
3012 5314 3366 5369 contermina.
3402 5312 3537 5367 Huic

1950 5422 2080 5477 ergo
2110 5408 2411 5463 miserabili
2450 5408 2585 5472 viro,
2618 5408 2711 5477 qui
2744 5406 2887 5461 unde
2916 5407 3163 5463 maritam
3195 5413 3251 5460 et
3278 5404 3534 5475 parvulos

1950 5501 2177 5561 cibaret,
2209 5515 2316 5553 non
2361 5499 2619 5566 habebat,
2652 5514 2734 5553 v-r
2760 5499 2952 5553 beatus
2992 5496 3194 5565 petenti
3225 5497 3530 5557 miseratus,

1950 5592 2217 5662 utpotuit,
2246 5589 2535 5661 quamdam
2556 5590 2776 5656 largitus
2798 5590 3219 5659 eleemosynam,
3243 5587 3351 5640 ait:
3382 5604 3404 5639 ι
3436 5584 3535 5637 Mi-

1949 5684 2080 5739 selle
2119 5683 2412 5738 homuncio
2432 5724 2449 5750 ,
2483 5682 2614 5736 tolle
2642 5682 2709 5736 de
2739 5681 2886 5752 sylva
2916 5680 3191 5735 contulum
3236 5678 3410 5732 vicina
3431 5718 3445 5742 ,
3479 5684 3535 5729 et

1951 5774 2018 5830 ad
2048 5789 2133 5831 me
2154 5775 2310 5830 citius
2336 5773 2505 5830 defer.
2540 5792 2558 5825 ›
2585 5771 2966 5828 Obsecundans
2990 5772 3149 5824 miser
3167 5768 3319 5838 juxta
3344 5766 3529 5821 Sancti

1944 5867 2245 5938 jussionem
2268 5866 2459 5925 detulit
2480 5866 2760 5922 materiam
2782 5882 2796 5931 ;
2822 5879 2983 5935 quam
3005 5862 3237 5920 Sanctus
3256 5860 3539 5930 excipiens
