4204 6542
730 416 836 471 755

1920 414 2166 472 SANCTI
2206 416 2513 474 ADAMANI
2557 415 2847 474 ABBATIS

3903 423 4003 482 756

726 534 782 591 in
803 548 937 592 veru
957 533 1190 592 exacuit,
1216 531 1469 601 quodque
1494 529 1709 601 propria
1734 529 2121 585 exacuminans
2145 546 2308 584 manu
2341 533 2388 593 Α
2418 538 2502 583 ter
2526 530 2734 584 navalia
2766 532 2918 586 navis
2937 533 3109 589 sancti
3135 534 3491 593 instrumenta
3515 545 3691 592 utrem
3721 535 4001 594 lactarium

724 622 1077 691 benedicens,
1099 632 1158 679 et
1183 622 1270 677 illa
1292 621 1582 691 adsignans
1605 622 1752 691 inopi
1772 620 1908 676 dixit
1935 639 1947 674 :
1984 640 2003 673 ι
2034 621 2150 676 Hoc
2180 637 2310 676 veru

725 717 1012 787 diligenter
1036 716 1270 778 custodi,
1303 716 1472 785 quod,
1507 725 1566 770 ιιι
1592 716 1781 779 credo,
1814 731 1915 771 nec
1956 716 2181 779 homini,
2211 732 2309 770 nec

723 810 883 865 alicui
929 808 1112 880 pecori
1153 823 1351 863 nocere
1394 809 1614 878 poterit,
1670 809 1912 877 exceptis
1952 807 2080 862 feris
2123 807 2308 861 bestiis

721 916 941 972 quoque
983 909 1037 955 et
1080 900 1337 969 piscibus.
1370 898 1435 953 Et
1467 899 1705 968 quandiu
1735 898 1901 953 talem
1932 898 2184 953 habueris
2212 912 2307 951 su-

724 991 868 1055 dem,
914 1006 1189 1061 nunquam
1219 992 1272 1047 in
1310 991 1473 1047 domo
1501 998 1590 1044 tua
1620 990 1851 1045 cervina:
1888 990 2065 1044 carnis
2107 990 2307 1045 cibatio

722 1088 1005 1146 abundans
1045 1089 1238 1143 deerit.
1272 1107 1291 1141 ι
1336 1086 1491 1154 Quod
1526 1086 1753 1142 audiens
1782 1086 1944 1141 miser
1970 1084 2308 1140 mendiculus

721 1180 881 1237 valde
918 1181 1169 1250 gavisus,
1209 1180 1429 1235 domum
1459 1178 1786 1241 revertitur.
1842 1192 2081 1241 veruque
2127 1176 2181 1230 in
2222 1191 2307 1231 re-

718 1276 883 1329 motis
908 1285 1065 1329 terrae
1112 1274 1279 1329 iulixo
1326 1274 1479 1337 locis,
1511 1287 1632 1341 qua:
1673 1271 1963 1342 sylvestres
1993 1268 2305 1338 frequentav

716 1369 848 1422 baut
897 1366 1041 1431 lene,
1075 1374 1128 1420 et
1173 1366 1349 1420 vicina
1396 1372 1668 1418 transacta
1713 1370 1894 1424 nocte.
1940 1375 2101 1415 mane
2132 1360 2267 1429 prim

717 1460 894 1528 pergit
929 1458 1211 1514 revisitarc
1239 1458 1429 1511 volens
1458 1472 1610 1521 veru,
1642 1455 1697 1508 in
1726 1470 1835 1523 quo
1859 1454 2008 1507 mirze
2035 1452 2303 1521 magnitu-

718 1551 858 1606 dinis
897 1565 1116 1605 cervum
1158 1548 1416 1603 cecidisse
1471 1547 1674 1615 reperit
1721 1545 2112 1600 transmissum.
2167 1542 2304 1608 Quid

718 1646 913 1715 plura?
943 1642 1117 1708 Nulla,
1149 1651 1211 1696 ut
1236 1640 1392 1695 nobis
1423 1639 1674 1693 traditum
1697 1648 1797 1701 est,
1832 1637 2062 1690 transire
2089 1642 2304 1704 poterat

718 1735 853 1798 dies,
886 1750 991 1804 qua
1023 1749 1132 1789 nun
1162 1743 1254 1786 aut
1282 1746 1522 1796 cervum,
1553 1738 1647 1782 aut
1676 1743 1911 1791 cervam,
1946 1737 2039 1780 aut
2067 1726 2301 1794 aliquam

715 1828 983 1895 reperiret
1024 1826 1076 1880 iu
1105 1839 1231 1878 veru
1272 1823 1438 1876 inlixo
1487 1820 1750 1875 cecidisse
1787 1818 2038 1873 bestiam.
2077 1808 2300 1885 Itepleta

2414 620 2696 688 quzesitum
2729 622 3008 679 inveniens
3046 625 3145 680 sub
3177 628 3331 695 mari,
3363 628 3639 694 congestis
3680 642 3848 698 super
3875 643 4000 685 eum

2415 728 2521 766 non
2544 715 2723 782 parvis
2741 715 3010 780 las-idibus
3033 718 3501 775 madefaciendum
3524 720 3725 790 posuit,
3750 722 4004 778 veniew

2413 820 2518 875 que
2564 805 2630 859 ad
2656 808 2938 873 Sanctum,
2967 810 3113 879 quod
3143 813 3212 867 de
3242 822 3363 868 utre
3392 813 3544 875 fecit,
3577 813 3865 869 intimavit.
3899 816 4000 883 Qui

2411 896 2717 959 subridens,
2754 900 2925 967 inquit
2952 918 2962 952 :
3003 920 3021 952 ι
3057 899 3187 957 Uter
3214 919 3396 973 quem,
3430 912 3490 958 ut
3520 903 3676 971 dicis,
3708 906 3812 962 sub
3845 909 4002 963 undis

2409 992 2662 1059 posuisti,
2693 993 2795 1049 hac
2824 994 2961 1059 vice,
2997 1003 3057 1049 ut
3094 997 3326 1061 mstimo,
3360 1013 3468 1053 non
3498 1008 3549 1053 te
3576 1000 3645 1053 ad
3684 997 3999 1055 Hiberniam

2408 1087 2779 1143 comitabitur.
2818 1110 2835 1141 ι
2870 1090 2999 1160 Cur,
3031 1092 3128 1157 ait,
3162 1106 3269 1145 non
3301 1107 3518 1147 mecutn
3563 1092 3617 1148 in
3664 1095 3790 1148 navi
3826 1095 4001 1149 comi-

2410 1189 2520 1234 tem
2562 1196 2686 1235 eum
2724 1182 2927 1237 habere
2959 1184 3191 1252 petero?
3221 1203 3240 1237 ο
3284 1183 3558 1242 Sanctus:
3611 1203 3631 1238 ι
3663 1186 3867 1253 Altera,
3911 1187 3999 1242 in—

2410 1274 2540 1344 quit,
2572 1276 2692 1342 die,
2735 1276 2879 1344 quod
2907 1292 2994 1331 res
3024 1277 3298 1344 probabit,
3330 1279 3489 1335 scies.
3521 1297 3544 1331 ι
3579 1278 3764 1349 Itaque
3792 1278 3991 1348 Lugai-

2412 1365 2506 1421 dus
2536 1381 2695 1421 mane
2716 1377 2933 1436 postera
2956 1368 3042 1422 die
3071 1368 3135 1422 ad
3163 1369 3545 1424 retrahendum
3566 1369 3635 1424 de
3661 1371 3798 1424 mari
3822 1380 3998 1426 utrem

2411 1456 2603 1522 pergit,
2655 1471 2814 1524 quem
2865 1467 3044 1512 tamen
3090 1468 3250 1514 noctu
3291 1458 3480 1514 salatia
3521 1461 3788 1515 subtraxit
3832 1461 3996 1516 unda.

2408 1548 2526 1613 Quo
2552 1564 2659 1602 non
2687 1556 2927 1618 reperto,
2962 1550 3029 1602 ad
3060 1549 3318 1606 Sanetum
3346 1565 3598 1608 reversus
3626 1552 3812 1618 tristis,
3844 1553 4002 1608 flexis

2410 1638 2463 1691 in
2498 1647 2694 1692 terram
2722 1640 2969 1707 gruibus,
2998 1655 3146 1693 suam
3173 1642 3455 1696 confessus
3481 1651 3562 1697 est
3593 1642 3995 1712 negligentiam.

2408 1729 2505 1782 Cui
2531 1730 2780 1794 Sanctus,
2814 1732 2961 1785 ilium
2985 1730 3295 1786 consolatus
3323 1734 3438 1786 ait:
3474 1752 3490 1784 ι
3521 1733 3663 1799 Noli,
3686 1736 3874 1791 frater.
3901 1749 4001 1804 pro

2413 1819 2693 1885 l'ragiiibus
2723 1822 3035 1875 contristari
3078 1823 3279 1878 rebus:
3314 1832 3435 1878 uter
3463 1839 3622 1894 quem
3651 1826 3842 1880 salatia
3873 1842 4001 1881 sus-

715 1934 935 1990 quuque
962 1926 1076 1973 tota
1101 1916 1169 1970 de
1197 1915 1380 1970 ferinis
1402 1913 1657 1968 carnibus
1684 1912 1868 1976 domo,
1902 1910 2092 1964 vicinis
2113 1924 2301 1979 super-
2332 1898 2379 1959 Β
2413 1911 2532 1964 tulit
2565 1911 2633 1964 ad
2664 1929 2827 1966 suum
2850 1913 3029 1968 locum
3062 1924 3186 1982 post
3216 1925 3365 1969 tuum
3395 1929 3669 1985 egressum
3698 1919 4003 1987 reportabit

714 2010 826 2065 flua
851 2008 1141 2074 vendebat,
1164 2022 1284 2076 qua:
1307 2005 1599 2073 bOSpitium
1622 2018 1731 2058 sum
1758 2001 1952 2057 domus
1977 2015 2173 2071 capere
2193 2016 2301 2055 non

716 2107 995 2171 poterant.

787 2192 895 2248 Sed
926 2202 1101 2245 tamen
1141 2187 1341 2244 diaboli
1382 2186 1583 2243 invidia
1617 2200 1715 2257 per
1742 2185 1969 2253 sociam,
2011 2194 2073 2239 ut
2110 2185 2299 2252 Adam,

714 2293 772 2341 et
802 2284 945 2339 hunc
972 2282 1136 2337 etiam
1168 2281 1425 2335 miserum
1456 2278 1683 2343 invenit,
1715 2292 1834 2345 qua:
1864 2292 1971 2331 non
2001 2277 2152 2345 quasi
2178 2293 2304 2345 pruo

713 2376 870 2442 dens,
894 2374 989 2431 sed
1010 2375 1153 2428 fatua
1180 2373 1361 2426 taliter
1380 2372 1448 2425 ad
1470 2371 1723 2424 maritum
1746 2368 1923 2423 locuta
1948 2377 2031 2421 est
2056 2386 2067 2420 :
2107 2387 2126 2419 ι
2151 2367 2304 2422 Tolle

712 2468 786 2525 de
812 2477 957 2523 terra
984 2482 1147 2529 veru;
1183 2480 1307 2518 nam
1335 2465 1381 2519 si
1419 2464 1473 2517 iu
1501 2477 1569 2517 eo
1598 2460 1865 2525 homines,
1892 2468 1987 2514 aut
2012 2459 2172 2513 etiam
2204 2476 2302 2529 pe-

710 2574 842 2617 cora
866 2558 1148 2629 perierint,
1184 2565 1239 2611 tu
1270 2564 1327 2610 et
1356 2556 1492 2625 ipse,
1519 2563 1576 2609 et
1606 2567 1706 2621 ego
1737 2565 1861 2606 cum
1892 2551 2077 2606 liberis
2106 2552 2305 2609 nostris

713 2656 813 2703 aut
836 2647 1165 2710 occiduntur,
1191 2652 1284 2699 aut
1312 2644 1510 2714 captivi
1531 2643 1813 2696 ducentur.
1845 2659 1863 2692 ι
1897 2640 1978 2694 Ad
2005 2642 2119 2695 lucc
2142 2640 2304 2694 mari-

713 2746 806 2796 tus
836 2740 1044 2808 inquit:
1086 2757 1104 2789 ι
1132 2738 1246 2791 Νοιι
1273 2738 1344 2791 ita
1378 2735 1502 2800 fiet;
1535 2748 1658 2789 nam
1687 2742 1905 2789 sanctus
1944 2736 2026 2787 vir
2055 2733 2181 2786 mihi
2209 2733 2303 2787 lie-

718 2832 981 2887 nedicens
999 2830 1189 2885 sudem
1212 2827 1366 2894 dixit,
1393 2826 1538 2896 quod
1568 2840 1837 2894 nunquam
1861 2825 2189 2889 hominibus,
2212 2832 2303 2878 aut

716 2924 883 2978 etiam
912 2921 1198 2991 peroribus
1223 2920 1459 2973 nocebit.
1491 2937 1508 2968 ι
1539 2915 1670 2969 Post
1696 2915 1808 2970 haec
1835 2915 1995 2969 verba
2025 2916 2303 2969 mendicus

717 3012 877 3068 mori
901 3012 1267 3074 consentiens,
1291 3008 1483 3078 pergit,
1504 3014 1561 3060 et
1582 3005 1724 3061 tollit
1748 3004 1817 3059 de
1839 3015 1979 3057 terra
2008 3019 2138 3057 veru
2163 3004 2300 3057 intra

715 3102 941 3159 demum
971 3101 1124 3170 quasi
1155 3116 1342 3154 amans
1372 3097 1501 3153 illud
1530 3112 1690 3153 secus
1720 3096 1982 3166 parietem
2014 3095 2212 3164 posuit,
2245 3093 2301 3149 fn

712 3210 825 3265 quo
868 3210 992 3249 mox
1032 3193 1360 3248 domesticus
1405 3192 1523 3261 ejus
1565 3188 1809 3245 incidens
1859 3188 2007 3243 cauis
2055 3187 2296 3256 disperit.

714 3291 837 3359 Quo
864 3297 1146 3362 pereunte,
1177 3304 1391 3344 rursum
1422 3301 1539 3340 mar
1564 3295 1615 3339 ta
1640 3300 1653 3338 :
1685 3303 1704 3336 ι
1739 3284 1908 3350 linus,
1934 3284 2030 3345 ait,
2064 3282 2297 3337 filiorum

711 3388 931 3435 tuorum
970 3379 1173 3435 incidet
1215 3382 1267 3432 in
1312 3376 1535 3441 sudem,
1568 3383 1621 3430 et
1651 3374 1869 3444 peribit.
1902 3392 1921 3425 ι
1965 3374 2083 3439 Quo
2113 3374 2299 3428 audito

710 3472 833 3542 ejus
860 3472 1028 3527 verbo
1060 3470 1286 3526 maritus
1310 3483 1440 3523 veru
1464 3467 1531 3521 de
1559 3466 1765 3534 pariete
1787 3479 2075 3519 removens
2103 3464 2170 3518 ad
2193 3463 2300 3535 syl-

712 3579 836 3617 vam
871 3569 1135 3632 reportat,
1167 3568 1221 3614 et
1243 3561 1295 3613 in
1329 3557 1668 3612 densioribus
1689 3555 1862 3610 infixit
1884 3554 2081 3619 dumis,
2109 3563 2164 3608 ut
2196 3568 2300 3624 pu-

713 3655 888 3717 tabat,
925 3653 1017 3708 ubi
1046 3668 1075 3707 a
1107 3652 1258 3707 nullo
1287 3657 1468 3721 posset
1496 3648 1771 3703 animante
1800 3646 1996 3701 offendi
2023 3663 2036 3708 ;
2062 3645 2157 3700 sed
2178 3661 2302 3715 pos-

712 3755 834 3801 tera
864 3759 1113 3799 reversus
1138 3743 1226 3798 die
1252 3756 1501 3811 capream
1535 3740 1587 3793 in
1618 3754 1684 3793 eo
1712 3740 1974 3794 cecidisse
2001 3746 2055 3791 et
2081 3737 2303 3806 periisse

709 3839 937 3909 reperit.
989 3837 1116 3891 Inde
1148 3849 1365 3905 quoque
1403 3831 1532 3887 illud
1571 3847 1857 3887 removens
1898 3832 1953 3885 in
1999 3830 2182 3893 fluvio,
2209 3830 2300 3899 qui

711 3928 909 3988 Latine
937 3935 1119 3999 potest
1147 3926 1249 3982 diei
1281 3925 1451 3993 Nigra
1476 3923 1611 3987 Dea,
1641 3923 1794 3991 juxta
1826 3921 1996 3990 ripam
2023 3921 2123 3975 sub
2150 3922 2302 3991 aquis

710 4021 1057 4077 abscondens
1104 4018 1298 4072 infixit.
1334 4014 1492 4082 Quod
1535 4014 1636 4068 alia
1669 4014 1949 4068 revisitans
1976 4012 2064 4068 die
2106 4027 2301 4069 esoeen

712 4115 775 4172 in
801 4129 868 4170 eo
896 4113 1047 4170 mira:
1072 4110 1459 4179 magnitudinis
1491 4109 1806 4163 transfixum
1829 4117 1883 4162 et
1912 4117 2183 4163 retentum
2218 4110 2301 4163 in-

709 4204 886 4271 venit,
920 4217 1081 4274 quem
1110 4203 1178 4257 de
1208 4203 1427 4256 flumine
1453 4200 1672 4254 elevans
1696 4199 1782 4252 vix
1812 4199 1958 4254 solus
1984 4200 2050 4253 ad
2081 4200 2299 4253 domum

713 4306 1000 4368 reportare
1031 4302 1248 4363 poterat
1270 4309 1285 4350 :
1313 4306 1552 4360 veruque
1578 4305 1759 4346 secum
1780 4290 1848 4345 de
1873 4305 2012 4359 aqua
2039 4292 2195 4345 simul
2217 4308 2304 4345 rc-

712 4396 941 4460 portans
969 4386 1306 4442 extrinsecus
1335 4384 1388 4438 in
1416 4382 1703 4453 superiore
1726 4382 1853 4437 tecti
1881 4383 2051 4437 allixit
2079 4383 2217 4448 loco,
2250 4383 2301 4438 in

711 4496 826 4551 quo
857 4488 913 4535 ct
940 4493 1135 4535 corvus
1158 4479 1224 4533 de
1256 4476 1468 4532 volatus
1498 4477 1703 4545 impetu
1734 4475 1916 4545 lapsus
1947 4476 2190 4545 disperiit
2214 4478 2300 4547 ju-

712 4572 949 4643 gulatus.

787 4660 906 4729 Quo
929 4660 1093 4723 facto,
1123 4661 1286 4716 miser
1313 4660 1473 4715 fatum
1501 4659 1727 4715 consilio
1764 4659 2007 4728 conjugis
2036 4659 2294 4730 deprava-

714 4762 804 4810 tus
834 4768 965 4807 veru
996 4752 1192 4808 tollens
1221 4751 1289 4805 de
1315 4759 1474 4816 tecto,
1503 4760 1775 4821 assumpta
1800 4752 1998 4817 securi,
2039 4752 2092 4806 iu
2119 4752 2297 4821 plures

712 4842 1007 4900 concidens
1051 4842 1364 4913 particulas,
1412 4843 1463 4895 in
1507 4844 1684 4912 ignem
1731 4842 1977 4912 projecit,
2019 4853 2073 4897 et
2109 4854 2295 4914 postea

714 4934 871 5007 quasi
900 4949 1011 4989 sua:
1042 4933 1375 5003 paupertatis
1404 4934 1605 4988 amisso
1637 4950 1742 4989 non
1786 4934 2041 4989 mediocri
2080 4936 2295 5006 solatio,

713 5024 1112 5090 remeudicare,
1144 5033 1202 5079 ut
1232 5026 1477 5094 meritus,
1524 5027 1705 5095 cmpit.
1738 5027 1892 5092 Quod
1928 5027 2176 5083 videlicet
2205 5044 2297 5097 pc-

712 5117 886 5173 nuria:
908 5132 1088 5171 rerum
1114 5119 1354 5173 solamen
1384 5135 1524 5190 saepe
1561 5121 1807 5191 superius
1842 5122 1893 5175 in
1929 5138 2055 5175 veru
2087 5139 2295 5177 memo-

712 5215 836 5265 rato
883 5206 1240 5277 dependebat,
1287 5210 1428 5279 quod
1468 5227 1565 5280 pro
1609 5212 1834 5281 pedicis,
1884 5221 1937 5267 et
1980 5215 2200 5278 retibus,
2244 5222 2297 5269 et

714 5302 863 5356 omni
895 5301 1200 5356 venationis
1229 5310 1282 5355 et
1306 5302 1618 5370 piscationis
1645 5317 1844 5372 genere
1873 5319 2144 5362 serratum
2177 5324 2298 5377 pos-

713 5408 799 5455 set
827 5397 1097 5467 sufﬁcere,
1122 5398 1269 5454 beati
1294 5399 1390 5453 viri
1412 5399 1669 5455 donatum
1693 5401 2069 5459 benedictione
2092 5445 2107 5468 ,
2130 5403 2297 5471 quod-

716 5504 826 5560 que
857 5488 1114 5545 amissum
1146 5491 1310 5546 miser
1336 5490 1576 5560 plebeius
1599 5506 1665 5546 eo
1696 5493 1899 5548 ditatus
1927 5509 2025 5562 pro
2056 5503 2298 5562 tempore

718 5579 836 5650 ipse
866 5597 987 5637 cum
1016 5590 1127 5637 tota
1155 5582 1409 5637 familiula
1436 5599 1559 5638 sero
1581 5583 1705 5640 licet
1734 5586 1982 5640 omnibus
2010 5585 2077 5641 de
2102 5595 2297 5641 caetero

718 5669 996 5741 deplanxit
1025 5675 1245 5744 reliquis
1273 5674 1460 5730 diebus
1486 5677 1627 5732 vitae.

792 5762 987 5822 XXVI.
1013 5767 1129 5823 Alio
1155 5768 1206 5821 in
1234 5779 1498 5837 tempore,
1517 5770 1661 5825 beati
1686 5770 1892 5837 legatus
1916 5770 2012 5825 viri
2036 5770 2301 5839 Lugaidus

715 5856 943 5922 nomine
968 5859 1037 5915 ad
1068 5859 1343 5916 Seotbiam
1373 5860 1556 5931 jussus
1585 5864 1836 5931 navigare
1863 5879 2171 5934 proponens
2215 5864 2297 5921 iu-

2405 2000 2632 2054 venalia.
2661 2019 2682 2053 ι

2480 2090 2683 2147 Eadem
2708 2092 2795 2147 die
2828 2103 2950 2163 post
2978 2094 3202 2162 Lugaidi
3231 2094 3298 2150 de
3325 2093 3460 2151 Jova
3488 2097 3660 2152 insula
3682 2099 4000 2167 emigratio-

2404 2200 2549 2251 nem,
2584 2188 2718 2242 hora
2751 2196 3025 2243 transacta
3051 2203 3193 2243 nona
3232 2191 3467 2245 Sanctus
3496 2206 3567 2245 ex
3593 2191 4001 2246 circumstanti-

2403 2277 2505 2332 bus
2532 2278 2610 2333 sic
2642 2279 2905 2347 profatus,
2934 2279 3010 2333 ait
3036 2298 3045 2331 :
3080 2277 3235 2335 Nunc
3275 2294 3341 2335 ex
3370 2280 3527 2335 vobis
3557 2297 3692 2336 unus
3717 2282 3783 2336 ad
3811 2297 4003 2353 aequor

2406 2378 2612 2439 pergat,
2641 2380 2820 2425 utrem
2843 2372 2912 2426 de
2935 2387 3048 2440 quo
3077 2370 3348 2440 Lugaidus
3372 2373 3725 2442 querebatur,
3753 2383 3808 2428 et
3834 2390 3999 2444 quem

2406 2462 2596 2516 salatia
2623 2462 2916 2516 sustulerat
2946 2462 3111 2530 unda,
3139 2478 3282 2517 nunc
3313 2461 3514 2534 [Fort.,
3545 2463 3737 2518 viuulia
3758 2461 3997 2534 venalia]

2407 2553 2599 2606 venilia
2644 2552 2952 2617 retrahens,
2984 2553 3039 2607 in
3083 2551 3203 2608 loco
3250 2554 3394 2609 unde
3436 2554 3746 2609 subtractus
3774 2562 3876 2617 est,
3908 2570 3999 2609 re-

2406 2646 2775 2715 praesentavit.
2810 2646 2927 2712 Quo
2957 2646 3141 2702 Sancti
3186 2647 3369 2702 audito
3397 2648 3599 2714 verbo,
3627 2649 3845 2717 quidam
3875 2649 3995 2704 ala-

2405 2754 2497 2792 cer
2536 2737 2748 2806 juvenis
2789 2740 2856 2792 ad
2909 2755 3059 2793 oram
3107 2740 3344 2794 cucurrit
3385 2742 3570 2806 maris,
3612 2752 3998 2810 repertumque

2406 2834 2616 2889 utrem,
2673 2828 2814 2882 sicut
2861 2828 3182 2897 prmdierat
3235 2828 3488 2894 Sanctus,
3536 2846 3698 2885 cursu
3743 2846 3998 2887 reversus

2406 2920 2642 2981 concito,
2676 2929 2963 2989 reportans
2993 2921 3148 2975 valde
3171 2924 3385 2989 gavisus
3413 2937 3595 2977 coram
3634 2922 3837 2977 Sancto
3866 2938 3997 2978 eum

2406 3012 2668 3075 onmium,
2701 3012 2793 3078 qui
2838 3011 3036 3065 ibidem
3066 3022 3241 3077 erant,
3273 3013 3631 3068 admiratione
3673 3013 3991 3082 assignavit.

2405 3100 2465 3156 In
2495 3104 2599 3169 his,
2629 3112 2690 3157 ut
2718 3118 2861 3171 saepe
2894 3103 3093 3157 dictqu
3140 3112 3223 3157 est
3275 3104 3417 3159 binis
3459 3105 3857 3159 narrationibus
3902 3122 3997 3160 su-

2407 3195 2590 3264 perius
2621 3192 2930 3263 descriptis,
2961 3193 3259 3263 quamlibet
3302 3193 3357 3248 in
3404 3195 3584 3264 parvis
3626 3194 3808 3257 rebus,
3851 3194 3992 3250 sude

2406 3284 2657 3339 videlicet
2686 3293 2741 3339 et
2770 3294 2909 3351 utre,
2942 3285 3274 3355 prophetica:
3302 3286 3463 3341 simul
3487 3293 3543 3341 et
3566 3286 3781 3343 virtutis
3822 3287 3997 3341 mira-

2406 3377 2584 3433 culum
2614 3378 2859 3432 comitari
2890 3386 3205 3432 cernuntur.
3236 3377 3390 3433 Nunc
3417 3378 3484 3432 ad
3516 3379 3618 3433 alia
3644 3379 3955 3434 tendamus.

2476 3468 2689 3522 XXVII.
2723 3468 2964 3535 Quadam
3003 3468 3095 3524 die
3127 3470 3359 3525 Sanctus
3387 3469 3443 3523 in
3471 3466 3607 3525 Jova
3635 3484 3996 3525 commanens

2405 3560 2578 3614 insula
2621 3560 2728 3615 cito
2769 3574 2801 3612 a
2844 3559 3076 3615 lectione
3117 3571 3343 3627 surgens
3382 3567 3440 3615 et
3485 3558 3770 3614 subridens
3816 3560 3990 3615 dicit:

2412 3671 2431 3705 ι
2462 3652 2614 3706 Nunc
2637 3652 2702 3706 ad
2725 3652 3027 3706 orationem
3044 3651 3176 3706 mihi
3198 3651 3616 3722 properandum,
3644 3659 3706 3706 ut
3726 3667 3826 3720 pro
3848 3668 3990 3720 qua-

2404 3745 2527 3799 dam
2559 3743 2821 3798 misellula
2852 3745 3113 3812 deprecer
3141 3741 3310 3798 Deum
3350 3742 3573 3810 femina,
3603 3757 3724 3811 qua:
3761 3758 3907 3797 nunc
3934 3742 3993 3798 in

2407 3835 2673 3907 Ilyberuia
2734 3848 2933 3889 nomen
2990 3832 3150 3903 hujus
3199 3833 3542 3889 inclamitans
3596 3843 3995 3890 commemorat

2405 3926 2680 3981 Columba:
2723 3925 2778 3979 in
2816 3925 3023 3993 magnis
3066 3925 3442 3994 parturitionis
3470 3924 3801 3980 difﬁcillima
3848 3934 3993 3981 torta

2407 4017 2797 4086 punitionibus,
2836 4026 2892 4070 et
2919 4018 3043 4071 ideo
3083 4031 3181 4085 per
3206 4031 3296 4072 me
3325 4031 3357 4070 a
3383 4015 3611 4070 Domino
3644 4016 3715 4075 de
3743 4018 3993 4081 angustia

2406 4107 2803 4162 absolutionem
2837 4106 2953 4161 dari
2982 4106 3084 4160 sibi
3132 4115 3338 4173 sperat,
3369 4108 3494 4175 quia
3531 4113 3587 4161 et
3614 4106 3745 4160 mibi
3787 4114 3872 4161 est
3898 4121 3994 4161 eo-

2404 4200 2747 4269 guationalis,
2779 4200 2847 4255 de
2873 4214 3006 4255 mea:
3041 4201 3227 4255 matris
3256 4199 3534 4271 parentela
3553 4199 3853 4268 genitorem
3885 4198 3987 4253 ba-

2406 4291 2540 4347 beus
2557 4292 2916 4361 progenitum.
2938 4311 2956 4343 ι
2984 4290 3111 4345 Hinc
3132 4291 3316 4347 dicens
3336 4292 3564 4346 Sanctus
3592 4290 3735 4345 illius
3763 4291 3991 4346 mulier-

2406 4385 2541 4440 Cuia:
2581 4393 2759 4437 motus
2789 4384 3136 4439 miseratione
3165 4382 3229 4436 ad
3260 4382 3541 4437 ecclesiam
3578 4381 3776 4447 currit,
3805 4382 3992 4437 ﬂexis-

2406 4492 2512 4545 que
2561 4477 2785 4546 genibus
2829 4490 2928 4545 pro
2975 4490 3040 4529 ea
3086 4474 3356 4529 Christqu
3407 4474 3476 4529 de
3521 4473 3743 4529 homine
3798 4481 3991 4528 natum

2407 4576 2616 4623 exorat.
2665 4566 2732 4621 Et
2761 4575 2884 4636 post
2925 4566 3287 4636 precationem
3317 4565 3611 4619 oratorium
3642 4577 3893 4632 egressus
3920 4563 3991 4618 ad

2405 4664 2596 4717 fratres
2624 4663 2865 4729 profatur
2894 4667 3260 4723 occurrentes,
3303 4657 3587 4728 inquiens:
3624 4675 3643 4708 ι
3671 4656 3826 4711 Nunc
3859 4672 3989 4726 pro.

2404 4753 2568 4823 pitius
2609 4750 2869 4806 Dominus
2911 4749 3067 4804 Iesus
3093 4749 3161 4803 de
3192 4748 3418 4804 muliere
3448 4748 3759 4817 progenitus
3790 4762 3991 4817 oppor-

2405 4853 2532 4898 tune
2576 4843 2788 4897 miserae
2815 4840 3142 4895 subvenicus
3170 4855 3290 4894 eam
3320 4838 3388 4893 de
3416 4837 3674 4906 angustiis
3712 4837 3988 4905 liberavit,

2400 4945 2452 4991 et
2480 4952 2738 5007 prospere
2761 4935 2967 5004 prolem
2986 4934 3226 5004 peperit;
3260 4947 3360 4987 nec
3380 4932 3482 4987 hac
3504 4947 3571 4985 nr
3595 4932 3762 4986 rietur
3785 4932 3928 4987 vice.
3962 4951 3984 4986 ι

2400 5028 2599 5083 Eadem
2650 5031 2805 5096 liora,
2852 5027 3009 5082 sicuti
3058 5028 3287 5083 Sanctus
3314 5024 3729 5096 prophetizavit,
3772 5025 3986 5081 misella

2400 5121 2595 5176 femina
2628 5134 2823 5173 nomen
2854 5118 2973 5188 ejus
3002 5119 3259 5173 invocans
3286 5116 3533 5172 absoluta
3560 5114 3790 5171 salutem
3826 5130 3988 5170 recu-

2400 5212 2627 5283 peravit.
2652 5210 2729 5264 Ita
2760 5210 2829 5265 ab
2859 5210 3126 5276 aliquibus
3157 5217 3345 5276 postea
3366 5206 3434 5260 de
3458 5204 3697 5270 Seotbia,
3721 5202 3866 5258 etde
3891 5220 3987 5258 ea.

2400 5306 2522 5361 dem
2568 5305 2810 5373 regione,
2844 5302 2937 5357 ubi
2979 5300 3171 5355 mulier
3216 5298 3569 5361 inliabitabat,
3602 5297 3989 5352 transmeanti-

2399 5397 2499 5453 bus
2527 5397 2825 5451 intimatum
2849 5403 2947 5450 est.

2472 5487 2708 5543 XXVIII.
2742 5487 2863 5542 Alio
2896 5487 2948 5540 in
2976 5493 3224 5554 tempore
3253 5499 3374 5538 eum
3403 5480 3484 5535 vir
3525 5486 3745 5534 sanctus
3791 5478 3847 5532 in
3876 5476 3985 5534 Re-

2400 5584 2562 5639 clirea
2594 5583 2960 5651 hospitaretur
3005 5579 3199 5642 insula,
3233 5576 3449 5645 quidam
3492 5572 3734 5643 plebeius
3761 5571 3827 5625 ad
3856 5586 3984 5627 eum

2403 5675 2646 5738 veniens,
2672 5673 2737 5727 de
2781 5686 2878 5727 sua
2907 5669 3235 5740 querebatur
3271 5681 3475 5732 uxore;
3500 5679 3635 5734 quis,
3666 5670 3729 5718 ut
3756 5663 3874 5733 ipse
3898 5664 3985 5718 di-

2402 5769 2577 5832 cebat,
2614 5766 2741 5821 odio
2782 5764 2989 5819 habens
3016 5777 3138 5817 eum
3176 5760 3243 5816 ad
3294 5757 3592 5814 maritalem
3623 5754 3772 5810 nullo
3819 5754 3987 5810 modo

2402 5859 2724 5915 admittebat
2774 5856 3122 5914 concubitum
3179 5852 3462 5910 accedere.
3517 5847 3723 5918 Quibus
3783 5848 3990 5904 auditis
