4204 6604
199 442 301 499 757

1312 436 1399 491 DE
1444 433 1600 488 VlTA
1643 433 1701 487 S.
1744 432 2091 487 εοιυΜΒΑῖ.
2134 433 2259 489 LIB.
2304 433 2367 489 ll.

3356 436 3459 496 758

196 555 433 612 Sanctus
460 553 713 609 maritam
757 549 1046 612 advocans,
1072 549 1126 603 in
1168 556 1429 617 quantum
1460 546 1636 616 potuit
1664 561 1784 601 eam
1815 552 1865 612 Α
1891 550 2119 604 Sanctus
2162 550 2263 605 hac
2299 549 2547 621 profatur
2582 563 2736 614 voce,
2782 549 3004 605 dicens:
3056 565 3076 599 ι
3131 546 3475 610 Cormacern,

197 645 304 701 hac
356 644 426 701 de
468 656 632 700 causa
680 641 955 710 corripere
997 641 1184 710 coepit,
1216 640 1498 709 inquiens:
1530 657 1549 691 ‹
1583 640 1786 707 Quare,

201 737 418 805 mulier,
447 744 597 791 tuam
622 749 654 789 a
685 741 739 788 te
765 749 980 788 carnem
1004 732 1256 788 abdicare
1285 731 1534 787 conaris?
1563 731 1792 786 Domino

205 831 449 888 dicente:
500 828 671 884 Erunt
716 827 822 884 duo
875 828 929 882 in
959 842 1121 883 carne
1160 842 1285 881 una.
1315 826 1504 896 ltaque
1533 842 1664 883 caro
1716 825 1795 881 tui

198 924 453 995 conjugis
481 931 570 978 tua
599 937 728 979 caro
758 929 862 978 est.
895 940 914 973 ι
949 919 1081 988 Qua:
1106 922 1449 990 respondens
1476 936 1488 973 :
1524 938 1542 971 ι
1579 917 1794 988 Omnia,

205 1016 399 1086 inquit,
454 1030 790 1086 quaecunque
843 1014 973 1069 mihi
1024 1014 1365 1084 praeceperis,
1408 1028 1527 1068 sum
1583 1020 1795 1083 parata,

208 1108 508 1175 quamlibet
534 1107 645 1163 sint
686 1106 842 1161 valde
892 1106 1185 1168 laboriosa,
1218 1104 1531 1174 adimplere,
1566 1110 1797 1173 excepto

208 1215 335 1263 uno,
366 1207 426 1254 ut
453 1214 543 1254 me
574 1198 723 1254 nullo
748 1198 1044 1268 compellas
1072 1197 1234 1252 modo
1264 1196 1319 1251 in
1345 1210 1454 1252 uno
1487 1195 1631 1253 lecto
1670 1194 1800 1249 dor-

206 1292 341 1348 mire
371 1307 495 1347 cum
523 1291 771 1362 Lugneo.
816 1288 1046 1346 Omnem
1082 1288 1280 1345 domus
1322 1304 1509 1344 curam
1539 1301 1801 1343 exercere

207 1399 315 1439 non
366 1398 587 1449 recuso,
614 1390 706 1438 aut
755 1383 799 1438 si
825 1382 1020 1452 jubeas
1046 1382 1131 1437 vel
1184 1382 1354 1437 maria
1388 1381 1640 1445 transire,
1664 1388 1720 1433 et
1746 1378 1801 1433 in

208 1476 389 1546 aliquo
438 1476 746 1547 puellarum
774 1477 1109 1532 monasterio
1137 1489 1477 1547 permanere.
1515 1495 1533 1528 ι
1570 1475 1803 1532 Sanctus

210 1580 319 1626 tum
350 1571 461 1625 ait:
509 1589 527 1622 ι
568 1570 686 1626 Non
732 1579 913 1640 potest
954 1578 1103 1626 recte
1143 1570 1261 1626 tieri
1299 1568 1446 1641 quod
1486 1568 1643 1624 dicis.
1666 1567 1802 1622 Nam

206 1663 386 1718 adhuc
414 1662 537 1718 viro
574 1662 793 1718 vivente
815 1663 1033 1732 alligata
1066 1678 1126 1718 es
1172 1662 1291 1732 lege
1313 1661 1436 1717 viri.
1463 1660 1619 1727 Quod
1659 1660 1806 1715 enim

206 1754 348 1809 Deus
395 1754 543 1810 licite
590 1754 896 1825 conjunxit,
925 1754 1079 1811 nefas
1126 1763 1213 1811 est
1254 1753 1521 1824 separari.
1557 1771 1576 1805 ι
1612 1750 1681 1806 Et
1718 1751 1805 1807 his

204 1848 368 1905 dictis
398 1856 801 1919 consequenter
847 1849 1067 1905 intulit:
1110 1867 1129 1902 ι
1169 1847 1280 1904 Hac
1321 1847 1377 1903 in
1414 1847 1502 1903 die
1536 1855 1667 1912 tres,
1700 1846 1803 1901 hoc

1895 641 1965 696 de
2015 658 2123 712 quo
2167 659 2311 698 nunc
2361 645 2647 713 loquimur,
2683 644 2844 699 hodie
2893 660 3017 697 mox
3066 643 3472 713 pervenientem

1893 736 2161 792 videbitis.
2203 756 2223 790 ι
2253 735 2318 791 Et
2359 747 2483 807 post
2527 739 2682 807 quasi
2712 739 2871 792 unius
2914 738 3061 790 horae
3092 738 3479 797 interventum,

1896 828 2092 883 mirum
2122 829 2267 885 dictu
2293 830 2307 884 ι
2339 839 2394 886 et
2425 846 2551 886 ecce
2574 830 2850 900 inopinato
2888 831 3184 884 Cormacus
3221 843 3482 899 superve~

1896 922 2053 977 niens
2080 920 2387 976 Oratorium
2415 938 2539 977 cum
2568 922 2807 977 oumium
2832 920 3190 976 admiratione
3210 930 3266 975 et
3293 920 3486 987 gratia-

1896 1030 2015 1069 rum
2054 1013 2352 1084 ingreditur
2380 1014 2612 1069 actione.
2660 1012 2723 1066 Et
2758 1014 2884 1083 quia
2925 1012 2992 1066 de
3042 1012 3201 1081 hujus
3237 1007 3490 1066 Cormaci

1899 1108 2134 1163 secunda
2167 1107 2514 1175 navigatione
2553 1107 2695 1161 beati
2726 1105 3200 1176 pr0phetationem
3248 1103 3493 1159 breviter

1900 1199 2179 1256 intulimus
2206 1200 2331 1269 viri,
2369 1214 2513 1254 nunc
2543 1206 2597 1253 et
2626 1199 2783 1254 tertia
2834 1213 2990 1268 teque
3019 1195 3340 1268 prophetica
3374 1195 3492 1265 ejus

1901 1293 2129 1349 scientia
2159 1294 2339 1363 aliqua
2371 1290 2731 1349 describenda
2762 1299 2887 1346 sunt
2907 1292 3093 1347 verba.

1973 1384 2143 1441 XXX.
2176 1384 2334 1439 ‘Dum
2396 1385 2537 1439 idem
2585 1384 2881 1439 Cormacus
2943 1384 3101 1438 tertia
3162 1383 3218 1438 in
3274 1380 3492 1438 Oceano

1903 1477 2039 1532 mari
2068 1476 2386 1545 fatigaretur
2413 1476 2556 1541 vice,
2600 1490 2773 1544 usque
2820 1474 2892 1530 ad
2924 1482 3156 1529 mortem
3194 1472 3496 1541 periclitari

1904 1570 2089 1640 cmpit.
2138 1567 2272 1622 Nam
2316 1582 2439 1623 cum
2466 1567 2618 1621 navis
2645 1566 2763 1635 ejus
2789 1581 2821 1620 a
2852 1566 3011 1622 terris
3038 1579 3136 1635 per
3160 1566 3495 1636 quatuorde-

1906 1663 2011 1719 cim
2038 1661 2211 1717 aestivi
2262 1660 2519 1730 temporis
2554 1659 2671 1715 dies
2725 1658 3063 1729 totidemque
3099 1667 3288 1714 noctes
3322 1656 3499 1729 plenis

1907 1755 2061 1823 velis,
2090 1762 2279 1811 austro
2304 1750 2471 1810 ﬂante
2490 1762 2655 1809 vento
2682 1752 2753 1807 ad
2772 1752 3255 1824 septentrionalem
3284 1752 3501 1823 plagam

1908 1850 2031 1907 cceli
2072 1850 2280 1905 directo
2328 1857 2642 1904 excurreret
2668 1862 2853 1916 cursu,
2895 1846 3162 1917 ejusmodi
3215 1844 3490 1916 navigatio

206 1946 310 2004 est,
344 1952 475 2008 ego,
506 1946 564 1994 et
592 1938 820 1995 maritus
848 1953 971 1994 cum
1013 1938 1245 2008 conjuge
1281 1936 1586 2007 jejunautes
1617 1934 1804 1990 Domi-
1834 1934 1880 1997 B
1910 1942 2052 1997 ultra
2081 1940 2305 1996 humani
2335 1954 2598 1996 excursus
2622 1939 2845 1996 modum
2869 1946 2927 1995 et
2954 1937 3321 1995 inremeabilis
3346 1938 3498 1991 vide-

206 2046 335 2085 num
394 2045 701 2100 precemur.
740 2050 759 2082 ›
794 2029 892 2086 Illa
944 2031 1140 2087 dehinc
1186 2050 1196 2083 :
1232 2031 1379 2097 Scio,
1409 2030 1508 2096 ait,
1549 2028 1673 2099 quia
1708 2028 1804 2082 tibi

209 2120 549 2189 impossibile
593 2137 703 2176 non
751 2122 875 2188 erit,
910 2131 967 2177 ut
1015 2137 1080 2178 ea
1109 2138 1228 2191 qua:
1279 2122 1365 2178 vel
1414 2121 1674 2187 difﬁcilia,
1717 2118 1807 2175 vel

206 2214 377 2268 etiam
404 2214 759 2283 impossibilia
782 2215 1052 2282 videntur,
1080 2232 1113 2270 a
1142 2215 1255 2271 Deo
1286 2217 1573 2286 impetrata
1593 2215 1805 2267 donen-

212 2314 317 2360 tur.
368 2324 389 2358 ι
426 2306 564 2373 Quid
614 2307 805 2378 plura?
832 2310 1024 2364 marita
1070 2308 1261 2365 eadem
1311 2309 1399 2363 die
1445 2323 1568 2363 cum
1610 2306 1807 2363 Sancto

203 2396 461 2468 jejunare
498 2401 790 2469 consentit,
843 2412 900 2458 et
946 2405 1174 2458 maritus
1221 2404 1489 2467 similiter,
1537 2411 1808 2468 nocteque

210 2494 583 2565 subsequente
631 2497 864 2552 Sanctus
920 2496 1182 2551 insomnis
1212 2512 1310 2566 pro
1355 2496 1435 2552 eis
1483 2494 1808 2563 deprecatus

211 2596 329 2652 est;
364 2596 700 2659 posteraque
740 2588 829 2644 die
871 2586 1103 2644 Sanctus
1133 2590 1383 2643 maritam
1438 2593 1703 2656 praesente
1730 2584 1810 2639 sic

214 2678 515 2750 compellat
543 2679 766 2735 marito:
803 2698 822 2731 ι
858 2677 904 2733 O
936 2678 1156 2743 femina,
1186 2680 1253 2745 si,
1284 2686 1343 2733 ut
1370 2678 1630 2733 hesterna
1659 2675 1809 2730 dice-

212 2768 312 2825 bas
368 2770 484 2839 die,
517 2780 708 2841 parata
753 2771 919 2827 hodie
957 2786 1016 2827 es
1045 2772 1112 2825 ad
1165 2770 1490 2825 feminarum
1545 2769 1813 2837 emigrare

211 2862 772 2917 monasteriolunﬂ‘»
821 2862 961 2917 llla:
1019 2880 1038 2915 ι
1091 2860 1267 2929 Nunc,
1319 2860 1513 2931 inquit,
1560 2858 1812 2928 cognovi,

212 2955 343 3023 quia
367 2964 464 3010 tua
501 2972 533 3011 a
582 2956 693 3011 Deo
748 2956 816 3013 de
864 2971 952 3011 me
997 2963 1081 3012 est
1136 2954 1391 3010 exaudita
1440 2952 1639 3008 oratio.
1682 2952 1815 3006 Nam

210 3061 376 3117 quem
407 3051 527 3105 heri
560 3050 804 3116 oderam,
837 3049 999 3106 hodie
1028 3065 1187 3116 amo;
1216 3065 1314 3105 cor
1335 3048 1479 3103 enim
1504 3060 1685 3101 meum
1714 3046 1816 3100 hac

209 3149 377 3194 nocte
409 3141 710 3210 pmterita,
742 3156 982 3211 quonam
1039 3139 1207 3195 modo
1256 3139 1473 3208 ignoro,
1505 3137 1562 3191 in
1598 3151 1686 3190 me
1716 3136 1816 3189 im-

209 3238 488 3284 mutatum
518 3240 603 3286 est
623 3230 693 3286 de
722 3231 847 3286 odio
880 3230 935 3286 in
967 3245 1235 3286 amorem.
1278 3248 1299 3282 ι
1335 3228 1473 3294 Quid
1500 3224 1815 3282 moramur?

208 3321 294 3376 Ab
322 3322 525 3377 eadem
556 3321 646 3378 die
672 3337 845 3391 usque
874 3322 939 3376 ad
970 3322 1112 3377 diem
1159 3321 1340 3377 obitus
1368 3319 1546 3374 anima
1574 3318 1818 3388 ejusdem

210 3416 426 3470 marita:
478 3414 950 3471 indissociabiliter
1000 3416 1056 3469 in
1093 3428 1280 3469 amore
1325 3412 1691 3482 conglutinata
1736 3420 1820 3468 est

207 3507 421 3574 mariti,
460 3514 518 3561 ut
548 3506 636 3561 illa
665 3506 929 3563 maritalis
956 3507 1278 3562 concubitus
1304 3505 1508 3572 debita,
1527 3519 1650 3574 quae
1672 3505 1820 3575 prius

210 3597 459 3653 reddere
485 3598 769 3662 renuebat,
818 3598 966 3653 nullo
1011 3596 1175 3652 modo
1215 3596 1474 3667 deinceps
1520 3605 1817 3653 recusaret.

280 3686 486 3745 XXIX.
510 3689 634 3745 Alio
665 3689 720 3744 in
762 3698 1007 3760 tempore
1034 3687 1351 3755 Cormacus,
1388 3688 1592 3743 Christi
1643 3688 1817 3757 miles,

212 3782 281 3839 de
307 3798 427 3854 quo
458 3784 518 3839 in
556 3783 731 3854 primo
760 3782 923 3852 hujus
962 3782 1209 3853 opusculi
1242 3782 1426 3839 libello
1454 3783 1694 3838 breviter
1722 3783 1822 3838 ali-

207 3894 318 3949 qua
373 3879 952 3945 commemoravimus,
996 3892 1167 3948 pauca
1205 3878 1371 3934 etiam
1410 3879 1643 3935 secunda
1679 3879 1817 3946 vice,

208 3983 457 4030 conatus
505 3981 593 4029 est
620 3986 864 4028 eremum
895 3972 951 4027 in
996 3988 1207 4029 oceano
1237 3988 1499 4046 quaerere,
1531 3975 1624 4043 qui
1673 3983 1824 4045 post-

208 4085 379 4141 quam
424 4084 463 4124 a
494 4069 655 4125 terris
697 4067 965 4124 inﬁnitum
995 4083 1259 4124 oceanum
1312 4069 1489 4141 plenis
1518 4070 1827 4141 enavigavit

206 4166 368 4233 velis,
398 4165 601 4221 iisdem
622 4163 812 4220 diebus
840 4174 1064 4220 sanctus
1090 4161 1353 4220 Columba
1386 4181 1510 4221 cum
1541 4166 1677 4221 ultra
1705 4167 1827 4223 dor-

204 4274 330 4315 sum
380 4264 704 4313 moraretur
747 4256 1074 4323 Britanniuc,
1120 4255 1336 4314 Brudeo
1386 4273 1516 4328 rege
1563 4268 1829 4330 praesente

202 4346 493 4405 Orcadum
538 4348 729 4418 regulo
770 4347 1194 4418 commendavit,
1222 4349 1448 4406 dicens:
1486 4369 1505 4402 ‹
1556 4351 1734 4421 Aliqui
1761 4366 1828 4406 ex

204 4445 420 4499 nostris
448 4456 631 4511 nuper
654 4442 1083 4511 emigraverunt,
1109 4442 1390 4498 desertum
1438 4444 1490 4498 in
1520 4444 1712 4514 pelago
1740 4444 1826 4499 in-

206 4533 607 4590 transmeabili
634 4535 880 4590 invenire
905 4544 1181 4605 optantes,
1205 4538 1295 4607 qui
1326 4538 1369 4593 si
1393 4536 1535 4592 forte
1564 4545 1689 4608 post
1708 4536 1829 4591 lon-

1908 2035 2090 2090 batur.
2117 2034 2269 2090 Unde
2298 2034 2526 2104 contigit
2551 2044 2608 2088 ut
2625 2043 2747 2104 post
2773 2034 3037 2089 decimam
3061 2032 3300 2101 ejusdem
3324 2031 3505 2102 quarti

1909 2135 1966 2181 et
1986 2125 2184 2182 decimi
2229 2127 2422 2182 horam
2469 2127 2576 2182 dici
2630 2126 2844 2197 quidam
2879 2139 3015 2196 pene
3067 2123 3505 2180 insustentabiles

1910 2218 2169 2288 undique,
2210 2226 2267 2273 et
2302 2219 2463 2275 valde
2509 2218 2879 2274 formidabiles
2907 2225 3301 2285 consurgerent
3328 2226 3505 2270 terro-

1910 2326 2017 2367 res.
2066 2310 2324 2379 Quzedam
2370 2311 2570 2381 quippe
2618 2311 2673 2365 in
2723 2309 2779 2365 id
2826 2309 3086 2379 temporis
3127 2309 3312 2363 invisae
3354 2322 3505 2361 mare

1913 2403 2590 2471 obtegentesoccurrerant
2622 2410 2774 2456 telrze
2803 2401 3082 2456 etinfestae
3114 2401 3272 2455 nimis
3298 2399 3506 2455 bestio-

1913 2495 1997 2559 lae,
2029 2509 2152 2564 qua:
2178 2494 2420 2549 horribili
2463 2495 2665 2567 impetu
2696 2496 2937 2549 carinam
2967 2502 3022 2547 et
3050 2493 3237 2554 latera,
3256 2493 3506 2562 puppim-

1912 2601 2039 2656 que,
2066 2596 2121 2642 et
2151 2602 2369 2657 proram
2411 2586 2486 2640 ita
2536 2585 2748 2641 fortiter
2775 2584 3041 2639 feriebant
3081 2598 3421 2654 peecussura,
3453 2591 3512 2636 ut

1914 2680 2186 2750 pellicium
2218 2688 2420 2735 tectum
2455 2679 2604 2734 navis
2639 2688 2961 2749 putarentur
2992 2686 3283 2748 penetrare
3310 2691 3469 2747 posse
3495 2693 3509 2741 ;

1913 2789 2055 2844 quae,
2109 2782 2167 2828 ut
2204 2774 2258 2828 hi
2304 2774 2395 2844 qui
2447 2774 2660 2828 inerant
2700 2774 2901 2828 ibidem
2954 2782 3145 2840 postea
3200 2779 3512 2838 narrarunt,

1916 2881 2087 2937 prope
2138 2865 2509 2934 magnitudine
2563 2881 2843 2931 ranarum,
2901 2866 3103 2921 aculeis
3169 2865 3511 2937 permolestm

1921 2973 2031 3013 non
2061 2966 2236 3012 tamen
2265 2958 2535 3025 volatiles,
2564 2959 2661 3014 sed
2703 2958 2960 3015 natatiles
2986 2968 3158 3015 erant.
3204 2957 3313 3014 Sed
3340 2968 3395 3011 et
3424 2974 3484 3013 re

1918 3064 2131 3103 morum
2168 3047 2497 3104 infestabant
2527 3050 2813 3121 palmulas.
2845 3050 3051 3121 Quibus
3077 3053 3206 3108 visis
3247 3052 3391 3108 inter
3416 3066 3518 3107 (ae-

1922 3151 2037 3196 tera
2065 3148 2330 3209 monstra,
2362 3154 2483 3211 qua:
2510 3159 2617 3199 non
2648 3144 2807 3213 hujus
2830 3154 2914 3202 est
2939 3146 3204 3220 temporis
3234 3159 3516 3212 enarrare,

1924 3234 2223 3290 Cormacus
2273 3250 2399 3290 cum
2448 3238 2628 3292 nantis
2657 3238 2947 3295 comitibus
2997 3240 3150 3293 valde
3207 3237 3431 3301 turbati,
3464 3246 3523 3292 et

1848 3296 1894 3360 C
1928 3327 2396 3399 pertimescentes,
2430 3327 2620 3395 Deum,
2650 3332 2742 3401 qui
2788 3340 2872 3385 est
2915 3332 2966 3385 in
3010 3332 3274 3400 angustiis
3315 3330 3437 3401 pius
3465 3336 3521 3384 et

1921 3430 2261 3493 opportunus
2292 3422 2601 3487 auxiliator,
2636 3424 2955 3496 illacrymti
2988 3432 3300 3493 precantur.

1992 3512 2194 3570 Eadem
2230 3515 2367 3571 hora
2418 3526 2473 3571 et
2504 3526 2726 3571 sanctus
2752 3526 2938 3571 noster
2973 3516 3256 3585 Columba,
3291 3518 3522 3587 quamli-

1922 3608 2016 3665 bet
2045 3608 2209 3678 longe
2239 3609 2439 3664 absens
2463 3624 2715 3679 corpore,
2746 3610 2939 3679 spiritu
2962 3618 3141 3665 tamen
3172 3625 3431 3683 praesens,
3467 3610 3521 3663 in

1924 3702 2047 3757 navi
2073 3717 2199 3758 cum
2222 3703 2492 3757 Cormaco
2520 3711 2659 3758 erat.
2695 3700 2848 3758 Unde
2875 3702 3067 3758 eodem
3096 3713 3374 3758 momento
3401 3716 3524 3771 per-

1923 3808 2151 3853 sonante
2198 3797 2352 3865 signo
2403 3793 2600 3853 fratres
2647 3796 2715 3851 ad
2772 3797 3071 3852 oratorium
3111 3804 3419 3857 convocat,
3465 3802 3524 3848 et

1925 3888 2235 3955 ecclesiam,
2297 3888 2521 3944 dicens:
2562 3908 2581 3942 ι
2638 3887 2880 3953 Fratres,
2913 3898 3028 3944 tota
3070 3889 3368 3944 intentione
3423 3903 3524 3958 pro

1924 3980 2194 4037 Cormaco
2225 3994 2400 4048 orate,
2439 3982 2533 4051 qui
2562 3998 2704 4037 nunc
2733 3982 2985 4037 humanae
3011 3982 3360 4037 discursions
3384 3982 3526 4034 limi-

1927 4080 2037 4129 tem
2072 4072 2431 4129 immoderate
2460 4073 2766 4144 navigando
2797 4076 3053 4140 excessit,
3086 4090 3229 4128 nnuc
3260 4072 3523 4143 quasdam

1926 4174 2305 4221 monstruosas
2333 4175 2459 4220 ante
2480 4180 2590 4220 non
2636 4165 2781 4220 visas
2811 4180 2951 4236 pene
2987 4164 3295 4220 iudicibiles
3321 4163 3527 4234 patitur

1927 4257 2213 4314 horrificas
2256 4257 2716 4329 perturbationes.
2766 4259 2951 4327 Itaque
2996 4257 3196 4312 nostris
3226 4270 3526 4312 commem-

1928 4351 2115 4406 bribus
2165 4349 2221 4405 in
2292 4349 2539 4420 periculo
2598 4350 2924 4406 intolerabili
2978 4349 3290 4405 constitutis
3342 4355 3528 4403 mente

1930 4440 2165 4511 comp-nti
2206 4441 2471 4496 debemus
2514 4441 2811 4507 fratribus,
2862 4451 2913 4496 et
2957 4441 3246 4498 Dominum
3295 4455 3526 4497 exorare

1929 4549 2051 4588 cum
2082 4534 2181 4588 eis.
2207 4532 2348 4589 Ecce
2375 4534 2520 4588 enim
2551 4549 2695 4588 nunc
2726 4532 3025 4589 Cormacus
3057 4551 3179 4589 cum
3208 4535 3320 4589 suis
3347 4533 3527 4589 nautis

206 4640 309 4697 gos
336 4627 612 4683 circuitus
629 4623 871 4682 Orcadas
891 4626 1214 4682 devenerint
1234 4628 1455 4694 insulas,
1489 4627 1615 4683 huic
1636 4627 1824 4696 regulo
1854 4668 1909 4730 υ
1930 4625 2126 4682 faciem
2157 4628 2410 4698 lacrymis
2439 4628 2668 4696 irrigans
2691 4629 2922 4683 ubertim
2954 4628 3227 4682 Christum
3256 4628 3517 4683 intentius

208 4722 368 4790 cujus
396 4721 629 4777 obsides
660 4721 715 4775 in
743 4735 908 4775 manu
939 4728 1030 4775 tua
1061 4729 1205 4786 sunt,
1235 4720 1521 4790 diligenter
1541 4736 1822 4775 commen-

204 4811 296 4883 da,
329 4826 405 4869 ne
450 4809 666 4881 aliquid
714 4811 930 4868 adversi
979 4811 1120 4867 intra
1163 4812 1425 4868 terminos
1469 4811 1587 4882 ejus
1634 4821 1826 4868 contra

204 4920 301 4963 eos
354 4906 481 4960 fiat.
522 4925 543 4958 ι
574 4902 693 4961 Hoc
733 4921 864 4962 vero
904 4906 1138 4962 Sanctus
1174 4907 1248 4961 ita
1302 4907 1557 4975 dicebat,
1604 4908 1729 4979 quia
1772 4910 1826 4963 in

204 5000 402 5070 spiritu
437 4998 823 5070 praecognovit
853 4998 1000 5067 quod
1043 5007 1169 5070 post
1198 4999 1406 5069 aliquot
1433 5015 1650 5056 menses
1681 5001 1824 5056 idem

204 5093 520 5149 tiormacus
554 5098 703 5147 esset
733 5092 800 5146 ad
852 5089 1096 5147 Orcadas
1126 5101 1404 5148 venturus.
1437 5091 1589 5160 Quod
1619 5093 1689 5147 ita
1723 5109 1825 5163 po-

204 5197 318 5244 stea
351 5187 576 5253 evenit,
605 5193 661 5240 et
686 5193 909 5256 propter
934 5201 1101 5256 supra
1132 5185 1330 5241 dictam
1355 5187 1526 5243 sancti
1553 5188 1651 5241 viri
1674 5204 1825 5243 com-

205 5277 634 5334 mendationem
685 5275 754 5331 de
793 5283 968 5332 morte
1017 5275 1071 5332 in
1113 5275 1414 5334 Orcadibus
1460 5278 1717 5334 liberatus
1741 5287 1826 5334 est

208 5368 413 5423 vicina.

276 5456 414 5515 Post
444 5457 792 5527 aliquantum
822 5472 1121 5528 paucorum
1168 5458 1518 5515 intervallum
1548 5457 1816 5515 mensium

206 5566 329 5607 cum
358 5554 599 5607 sanctus
627 5547 682 5602 in
709 5544 844 5603 Jova
888 5558 1321 5604 commoraretur
1357 5547 1551 5615 insula,
1582 5548 1815 5621 quadam

207 5644 293 5700 die
314 5658 515 5701 coram
538 5655 613 5697 eo
641 5640 885 5711 ejusdem
934 5640 1184 5699 Cormaci
1226 5644 1430 5699 mentio
1457 5646 1524 5699 ab
1551 5644 1823 5714 aliquibus

206 5740 390 5796 subito
420 5734 687 5795 oboritur
726 5737 1236 5806 sermocinantibus,
1267 5746 1323 5793 et
1363 5736 1546 5792 taliter
1584 5738 1821 5793 dicenti—

206 5829 305 5888 bus
330 5873 344 5888 .
402 5849 426 5885 ι
477 5826 779 5897 Quomodo
829 5826 1076 5884 Cormaci
1126 5830 1398 5899 navigatio
1445 5845 1704 5900 prospere
1752 5846 1823 5886 an

208 5942 317 5986 non
357 5924 654 6000 provenit,
694 5921 872 5980 adhuc
908 5924 1163 5982 nescitur.
1205 5943 1226 5980 ι
1257 5923 1376 5992 Quo
1405 5925 1591 5982 audito
1629 5925 1821 5997 verbo,

1934 4729 2204 4791 precatur,
2238 4736 2337 4775 nos
2366 4721 2536 4789 ipsum
2592 4719 2799 4775 orando
2830 4720 3165 4788 adjuvemus,
3194 4730 3254 4775 ut
3283 4731 3528 4775 austrum

1933 4814 2153 4869 flantem
2186 4824 2403 4868 ventum
2434 4827 2605 4882 usque
2633 4812 2797 4868 hodie
2825 4827 2923 4883 per
2966 4812 3379 4882 quatuordecim
3409 4811 3525 4867 dies

1934 4908 2105 4964 nostri
2130 4907 2419 4961 miseratus
2465 4906 2519 4960 in
2552 4904 2861 4976 aquilonem
2900 4913 3223 4971 convertat;
3253 4904 3346 4975 qui
3378 4904 3527 4959 \ide-

1930 5000 2058 5056 licet
2081 4998 2400 5069 aquiloneus
2420 5006 2614 5055 ventus
2656 5012 2849 5053 navem
2881 4998 3129 5053 Cormaci
3165 4996 3235 5052 de
3271 4995 3525 5067 periculis

1931 5093 2261 5149 retrahebat.
2300 5110 2318 5143 ι

2002 5184 2067 5239 Ει
2096 5186 2213 5240 hmc
2260 5184 2444 5239 dicens
2502 5181 2657 5238 flexis
2705 5183 2935 5253 genibus
2983 5180 3151 5236 ﬂebili
3204 5194 3330 5236 cum
3386 5194 3521 5235 voce

1929 5288 2058 5336 ante
2089 5279 2339 5333 altarium
2380 5279 2831 5349 omnipotentiam
2886 5278 3101 5334 Domini
3146 5286 3429 5331 ventorum
3467 5284 3523 5330 et

1929 5381 2246 5429 CllﬂClalllll'l
2288 5374 2723 5440 gulvernatricem
2768 5379 3024 5439 precatur
3068 5383 3272 5425 rerum.
3306 5366 3375 5421 Et
3400 5377 3525 5437 post

1929 5466 2228 5520 orationem
2258 5464 2367 5519 cito
2389 5465 2579 5533 surgit,
2604 5471 2659 5518 et
2683 5463 2961 5519 abstinens
2990 5462 3259 5531 lacrymas
3283 5459 3525 5530 gauden-

1929 5566 2011 5611 ter
2041 5564 2220 5625 grates
2250 5555 2362 5610 Deo
2390 5558 2519 5625 agit,
2551 5555 2735 5610 dicens
2760 5574 2771 5608 ε
2813 5575 2830 5607 ι
2870 5554 3044 5622 Nunc,
3074 5552 3291 5621 fratres,
3320 5552 3526 5608 nostris

1928 5648 2386 5718 congratulemur,
2418 5664 2518 5719 pro
2562 5648 2757 5718 quibus
2796 5663 3021 5703 oramus
3061 5647 3225 5713 caris,
3255 5645 3383 5718 quia
3416 5644 3523 5700 Do-

1927 5737 2105 5794 minus
2134 5753 2281 5793 nunc
2320 5747 2565 5793 austrum
2613 5738 2666 5792 in
2705 5736 3079 5805 aquilonarem
3119 5733 3394 5792 convertit
3422 5730 3523 5787 lla-

1933 5840 2068 5898 tum,
2098 5841 2314 5889 nostros
2339 5832 2408 5887 de
2438 5832 2692 5901 periculis
2713 5832 3107 5887 commembres
3130 5828 3520 5892 retrahentem,

1930 5941 2068 5997 quos
2096 5924 2202 5981 huc
2231 5923 2299 5979 ad
2330 5938 2431 5981 nos
2458 5924 2656 5981 iterum
2680 5923 2927 5981 reducet.
2962 5942 2983 5976 ι
3019 5920 3090 5978 Et
3108 5921 3369 5979 continuo
3398 5935 3523 5976 cum
