4204 6536
766 417 870 475 759

1934 409 2174 466 SANCTI
2216 403 2528 464 ADUIANI
2569 402 2859 460 ABBATIS

3923 404 4022 462 760

765 533 885 602 ejus
917 542 1049 586 voce
1079 534 1261 584 auster
1288 525 1519 584 cessavit
1563 531 1772 586 ventus,
1803 531 1859 579 et
1887 523 2167 593 inspiravit
2191 523 2340 590 aqui-
2370 525 2422 584 Α
2447 517 2758 572 monasterii
2807 515 3077 581 fundator,
3109 517 3253 586 quod
3303 516 3486 573 Scelia
3529 517 3798 574 vocitatur
3844 519 4022 589 lingua

763 622 974 679 loneus.

836 716 940 772 Per
969 715 1163 769 multos
1193 719 1317 782 post
1361 711 1474 766 dies
1504 716 1560 764 et
1605 711 1756 765 navis
1782 709 2026 765 Cormaci
2057 707 2123 762 ad
2167 715 2336 761 terras

765 810 992 866 reducta
1024 818 1127 874 est,
1170 816 1227 861 et
1259 805 1500 874 pervenit
1528 802 1820 857 Cormacus
1862 803 1926 855 ad
1958 810 2200 856 sanctum
2227 797 2336 852 Co-

768 901 1028 962 lumbam,
1054 909 1108 952 et
1150 913 1230 964 se,
1267 896 1506 951 donante
1535 894 1667 958 Deo,
1699 893 1834 946 facie
1880 891 1946 944 ad
1986 891 2170 946 [aciem
2214 902 2335 942 cum

765 991 971 1058 ingenti
1010 989 1247 1042 oumium
1285 983 1636 1038 admiratione
1682 980 2104 1051 reprazsentavit,
2148 985 2337 1031 etnon

773 1081 1034 1136 mediocri
1074 1078 1360 1132 iactatione.
1394 1073 1694 1142 Perpendat
1739 1075 1920 1142 itaque
1960 1072 2131 1126 lector
2164 1083 2336 1139 quan-

767 1184 858 1232 tus
886 1183 940 1230 et
968 1176 1142 1243 qualis
1171 1173 1309 1227 idem
1342 1172 1426 1225 vir
1466 1171 1654 1226 beatus
1696 1169 1874 1233 fuerit,
1905 1168 1996 1238 qui
2022 1167 2183 1221 talem
2214 1181 2339 1235 pro-

772 1271 1042 1338 pheticam
1069 1268 1271 1322 habens
1300 1264 1582 1319 scientiam
1615 1262 1786 1317 ventis
1812 1269 1868 1316 et
1904 1275 2111 1316 oceano
2139 1258 2337 1315 Christi

764 1356 1017 1414 invocato
1047 1353 1262 1409 nomine
1287 1352 1461 1421 potuit
1490 1350 1773 1419 imperare.

832 1444 1016 1500 XXXI.
1049 1445 1166 1498 Alio
1195 1445 1246 1497 in
1279 1452 1519 1511 tempore
1545 1457 1665 1495 cum
1721 1441 1772 1494 in
1802 1439 1981 1494 Scotia
2008 1453 2104 1506 per
2133 1438 2338 1506 aliquot

775 1538 890 1594 dies
932 1540 1161 1594 Sanctus
1201 1543 1629 1595 conversaretur,
1661 1533 1924 1601 aliquibus
1959 1530 2340 1585 ecclesiasticis

763 1632 1080 1687 utilitatibus
1120 1640 1362 1690 coactus,
1409 1643 1646 1691 currum,
1705 1627 1770 1678 ab
1828 1640 1893 1679 eo
1941 1623 2084 1692 prius
2116 1623 2340 1678 benedi-

765 1731 933 1786 ctum,
965 1718 1488 1786 ascenditjunctum,
1517 1716 1612 1770 sed
1635 1731 1738 1770 non
1769 1714 1981 1769 insertis
2003 1714 2196 1782 primo,
2229 1727 2334 1782 qua

766 1811 950 1867 nescio
1007 1809 1326 1876 negligentia
1384 1806 1697 1870 accedente,
1737 1804 2055 1860 necessariis
2093 1802 2336 1856 obicibus

2440 609 2804 675 Suamlutbir;
2827 609 2918 678 qui
2948 625 3166 679 operam
3217 611 3416 678 aurigae
3444 611 3499 665 in
3529 610 3720 666 eodem
3753 611 4021 666 curriculo

2447 716 2570 755 cum
2619 709 2808 755 sancto
2856 703 3146 756 exercebat
3173 701 3456 756 Columba.
3514 701 3635 755 Fuit
3691 701 3873 770 itaque
3905 703 4023 756 tatis

2439 790 2678 858 ejusdem
2726 792 2946 859 agitatio
2990 791 3096 846 diei
3137 806 3233 860 per
3264 793 3417 846 lonua
3450 791 3654 844 viarum
3682 793 3855 860 spatia
3907 793 4024 846 sine

2443 883 2550 937 ulla
2581 892 2822 938 rotarum
2864 885 3375 954 humerulorumque
3409 884 3752 954 separatione
3796 885 3912 937 sive
3940 884 4022 936 Ia-

2440 976 2841 1041 befactatione;
2875 977 3040 1041 nulla,
3092 985 3151 1030 ut
3202 991 3362 1045 Supra
3419 975 3620 1030 dictum
3669 983 3773 1042 est,
3801 975 4020 1028 obitum

2440 1066 2744 1122 retentione
2805 1067 2890 1122 vel
2945 1069 3369 1123 coinmuuitione
3421 1067 3709 1132 retinente,
3754 1067 3849 1121 sed
3903 1069 4018 1122 sola

2439 1160 2590 1227 diali,
2620 1161 2700 1217 sic
2719 1161 3028 1217 venerando
3058 1169 3344 1230 pmstante
3368 1161 3536 1229 gratia
3583 1159 3720 1224 viro,
3747 1168 3809 1213 ut
3832 1175 4022 1215 currus

2441 1251 2528 1305 cui
2557 1251 2826 1306 insederat
2853 1251 3143 1307 salubriter
3164 1251 3368 1320 absque
3402 1250 3509 1305 ulla
3553 1248 3906 1320 impeditione
3934 1264 4022 1306 re-

2449 1351 2535 1396 cta
2562 1343 2832 1398 incederet
2863 1342 3054 1401 orbita.

2514 1435 2798 1504 llucusque
2827 1435 2893 1491 de
2912 1435 3171 1490 virtutum
3199 1435 3468 1491 miraculis
3495 1451 3615 1506 qua:
3645 1451 3742 1506 per
3761 1436 4021 1505 pradica-

2442 1527 2605 1582 bilem
2643 1528 2814 1584 virum
2862 1529 2914 1583 in
2945 1529 3195 1598 praesenti
3242 1537 3654 1584 conversantem
3698 1529 3880 1582 divina
3908 1530 4019 1583 vita

2441 1628 2664 1689 operata
2710 1628 2792 1675 est
2821 1621 3230 1688 omnipotentia,
3277 1620 3554 1689 scripsisse
3608 1617 3863 1674 sufliciat.
3920 1619 4021 1675 llic

2441 1709 2710 1764 secundus
2741 1710 2809 1765 de
2846 1711 3105 1765 virtutum
3133 1711 3406 1766 miraculis
3429 1709 3694 1764 finiendus
3732 1718 3817 1764 est
3859 1709 4016 1774 liber,

2441 1800 2496 1856 in
2524 1816 2632 1870 quo
2659 1802 3087 1858 animadvertere
3117 1802 3290 1856 lector
3316 1802 3480 1857 debet
3504 1801 3648 1870 quod
3677 1810 3734 1856 et
3759 1800 3829 1856 de
3859 1817 4017 1855 com-

772 1918 871 1972 per
896 1901 1146 1954 axionum
1175 1906 1414 1950 extrema
1442 1895 1720 1949 loramina.
1767 1893 1966 1946 Eadem
2007 1901 2187 1947 autem
2217 1897 2334 1945 erat
2367 1872 2413 1932 Β
2438 1895 2605 1964 pertis
2645 1895 2698 1949 in
2740 1909 2806 1950 eo
2850 1895 3018 1950 multa
3049 1901 3270 1966 propter
3316 1895 3608 1964 legentium
3649 1895 4016 1965 praetermissa

762 1994 976 2050 diecula
1018 1991 1384 2046 Columbanus
1423 1987 1561 2042 tilius
1602 1985 1806 2041 Echudi
1837 1986 1917 2039 vir
1945 1993 2159 2040 sanctus
2189 1983 2332 2040 illius

2433 1995 2560 2042 sunt
2586 1987 2879 2043 fastidium.

775 2105 4016 2132 ww

1767 2208 2165 2288 INCIPIT
2227 2208 2522 2287 LIBER
2581 2208 3056 2302 TERTIUS,

1334 2371 1420 2421 DE
1463 2366 1794 2422 ANGELICIS
1845 2363 2394 2425 APPARITIONIBUS,
2438 2362 2516 2414 ET
2563 2363 2648 2414 DE
2689 2362 3006 2414 TRANSITU
3049 2363 3101 2414 Β.
3142 2361 3471 2414 COLUMBE.

835 2553 876 2608 l.
901 2552 957 2607 ln
980 2551 1175 2621 primo,
1205 2563 1272 2606 ex
1287 2549 1371 2606 his
1401 2550 1570 2604 tribus
1589 2545 1804 2612 libellis,
1827 2544 1983 2608 libro,
2012 2551 2067 2596 ut
2094 2539 2340 2610 superius

763 2653 1252 2705 commemoratum
1280 2651 1384 2709 est,
1432 2642 1499 2698 de
1551 2639 1878 2712 propheticis
1924 2633 2342 2692 revelationibus

767 2739 1009 2812 quaedam
1057 2737 1292 2790 breviter
1338 2735 1738 2802 succineteque,
1806 2728 2034 2784 Domino
2098 2725 2339 2794 juvante,

762 2830 1031 2899 descripta
1079 2835 1222 2882 sunt.
1268 2826 1325 2880 lu
1357 2823 1592 2880 secundo
1645 2820 1942 2891 superiore,
1978 2817 2045 2872 de
2086 2816 2342 2869 virtutum

765 2920 1042 2978 miraculis
1087 2933 1204 2989 qua:
1246 2933 1341 2986 per
1391 2918 1614 2970 beatum
1656 2912 1929 2968 declarata
1973 2917 2098 2964 sunt
2149 2907 2342 2969 virum,

763 3024 822 3069 et
848 3028 986 3082 quae,
1003 3020 1061 3064 ut
1085 3025 1225 3080 sche
1247 3009 1448 3064 dictum
1471 3013 1574 3074 est,
1591 3005 1907 3075 plerumque
1922 2996 2347 3072 prophetationis

765 3112 1055 3167 comitatur
1081 3107 1272 3177 gratia.
1308 3104 1364 3159 In
1394 3105 1496 3158 hoc
1527 3117 1656 3156 vero
1686 3100 1846 3156 tertio
1869 3098 1936 3152 de
1965 3095 2222 3165 angelicis
2246 3109 2341 3163 ap-

2443 2539 2648 2596 editura
2681 2553 2742 2596 es
2789 2539 3059 2606 ﬂoridum,
3108 2539 3200 2608 qui
3249 2539 3402 2609 quasi
3458 2555 3595 2595 unus
3641 2541 4027 2610 prophetarum

2446 2631 2564 2697 Dei,
2620 2631 2762 2686 inter
2799 2631 2946 2701 ipsos
2995 2631 3491 2694 connumerabitur,
3523 2631 4032 2693 innumerabilium.

2449 2737 2556 2792 quae
2603 2721 2902 2775 animarum
2956 2720 3063 2774 dux
3117 2722 3182 2780 ad
3229 2722 3505 2807 (mlestem
3561 2745 3589 2782 a
3638 2732 3748 2785 Deo
3795 2744 4028 2801 patriam

2451 2821 2536 2868 est
2581 2813 3007 2882 prmdestinatus.
3050 2818 3106 2874 In
3155 2819 3254 2874 hac
3304 2820 3485 2876 audita
3513 2837 3647 2877 voce
3699 2823 3889 2878 mulier
3918 2839 4016 2880 ex-

2445 2903 2782 2972 pergiseitur.

2518 2993 2582 3050 ll.
2632 2995 2747 3054 Alia
2802 3001 2855 3053 in
2911 3010 3070 3056 nocte
3125 3003 3365 3070 ejusdem
3411 3003 3555 3059 beati
3578 3005 3731 3074 pueri
3773 3007 4027 3073 nutritor,

2445 3088 2752 3155 spectabilis
2797 3090 2876 3143 vir
2930 3091 3069 3156 vitae,
3137 3091 3446 3161 presbyter,
3503 3103 3624 3162 post
3678 3093 3892 3151 Missam
3962 3098 4030 3151 ab

767 3164 1141 3271 arabum";
1191 3212 1308 3265 qm,
1356 3196 1440 3251 vel
1495 3194 1562 3248 ab
1609 3193 1674 3246 iis
1740 3190 1808 3245 de
1850 3190 2011 3244 beam
2045 3164 2198 3251 ίγῑτο,
2255 3185 2341 3242 νει
2372 3164 2674 3232 Cecclesia
2727 3179 2791 3232 ad
2851 3181 3192 3248 hospitiolum
3253 3191 3549 3252 revertens,
3597 3192 3764 3238 totam
3827 3187 4034 3241 invenit

762 3294 898 3365 ipsis
949 3292 1014 3347 de
1068 3290 1184 3344 aliis
1232 3287 1482 3346 revelata:
1527 3293 1668 3340 sunt.
1699 3282 1766 3336 Et
1817 3283 1883 3336 de
1927 3282 2010 3335 his
2039 3295 2160 3350 qua:
2200 3289 2346 3335 utro-

766 3401 874 3456 que
901 3424 916 3449 ,
973 3381 1268 3452 quamlibet
1316 3378 1555 3448 disparili
1605 3376 1788 3440 modo,
1820 3373 1925 3428 hoc
1956 3380 2058 3438 est,
2092 3374 2190 3444 ipsi
2223 3387 2349 3442 pro-

766 3478 885 3549 prie
936 3485 990 3531 et
1041 3474 1271 3544 plenius,
1317 3471 1436 3526 aliis
1483 3484 1612 3522 vero
1662 3466 1974 3535 improprie,
2031 3473 2085 3520 et
2123 3480 2188 3520 ex
2211 3479 2345 3534 qua-

767 3567 890 3623 dam
950 3572 1102 3634 parte
1148 3569 1275 3616 sunt
1324 3557 1700 3623 manifestam,
1759 3557 1862 3610 hoc
1905 3564 1988 3609 est
2012 3554 2350 3610 extrinsecus

767 3667 824 3711 et
838 3655 1170 3726 explorative
1192 3671 1202 3705 :
1222 3653 1273 3706 in
1297 3651 1487 3705 iisdem
1503 3660 1681 3703 tamen
1702 3647 1785 3701 vel
1803 3645 2112 3713 angelorum
2133 3645 2220 3698 vel
2243 3658 2353 3700 cce-

765 3749 920 3803 lestis
961 3745 1183 3802 visionis
1229 3745 1380 3807 loc’s,
1431 3756 1549 3812 qua:
1604 3739 1788 3808 utique
1835 3737 2018 3790 talium
2058 3735 2353 3805 descripta-

772 3856 896 3895 rum
919 3839 1184 3894 visionum
1209 3835 1320 3889 suis
1347 3843 1616 3888 caraxatae
1647 3829 1780 3884 locis
1801 3827 2022 3882 inferius
2046 3826 2351 3882 clarebunt.

847 3929 954 3983 Sed
977 3942 1116 3980 nunc
1165 3940 1195 3979 a
1252 3921 1560 3994 primordiis
1598 3919 1740 3974 beati
1771 3917 2060 3972 nativitatis
2089 3915 2190 3970 viri
2231 3931 2352 3971 eas-

780 4020 905 4075 dem
954 4017 1258 4071 describere
1299 4013 1570 4082 angelicas
1609 4010 1971 4080 apparitiones
2019 4007 2352 4078 incipiamus.

784 4110 1023 4180 Angelus
1077 4107 1285 4162 Domini
1357 4106 1410 4160 in
1456 4103 1658 4159 somnis
1724 4102 1968 4172 genitrici
2041 4102 2359 4157 venerabilis

776 4201 882 4254 viri
927 4207 1085 4254 nocte
1126 4196 1354 4266 quadam
1382 4195 1521 4250 inter
1542 4189 1858 4261 ceuceptum
1902 4191 2019 4259 ejus
2047 4200 2102 4246 et
2147 4200 2358 4261 partum

781 4291 1054 4361 apparuit,
1110 4289 1266 4356 eique
1312 4287 1462 4355 quasi
1508 4285 1775 4353 quoddam
1808 4284 1956 4338 mine
2003 4284 2358 4354 pulchritudi-

783 4381 872 4435 nis
921 4380 1135 4448 peplum
1185 4377 1440 4433 assistens
1481 4375 1693 4442 detulit,
1737 4375 1790 4429 in
1867 4390 1976 4444 quo
2022 4375 2188 4429 veluti
2243 4375 2361 4429 uni-

782 4485 1066 4526 versorum
1120 4467 1422 4523 decolorosi
1463 4466 1673 4521 colores
1722 4466 1914 4520 ﬂorum
1966 4464 2164 4535 depicti
2209 4466 2356 4520 video

778 4561 998 4628 bantur,
1070 4559 1321 4628 quodque
1368 4564 1490 4628 post
1537 4555 1753 4625 aliquod
1797 4556 1962 4612 breve
2017 4555 2354 4610 intervallum

781 4651 899 4720 ejus
951 4653 1019 4706 de
1073 4650 1320 4704 manibus
1389 4661 1678 4716 reposcens
1731 4645 1974 4712 abstulit,
2031 4645 2358 4716 elevansque

780 4751 841 4798 et
883 4740 1198 4811 expandeus
1238 4739 1290 4794 in
1340 4753 1464 4793 aere
1502 4737 1702 4792 dimisit
1740 4751 1929 4792 vacuo.

855 4832 948 4887 [lla
997 4849 1129 4888 vero
1176 4832 1244 4886 de
1274 4831 1364 4885 illo
1410 4829 1706 4884 tristitieata
1735 4829 1967 4896 sublato,
1998 4831 2077 4886 sic
2115 4831 2181 4886 ad
2209 4831 2356 4886 illum

784 4923 1076 4980 venerandi
1121 4923 1332 4976 habitus
1377 4922 1594 4975 virum:
1638 4921 1744 4975 Cur
1789 4937 1818 4975 a
1863 4937 1966 4989 me,
2016 4924 2109 4986 ait,
2136 4925 2233 4978 hoc
2263 4923 2355 4976 lie-

785 5015 989 5070 tificum
1045 5026 1150 5068 tam
1233 5014 1340 5068 cito
1399 5013 1664 5068 abstrahis
1719 5014 1975 5084 pallium?
2018 5013 2111 5070 Ille
2168 5031 2358 5070 conse-

784 5116 1059 5178 quenter:
1109 5105 1332 5167 ldcirco,
1393 5106 1583 5173 inquit,
1644 5105 1767 5173 quia
1828 5105 1930 5159 hoc
1995 5121 2178 5173 sagum
2250 5116 2357 5161 tam

785 5194 1051 5262 magnifici
1085 5194 1303 5247 honoris
1358 5193 1584 5260 alicujus
1614 5204 1713 5255 est,
1743 5194 1886 5261 quod
1919 5195 2058 5264 apud
2087 5204 2137 5249 te
2165 5195 2360 5252 diutius

789 5288 1019 5340 retinere
1078 5301 1184 5338 non
1239 5285 1454 5351 poteris.
1511 5282 1604 5336 llis
1656 5285 1811 5338 dictis
1860 5301 2019 5355 supra
2087 5303 2357 5341 memora-

791 5386 905 5430 tum
962 5375 1176 5445 peplum
1204 5375 1394 5427 mulier
1427 5375 1680 5443 paulatim
1707 5390 1736 5428 a
1771 5390 1829 5429 se
1863 5377 2098 5445 elongari
2130 5379 2357 5434 volando

788 5467 1026 5530 videbat,
1075 5479 1499 5533 camporumque
1543 5465 1870 5520 latitudinem
1929 5467 1981 5519 in
2024 5467 2194 5536 majus
2221 5486 2359 5525 cres-

791 5559 960 5613 cendo
1018 5557 1303 5622 excedere,
1357 5566 1674 5624 montesque
1717 5566 1772 5611 et
1819 5559 1984 5611 saltus
2031 5560 2232 5627 majore
2278 5563 2356 5615 sui

793 5665 1042 5705 mensura
1105 5663 1401 5718 superare;
1459 5663 1752 5718 vocemque
1781 5649 2145 5718 hujuscemodi
2170 5653 2357 5706 subsc-

793 5752 969 5795 cutam
999 5741 1242 5795 audierat
1270 5756 1280 5789 :
1308 5737 1515 5802 Mulier,
1565 5739 1672 5794 noli
1716 5740 2024 5794 tristificari.
2061 5740 2186 5794 Viro
2216 5743 2355 5795 cnim

795 5831 880 5885 cui
923 5829 1295 5884 matrimoniali
1352 5843 1410 5883 es
1469 5828 1654 5899 juncta
1700 5829 1921 5896 fmdere,
1977 5831 2136 5886 talem
2194 5833 2354 5886 tilium

2449 3267 2666 3322 domum
2689 3269 2831 3323 clara
2865 3270 3168 3325 irradiatam
3187 3271 3324 3326 luce.
3347 3272 3573 3328 Globum
3591 3277 3786 3345 quippe
3807 3276 4026 3344 igneum

2449 3373 2612 3426 super
2631 3360 2836 3430 pueruli
2876 3361 3189 3416 dormientis
3220 3362 3412 3418 faciem
3459 3365 3589 3419 vidit
3618 3373 3848 3420 stantem
3875 3386 3886 3419 :
3914 3382 4027 3437 quo

2450 3451 2568 3506 viso
2611 3451 2792 3504 statim
2821 3451 3114 3518 intremuit,
3146 3463 3199 3508 et
3224 3462 3493 3523 prostrato
3531 3457 3583 3510 in
3613 3466 3808 3511 terram
3855 3458 4032 3526 vultu,

2451 3541 2608 3596 valde
2655 3542 2896 3606 miratus,
2945 3543 3180 3612 Spiritus
3206 3545 3379 3599 sancti
3410 3547 3636 3614 gratiam
3683 3563 3847 3618 super
3870 3564 4030 3606 suum

2455 3633 2720 3689 intellexit
2770 3634 3044 3690 alumnum
3093 3636 3304 3692 caelitus
3330 3636 3579 3693 effusam.

2523 3723 2610 3778 lll.
2650 3722 2776 3780 Post
2827 3725 3117 3781 multorum
3157 3726 3435 3781 intervalla
3483 3737 3787 3800 temporum
3827 3745 3954 3787 eum
4002 3747 4033 3786 a

2455 3815 2686 3885 quadam
2725 3815 2928 3886 synodo
2958 3832 3057 3885 pro
3105 3817 3419 3886 quibusdam
3469 3820 3766 3876 venialibus
3830 3829 3887 3877 et
3939 3837 4038 3878 ex-

2455 3906 2780 3963 cusabilibus
2824 3908 3019 3970 causis,
3064 3923 3172 3962 non
3219 3918 3387 3974 recte,
3436 3917 3498 3964 ut
3531 3918 3656 3978 post
3680 3910 3735 3966 in
3766 3911 3872 3968 fine
3923 3913 4035 3968 cla-

2455 3999 2586 4064 ruit,
2641 4005 2860 4054 sanctus
2889 3999 3446 4055 excommunicaretur
3488 3999 3769 4068 Columba,
3797 4003 3866 4058 ad
3891 4017 4038 4060 eam-

2458 4087 2580 4143 dem
2611 4096 2798 4143 contra
2827 4089 2998 4158 ipsam
3031 4089 3312 4144 collectam
3356 4091 3503 4146 venit
3539 4094 4032 4163 congregationem.

2459 4180 2632 4244 Quem
2678 4194 2798 4234 cum
2825 4179 3034 4235 eminus
3084 4181 3603 4252 appropinquantem
3631 4192 3849 4240 sanctus
3875 4185 4039 4242 vidis-

2457 4279 2541 4324 set
2609 4269 2938 4337 Brendenus,
3000 4270 3140 4327 illius
3204 4273 3516 4328 monasterii
3567 4273 3836 4342 fundator,
3889 4278 4038 4347 quod

2460 4363 2676 4417 Scotice
2728 4362 2878 4418 Birra
2931 4373 3291 4434 nuncupatur,
3339 4367 3496 4422 citius
3540 4369 3744 4438 surgit;
3792 4378 3849 4425 et
3882 4370 4041 4428 incli-

2464 4466 2590 4510 nata
2621 4455 2755 4510 facie
2809 4469 2929 4508 eum
2962 4463 3247 4510 veneratus
3299 4457 3663 4513 exosculatur.
3713 4459 3883 4526 Quem
3909 4475 4036 4517 cum

2460 4546 2622 4614 aliqui
2671 4545 2811 4600 illius
2850 4545 3090 4599 seniores
3138 4552 3309 4600 cretus
3334 4560 3577 4602 seorsum
3613 4550 3824 4603 caeteris
3847 4549 4038 4605 redar-

2462 4643 2688 4703 guereut
2733 4635 2982 4689 semotim
3037 4635 3319 4692 dicentes:
3366 4640 3542 4702 Quare
3588 4652 3766 4693 coram
3817 4655 4044 4697 excom-

2461 4727 2735 4782 municato
2782 4741 3023 4795 surgere,
3073 4736 3127 4782 et
3157 4742 3277 4782 eum
3331 4729 3559 4784 osculari
3593 4745 3698 4785 non
3741 4736 4044 4790 revereris?

2464 4819 2662 4874 Taliter
2713 4819 2778 4872 ad
2831 4833 2924 4874 eos
2968 4819 3217 4889 inquiens
3249 4819 3346 4875 :Si
3398 4835 3518 4888 vos,
3564 4821 3660 4886 ait,
3686 4821 3948 4882 videretis
3976 4842 4040 4883 ea

2461 4926 2580 4982 quae
2598 4911 2725 4964 mihi
2750 4910 3007 4964 Dominus
3025 4911 3124 4964 hac
3151 4913 3204 4966 in
3225 4911 3315 4967 die
3333 4913 3400 4968 de
3424 4915 3527 4971 hoc
3546 4931 3668 4983 suo,
3689 4934 3849 4989 quem
3871 4919 4043 4974 deho—

2461 5002 2685 5065 noratis,
2714 5000 2886 5056 electo
2911 5000 3256 5058 manifestare
3277 5018 3383 5057 non
3420 5004 3735 5076 dedignatus
3765 5019 3870 5076 est,
3906 5027 4047 5066 nun-

2461 5109 2622 5164 quam
2651 5094 3241 5161 excommunicassetis,
3262 5110 3424 5165 quem
3450 5099 3713 5157 Dominus
3728 5117 3837 5157 non
3868 5104 4044 5158 solum

2459 5185 2750 5240 secundum
2767 5193 2998 5240 vestram
3019 5203 3124 5241 non
3141 5197 3342 5246 rectam
3360 5193 3683 5248 sententiam
3703 5195 3853 5250 nullo
3881 5195 4046 5250 modo

2459 5278 2911 5345 excommunicat,
2943 5279 3033 5332 sed
3055 5287 3106 5333 et
3140 5281 3307 5350 magis
3334 5289 3389 5337 et
3420 5283 3590 5352 magis
3611 5284 3940 5352 magniticat.
3967 5287 4044 5341 Illi

2459 5383 2490 5423 e
2518 5379 2702 5424 contra
2735 5387 2747 5423 :
2777 5371 3078 5438 Quomodo,
3107 5372 3280 5438 aiunt,
3311 5384 3369 5430 ut
3391 5374 3546 5438 dicis,
3580 5376 3754 5446 ipsum
3778 5378 4046 5448 gloriticat

2459 5463 2596 5518 Deus
2619 5479 2778 5534 quem
2806 5482 2903 5520 nos
2935 5482 3041 5522 non
3071 5467 3187 5521 sine
3226 5483 3385 5523 causa
3437 5470 4044 5540 excommunicavimus,

2459 5555 2594 5609 scire
2615 5557 2878 5625 cupimus.
2907 5555 3228 5626 lgnicomam
3273 5561 3358 5614 vel
3402 5561 3556 5616 valde
3597 5563 3939 5630 luminosam,
3973 5569 4048 5621 ait

2459 5647 2785 5713 Brcndenus,
2819 5649 3120 5708 columnam
3150 5652 3274 5715 vidi,
3320 5653 3564 5708 eumdem
3609 5670 3768 5724 quem
3799 5672 3901 5712 vos
3921 5659 4046 5713 des.

2459 5742 2652 5810 picitis,
2685 5742 3088 5798 antecedentem
3130 5745 3218 5799 Dei
3251 5747 3543 5813 hominem,
3566 5748 3788 5817 angelos
3828 5765 4048 5821 quoque

2461 5843 2676 5892 sanctos
2696 5848 2790 5902 per
2810 5848 3053 5917 campum
3071 5836 3183 5904 ejus
3207 5837 3406 5902 itineris
3429 5839 3666 5895 comites.
3689 5838 3847 5897 Hune
3865 5845 4047 5914 itaque
