4204 6560
152 424 244 480 τει
1261 414 1349 473 DE
1392 411 1553 472 VITA
1591 410 1650 470 S.
1689 406 2043 470 COLUMB/E
2083 410 2215 470 LIB.
2257 410 2346 469 III.

3333 421 3438 478 762

150 555 405 617 spernere
428 555 534 595 non
557 537 932 606 audeo,quem
947 532 1270 606 populorum
1287 532 1479 589 ducem
1495 528 1565 584 ad
1580 528 1739 583 vitam
1769 524 1825 585 Α
1850 532 1977 594 pote
2004 525 2198 581 Aidani
2243 528 2361 582 sine
2398 538 2564 586 causa
2609 534 2856 586 vastante
2884 530 3222 602 provinciam
3274 533 3438 593 Dom-

151 654 178 692 a
206 638 315 691 Deo
345 632 764 704 pracordinatum
786 627 968 683 video.
997 626 1089 681 llis
1117 625 1186 680 ab
1216 640 1283 680 eo
1304 623 1461 679 dictis
1489 636 1597 677 non
1617 628 1739 675 tan-

154 739 263 782 tum
312 725 453 780 ultra
475 723 739 778 Sanctum
786 718 1264 775 excommunicare
1303 730 1413 770 non
1460 713 1597 779 ausi,
1626 726 1743 767 ces-

149 827 361 883 sarunt,
414 816 506 873 sed
558 823 614 869 et
666 812 822 867 valde
875 811 1122 867 venerati
1171 810 1528 865 honorarunt.

220 909 309 963 IV.
362 907 482 962 Alio
524 906 579 961 in
619 913 883 974 tempore,
936 902 1018 957 vir
1093 910 1311 956 sanctus
1379 899 1742 955 venerandum

153 1001 472 1072 episcopum
537 996 859 1052 Finnioneni
910 1010 1068 1050 suum
1128 992 1379 1047 videlicet
1427 991 1741 1060 magistrum

150 1094 365 1162 juvenis
410 1104 597 1145 senem
645 1087 799 1142 adiit.
830 1086 1002 1154 Quem
1042 1099 1166 1140 cum
1195 1091 1416 1143 sanctus
1443 1080 1637 1137 Finnio
1678 1079 1746 1134 ad

155 1199 214 1239 se
253 1182 782 1254 appropinquantem
815 1178 1053 1239 vidisset,
1088 1176 1335 1243 angelum
1360 1171 1576 1227 Domini
1603 1171 1748 1241 pari-

156 1286 237 1332 ter
288 1278 407 1344 ejus
462 1273 718 1329 comitem
769 1270 976 1325 itineris
1034 1268 1185 1323 vidit.
1250 1268 1334 1330 Et,
1395 1274 1452 1319 ut
1480 1264 1639 1320 nobis
1681 1266 1747 1317 ab

160 1368 396 1439 expertis
450 1364 701 1429 traditur,
760 1362 1081 1431 quibusdam
1130 1358 1435 1415 astantibus
1484 1356 1750 1411 intimavit

156 1462 434 1527 fratribus,
498 1459 723 1515 dicens:
754 1454 895 1512 Ecce
942 1469 1084 1509 nunc
1131 1452 1323 1508 videtis
1358 1458 1606 1505 sanctum
1658 1448 1748 1502 ad-

157 1555 468 1611 venientem
500 1551 847 1613 Columbam,
903 1548 993 1618 qui
1026 1548 1105 1602 sui
1156 1552 1496 1602 commeatus
1550 1542 1751 1598 meruit

159 1650 358 1706 habere
406 1650 614 1704 socium
672 1644 922 1714 angelum
973 1642 1297 1698 caelicolam.

232 1742 429 1797 Iisdem
491 1739 684 1795 diebus
713 1737 945 1792 Sanctus
1002 1750 1122 1789 cum
1181 1732 1465 1788 duodecim
1520 1728 1747 1785 commi-

156 1832 416 1890 litonibus
469 1829 743 1901 discipulis
786 1826 1118 1881 Britanniam
1178 1820 1617 1890 transnavigavit.

225 1926 291 1979 ν.
325 1924 449 1980 Alio
483 1924 535 1977 in
562 1932 825 1991 tempore,
853 1936 973 1976 cum
996 1919 1078 1973 vir
1106 1917 1463 1988 prtedicabilis
1500 1916 1553 1969 in
1598 1916 1747 1969 IIim-

153 2020 270 2076 bria
319 2023 749 2074 commoraretur
776 2012 969 2078 insula,
997 2011 1227 2083 quadam
1253 2018 1415 2065 nocte
1448 2009 1501 2063 in
1548 2007 1748 2062 exstasi

155 2112 355 2167 mentis
404 2110 653 2180 angelum
710 2105 919 2161 Domini
972 2104 1039 2158 ad
1082 2118 1142 2159 se
1191 2102 1412 2159 missum
1463 2101 1616 2162 viJit,
1658 2099 1749 2167 qui

158 2202 208 2257 in
236 2218 403 2257 manu
436 2202 664 2255 vitreum
698 2197 1055 2254 ordinationis
1076 2209 1262 2265 regum
1276 2194 1510 2249 habebat
1533 2192 1748 2257 librum,

155 2312 321 2367 quem
366 2310 487 2349 cum
534 2294 617 2349 vir
655 2291 993 2348 venerandus
1046 2288 1114 2345 de
1153 2303 1315 2344 manu
1363 2286 1540 2356 angeli
1597 2300 1752 2341 acce-

153 2393 346 2460 pisset,
391 2388 459 2442 ab
515 2402 582 2442 eo
642 2384 821 2455 jussus
859 2384 1039 2452 legere
1084 2381 1265 2452 coepit.
1312 2380 1414 2448 Qui
1476 2394 1618 2443 cum,
1669 2392 1754 2433 se-

154 2482 395 2537 cundum
451 2479 594 2550 quod
664 2478 711 2534 ei
771 2478 825 2533 in
892 2477 1033 2533 libro
1103 2483 1222 2531 erat
1290 2472 1751 2535 commendatum,

157 2574 429 2628 Aidanum
485 2571 538 2626 in
587 2584 768 2639 regem
792 2568 1043 2624 ordinare
1063 2574 1363 2628 recusaret,
1403 2564 1530 2634 quia
1583 2562 1755 2631 magis

154 2663 499 2733 Jogenanum
576 2661 797 2716 fratrem
870 2660 988 2731 ejus
1057 2659 1325 2727 diligeret,
1403 2658 1582 2712 subito
1659 2670 1755 2709 an-

157 2757 315 2827 gelus
342 2754 643 2811 extendens
663 2770 901 2819 manum,
928 2754 1189 2810 Sanctum
1214 2751 1480 2823 percussit
1502 2750 1748 2819 flagello:

158 2850 323 2919 cujus
363 2850 654 2904 Iivorosutn
703 2849 756 2903 in
804 2848 922 2917 ejus
971 2847 1141 2902 latere
1172 2847 1454 2916 vestigium
1504 2845 1755 2901 omnibus

159 2957 276 2997 sua:
308 2940 496 2996 diebus
526 2940 822 3012 permansit
846 2940 999 3006 vitae;
1032 2941 1243 3009 hocque
1269 2939 1449 2994 intulit
1491 2938 1752 2993 verbum:

160 3036 273 3092 Pro
316 3046 463 3092 certo
507 3036 665 3101 scias,
720 3034 987 3104 inquiens,
1036 3034 1160 3101 quia
1209 3033 1276 3087 ad
1306 3041 1359 3087 te
1400 3047 1431 3086 a
1482 3031 1593 3086 Deo
1626 3031 1754 3085 mis-

161 3145 260 3185 sus
309 3144 448 3194 sum,
498 3143 619 3182 curn
671 3126 842 3181 vitreo
892 3126 1048 3191 libro,
1107 3132 1164 3179 ut
1211 3124 1364 3194 juxta
1422 3124 1582 3179 verba
1634 3138 1754 3192 qua:

162 3222 220 3277 in
245 3237 315 3277 eo
343 3220 520 3289 legisti
544 3218 813 3274 Aidanum
839 3218 891 3272 in
912 3232 1135 3287 regnum
1156 3218 1393 3272 ordines.
1413 3217 1567 3283 Quod
1589 3216 1630 3270 si
1654 3217 1754 3272 ob-

158 3310 466 3369 secundare
484 3310 610 3365 huic
623 3309 861 3364 nolueris
871 3308 1119 3377 iussioni,
1144 3308 1442 3378 percutiam
1464 3317 1515 3362 te
1534 3308 1749 3362 iterato.

236 3402 341 3459 Hic
390 3405 570 3473 itaque
609 3402 835 3472 angelus
867 3401 1077 3457 Domini
1122 3416 1244 3456 cum
1292 3416 1389 3471 per
1444 3411 1555 3455 tres
1621 3415 1756 3454 con-

164 3498 354 3553 tinuas
411 3504 598 3551 noctes
645 3494 894 3549 eumdem
945 3494 997 3547 in
1052 3509 1210 3547 manu
1262 3496 1495 3548 vitreum
1550 3493 1757 3548 habens

161 3589 424 3646 Codicem
473 3589 833 3658 apparuisset,
880 3586 1180 3656 eademque
1225 3586 1435 3642 Domini
1486 3585 1635 3655 jussa
1691 3585 1758 3642 de

161 3683 312 3753 regis
351 3680 592 3750 ejusdem
651 3679 991 3736 ordinatione
1019 3678 1481 3743 commendasset;
1524 3678 1756 3735 Sanctus

160 3778 336 3833 verbo
385 3776 672 3830 obsecutus
722 3773 951 3838 Domini,
1008 3772 1076 3826 ad
1104 3770 1297 3826 Jovam
1343 3771 1759 3839 transnavigavit

162 3868 423 3931 insulam,
475 3864 782 3935 ibidemque
820 3864 1091 3918 Aidanum
1142 3861 1333 3919 iisdem
1372 3861 1757 3916 adventantem

162 3959 360 4015 diebus
408 3959 460 4013 in
514 3971 722 4025 regem,
778 3957 917 4011 sicut
943 3956 1125 4024 jussus
1172 3964 1311 4022 erat,
1360 3954 1648 4019 ordinavit,
1701 3964 1761 4012 et

164 4052 313 4107 inter
360 4049 717 4105 ordinationis
759 4048 922 4103 verba
948 4046 1013 4101 d:
1045 4046 1165 4104 filiis
1210 4055 1269 4103 et
1291 4047 1580 4116 nepotibus
1633 4062 1759 4116 pro-

164 4144 571 4215 nepotibusque
600 4144 715 4212 ejus
762 4140 939 4195 futura
984 4140 1379 4209 praphetizavit
1408 4157 1419 4190 :
1449 4139 1758 4207 imponens-

167 4252 277 4308 que
325 4250 544 4290 manum
592 4247 757 4302 super
801 4239 963 4301 caput
1018 4229 1135 4299 ejus
1162 4230 1419 4285 ordinans
1455 4231 1753 4285 benedixit.

239 4327 604 4382 Commeneus
634 4322 825 4385 Albus,
855 4322 909 4377 in
960 4321 1098 4376 libro
1146 4335 1305 4390 quem
1361 4321 1429 4376 de
1469 4320 1759 4375 virtutibus

164 4420 341 4476 sancti
388 4417 667 4473 Columba:
726 4414 965 4484 scripsit,
1023 4414 1101 4469 sic
1145 4412 1300 4475 dixit,
1350 4412 1496 4481 quod
1538 4420 1758 4468 sanctus

165 4511 432 4569 Columba
481 4510 551 4564 de
598 4506 828 4571 Aidano,
886 4513 941 4561 et
996 4505 1063 4560 de
1116 4504 1349 4575 posteris
1397 4505 1535 4572 ejus,
1584 4512 1641 4559 et
1692 4503 1760 4559 de

168 4620 338 4675 regno
394 4620 495 4658 suo
571 4602 897 4673 prophetare
928 4600 1092 4668 emi-it
1132 4600 1319 4654 dicens
1350 4618 1362 4652 :
1390 4596 1759 4653 lndubitanter

166 4699 362 4761 credo,
392 4712 427 4751 ο
455 4696 684 4756 Αἱιξεηθ,
709 4693 854 4763 quod
881 4692 1058 4746 nullus
1084 4691 1511 4745 adversariorum
1542 4698 1757 4745 tuorum

166 4791 265 4847 tibi
318 4788 521 4861 poterit
570 4787 838 4849 resistere,
899 4784 1071 4839 donec
1121 4783 1268 4853 prius
1342 4781 1757 4837 fraudulentiam

164 4900 297 4956 agas
322 4886 377 4938 in
420 4898 530 4945 me,
564 4888 620 4935 et
673 4880 725 4934 in
773 4886 1023 4949 posteros
1078 4891 1250 4932 meos.
1289 4876 1577 4946 Propterea
1628 4891 1758 4944 ergo

164 4990 222 5034 tu
275 4978 399 5031 filiis
451 4972 799 5030 commendes
855 4979 912 5024 ut
958 4979 1014 5025 et
1059 4971 1158 5040 ipsi
1204 4970 1325 5024 filiis
1375 4978 1430 5022 et
1478 4968 1761 5037 nepotibus

167 5084 223 5129 et
253 5070 493 5143 posteris
549 5069 659 5122 suis
708 5066 1105 5127 commendent,
1140 5079 1208 5118 ne
1251 5078 1348 5133 per
1376 5064 1596 5119 consilia
1622 5063 1759 5116 niaIa

163 5178 358 5219 eorum
380 5171 653 5227 sceptrum
672 5158 819 5225 regni
846 5158 1003 5226 hujus
1024 5156 1091 5211 de
1112 5156 1358 5210 inanibus
1378 5156 1486 5209 suis
1510 5154 1756 5224 perdant.

161 5256 220 5313 ln
268 5266 598 5325 quocunque
645 5250 789 5305 enim
817 5257 1060 5319 tempore
1088 5250 1287 5303 malum
1338 5248 1619 5303 adversum
1651 5263 1758 5313 me,

162 5355 260 5400 aut
310 5345 576 5399 adversus
632 5349 892 5409 cognatos
942 5356 1110 5403 meos.
1156 5343 1247 5412 qui
1296 5350 1422 5397 sunt
1468 5342 1519 5395 in
1570 5340 1760 5396 Iliber-

167 5438 285 5502 nia,
346 5434 594 5499 fecerint,
640 5432 931 5501 flagellum,
980 5433 1121 5502 quod
1170 5450 1335 5489 causa
1367 5436 1441 5489 tui
1472 5434 1536 5489 ab
1568 5436 1760 5504 angelo

162 5526 425 5592 sustinui,
467 5540 566 5595 per
616 5539 834 5577 manum
890 5524 982 5579 Dei
1040 5540 1202 5596 super
1250 5542 1345 5581 eos
1397 5528 1451 5580 in
1507 5540 1757 5595 magnum

167 5617 428 5686 flagitium
462 5623 722 5680 vertetur,
751 5625 804 5669 et
834 5631 927 5669 cor
960 5615 1194 5671 virorum
1225 5615 1500 5672 auferetur
1538 5620 1606 5671 ab
1659 5618 1759 5685 eis,

166 5720 221 5766 et
271 5710 471 5765 inimici
524 5722 713 5763 eorum
744 5708 1090 5763 vehementer
1145 5724 1307 5777 super
1352 5724 1446 5763 eos
1486 5709 1759 5763 conforta—

166 5812 387 5865 buntur.
445 5808 558 5861 Iloc
610 5815 792 5860 autem
838 5806 1145 5859 vaticinium
1201 5808 1529 5877 temp'iribus
1563 5809 1760 5863 nostris

166 5904 497 5978 completum
556 5908 642 5957 est
690 5899 741 5953 in
765 5898 1039 5954 Belloroth
1073 5899 1353 5957 Domnallo
1405 5900 1625 5967 Brecco,
1663 5918 1758 5958 uc-

1781 1888 1829 1948 B

1846 620 1955 675 nail
2007 620 2216 689 nepotis
2262 621 2513 689 Amureg.
2575 622 2643 677 Et
2696 638 2726 677 a
2774 624 2861 681 die
2918 626 3009 681 illa
3056 642 3228 697 usque
3277 630 3438 686 hodie

1847 711 2023 769 adhuc
2066 713 2119 766 in
2169 714 2410 783 proclivo
2438 721 2563 768 sunt
2592 716 2660 770 ab
2690 718 2985 785 extraneis,
3010 719 3157 788 quod
3207 722 3439 791 suspiria

1847 804 2051 859 doloris
2104 806 2317 874 pectori
2372 806 2579 860 incutit.

1924 896 2009 951 Vl.
2068 899 2187 953 Alio
2244 900 2293 953 in
2347 908 2609 968 tempore,
2642 914 2763 954 cum
2815 915 2895 953 vir
2938 911 3156 957 sanctus
3204 903 3253 956 in
3303 902 3437 961 Jova

1850 999 2268 1046 conversaretur
2307 990 2499 1056 insula,
2552 992 2769 1059 quidam
2817 990 2883 1045 de
2955 993 3065 1047 suis
3145 997 3439 1054 monachus

1850 1082 2041 1145 Britto,
2096 1082 2256 1137 bonis
2293 1084 2502 1138 actibus
2559 1083 2819 1149 intentus,
2869 1084 3114 1139 molestia
3159 1096 3440 1157 correptus

1852 1177 2122 1246 corporis,
2173 1178 2238 1231 ad
2288 1187 2531 1232 evtrema
2576 1178 2871 1248 perductus
2921 1187 3039 1245 est;
3094 1194 3254 1248 quem
3316 1197 3437 1235 cum

1852 1269 1932 1323 vir
1972 1268 2305 1325 venerandus
2360 1271 2411 1323 in
2463 1270 2593 1323 liora
2642 1271 2723 1323 sui
2772 1270 3018 1325 visitaret
3064 1272 3260 1335 exitus,
3308 1286 3439 1341 paur

1852 1362 2017 1433 Iisper
2070 1363 2134 1417 ad
2167 1363 2283 1431 ejus
2334 1362 2529 1417 lectum
2571 1363 2836 1426 assidens,
2891 1372 2947 1416 et
3002 1363 3051 1417 ei
3089 1362 3435 1426 benedicens,

1852 1455 2003 1510 ocius
2048 1454 2267 1510 domum
2313 1455 2606 1522 egreditur,
2652 1455 2843 1509 uolens
2880 1455 3062 1509 videre
3092 1457 3435 1509 morientem.

1853 1549 1953 1616 Qui
2007 1547 2197 1604 eodem
2237 1557 2510 1603 momento
2561 1557 2682 1618 post
2724 1549 2909 1604 Sancti
2990 1548 3060 1603 de
3113 1548 3275 1604 domo
3352 1564 3439 1605 re-

1853 1659 2064 1700 cessum
2114 1642 2233 1709 viri,
2286 1650 2604 1711 praesentem
2655 1643 2825 1697 finivit
2870 1642 3052 1696 vitam.

1924 1736 2059 1791 Tum
2109 1737 2191 1789 vir
2232 1734 2586 1804 praedicabilis
2619 1733 2672 1787 in
2704 1732 2942 1803 plateola
2972 1734 3055 1789 sui
3087 1733 3443 1790 deambulans

1852 1828 2163 1883 monasterii
2234 1827 2496 1896 porrectis
2563 1825 2631 1881 ad
2686 1826 2883 1882 caelum
2954 1827 3171 1892 oculis,
3237 1826 3441 1883 diutius

1857 1923 2010 1976 valde
2038 1922 2422 1989 obstupesceus
2446 1920 2834 1975 admirabatur.
2868 1919 3096 1984 Quidam
3120 1934 3248 1975 vero
3277 1920 3443 1974 frater

1855 2014 2093 2069 Aidauus
2145 2013 2381 2077 nomine,
2438 2012 2593 2067 bonae
2622 2010 2841 2078 indolis,
2870 2021 2923 2067 et
2947 2011 3235 2081 religiosus
3254 2012 3441 2075 homo,

1855 2106 1945 2175 qui
1994 2105 2140 2162 solus
2187 2104 2253 2159 de
2302 2104 2557 2160 fratribus
2611 2106 2799 2158 eadem
2855 2102 3026 2158 adfuit
3075 2104 3231 2168 hora,
3291 2102 3444 2158 flexis

1855 2200 2079 2270 genibus
2104 2213 2293 2268 rogare
2315 2200 2481 2268 coepit
2510 2208 2566 2252 ut
2592 2208 2810 2254 sanctus
2831 2199 3005 2253 eidem
3035 2206 3197 2254 tanta:
3220 2200 3441 2254 admira-

1857 2294 2017 2349 tionis
2041 2306 2257 2347 causam
2298 2292 2587 2346 intimaret.
2644 2290 2741 2346 Cui
2771 2300 2985 2347 sanctus
3012 2310 3023 2345 :
3050 2290 3201 2346 Nunc
3228 2300 3446 2347 sanctos

1858 2384 2093 2454 Angelos
2140 2383 2194 2437 in
2251 2397 2376 2437 aere
2429 2393 2613 2438 contra
2647 2381 2980 2438 adversarias
3010 2391 3309 2452 potestates
3335 2382 3448 2436 bel-

1856 2478 2087 2549 ligerare
2142 2476 2632 2545 vidi;Christoquc
2679 2476 3018 2544 agonotlietzc
3070 2475 3270 2543 gratias
3324 2488 3447 2543 ago,

1859 2571 1985 2641 quia
2038 2568 2270 2624 victores
2313 2567 2491 2636 angeli
2554 2564 2787 2620 animam
2834 2566 2995 2635 hujus
3022 2564 3310 2635 peregrini,
3356 2565 3447 2633 qui

1859 2661 2065 2732 primus
2125 2659 2264 2731 apud
2317 2674 2415 2713 nos
2469 2658 2523 2712 iu
2572 2657 2673 2712 hac
2724 2658 2899 2714 insula
2944 2668 3189 2713 mortuus
3226 2666 3326 2721 est,
3380 2658 3447 2711 ad

1859 2751 2097 2809 (mlestus
2137 2752 2323 2822 patria:
2352 2750 2544 2820 gaudia
2581 2760 2897 2805 evexerunt.
2953 2749 3060 2804 Sed
3090 2750 3210 2812 hoc,
3244 2762 3446 2817 qumso,

1859 2855 2254 2904 sacramentum
2311 2848 2514 2901 nemini
2564 2845 2617 2900 iu
2662 2844 2770 2898 vita
2820 2858 2938 2898 mea
2976 2844 3205 2898 reveles.

1928 2940 2036 2994 VII.
2088 2938 2222 2995 Cum
2274 2941 2354 2994 vir
2401 2942 2591 2996 beatus
2645 2936 3055 3006 adhucjuveuis
3089 2938 3358 2991 Diacouus
3392 2937 3444 2990 iu

1864 3042 2020 3105 parte
2066 3032 2459 3103 Lagenensium
2515 3033 2747 3089 divinam
2791 3030 3074 3085 addiscens
3135 3030 3448 3095 sapientiam

1862 3114 2295 3189 Conversaretur,
2352 3128 2583 3196 quadam
2631 3126 2828 3184 accidit
2882 3124 2971 3185 die
3026 3123 3273 3183 uthio
3327 3124 3451 3188 qui-

1864 3219 1988 3274 dam
2029 3219 2384 3275 innocuorum
2419 3222 2638 3276 immitis
2667 3230 2982 3292 persecutor
3006 3221 3237 3278 crudelis
3260 3236 3451 3294 quam-

1862 3310 1984 3366 dam
2039 3311 2093 3366 in
2151 3312 2323 3384 campi
2378 3312 2601 3383 planitie
2665 3312 2883 3368 filiolam
2925 3315 3215 3384 fugientem
3274 3330 3454 3385 perse-

1861 3411 2138 3473 queretur.
2172 3404 2302 3470 Qua:
2361 3418 2482 3457 cum
2512 3400 2652 3459 forte
2690 3417 3007 3472 germanum
3058 3420 3243 3460 senem
3286 3420 3449 3475 supra

1862 3490 2143 3544 memorati
2185 3489 2397 3557 juvenis
2432 3489 2646 3544 diaconi
2688 3492 3004 3559 magistrum
3051 3493 3106 3548 in
3152 3508 3346 3562 campo
3373 3493 3452 3547 le-

1861 3594 2075 3653 gentem
2127 3585 2366 3653 vidisset,
2412 3585 2479 3638 ad
2526 3600 2649 3639 eum
2701 3594 2855 3641 recto
2902 3603 3088 3653 cursu,
3119 3596 3318 3657 quanta
3364 3602 3451 3641 va-

1862 3676 1960 3731 luit
1988 3677 2274 3732 velocitate
2300 3676 2540 3745 confugit
2573 3694 2583 3728 :
2620 3676 2713 3745 qui
2745 3678 2838 3733 tali
2868 3680 3217 3750 perturbatus
3246 3680 3450 3734 subita-

1862 3772 2010 3826 tione
2036 3772 2351 3828 Columbam
2382 3774 2591 3830 eminus
2612 3771 2881 3841 legentem
2900 3772 3154 3835 advocat,
3187 3781 3246 3827 ut
3266 3773 3447 3837 ambo,

1863 3863 1915 3918 in
1959 3872 2220 3933 quantum
2258 3866 2572 3928 valuissent,
2620 3866 2782 3919 filiam
2814 3880 2845 3919 a
2872 3874 3238 3942 persequente
3265 3866 3450 3921 defen-

1861 3958 2073 4015 derent.
2099 3959 2202 4025 Qui
2227 3959 2407 4013 statim
2433 3958 2841 4029 superveniens,
2870 3958 3014 4012 nulla
3043 3959 3123 4013 eis
3143 3959 3210 4013 ab
3232 3974 3299 4013 co
3322 3957 3448 4014 data

1860 4054 2185 4114 reverentia,
2242 4050 2404 4105 filiam
2458 4051 2558 4105 sub
2605 4051 2940 4113 vestimentis
3013 4065 3203 4106 eorum
3260 4051 3450 4107 lancea

1858 4143 2159 4213 jugulavit;
2208 4151 2264 4198 et
2292 4144 2604 4215 relinquens
2642 4145 2912 4215 jacentem
2969 4154 3237 4199 mortuam
3288 4160 3453 4214 super

1864 4236 2028 4305 pedes
2057 4249 2243 4290 eorum
2296 4250 2518 4291 aversus
2554 4237 2706 4291 abire
2736 4235 2922 4306 cmpit.
2954 4239 3133 4291 Senex
3157 4243 3267 4289 tum
3297 4234 3452 4290 valde

1865 4324 2197 4382 tristificatur
2244 4342 2543 4382 conversus
2583 4327 2650 4381 ad
2695 4327 3040 4393 Columbam,
3074 4328 3310 4395 Quanto,
3352 4329 3450 4395 ait,

1862 4429 2050 4475 sancte
2084 4434 2216 4489 puer
2268 4419 2552 4484 Columba,
2620 4420 2720 4474 Iioc
2765 4420 2943 4474 scelus
2998 4437 3117 4474 cum
3144 4430 3325 4475 nostra
3355 4420 3452 4475 de-

1864 4512 2220 4567 honoratione
2255 4514 2518 4582 temporis
2563 4515 2737 4583 spat‘o
2793 4514 3019 4567 inultum
3096 4515 3210 4569 fieri
3276 4513 3447 4571 Judex

1793 4629 1841 4688 ι)
1861 4603 2035 4672 justus
2064 4604 2299 4674 patietur
2346 4605 2539 4659 Deus?
2594 4604 2825 4659 Sanctus
2874 4618 3273 4676 consequenter
3311 4609 3451 4662 hanc

1865 4696 1918 4750 in
1974 4697 2147 4766 ipsum
2198 4696 2580 4752 sceleratorem
2612 4698 2836 4767 protulit
2863 4698 3446 4758 sententiam.dicens:

1935 4788 2134 4843 Eadem
2183 4789 2336 4851 hora,
2389 4803 2491 4859 qua
2537 4787 2835 4843 interfecta:
2870 4789 2937 4843 ab
2966 4804 3034 4846 eo
3090 4790 3210 4843 lilia:
3266 4789 3447 4844 anima

1864 4880 2106 4935 ascendit
2134 4881 2199 4934 ad
2222 4881 2409 4945 cmlos,
2435 4880 2612 4934 anima
2643 4880 2809 4951 ipsius
2831 4878 3191 4936 interfectoris
3219 4881 3446 4936 descen-

1864 4972 1954 5027 det
1995 4971 2062 5026 ad
2117 4970 2340 5026 inferos.
2394 4970 2458 5025 Et
2501 4971 2646 5025 dicto
2700 4972 2857 5026 citius
2910 4987 3032 5027 cum
3082 4973 3267 5037 verbo,
3310 4974 3450 5027 sicut

1864 5062 2101 5117 Anauias
2129 5078 2315 5118 coram
2356 5062 2535 5127 Petro,
2568 5063 2647 5117 sic
2676 5072 2733 5117 et
2778 5063 2868 5117 ille
2897 5064 3263 5119 innocentium
3288 5066 3446 5133 jugu-

1864 5156 2003 5210 lator
2025 5170 2208 5209 coram
2242 5154 2413 5209 oculis
2439 5156 2610 5209 sancti
2631 5156 2847 5222 juvenis
2877 5157 2928 5208 in
2968 5156 3157 5212 eadem
3203 5165 3447 5213 mortuus

1864 5248 2057 5303 cecidit
2087 5247 2311 5313 terruIa,
2359 5246 2509 5315 cujus
2560 5262 2746 5302 rumor
2775 5246 2965 5301 subitae
2994 5256 3050 5301 et
3095 5245 3447 5303 formidabilis

1862 5340 2108 5395 vindicta:
2131 5340 2385 5394 continuo
2416 5354 2515 5407 per
2535 5340 2735 5394 multas
2767 5340 2963 5395 Scotia:
2986 5340 3293 5409 provincias
3319 5356 3443 5395 cum

1863 5436 1993 5489 mira
2018 5435 2187 5489 sancti
2215 5432 2424 5487 diaconi
2451 5431 2590 5485 fama
2621 5432 2929 5499 divulgatus
2952 5443 3054 5488 est.

1938 5525 2068 5580 VIII.
2098 5526 2217 5581 Alio
2245 5526 2300 5577 in
2344 5534 2607 5595 tempore,
2655 5524 2736 5577 vir
2785 5525 2975 5578 beatus
3024 5540 3149 5579 cum
3194 5524 3245 5579 in
3296 5524 3441 5580 Sicia

1866 5620 2037 5674 insula
2068 5618 2355 5687 aliquantis
2383 5618 2756 5671 demet-aretur
2784 5616 2992 5680 diebus,
3044 5617 3203 5685 paulo
3234 5616 3444 5684 longius

1866 5715 2013 5769 solus
2040 5713 2301 5769 orationis
2328 5712 2519 5766 intuitu
2562 5719 2846 5781 separatus
2876 5727 2905 5765 a
2936 5711 3207 5775 fratribus,
3236 5710 3441 5781 sylvam

1869 5807 2139 5875 ingressus
2190 5804 2434 5870 densam,
2472 5805 2620 5857 inira:
2648 5804 3029 5873 magnitudinis
3045 5818 3441 5873 aprum,quem

1868 5901 2006 5957 forte
2036 5899 2267 5954 venatici
2297 5913 2456 5955 canes
2484 5898 2973 5968 persequebantur,
2988 5897 3204 5953 obvium
3234 5896 3445 5953 habuit.
