4204 6542
730 446 837 504 765

1907 421 2151 485 SANCTI
2196 411 2501 477 ADAMANI
2548 413 2838 470 ADlHTiS

3901 402 4004 460 ται

734 560 852 627 Quo
871 557 989 613 viso
1010 551 1217 610 eminus
1236 549 1467 605 Sanctus
1485 543 1750 614 aspiciens
1778 555 1898 593 enm
1930 536 2142 592 restitit.
2175 535 2202 585 ’ἰ
2222 547 2310 585 um
2345 530 2395 591 Α
2417 529 2483 581 de
2508 542 2601 581 sua
2634 527 2847 578 valebat
2875 522 3045 577 insula
3074 522 3370 592 repellere;
3392 521 3565 575 donec
3590 518 3764 589 angeli
3799 518 3914 571 Dei.
3949 525 4008 571 ut

734 648 929 706 deinde
959 648 1213 701 invocato
1244 641 1338 696 Dei
1370 639 1607 700 numine,
1639 642 1825 691 sancta
1864 632 2071 686 elevata
2129 641 2309 688 manu,

734 756 856 796 cum
908 739 1108 792 intenta
1157 732 1287 787 dicit
1317 730 1385 785 ad
1432 746 1552 784 eum
1596 728 1890 783 oratione:
1932 721 2164 777 Ulterius
2212 720 2315 773 huc

735 831 1031 906 procedere
1082 827 1221 882 nolis
1252 842 1266 878 :
1300 825 1353 879 in
1411 822 1529 877 loco
1559 821 1625 874 ad
1669 834 1829 888 quem
1872 829 2013 869 nunc
2043 808 2310 866 devenisti

736 941 970 984 morere.
993 925 1110 992 Quo
1132 920 1301 976 sancti
1346 919 1397 971 in
1426 916 1577 972 silvis
1607 920 1934 983 personante
1983 907 2171 969 verbo,
2203 918 2312 957 non

736 1022 910 1077 solum
941 1020 1077 1073 ultra
1108 1013 1369 1070 accedere
1415 1025 1522 1064 non
1573 1008 1758 1068 valuit,
1816 1002 1909 1058 sed
1954 1009 2079 1055 ante
2126 997 2315 1052 faciem

736 1113 906 1184 ipsius
937 1106 1190 1164 terribilis
1238 1104 1383 1159 ferus
1417 1100 1567 1156 verbi
1592 1099 1708 1168 ejus
1733 1097 1935 1151 virtute
1962 1090 2316 1148 mortificatus

739 1205 847 1261 cito
875 1199 1097 1257 corruit.

810 1292 901 1348 IX.
935 1292 1053 1346 Alio
1074 1291 1126 1345 in
1155 1298 1419 1358 tempore,
1449 1300 1569 1340 cum
1600 1279 1958 1354 przedicabilis
1984 1277 2083 1331 viri
2107 1275 2317 1331 Scotia-

738 1385 818 1440 les
867 1382 1071 1440 strenui
1120 1380 1416 1449 piscatores
1459 1376 1652 1446 quinos
1681 1374 1733 1428 in
1761 1381 1877 1427 rete
1910 1371 2082 1440 pisces
2142 1367 2318 1433 cepis-

737 1485 861 1534 sent
890 1477 943 1530 in
986 1474 1147 1528 fluvio
1185 1471 1308 1525 Sale
1345 1470 1580 1540 piscoso,
1619 1465 1851 1520 Sanctus
1877 1462 1944 1516 ad
1983 1475 2075 1515 eos
2125 1460 2318 1512 iterato

737 1571 857 1625 ait:
893 1569 1024 1622 [tete
1076 1564 1127 1618 in
1158 1563 1357 1617 flumen
1416 1559 1646 1628 injicite,
1692 1565 1748 1612 et
1800 1553 1986 1610 statim
2029 1549 2318 1606 invenietis

737 1658 1017 1729 grandeur,
1060 1671 1222 1726 quem
1255 1654 1384 1709 milii
1435 1646 1690 1707 Dominus
1720 1646 2042 1719 prteparavit
2088 1646 2313 1715 piscem.

740 1754 846 1823 Qui
874 1752 1041 1807 verbo
1068 1750 1251 1805 Sancti
1279 1748 1742 1815 obtemperantes,
1774 1743 1920 1797 mira:
1937 1738 2320 1809 magnitudinis

738 1852 1019 1902 traxerunt
1039 1844 1089 1899 in
1109 1840 1371 1896 retiaculo
1388 1839 1612 1893 chocem
1631 1852 1659 1889 a
1683 1835 1792 1889 Deo
1813 1834 1912 1887 sibi
1936 1837 2315 1902 praeparatum.

2418 619 2643 676 Sanctus
2675 633 2789 689 post
2815 618 3130 687 quibusdam
3165 635 3266 671 non
3295 615 3476 669 multis
3507 615 3791 674 retulerat,
3828 613 3880 668 in
3912 617 4006 665 εισ-

2419 710 2727 764 miniculnm
2752 710 2995 773 adfuere,
3026 722 3253 778 quorum
3298 712 3491 761 timore
3541 705 3843 775 perturbati
3892 705 4005 758 da:-

2418 816 2605 856 mones
2631 801 2751 855 loco
2781 815 3013 855 cessere.

2491 895 2795 962 Eademque
2820 894 2926 957 die,
2954 892 3185 947 Sanctus
3209 891 3274 945 ad
3305 888 3692 943 monaste~~ium
3723 896 3845 957 post
3893 886 4007 941 da:-

2417 984 2720 1039 moniorum
2751 998 3001 1037 reversus
3022 983 3089 1036 ile
3118 996 3213 1033 sua
3248 980 3419 1033 insula
3448 978 3855 1045 ell'ugationem,
3899 976 4009 1029 hoc

2414 1076 2482 1132 de
2512 1077 2714 1131 eisdem
2762 1075 2954 1130 turmis
3000 1073 3285 1128 hostilibus
3330 1071 3552 1127 verbum
3604 1069 3868 1140 profatur,
3925 1069 4009 1121 in-

2416 1168 2605 1239 quiens
2637 1186 2649 1221 ;
2682 1167 2761 1221 ll|i
2789 1166 3094 1222 exitiabiles
3136 1164 3336 1229 :enmli,
3369 1163 3463 1233 qui
3491 1164 3592 1217 hac
3621 1162 3709 1217 die
3739 1162 3807 1216 de
3847 1162 4010 1229 hujus

2418 1264 2650 1323 terruln',
2686 1262 2795 1316 Deo
2826 1260 3081 1331 propitio,
3132 1258 3354 1327 regione
3385 1257 3589 1327 angelis
3618 1256 3777 1311 nobis
3804 1255 4009 1311 subve-

2418 1352 2707 1418 nientibus,
2752 1350 2818 1405 ad
2865 1350 3113 1403 aetliicam
3151 1348 3313 1418 fugati
3352 1355 3479 1401 sunt
3527 1355 3746 1407 terram,
3801 1346 4007 1398 ibidem

2418 1444 2543 1498 saevi
2574 1446 2849 1498 invasores
2874 1442 3102 1497 fratrum
3130 1440 3461 1495 monasteria
3490 1439 3767 1504 invadent,
3798 1447 3855 1492 et
3882 1454 4009 1509 pes-

2421 1537 2635 1591 tilentes
2657 1535 2888 1591 inferent
2913 1534 3153 1602 morbos,
3182 1548 3415 1604 quorum
3466 1533 3713 1588 molestia
3770 1532 4012 1586 intestati

2420 1628 2571 1683 multi
2614 1628 2934 1682 morientur.
2976 1626 3131 1694 Quod
3188 1626 3375 1681 iisdem
3423 1625 3633 1691 diebus,
3660 1624 3814 1695 juxta
3861 1624 4012 1678 beati

2420 1723 2815 1793 praescientiam
2847 1723 2970 1788 viri,
3001 1724 3074 1777 ita
3106 1731 3159 1777 et
3183 1721 3379 1776 factum
3400 1730 3499 1776 est.
3531 1720 3597 1774 Et
3626 1731 3748 1792 post
3773 1722 4014 1775 interve-

2421 1818 2600 1872 niente
2627 1815 2810 1880 biduo,
2842 1817 2892 1870 ei
2921 1815 3194 1871 revelante
3224 1814 3458 1885 Spiritu:
3480 1814 3646 1880 Bene,
3671 1814 3767 1879 ait,
3794 1814 4016 1867 Baitbe-

813 1937 881 1992 X.
915 1934 1155 2003 Quadam
1184 1931 1293 2001 die,
1324 1928 1539 1999 quidam
1572 1927 1727 1981 bona:
1758 1923 1951 1978 indolis
1971 1921 2180 1990 juvenis
2212 1918 2318 1971 Lu-
2351 1907 2401 1970 Β
2429 1924 2561 1964 ueus
2590 1909 2881 1963 auxiliante
2912 1908 3043 1971 Deo,
3078 1907 3430 1977 dispensavit,
3462 1916 3521 1961 ut
3547 1906 3791 1975 ejusdem
3825 1904 4019 1961 Eccle-

737 2043 908 2098 gneus
932 2026 1168 2087 nomine,
1191 2023 1281 2092 qui
1304 2029 1491 2092 postea
1516 2034 1678 2074 senex
1702 2016 1756 2071 in
1780 2015 2107 2070 monasterio
2130 2009 2318 2064 insula:

738 2120 956 2175 Helena:
992 2116 1313 2187 prtepositns
1342 2123 1477 2177 erat,
1535 2110 1601 2165 ad
1641 2110 1897 2164 Sanctum
1932 2106 2150 2159 veniens
2183 2116 2320 2171 que-

737 2211 876 2267 ritur
895 2208 963 2264 de
982 2207 1144 2261 fluvio
1166 2205 1464 2273 sanguinis,
1493 2203 1582 2272 qui
1615 2200 1804 2255 crebro
1834 2212 1930 2268 per
1952 2196 2151 2250 multos
2174 2208 2326 2248 men-

734 2315 825 2360 aes
846 2300 1063 2355 naribus
1088 2299 1203 2366 ejus
1226 2295 1578 2349 immoderate
1601 2290 1901 2362 profluebat
1930 2305 1944 2342 :
1968 2302 2076 2357 quo
2101 2285 2326 2355 propius

739 2393 914 2448 accito
942 2390 1175 2445 Sanetus
1201 2387 1385 2441 ambas
1417 2385 1581 2454 ipsius
1606 2397 1764 2436 nares
1797 2379 1935 2434 binis
1967 2392 2157 2431 manus
2184 2375 2321 2429 dex-

740 2492 867 2539 tera:
926 2480 1104 2547 digitis
1155 2476 1529 2543 constringens
1586 2470 1890 2532 benedixit;
1934 2482 1998 2520 ex
2045 2479 2149 2534 qua
2191 2464 2326 2517 liora

739 2573 1133 2632 benedictionis
1162 2583 1434 2638 nunquam
1462 2564 1677 2633 sanguis
1708 2561 1776 2617 de
1821 2575 1957 2614 naso
1987 2559 2105 2628 ejus
2156 2571 2327 2626 usque

740 2664 805 2720 ad
829 2672 1129 2718 extremum
1160 2659 1435 2713 distillavit
1461 2656 1623 2710 diem.

812 2753 900 2809 XI.
918 2754 1033 2808 Alio
1056 2752 1105 2805 in
1127 2760 1387 2820 tempore.
1412 2747 1628 2818 quidam
1650 2741 1989 2797 liverniensis
2014 2738 2326 2809 peregrinus

746 2850 811 2905 ad
838 2849 1095 2904 Sanctum
1128 2844 1469 2915 perveniens,
1498 2855 1592 2909 per
1620 2837 1826 2906 aliquot
1855 2833 1995 2905 apud
2026 2849 2148 2887 eum
2174 2846 2330 2886 men-

741 2955 830 2996 ses
852 2940 905 2994 in
918 2939 1046 2994 Jova
1068 2933 1444 2992 commancbat
1467 2930 1662 2985 insula.
1678 2928 1775 2983 Cui
1795 2945 1813 2979 κ
1828 2928 1873 2981 ir
1887 2927 2075 2980 beatus
2091 2924 2196 2977 alia
2218 2922 2324 2985 dic,

742 3030 912 3095 Nunc,
928 3030 1020 3093 ait,
1039 3026 1254 3097 quidam
1272 3025 1336 3079 de
1350 3020 1768 3094 provincialibus
1785 3017 1888 3071 tuis
1904 3016 2128 3071 clericus
2144 3013 2211 3066 ad
2224 3028 2329 3068 ca:-

744 3125 855 3181 lum
881 3124 947 3178 ab
976 3121 1189 3192 Angelis
1210 3125 1478 3190 portatur,
1510 3116 1663 3184 cujus
1698 3112 1874 3167 adhuc
1896 3111 2084 3179 ignoro
2106 3121 2325 3163 nomen.

811 3216 999 3272 Frater
1020 3230 1149 3269 vero
1172 3214 1276 3267 boc
1294 3210 1539 3275 audiens,
1566 3206 1731 3276 coepit
1753 3217 1935 3260 secum
1958 3201 2025 3256 de
2048 3197 2325 3271 provincia

744 3311 1073 3386 perscrutari
1121 3308 1477 3369 anteriorum,
1529 3312 1586 3359 et
1612 3302 1679 3357 de
1708 3300 1849 3356 illius
1899 3299 2044 3355 beati
2092 3295 2326 3352 hominis

746 3403 1031 3468 vocabulo,
1082 3402 1295 3469 hocque
1339 3402 1738 3465 consequenter
1784 3390 1961 3446 intulit
1989 3388 2207 3443 verbum
2239 3386 2324 3441 in-

745 3498 937 3569 quiens
967 3515 978 3550 :
1011 3496 1185 3550 Alium
1218 3492 1416 3547 Christi
1462 3488 1889 3547 commilitonem
1940 3484 2076 3547 scio,
2104 3480 2195 3551 qui
2226 3480 2328 3534 sibi

746 3592 801 3647 in
831 3588 1019 3646 eodem
1076 3584 1352 3641 territorio
1386 3584 1439 3637 in
1489 3596 1598 3651 quo
1637 3589 1693 3634 et
1736 3592 1838 3648 ego
1890 3573 2323 3637 commanebarn,

745 3677 1185 3737 monasteriolum
1217 3673 1519 3730 construxit
1545 3672 1764 3727 nomine
1815 3667 2175 3722 Diormitium.
2232 3664 2330 3718 Cui

745 3769 973 3826 Sanctus
1002 3766 1077 3821 ait
1102 3783 1118 3820 :
1145 3764 1263 3837 Ipse
1284 3772 1369 3819 est
1394 3763 1461 3818 de
1487 3777 1594 3832 quo
1624 3762 1776 3826 dicis,
1806 3758 1898 3828 qui
1922 3772 2064 3812 nunc
2105 3756 2172 3810 ab
2224 3755 2333 3808 An-

748 3863 882 3935 gelis
906 3861 995 3916 Dei
1021 3861 1074 3915 in
1097 3858 1403 3929 paradisum
1432 3856 1699 3911 deductus
1727 3862 1829 3908 est.

821 3955 928 4010 Sed
955 3954 1061 4009 hoc
1090 3952 1255 4007 etiam
1304 3966 1411 4005 non
1454 3949 1790 4017 negligenter
1837 3943 2199 4000 adnotandum
2251 3947 2336 3996 est

748 4047 893 4117 quod
924 4045 1066 4099 idem
1095 4044 1174 4097 vir
1202 4040 1523 4097 venerabilis
1579 4039 1748 4092 multa
1798 4036 1900 4091 sibi
1931 4049 1960 4089 a
1994 4035 2088 4089 Dei
2136 4047 2332 4088 arcana

750 4140 820 4194 ab
846 4138 964 4192 aliis
984 4137 1157 4190 celata
1195 4140 1556 4196 sarrameuta,
1587 4129 1735 4184 nullo
1771 4127 1933 4182 modo
1974 4127 2026 4181 in
2056 4125 2332 4180 hominum

753 4229 1001 4286 notitiam
1048 4225 1198 4297 prodi
1250 4238 1438 4293 passus
1459 4230 1574 4286 est;
1605 4219 1831 4283 duabus,
1862 4229 1921 4271 ut
1948 4217 2062 4288 ipse
2091 4215 2337 4282 aliquan-

754 4322 823 4377 do
847 4320 1034 4391 paucis
1062 4318 1402 4371 intimaverat
1420 4312 1698 4374 fratribus,
1731 4309 1911 4363 causis
1936 4306 2329 4370 existentibus;

754 4415 861 4469 hoc
905 4422 1011 4476 est,
1034 4420 1092 4464 ut
1121 4408 1433 4479 jactantiam
1459 4405 1748 4467 devitaret,
1779 4410 1837 4457 et
1864 4401 1931 4454 ad
1979 4400 2337 4468 semetipsum

756 4502 1197 4575 interrogandum
1248 4495 1683 4554 insustentabilcs
1733 4493 1918 4548 turbas
1958 4492 2027 4547 de
2054 4506 2114 4545 se
2159 4488 2337 4556 aliqua

759 4602 1091 4663 interrogare
1136 4592 1385 4646 volentes
1433 4586 1705 4654 divulgata
1754 4580 2142 4639 revelationum
2190 4579 2332 4632 fama

759 4704 867 4743 non
890 4687 1159 4741 invitaret.

833 4777 943 4833 XII.
973 4776 1090 4830 Alia
1118 4773 1207 4829 die
1228 4772 1312 4827 vir
1336 4777 1555 4827 sanctus
1577 4768 1632 4821 in
1652 4765 1786 4821 leva
1813 4777 2142 4820 conversans
2170 4760 2343 4818 insula

762 4870 1111 4928 remotiorem
1141 4867 1210 4922 ab
1240 4864 1547 4920 hominibus
1569 4861 1746 4915 locum
1777 4865 2071 4928 aptumque
2112 4854 2183 4909 ad
2214 4869 2342 4908 ora-

763 4967 967 5020 tionem
1013 4962 1066 5016 in
1095 4960 1323 5016 saltibus
1374 4954 1641 5027 quaesivit,
1689 4949 1996 5018 ibidemque
2034 4962 2155 5002 eum
2185 4961 2345 5002 orare

767 5060 1040 5129 cmpisset,
1084 5054 1283 5116 subito,
1318 5060 1375 5105 ut
1402 5052 1519 5119 ipse
1547 5054 1736 5118 postea
1777 5044 1964 5115 paucis
2004 5042 2344 5096 intimaverat

768 5152 1040 5213 fratribus,
1068 5147 1213 5201 videt
1242 5153 1429 5199 contra
1459 5158 1516 5196 se
1546 5149 1741 5195 tetram
1786 5147 1840 5192 et
1867 5136 2207 5204 nigerrimain
2233 5136 2345 5185 daa-

772 5259 987 5299 monum
1021 5256 1142 5297 cum
1192 5238 1379 5293 ferreis
1425 5234 1657 5291 verubus
1697 5231 1865 5286 aciem
1908 5228 2134 5300 pneliari
2172 5245 2185 5280 :
2232 5226 2343 5294 qui,

766 5336 921 5391 sicuti
943 5342 1129 5388 sancto
1152 5331 1269 5385 virs
1291 5344 1386 5398 per
1415 5326 1659 5396 spiritum
1692 5322 1988 5378 revelatum
2030 5329 2171 5379 erat,
2223 5334 2344 5371 mo-

777 5426 1066 5482 nasterium
1093 5423 1212 5492 ejus
1240 5421 1512 5483 invadere,
1546 5426 1600 5471 et
1630 5415 1827 5468 inultos
1881 5420 1935 5465 et
1984 5426 2050 5465 ex
2091 5409 2347 5462 fratribus

775 5521 966 5575 iisdem
998 5517 1249 5570 volebant
1271 5512 1515 5581 jugulare
1544 5508 1780 5562 sudibus.
1824 5504 1944 5573 ipse
1985 5518 2114 5557 vero
2162 5512 2349 5556 contra

781 5611 915 5665 tales
959 5607 1183 5662 mmules
1231 5618 1367 5659 unus
1395 5602 1555 5655 homo
1587 5600 1900 5653 innumeros
1948 5604 2168 5663 accepta
2200 5591 2349 5646 Pauli

780 5709 1048 5756 armatura
1081 5696 1332 5767 apostoli,
1382 5693 1503 5749 forti
1534 5687 1787 5745 conflictu
1819 5687 2124 5747 dimicabat,
2176 5693 2229 5739 et
2279 5684 2349 5737 ita

781 5808 845 5848 ex
878 5792 1097 5858 majore
1130 5788 1234 5842 diei
1288 5795 1439 5855 parte
1466 5786 1712 5850 utrinque
1766 5781 2073 5834 dimicatum
2102 5787 2202 5838 est,
2252 5789 2351 5831 nec

781 5881 1199 5941 innumerabiles
1244 5893 1405 5936 unum
1432 5878 1646 5931 vincere
1678 5880 1943 5943 poterant,
1976 5884 2073 5925 nec
2099 5884 2190 5924 eos
2218 5883 2353 5924 unus

2361 4631 2415 4692 D

2427 2004 2519 2058 sia:
2549 2002 2635 2057 cui
2669 2002 2778 2057 Deo
2797 2010 3020 2057 auctore
3038 2011 3233 2071 prmest
3257 2002 3305 2055 in
3328 2000 3531 2070 Campo
3558 2001 3761 2068 Lunge,
3786 1999 4018 2069 jejuniis

2428 2106 2483 2153 et
2538 2099 2875 2153 orationibus
2927 2098 3176 2153 collectio
3237 2114 3265 2151 a
3324 2096 3633 2151 Damianum
3690 2095 4019 2150 defendatur

2427 2190 2737 2256 invasionc;
2768 2192 2852 2245 ubi
2886 2205 3066 2256 nemo,
3101 2201 3329 2259 excepto
3363 2206 3491 2253 uno,
3516 2190 3608 2257 qui
3655 2198 3899 2243 mortuus
3930 2196 4019 2243 est

2428 2283 2526 2337 hac
2549 2284 2659 2337 vice
2687 2283 2967 2337 morietur.
3009 2280 3163 2348 Quod
3210 2282 3280 2337 ita
3320 2284 3472 2347 juxta
3524 2281 3834 2335 vaticinium
3894 2282 4019 2349 ejus

2427 2379 2699 2449 expletum
2742 2387 2844 2433 est.
2878 2377 3012 2432 Nam
3066 2392 3187 2430 tum
3235 2377 3387 2431 mulli
3419 2376 3469 2430 in
3501 2376 3712 2430 cmteris
3766 2374 4020 2443 ejusdem

2428 2470 2613 2524 insula:
2637 2469 2973 2524 monasteriis
3002 2468 3192 2524 eodem
3223 2468 3411 2522 morbo
3436 2474 3804 2529 morerentur,
3840 2478 4015 2520 nemo

2428 2563 2530 2617 nisi
2555 2566 2698 2616 'unus
2726 2563 2793 2617 de
2820 2576 2928 2632 quo
2955 2560 3185 2616 Sanctus
3206 2561 3362 2628 dixit,
3393 2560 3533 2631 apud
3565 2559 3924 2614 Baithenenm
3958 2558 4019 2613 in

2429 2670 2524 2709 sua
2555 2663 2637 2708 est
2668 2664 2910 2709 mortuus
2940 2653 3375 2722 congregatione.

2503 2745 2636 2800 Xlll.
2687 2746 2913 2811 Quidam
2980 2743 3132 2799 faber
3196 2743 3455 2799 ferrarius
3514 2742 3565 2797 in
3615 2741 4023 2798 mediterranea

2430 2841 2627 2896 Scotia:
2678 2839 2955 2893 habitabat
3007 2845 3181 2908 parte,
3234 2838 3700 2909 eleemosynarum
3757 2836 4025 2906 operibus

2431 2934 2561 2989 satis
2589 2933 2848 2997 intentus,
2876 2940 2930 2985 et
2958 2931 3167 2987 czeteris
3190 2930 3417 2999 justitiae
3446 2930 3655 2985 actibus
3674 2929 3898 2999 plenus;
3932 2927 4026 2982 hic

2433 3041 2551 3081 cum
2591 3024 2654 3077 ad
2685 3034 2924 3078 extrema
2980 3024 3031 3077 in
3083 3023 3222 3077 bona
3267 3030 3551 3077 senectute
3608 3022 4023 3091 perduceretur,

2431 3130 2591 3185 supra
2629 3122 2957 3168 memoratus
3001 3112 3318 3179 Columbus,
3371 3113 3560 3167 eadem
3612 3112 3744 3167 liora
3790 3127 3897 3182 qua
3952 3110 4028 3167 de

2433 3222 2660 3275 corpore
2690 3205 2918 3261 eductus
2958 3216 3059 3272 est,
3093 3214 3313 3261 sanctus
3341 3203 3601 3260 Columba
3633 3206 3684 3259 in
3711 3202 3843 3259 Jova
3864 3220 4026 3257 com-

2437 3314 2662 3352 manens
2685 3298 2878 3363 insula,
2895 3297 3080 3367 paucis
3101 3312 3161 3352 se
3181 3297 3651 3352 circumstantibus
3672 3298 3750 3352 sic
3775 3296 4033 3367 profatus

2429 3388 2732 3443 senioribus
2763 3404 2775 3440 :
2803 3387 3115 3453 Columbus,
3149 3388 3245 3455 ait,
3279 3387 3453 3443 Faber
3484 3386 3759 3450 ferrarius,
3790 3402 3897 3441 non
3942 3388 4027 3439 in-

2433 3496 2643 3536 cassum
2672 3481 2951 3547 laboravit,
2971 3481 3062 3551 qui
3086 3480 3151 3536 de
3169 3481 3384 3551 propria
3409 3496 3659 3534 manuum
3682 3480 4027 3534 laboralione

2433 3587 2650 3627 suarum
2682 3573 2899 3642 praemia
2922 3586 3080 3626 emax
3106 3571 3231 3627 felix
3262 3571 3599 3640 comparavit
3629 3580 3855 3625 tetirna.
3884 3568 4027 3625 Ecce

2434 3665 2575 3717 enim
2634 3679 2776 3719 nunc
2826 3664 3003 3717 anima
3026 3663 3146 3733 ejus
3167 3678 3197 3717 a
3226 3664 3429 3718 sanctis
3456 3664 3670 3717 vehitur
3696 3662 3902 3732 angelis
3954 3662 4025 3717 ad

2434 3752 2669 3807 caelestis
2699 3752 2883 3822 patriae
2934 3752 3149 3821 gaudia.
3203 3750 3334 3805 Nam
3364 3752 3735 3820 quodcunque
3791 3750 3858 3804 de
3912 3764 4028 3805 sua:

2436 3842 2567 3896 artis
2618 3842 2981 3909 negotiatione
3031 3842 3317 3912 acquirere
3364 3843 3566 3913 potuit,
3624 3842 3677 3897 in
3723 3855 4025 3910 egenorum

2436 3932 2805 4003 eleeinosynas
2837 3933 3117 4003 expendit.

2510 4024 2647 4079 XIV.
2710 4026 2828 4079 Alio
2878 4026 3063 4082 itidem
3106 4034 3352 4096 tempore
3399 4026 3481 4080 vir
3532 4033 3750 4081 sanctus
3789 4025 3843 4080 in
3891 4023 4031 4081 Jova

2438 4131 2764 4172 conversans
2806 4117 3001 4181 insula,
3060 4116 3294 4185 quadam
3339 4116 3427 4171 die
3476 4115 3656 4170 subito
3707 4115 3903 4170 oculos
3962 4114 4033 4170 ad

2439 4206 2634 4262 ctelum
2660 4207 2892 4275 dirigens
2917 4208 3029 4262 lucc
3058 4206 3304 4277 profatus
3329 4216 3414 4262 est
3435 4207 3597 4263 verba
3634 4224 3647 4260 :
3697 4206 3850 4261 Felix
3902 4223 4029 4261 mu-

2440 4300 2558 4365 lier,
2592 4297 2734 4365 felix,
2765 4301 2902 4354 bene
2924 4308 3154 4365 morata,
3178 4300 3332 4369 cujus
3376 4300 3611 4354 animam
3663 4313 3807 4353 nunc
3848 4298 4034 4365 angeli

2443 4392 2535 4446 Dei
2599 4391 2663 4445 ad
2715 4390 3017 4461 paradisum
3063 4390 3319 4446 evehunt.
3386 4388 3515 4444 Erat
3577 4398 3757 4444 autem
3808 4389 4034 4457 quidam

2440 4485 2721 4553 religiosus
2778 4483 2969 4539 fratrcr
3013 4486 3289 4541 Cenereus
3338 4487 3576 4549 nomine,
3622 4486 3809 4548 Saxo,
3858 4486 4039 4553 pistor

2442 4592 2578 4646 opus
2618 4577 2877 4645 pistorum
2908 4590 3188 4637 exercens,
3235 4576 3325 4645 qui
3355 4576 3461 4630 hoc
3500 4576 3748 4631 audierat
3801 4576 4035 4629 verbum

2445 4684 2511 4723 ex
2554 4683 2649 4722 ore
2704 4667 2886 4722 Sancti
2939 4668 3242 4737 prolatum;
3300 4667 3600 4737 eademque
3654 4666 3744 4722 die
3801 4668 4033 4731 mensFS,

2445 4758 2636 4812 eodem
2694 4758 2980 4813 terminato
3028 4773 3197 4826 anno,
3261 4759 3497 4814 Sanctus
3555 4758 3729 4814 eidem
3782 4755 4036 4812 Genereo

2444 4846 2677 4901 8.ιιοιιί;
2707 4848 2889 4901 Miram
2918 4862 3033 4901 rem
3064 4845 3246 4910 video,
3278 4848 3372 4901 ait.
3407 4845 3545 4901 Ecce
3576 4847 3770 4901 mulier
3799 4845 3872 4899 de
3902 4860 4033 4914 qua,

2446 4946 2499 4991 te
2529 4945 2816 5006 praesente,
2851 4938 3125 5005 przeterito
3166 4937 3408 4991 dixeram
3453 4951 3616 4999 anno,
3662 4950 3806 4991 nunc
3850 4935 4035 4989 mariti

2445 5031 2525 5085 sui
2550 5030 2781 5097 religiosi
2807 5029 3084 5096 enjusdam
3110 5030 3307 5099 plebeii
3329 5030 3383 5084 in
3408 5045 3535 5084 aere
3552 5030 3791 5084 obviavit
3814 5031 4035 5098 anim-.e,

2448 5133 2499 5176 ct
2520 5141 2639 5177 cum
2667 5124 2865 5176 sanctis
2888 5123 3092 5191 angelis
3119 5132 3307 5178 contra
3338 5124 3560 5178 :nmulas
3589 5137 3688 5192 pro
3714 5137 3778 5177 ea
3803 5122 4029 5190 bellige-

2449 5226 2533 5270 rat
2564 5224 2878 5285 potestates.
2916 5230 3143 5282 quorum
3174 5214 3500 5269 adminiculo
3529 5212 4030 5281 ejusdemliomun-

2450 5313 2617 5367 cinnis
2654 5310 2857 5379 justitia
2890 5307 3219 5375 suffragante
3247 5320 3277 5359 a
3305 5306 3605 5359 daemonum
3657 5304 4025 5371 belligeratio-

2453 5405 2606 5457 nibus
2637 5412 2823 5472 erepta
2846 5402 2911 5456 ad
2947 5409 3164 5455 aeternae
3186 5395 3610 5466 refrigerationis
3639 5395 3821 5451 locum
3856 5398 4037 5451 anima

2453 5499 2618 5568 ipsius
2643 5506 2729 5551 est
2765 5496 3047 5566 perducta.

2526 5588 2639 5643 XV.
2676 5587 2787 5641 Alia
2841 5586 3022 5641 itidem
3055 5584 3164 5647 die,
3190 5583 3317 5638 dum
3348 5583 3428 5637 vir
3455 5582 3793 5638 venerandus
3824 5584 3878 5638 in
3907 5582 4037 5639 Jova

2455 5689 2869 5735 conversaretur
2924 5676 3116 5737 insula,
3169 5690 3327 5731 mane
3380 5676 3553 5745 primo
3604 5691 3762 5729 suum
3808 5677 4039 5732 advocat

2454 5788 2595 5841 sa‘pe
2610 5780 2963 5826 memoratum
2988 5770 3404 5825 ministratorem
3424 5768 3766 5823 Diormitium
3785 5771 4035 5836 nomine,

2455 5866 2608 5932 eique
2628 5863 2900 5934 prmcepit,
2927 5861 3171 5933 inquiens
3199 5877 3212 5915 ε
3232 5860 3393 5916 Sacra
3416 5860 3666 5916 celeriter
3683 5858 4043 5917 Eucliaristize
