4204 6600
174 445 272 500 765

1266 435 1356 493 DE
1399 434 1558 492 V'lTA
1596 434 1656 492 S.
1700 433 2055 492 COLUMBAE
2097 431 2224 490 LIB.
2268 429 2357 489 111.

3352 427 3457 485 766

174 557 466 616 ministeria
515 562 910 629 praeparentur,
960 550 1122 609 hodie
1165 551 1311 607 enim
1366 550 1563 606 natalis
1610 549 1759 606 beati
1786 549 2026 614 Amites
2078 548 2304 604 festinus
2354 544 2718 616 praecedebat,
2770 543 2946 600 donec
2985 543 3038 599 in
3092 545 3237 599 illurn
3269 561 3459 615 agrum

174 651 422 707 brendini
449 659 533 706 est
559 650 689 704 dies.
713 648 1004 716 Quare,ait
1026 645 1287 708 minister,
1323 642 1449 699 talia
1479 643 1759 699 Missarum

172 744 430 800 solemnia
476 742 733 797 hodierna
768 738 1055 810 praeparari
1112 736 1359 805 praecipis
1398 735 1525 790 die?
1572 733 1762 789 Nullus

172 840 310 893 enim
342 837 408 891 ad
439 851 540 892 nos
560 835 629 890 de
662 834 843 888 Scotia
864 832 1035 888 sancti
1065 831 1209 886 illius
1233 830 1331 884 viri
1363 829 1544 884 obitus
1575 842 1761 895 perve-

171 932 246 984 nit
271 929 515 983 nuntius.
539 925 697 981 Vade
728 933 804 990 tn,
840 923 913 976 ait
934 922 1187 986 Sanctus,
1222 935 1355 973 mea:
1386 919 1760 974 obsecundare

167 1020 393 1091 jnssioni
420 1018 608 1073 debes.
641 1016 753 1071 Hac
774 1015 917 1071 enim
948 1022 1109 1068 nocte
1141 1010 1411 1082 praeterita
1449 1008 1551 1063 vidi
1580 1007 1760 1064 subito

169 1119 415 1179 apertam
443 1109 664 1171 coelum,
697 1105 1125 1174 angelorumque
1154 1104 1352 1157 choros
1381 1101 1553 1155 sancti
1587 1099 1760 1155 Bren-

169 1206 274 1257 t-‘ini
310 1204 504 1257 animm
546 1201 735 1256 obvios
764 1199 1117 1264 descendere,
1139 1210 1369 1265 quormn
1400 1194 1666 1248 luminosa
1708 1200 1764 1247 et

170 1292 582 1363 innumerabili
640 1288 962 1346 claritudine
1013 1296 1157 1343 totus
1205 1286 1398 1342 eadem
1446 1285 1581 1339 hora
1612 1283 1763 1339 illus-

170 1396 337 1438 tratus
372 1394 459 1437 est
488 1382 671 1437 mundi
698 1383 865 1436 orbis.

236 1479 483 1545 Quadam
509 1476 691 1530 itidem
717 1474 823 1539 die,
848 1489 970 1528 cum
996 1472 1191 1526 fratres
1212 1486 1270 1526 se
1290 1469 1583 1525 calciantes
1602 1484 1761 1522 mane

169 1571 230 1624 ad
260 1571 477 1625 diversa
499 1566 808 1622 monasterii
831 1580 996 1635 Opera
1022 1564 1099 1619 ire
1123 1570 1509 1632 praepararent,
1532 1559 1763 1615 Sanctus

169 1679 198 1715 e
224 1671 419 1717 contra
442 1678 507 1715 ea
538 1660 623 1715 die
646 1658 804 1713 etiari
851 1658 1107 1729 praecepit
1154 1669 1431 1724 sacraeque
1472 1652 1763 1708 oblationis

167 1755 433 1824 obsequia
466 1751 775 1821 praeparari,
809 1759 865 1805 et
894 1752 1127 1817 aliquam
1160 1747 1313 1817 quasi
1363 1748 1416 1800 in
1478 1745 1762 1799 Dominico

170 1844 441 1914 prandioli
468 1844 833 1912 adjectionem
858 1840 993 1896 fieri.
1029 1841 1239 1909 Meque,
1264 1839 1357 1904 ait,
1388 1836 1547 1893 hodie
1570 1852 1761 1904 quam-

1865 640 2104 705 devenit,
2133 640 2440 709 ibidemque
2463 637 2681 707 quidam
2717 649 2966 706 repertus
2982 652 3148 693 senex
3166 635 3460 699 Euichatns

1865 735 2102 799 nomine,
2136 732 2363 787 audiens
2389 748 2418 787 a
2463 732 2666 786 Sancto
2693 732 2918 787 verbum
2949 732 3044 788 Dei
3075 732 3456 803 pnedicatum;

1864 840 1918 886 et
1942 830 2169 887 credens
2199 838 2281 884 est
2308 828 2631 898 baptizatus.

1938 922 2073 976 XIX.
2096 922 2217 975 Alio
2242 922 2292 974 in
2319 931 2581 989 tempore,
2615 920 2695 973 vir
2720 925 2943 973 sanctus
2963 932 3087 973 cum
3111 918 3161 973 in
3185 919 3457 988 tuguriolo

1864 1029 1961 1069 suo
1983 1015 2228 1069 scribens
2251 1012 2491 1077 sederet,
2516 1011 2694 1065 subito
2724 1009 2841 1080 ejus
2873 1010 3156 1065 immutata
3184 1010 3368 1076 facies,
3402 1018 3460 1066 et

1865 1105 2003 1158 hanc
2035 1120 2169 1173 puro
2210 1102 2279 1158 de
2309 1112 2529 1173 pectore
2561 1102 2759 1170 promit
2787 1114 3001 1165 vocem,
3054 1100 3260 1165 dicens,
3286 1101 3457 1155 Auxi-

1866 1194 2015 1258 liare,
2047 1192 2324 1247 auxiliare.
2358 1193 2473 1247 Duo
2505 1206 2635 1245 vero
2661 1192 2857 1247 fratres
2882 1190 2951 1245 ad
2968 1190 3191 1260 januam
3223 1200 3456 1259 stantes,

1864 1286 2118 1341 videlicet
2147 1285 2343 1352 Colgus
2369 1296 2421 1340 et
2451 1283 2724 1354 Lugnens,
2756 1298 2978 1339 causam
3008 1285 3130 1339 talis
3158 1284 3349 1340 subita:
3372 1285 3458 1338 in-

1867 1384 2141 1443 terrogant
2173 1377 2335 1429 vocis.
2398 1377 2599 1443 Quibus
2632 1376 2710 1430 vir
2741 1374 3065 1430 venerabilis
3095 1374 3199 1431 hoc
3226 1389 3454 1446 respon-

1865 1482 1981 1520 sum
2012 1468 2178 1535 dedit,
2230 1467 2477 1535 inquiens
2504 1487 2515 1519 ε
2547 1468 2754 1537 Angelo
2782 1467 3020 1531 Domini,
3070 1468 3161 1537 qui
3193 1484 3336 1523 nunc
3377 1468 3462 1522 in-

1869 1567 1949 1613 ter
1999 1575 2090 1612 vos
2143 1560 2346 1623 stabat,
2404 1558 2534 1628 jussi
2596 1568 2655 1614 ut
2721 1560 2882 1613 alicui
2938 1575 3004 1614 ex
3059 1560 3318 1615 fratribus
3391 1558 3460 1616 de

1864 1665 2073 1706 summo
2103 1651 2336 1705 culmine
2367 1665 2573 1719 magna:
2616 1650 2808 1705 domus
2850 1652 3002 1720 lapso
3035 1659 3143 1705 tam
3183 1655 3289 1706 cito
3328 1651 3461 1705 sub-

1866 1742 2091 1808 veniret,
2116 1757 2235 1812 qua:
2265 1743 2343 1796 his
2375 1743 2426 1796 in
2459 1744 2647 1797 diebus
2676 1744 2730 1796 in
2766 1741 3025 1798 Roboreti
3068 1758 3262 1813 eampo
3292 1743 3462 1799 fabri-

1865 1847 2039 1893 catur.
2072 1836 2293 1906 llocque
2321 1836 2553 1893 Sanctus
2600 1847 2997 1907 consequenter
3041 1838 3219 1893 intulit
3259 1840 3461 1906 tamen,

167 1938 303 1991 libet
329 1938 581 2005 indignus
628 1936 752 1998 sim,
785 1933 855 1989 ob
879 1934 1284 1988 venerationem
1346 1930 1488 1984 illius
1546 1929 1760 1995 animae,
1792 1924 1840 1986 B
1867 1928 2117 1997 inquiens
2151 1945 2163 1980 :
2194 1927 2358 1981 Valde
2402 1927 2733 1982 admirabilis
2774 1936 2829 1982 et
2878 1942 3016 1998 pene
3062 1927 3349 1984 indicibilrs
3378 1938 3463 1985 est

164 2040 288 2094 ρυλε
321 2026 426 2080 hac
472 2026 525 2079 in
558 2032 719 2078 nocte
764 2023 905 2077 inter
952 2030 1171 2077 sanctos
1222 2020 1535 2088 angelorum
1562 2019 1763 2072 choros

165 2128 321 2171 vecta
379 2116 519 2170 ultra
573 2115 782 2169 siderea
830 2115 1091 2169 coelorurn
1125 2113 1298 2181 spatia
1351 2112 1414 2165 ad
1448 2109 1763 2164 Paradisum

164 2206 439 2268 ascendit,
472 2220 629 2260 sacra
667 2211 885 2274 oportet
925 2202 1276 2257 Eucliaristia:
1304 2200 1585 2257 celebrare
1615 2214 1761 2269 mys-

164 2300 331 2353 teria.

234 2390 309 2444 Et
342 2390 425 2444 his
454 2388 609 2444 dictis
633 2388 828 2442 fratres
858 2386 1252 2454 obsequuntur,
1286 2393 1341 2438 et
1362 2384 1517 2451 juxta
1572 2380 1759 2438 Sancti

157 2481 492 2549 jnssionem,
524 2478 713 2534 eadem
735 2478 822 2532 die
853 2478 1111 2545 otiantur,
1144 2476 1549 2546 preparatisque
1596 2473 1763 2528 sacris

160 2574 231 2627 ad
263 2574 556 2628 ecclesiam
585 2570 922 2637 ministeriis,
973 2571 1127 2638 quasi
1157 2569 1245 2623 die
1295 2568 1546 2632 solemni,
1599 2567 1763 2622 albati

157 2679 289 2718 cum
328 2662 529 2717 Sancto
558 2669 808 2733 pergunt.
842 2661 946 2716 Sed
978 2660 1115 2715 forte
1143 2675 1262 2715 cum
1291 2660 1432 2715 inter
1482 2659 1587 2713 alia
1641 2674 1763 2714 cum

156 2760 547 2813 modulatione
578 2758 756 2811 ofiicia
800 2756 889 2809 illa
936 2763 1193 2809 consueta
1237 2754 1623 2809 decantaretur
1668 2753 1767 2807 de-

154 2852 437 2920 precatio.
477 2850 527 2902 in
560 2862 664 2918 qua
688 2846 858 2901 sancti
886 2846 1095 2900 Martini
1124 2853 1645 2900 commemoraretur
1669 2857 1767 2895 no—

152 2959 321 3007 men,
341 2940 521 2995 subito
534 2938 764 2993 Sanctus
783 2937 850 2991 ad
874 2946 1125 2991 cantores
1143 2934 1381 3003 ejusdem
1408 2932 1677 2987 onomatis
1698 2930 1766 2985 ad

153 3034 351 3088 locum
372 3029 780 3102 pervenientes:
799 3027 987 3085 Hodie.
1005 3027 1098 3088 ait,
1115 3039 1213 3093 pro
1229 3021 1765 3089 sancto,Coluinliano

149 3128 436 3198 episcopo
467 3122 759 3177 decantare
805 3119 1033 3173 debetis.
1084 3116 1233 3171 Tunc
1284 3130 1475 3171 omnes
1520 3114 1609 3183 qui
1654 3114 1766 3168 ine-

148 3227 289 3271 rant
323 3216 525 3269 fratres
561 3213 879 3268 intellexere
909 3211 1053 3281 quod
1078 3210 1447 3265 Columbanus
1478 3210 1768 3278 cpiscopus

147 3308 518 3377 Laginensis,
544 3305 741 3360 Charus
783 3302 1058 3358 Columbae
1087 3302 1313 3363 amicus,
1362 3301 1429 3355 ad
1481 3300 1761 3355 Dominum
1790 3281 1840 3344 ο

147 3400 485 3469 emigravit.
541 3396 606 3450 Et
653 3404 779 3466 post
830 3395 1057 3463 alicujus
1108 3393 1367 3462 temporis
1428 3392 1771 3447 intervallum

141 3491 340 3560 aliqui
382 3488 452 3543 de
482 3488 732 3557 Lagenea
760 3492 1132 3541 commeantes
1176 3484 1473 3555 provincia,
1516 3500 1581 3539 ea
1612 3493 1773 3539 nocte

142 3584 432 3639 eumdem
462 3582 663 3636 obiisse
686 3578 935 3633 nuntiant
962 3578 1301 3648 episc0purn,
1333 3592 1439 3647 qua
1462 3574 1662 3631 Sancto
1695 3576 1771 3630 ita

141 3678 355 3733 revela
368 3684 480 3729 turn
509 3684 611 3729 est.

228 3767 421 3823 XVII.
471 3766 593 3821 Alio
649 3767 701 3822 in
734 3774 998 3835 tempore,
1034 3764 1114 3819 vir
1139 3773 1363 3820 sanctus
1387 3779 1509 3819 cum
1542 3764 1595 3819 in
1642 3763 1775 3819 Jova

136 3867 606 3915 corrversaretur
634 3858 831 3925 insula,
857 3857 1093 3927 quadam
1123 3857 1454 3913 subitatione
1493 3858 1773 3926 incitatus,

136 3955 323 4023 signo
362 3958 719 4021 personante,
751 3950 995 4005 collectis
1019 3948 1298 4015 fratribus,
1327 3949 1498 4015 Nunc,
1524 3951 1616 4016 ait,
1645 3966 1772 4006 ora.

137 4046 312 4099 tione
346 4041 647 4097 monachis
676 4041 883 4095 abbatis
911 4040 1154 4108 Congelli
1186 4042 1526 4102 auxiliemur.
1572 4042 1671 4098 hac
1721 4042 1776 4098 in

139 4136 331 4199 liora,
375 4133 434 4186 in
460 4144 653 4197 stagno
679 4130 940 4185 demersis
970 4129 1155 4185 Vituli.
1182 4130 1321 4187 Ecce
1357 4134 1500 4186 enim
1530 4134 1633 4189 hoc
1657 4150 1771 4188 mo-

134 4237 361 4285 mento
398 4226 455 4279 in
481 4239 606 4278 aere
636 4232 827 4279 contra
858 4224 1196 4282 adversarias
1228 4225 1544 4293 belligerant
1594 4235 1775 4295 potes-

132 4332 324 4387 tates,
387 4318 629 4372 animam
679 4314 908 4386 alicujus
957 4316 1188 4385 hospitis
1234 4331 1358 4369 cum
1414 4316 1493 4370 eis
1540 4316 1775 4371 demersi

127 4417 388 4485 eripere
424 4419 711 4467 conantes.
756 4407 891 4462 Tum
923 4418 1045 4479 post
1088 4408 1448 4479 lacrymosam
1500 4416 1560 4461 et
1593 4409 1777 4463 inlen—

127 4519 256 4561 tain
285 4503 624 4559 orationem
649 4503 759 4555 cito
790 4509 913 4555 ante
938 4500 1193 4553 altarium
1222 4512 1446 4567 surgens
1499 4502 1636 4555 inter
1670 4500 1776 4555 fra-

126 4611 257 4655 tres
291 4596 526 4669 pariter
558 4594 610 4647 in
637 4592 887 4646 oratione
911 4599 1236 4661 prostratos,
1280 4590 1550 4645 lretiticato
1586 4592 1731 4647 vultu
1762 4612 1773 4645 :

123 4693 417 4752 Christo,
458 4687 556 4751 ait,
586 4685 786 4755 gratias
816 4684 992 4753 agite;
1036 4699 1178 4737 nunc
1225 4683 1365 4737 enim
1399 4685 1569 4737 sancti
1603 4687 1777 4754 angeli

120 4784 365 4841 sanctis
404 4777 696 4834 obviantss
719 4776 1024 4838 animabus,
1052 4785 1107 4829 et
1128 4775 1302 4843 ipsum
1327 4775 1597 4845 hospitem
1624 4792 1780 4847 erep-

124 4890 256 4931 t..trr
293 4890 333 4928 a
370 4871 692 4925 dxerriouinn
726 4866 1223 4937 belligerationibus
1248 4908 1262 4932 ,
1295 4868 1448 4936 quasi
1477 4869 1781 4925 victoriales

119 4970 205 5025 lib
252 4969 487 5021 rarrrrrt
510 4960 937 5029 belliger-atores.

205 5054 436 5113 χνιιι.
478 5052 598 5107 Alio
624 5052 677 5105 in
708 5060 971 5120 terupore,
996 5049 1076 5103 vir
1095 5058 1313 5105 sanctus
1333 5050 1470 5104 ultra
1490 5050 1782 5106 Britannice

119 5156 387 5209 dorsum
430 5146 543 5199 iter
566 5156 732 5211 agens
753 5156 909 5196 secus
936 5138 1074 5195 Nisa:
1106 5140 1342 5197 llnrninis
1372 5141 1569 5207 lacum,
1604 5144 1784 5197 subito

120 5247 484 5316 inspiratus
513 5234 723 5305 Spiritu
752 5243 963 5300 sancto,
1015 5233 1081 5287 ad
1147 5233 1342 5290 fratres
1390 5236 1591 5305 pariter
1632 5252 1780 5291 corn-

123 5348 423 5397 meantes
468 5347 483 5384 :
519 5327 899 5396 Properemus,
932 5326 1025 5390 ait,
1081 5326 1281 5381 sanctis
1311 5328 1523 5386 obviam
1578 5328 1784 5398 angelis

117 5438 222 5506 qui
255 5435 336 5488 de
373 5422 627 5483 summis
657 5420 776 5476 caeli
806 5420 1112 5489 regionibus
1130 5420 1196 5475 ad
1215 5421 1592 5490 perferendam
1613 5423 1783 5499 alicu.

115 5532 217 5601 jus
252 5517 543 5597 gentilia
574 5515 809 5568 animam
836 5514 1041 5581 emissi,
1068 5529 1168 5569 nos
1201 5514 1327 5569 illuc
1372 5530 1541 5585 usque
1590 5532 1781 5586 perve-

123 5631 375 5681 Ιιιαξιιιϐὃ
436 5616 794 5679 exspecrant,
824 5616 882 5661 ut
921 5607 1091 5676 ipsum
1143 5608 1386 5662 naturale
1435 5609 1655 5675 bonum,
1690 5627 1787 5682 per

127 5733 325 5779 texam
372 5712 567 5767 vitam
600 5717 770 5771 usque
793 5700 857 5756 ad
878 5712 1177 5757 extremam
1207 5712 1538 5759 senectutem
1563 5719 1784 5760 conser-

130 5824 416 5870 vaprem,
452 5800 780 5867 priusquam
814 5795 1072 5849 moriatur
1101 5805 1404 5865 opportune
1428 5798 1781 5869 baptizeinus.

123 5909 203 5968 Et
237 5907 376 5962 bmc
408 5894 619 5952 dicens
641 5896 864 5943 sanctus
883 5902 1045 5944 senex
1079 5887 1131 5942 in
1160 5898 1419 5958 quantum
1475 5894 1649 5961 potu’t
1689 5911 1785 5947 co-

1868 2021 2109 2087 angelica
2168 2019 2374 2073 volatus
2424 2020 2733 2090 pernicitas,
2780 2018 3064 2088 fulgureaz,
3122 2029 3181 2074 ut
3224 2021 3457 2087 res-tirno,

1866 2116 2129 2169 celeritati
2163 2114 2377 2183 parilis;
2440 2130 2562 2168 nam
2592 2114 2682 2169 ille
2712 2114 2992 2179 caelicola,
3025 2115 3119 2182 qui
3148 2116 3271 2169 hinc
3292 2131 3323 2168 a
3358 2130 3461 2168 no-

1866 2206 1947 2260 bis
1976 2220 2115 2259 nunc
2145 2207 2235 2258 illo
2270 2206 2387 2258 viro
2435 2204 2540 2259 labi
2589 2204 2878 2275 incipiente
2899 2204 3167 2271 avolavit,
3219 2206 3374 2275 quasi
3404 2207 3458 2261 in

1865 2297 1975 2351 ictu
2024 2298 2164 2353 oculi
2218 2297 2528 2367 priusquam
2578 2306 2776 2353 terram
2804 2304 3052 2367 tangeret
3106 2297 3456 2364 subvenieus,

1867 2403 1990 2443 eum
2012 2389 2340 2455 sublevavit;
2370 2403 2470 2442 nec
2500 2388 2664 2442 ullam
2706 2387 3023 2454 fracturam,
3083 2394 3177 2441 aut
3206 2386 3457 2442 lazsuram

1868 2482 1960 2536 ille
2006 2482 2095 2549 qui
2127 2481 2324 2536 cecidit
2367 2480 2569 2535 sentire
2600 2480 2795 2549 potuit.
2825 2480 2994 2546 Quam
3040 2480 3303 2549 stupenda
3342 2479 3459 2534 haec

1868 2576 2084 2643 inquam
2139 2573 2475 2628 velocissima
2522 2581 2577 2627 et
2614 2581 2919 2643 opportuna
2966 2572 3279 2638 subventio,
3335 2588 3459 2642 qua:

1867 2668 2011 2723 dicto
2036 2668 2194 2722 citius
2219 2668 2378 2721 lautis
2415 2667 2579 2721 maris
2607 2676 2662 2721 et
2683 2674 2839 2721 terra:
2863 2665 3311 2737 interjacentibus
3332 2682 3461 2737 spa-

1870 2760 1956 2815 tiis
1985 2767 2091 2814 tant
2118 2760 2394 2814 celerrime
2420 2758 2557 2814 ellici
2584 2759 2777 2829 potuit.

1943 2853 2061 2908 XX.
2093 2853 2212 2909 Alio
2258 2852 2387 2908 item
2421 2854 2474 2907 in
2506 2860 2775 2922 tempore,
2822 2852 3058 2923 quadarn
3093 2854 3184 2909 die
3222 2854 3303 2909 vir
3326 2855 3461 2911 bea-

1872 2954 1957 3001 tus
2004 2946 2057 2999 in
2084 2942 2215 2999 lota
2262 2959 2593 2999 conversaris
2621 2945 2793 3000 insula
2816 2944 3074 3001 fratribus
3120 2948 3463 3016 congregatis

1871 3054 1995 3093 cum
2035 3038 2236 3106 ingenti
2284 3038 2450 3093 animi
2500 3037 2819 3093 adversione
2863 3037 3202 3093 denuntiavit
3252 3039 3321 3093 ad
3368 3054 3465 3095 eos

1871 3129 2055 3185 dicens
2081 3148 2093 3181 :
2115 3127 2285 3183 llodie
2312 3129 2364 3183 in
2390 3128 2784 3184 occidentalem
2812 3136 3009 3184 nostra:
3035 3129 3343 3199 campulum
3374 3130 3460 3184 irr-

1872 3220 2001 3272 sulze
2046 3217 2192 3272 solus
2237 3218 2385 3273 exire
2416 3218 2604 3287 cupio.
2660 3218 2830 3274 Nemo
2862 3219 3050 3288 itaque
3097 3233 3166 3276 ex
3195 3219 3347 3276 vobis
3376 3235 3465 3277 me

1873 3319 2147 3381 sequatur.
2196 3312 2400 3378 Quibus
2427 3311 2921 3368 obsecundantibus
2945 3314 3093 3369 solus
3133 3313 3372 3383 quidem,
3404 3322 3466 3370 ut

1874 3406 2061 3468 voluit,
2090 3406 2380 3473 egreditur.
2413 3403 2521 3459 Sed
2550 3402 2719 3459 frater
2740 3404 2984 3475 quidam,
3017 3405 3243 3461 callidus
3268 3406 3465 3475 explov

1873 3507 2046 3565 rator,
2076 3499 2183 3552 alia
2230 3513 2416 3553 means
2442 3499 2529 3552 via
2559 3500 2611 3552 in
2641 3498 2919 3567 cujusdam
2966 3500 3264 3555 monticelli
3306 3515 3465 3555 cacu-

1875 3589 2045 3653 mine,
2103 3590 2193 3659 qui
2235 3589 2411 3645 eidem
2460 3590 2830 3660 supereminet
2876 3592 3131 3662 campulo
3161 3607 3221 3647 se
3255 3592 3469 3649 occulte

1875 3682 2079 3737 colloca
2096 3722 2125 3745 .,
2159 3680 2408 3735 videlicet
2438 3680 2554 3749 ejus
2579 3695 2798 3736 causam
2820 3681 3076 3737 solitaria:
3096 3682 3241 3737 beati
3286 3697 3471 3753 egres-

1874 3775 2040 3831 sionis
2080 3774 2180 3830 viri
2224 3775 2513 3845 explorare
2553 3777 2797 3845 cupiens.
2854 3772 3026 3841 Quem
3057 3790 3179 3831 cum
3207 3775 3351 3831 idem
3375 3791 3469 3830 ex-

1875 3870 2106 3939 plorator
2142 3869 2207 3923 de
2235 3868 2528 3923 monticelli
2561 3870 2760 3924 vertice
2800 3868 2943 3923 illius
2973 3868 3027 3923 in
3056 3870 3294 3939 quodam
3321 3885 3472 3924 carn-

1876 3962 1987 4031 puli
2016 3960 2263 4016 colliculo
2301 3971 2557 4026 stantem,
2605 3969 2660 4017 et
2700 3963 2951 4031 expansis
2989 3961 3238 4017 manibus
3268 3962 3335 4016 ad
3360 3977 3473 4019 cre-

1877 4054 1987 4109 lum
2026 4064 2270 4109 orantem
2308 4056 2601 4125 oculosque
2648 4055 2714 4108 ad
2755 4053 2951 4109 cmlum
3002 4055 3306 4111 elevantem
3337 4070 3469 4110 con-

1878 4147 2139 4216 Spiceret,
2191 4147 2386 4200 mirum
2419 4146 2595 4211 dictu,
2646 4155 2702 4201 et
2733 4160 2864 4201 ecce
2909 4146 3090 4202 subito
3118 4162 3205 4203 res
3231 4148 3475 4204 miranda

1880 4242 2146 4311 apparuit,
2193 4254 2354 4308 quam
2406 4239 2545 4294 idem
2594 4256 2757 4310 supra
2806 4250 3138 4297 menroratus
3164 4241 3362 4305 homo,
3417 4249 3479 4295 ut

1878 4334 2111 4397 restituo,
2156 4348 2266 4386 non
2295 4331 2413 4387 sine
2442 4332 2707 4401 permissu
2737 4331 2830 4387 Dei
2859 4332 2926 4387 de
2956 4332 3153 4401 prioris
3181 4330 3477 4386 monticelli

1880 4421 2005 4476 loco
2035 4420 2206 4475 oculis
2239 4422 2401 4476 etiam
2430 4421 2802 4491 corporalibus
2830 4433 3151 4493 aspexerat,
3185 4432 3243 4477 ut
3279 4437 3478 4478 nomen

1883 4511 2067 4567 Sancti
2094 4523 2149 4565 et
2180 4513 2296 4581 ejus
2328 4511 2765 4578 honorificentia,
2819 4514 3064 4583 quamvis
3092 4514 3210 4584 ipso
3235 4515 3477 4583 nolente,

1887 4604 1955 4659 ob
1978 4604 2116 4660 hanc
2146 4602 2541 4658 rnanifestatam
2578 4604 2833 4659 \isioncm
2866 4614 3054 4675 postea
3081 4607 3253 4674 magis
3282 4607 3335 4661 in
3376 4622 3477 4679 po-

1889 4697 2025 4767 pulis
2056 4696 2436 4763 divulgaretur.
2462 4695 2593 4751 Nam
2626 4697 2801 4751 sancti
2824 4698 2999 4766 angeli
3022 4699 3260 4754 caelestis
3288 4700 3479 4769 patriae

1886 4788 2027 4843 cives
2077 4789 2209 4841 mira
2240 4786 2559 4843 advolantes
2608 4788 2940 4844 subitatione
2966 4832 2982 4858 ,
3027 4800 3272 4844 sanctum
3305 4792 3479 4846 virum

1888 4889 2131 4933 orantem
2160 4880 2509 4934 circumstare
2538 4889 2825 4947 coeperunt
2852 4880 3024 4935 induti
3050 4880 3185 4935 albis
3217 4881 3475 4939 vestibus.

1887 4968 1954 5022 Et
1997 4979 2117 5038 post
2151 4969 2385 5038 aliquam
2430 4985 2553 5023 cum
2606 4971 2768 5025 beato
2815 4972 3329 5028 sermocinationem
3362 4973 3475 5027 viro

1887 5061 1975 5115 illa
2008 5061 2243 5115 coelestis
2286 5071 2500 5116 caterva
2527 5063 2677 5130 quasi
2728 5078 2789 5117 se
2819 5064 3156 5132 exploratam
3203 5066 3478 5129 sentiens,

1889 5153 1951 5206 ad
1977 5170 2182 5208 summa
2207 5155 2366 5209 ci.ius
2395 5155 2676 5224 repedavit
2708 5156 2991 5211 calorum.
3038 5155 3235 5217 Beatus
3277 5169 3333 5213 et
3366 5160 3482 5227 ipse

1887 5248 1967 5300 vir
1995 5256 2116 5316 post
2146 5246 2443 5314 angelicum
2496 5246 2807 5302 condictunr
2850 5263 3100 5304 reversus
3141 5250 3207 5303 ad
3248 5264 3482 5304 monas-

1891 5338 2104 5399 terium,
2157 5339 2346 5391 iterum
2380 5337 2625 5393 collectis
2651 5337 2923 5405 fratribus,
2953 5355 3073 5395 curn
3102 5341 3334 5411 quadarn
3372 5358 3483 5397 non

1889 5431 2145 5485 mediocri
2204 5430 2583 5499 objurgatione
2644 5432 2867 5501 inquirit
2916 5434 3035 5504 quis
3082 5433 3151 5489 de
3200 5433 3307 5489 illis
3336 5444 3483 5489 esset

1892 5524 2329 5591 transgressionis
2386 5524 2674 5578 obnoxius.
2724 5524 2929 5591 Quibus
2977 5534 3375 5596 consequenter
3422 5542 3482 5581 se

1890 5622 2122 5671 nescisse
2151 5618 2600 5687 protestantibus,
2663 5617 2755 5672 ille
2802 5618 3051 5673 conscius
3077 5621 3158 5673 sui
3192 5621 3478 5673 inexcusa-

1890 5708 2010 5761 bilis
2062 5716 2427 5776 transgressus
2475 5708 2616 5762 ultra
2647 5723 2753 5761 non
2800 5709 3073 5763 sustinens
3101 5709 3354 5763 delictum
3385 5726 3477 5764 ce—

1891 5807 2003 5862 lare
2045 5821 2219 5870 suum,
2273 5804 2427 5860 flexis
2473 5804 2698 5873 genibus
2747 5802 2799 5856 in
2839 5806 3016 5857 medio
3058 5803 3280 5857 fratrum
3311 5803 3479 5858 choro

1892 5913 2073 5954 coram
2103 5898 2303 5953 Sancto
2337 5897 2547 5953 veniam
2570 5894 2801 5966 supplex
2829 5903 3106 5964 precatur.
3144 5898 3313 5962 Quem
3342 5894 3476 5951 San-
