4204 6536
802 427 903 482 767

1960 421 2198 476 ΞᾹΝΕΤΙ
2244 419 2551 476 ADMIANI
2594 423 2883 482 ABIlATlS

3942 436 4046 490 768

815 556 929 600 ctus
958 559 1197 600 seorsum
1220 544 1415 598 ducens
1442 540 1815 611 ingeniculanti
1854 557 1973 595 cum
2003 542 2184 609 grandi
2215 555 2363 595 com-
2395 537 2443 595 Δ
2473 538 2607 595 forte
2648 526 2857 596 adesset
2888 542 2976 597 illo
3004 541 3056 597 in
3097 542 3271 599 triduo
3298 545 3384 601 vel
3414 546 3483 602 de
3526 547 3833 617 prateritis,
3862 552 3951 606 vel
3978 552 4043 608 de

797 639 1013 692 rnendat
1061 635 1511 697 comminatione,
1569 643 1624 687 ut
1666 632 1795 686 nulli
1849 633 2123 686 hominum
2174 633 2239 685 de
2283 632 2367 685 illa

797 730 1035 793 angelica
1063 728 1265 781 visione
1297 727 1347 778 in
1379 725 1564 779 diebus
1593 725 1829 792 ejusdem
1856 725 1994 778 beati
2020 724 2115 776 viri
2148 723 2365 791 aliquid,

799 822 957 874 etiam
1009 834 1191 887 parum
1234 817 1610 885 occultumque
1647 817 1899 885 aperiret.
1947 816 2071 868 Post
2097 830 2367 883 egressum

799 925 925 962 vero
953 908 1018 961 de
1048 923 1276 977 corpore
1306 908 1472 961 sancti
1507 906 1601 959 viri
1631 907 1773 959 illam
1802 908 2033 961 cmlestis
2074 916 2247 960 cretus
2274 922 2367 974 ap-

796 999 1115 1068 paritionem
1167 996 1417 1050 fratribus
1463 1011 1581 1049 cum
1621 997 1804 1063 grandi
1838 996 2102 1047 intimavit
2155 1006 2364 1063 protes-

792 1092 1016 1145 tationc.
1076 1090 1224 1145 L‘nde
1250 1090 1511 1157 hodieque
1538 1098 1593 1144 et
1617 1090 1766 1144 locus
1797 1090 1937 1143 illius
1964 1090 2187 1154 angelici
2236 1106 2365 1145 con-

791 1180 939 1246 dicti,
970 1195 1081 1233 rem
1122 1180 1173 1232 in
1216 1193 1281 1231 co
1310 1188 1514 1245 gestam
1545 1195 1642 1233 suo
1672 1180 1889 1247 proprio
1919 1188 2244 1247 protestatur
2268 1196 2365 1233 vo-

790 1271 1009 1333 cabulo,
1056 1270 1144 1338 qui
1177 1270 1337 1324 latine
1378 1280 1554 1339 potest
1578 1270 1679 1325 dici
1709 1270 1997 1326 Colliculus
2027 1271 2361 1340 angelorum,

790 1365 994 1418 Scotire
1024 1380 1150 1417 vero
1181 1364 1510 1432 Cnogaugei.

865 1455 999 1509 llinc
1031 1456 1209 1521 itaque
1239 1454 1769 1509 animadvertendum
1797 1463 1897 1517 est,
1942 1455 2025 1509 vel
2053 1471 2157 1509 non
2190 1455 2360 1523 negli-

789 1556 976 1610 genter
1006 1546 1468 1613 perscrutandum,
1501 1554 1715 1613 quanta:
1765 1555 1819 1599 ct
1846 1545 2028 1614 quales
2056 1545 2119 1599 ad
2148 1546 2360 1600 beatum

787 1636 959 1689 virum
1010 1634 1325 1688 hiemalibus
1370 1636 1681 1705 plerumque
1733 1636 1978 1688 nectihus
2026 1636 2360 1701 insomnem,

792 1736 846 1780 ct
876 1728 923 1779 in
957 1727 1085 1779 locis
1117 1726 1525 1786 remotioribus,
1579 1726 1697 1777 ahis
1728 1727 2126 1793 quiescentibus
2147 1767 2159 1788 ,
2204 1741 2361 1777 oran-

792 1825 896 1869 tem
929 1818 1179 1883 angelica:
1226 1814 1421 1867 fuerint
1445 1821 1500 1866 et
1522 1828 1715 1867 suaves
1741 1813 2219 1882 frequentationcs,
2242 1828 2359 1881 qua:

2476 630 2663 685 futuris
2706 632 2957 701 deinceps
3011 634 3216 688 smculis
3264 636 3330 690 ab
3370 652 3465 691 ore
3500 639 3595 693 viri
3626 639 3771 695 beati
3797 643 4042 708 qumdam

2471 722 2695 790 plurima
2721 723 2787 776 ab
2813 724 2928 777 aliis
2958 726 3195 792 ignorata
3222 727 3528 782 hominibus
3566 732 3818 801 mysteria
3840 731 4044 786 descri-

2469 813 2653 875 beret,
2704 815 3000 882 aliquantas
3050 830 3263 885 quoque
3308 833 3583 874 sacrorum
3634 823 4042 891 explanationes

2469 904 2813 957 voluminum.
2870 906 2966 969 Qui
2996 915 3172 960 tamen
3214 908 3537 966 Baitheneus
3582 912 3635 966 in
3674 911 3815 980 Egea
3866 915 4039 968 insula

2467 994 2610 1046 venti
2658 997 3037 1050 contrarietate
3087 998 3338 1053 detentus
3386 1016 3664 1070 usquequo
3696 1003 3769 1056 illi
3819 1004 4041 1059 triuiales

2468 1082 2607 1137 illius
2637 1085 3085 1155 incomparabilis,
3127 1097 3182 1142 et
3211 1090 3519 1145 honorifica:
3548 1092 3868 1147 visitationis
3901 1094 4037 1161 dies.

2466 1187 2520 1232 et
2550 1179 2769 1233 tetidem
2794 1189 2978 1234 noctes
3012 1182 3446 1248 terminarentur,
3497 1184 3689 1240 adesse
3708 1201 3812 1240 non
3837 1186 4037 1255 potuit.

2536 1269 2717 1325 XXIII.
2752 1271 2987 1338 Quadam
3034 1273 3247 1327 hiemali
3277 1282 3455 1338 nocte,
3503 1290 3662 1345 supra
3706 1286 4039 1331 memoratus

2465 1362 2729 1431 Virgnous
2752 1366 2803 1419 in
2848 1366 2937 1419 Dei
2978 1381 3159 1419 amore
3187 1368 3421 1433 fervens,
3450 1368 3730 1422 ecclesiam
3775 1370 4038 1423 orationis

2464 1453 2637 1507 studio
2682 1454 2799 1509 aliis
2838 1456 3232 1523 quiescentibus
3286 1458 3433 1511 solus
3470 1458 3667 1523 intrat;
3733 1457 4037 1528 ibidemque

2465 1544 2516 1599 in
2558 1546 2785 1614 quadam
2835 1548 3052 1610 exedra,
3083 1565 3201 1617 qua:
3245 1550 3466 1603 oratorii
3494 1550 3784 1605 adherebat
3811 1553 4033 1620 parieti,

2463 1636 2687 1691 devotus
2742 1637 2949 1689 orabat.
3009 1635 3075 1690 Et
3118 1647 3236 1701 post
3286 1639 3616 1706 aliquantum
3679 1640 3831 1709 quasi
3890 1641 4035 1698 hora:

2465 1728 2618 1780 unius
2658 1728 2992 1781 intervallum
3031 1726 3110 1779 vir
3136 1730 3469 1783 venerandus
3505 1729 3762 1783 Columba
3792 1731 4034 1785 eamdem

2462 1832 2669 1871 sacram
2720 1818 3014 1884 ingreditur
3036 1817 3252 1871 domum
3274 1858 3290 1885 ,
3340 1819 3603 1888 simulque
3635 1835 3752 1873 cum
3777 1834 3843 1874 eo
3871 1836 4033 1874 aurea

790 1906 936 1960 nullo
985 1906 1143 1958 modo
1173 1905 1353 1957 venire
1399 1903 1450 1955 in
1500 1903 1771 1956 hominum
1823 1902 2061 1954 notitiam
2106 1911 2355 1969 intuere;
2392 1890 2434 1946 Β
2466 1906 2554 1959 lux
2584 1906 2649 1959 de
2675 1923 2879 1959 summa
2908 1908 3031 1961 cmli
3053 1908 3333 1962 altitudine
3354 1908 3683 1963 descendens
3706 1918 3874 1963 totum
3903 1910 4034 1964 illud

792 2010 911 2062 quae
942 1994 1123 2061 procul
1156 1994 1318 2045 dubio
1350 1993 1505 2045 valde
1536 2008 1832 2045 numerosae
1864 1990 2099 2057 fuerunt,
2132 1992 2174 2043 si
2198 1993 2358 2045 etiam

787 2099 856 2153 qu
878 2084 1025 2137 rdam
1055 2098 1120 2136 ex
1160 2084 1288 2151 ipsis
1318 2098 1533 2152 quoque
1566 2081 1725 2135 modo
1765 2084 1830 2134 ab
1862 2081 2165 2135 hominibus
2194 2082 2277 2135 vel
2306 2083 2358 2135 in

788 2175 873 2229 die
905 2176 983 2229 \el
1016 2186 1170 2229 nocte
1211 2176 1478 2244 cxiilorari
1538 2176 1836 2243 potuerint,
1893 2191 2012 2243 qua:
2040 2178 2241 2243 absque
2263 2176 2359 2229 du-

793 2268 1048 2321 bitatione
1077 2283 1257 2335 pauca:
1287 2266 1352 2318 ad
1397 2282 1581 2319 earum
1611 2267 2065 2334 comparationem
2096 2266 2359 2331 angelica-

787 2372 905 2409 rum
936 2356 1419 2424 frcqncntationnm
1445 2396 1460 2417 ,
1509 2370 1627 2423 qua:
1670 2354 1915 2408 videlicet
1945 2370 1974 2407 a
1997 2356 2209 2409 nemine
2237 2356 2358 2410 sciri

786 2454 1054 2516 poterant.
1090 2447 1203 2500 lloc
1244 2446 1378 2499 idem
1416 2446 1660 2501 similiter
1688 2446 1756 2501 de
1781 2446 2095 2516 quibusdam
2130 2447 2358 2501 lumino-

782 2540 856 2592 sis
884 2538 1397 2592 manifestatiouibus
1423 2536 1783 2591 adnotandum
1802 2577 1815 2601 ,
1841 2551 1959 2605 qua:
1998 2552 2027 2590 a
2050 2537 2233 2607 paucis
2258 2551 2355 2591 ex-

785 2627 1006 2696 ploranc
1038 2626 1256 2681 inferius
1279 2628 1693 2689 caraxabuntur.

854 2717 988 2770 XXI.
1039 2719 1158 2772 Alio
1210 2720 1260 2770 in
1312 2727 1570 2786 tempore,
1604 2725 1834 2786 quatuor
1858 2717 1923 2770 ad
1965 2725 2207 2771 sanctum
2234 2717 2357 2771 visi-

784 2811 1000 2863 tandum
1028 2809 1339 2863 Columbam
1367 2810 1810 2863 monasteriorum
1838 2808 2007 2861 sancti
2044 2806 2356 2861 fundatores

784 2899 851 2954 de
878 2900 1055 2953 Scotia
1103 2908 1494 2953 transmeantes
1538 2900 1589 2952 in
1640 2898 1845 2969 Hymba
1878 2913 1999 2951 eum
2038 2898 2356 2951 invenerunt

781 2991 971 3055 insula,
1004 3007 1229 3061 quorum
1264 2992 1486 3045 illustria
1518 2991 1775 3045 vocabula
1808 2990 2115 3055 Concellus,
2160 2990 2355 3044 Cahin-

784 3084 1005 3144 lectius,
1066 3082 1399 3147 Brendenus,
1452 3080 1761 3135 Cormacus.
1813 3078 1877 3132 Hi
1924 3094 2029 3133 uno
2059 3078 2355 3147 eodemque

780 3189 1046 3229 consensu
1089 3176 1365 3242 elegerunt
1391 3182 1445 3227 ut
1469 3189 1684 3227 sane;us
1711 3172 1967 3226 Columba
1996 3188 2175 3226 coram
2223 3173 2351 3240 ipsis

782 3266 836 3319 in
867 3266 1089 3321 ecclesia
1121 3281 1269 3320 sacra
1299 3264 1643 3319 Eucharistia:
1690 3273 2031 3319 consecraret
2076 3265 2348 3334 mysteria.
2380 3230 2426 3294 Ο

784 3353 884 3419 Qui
916 3371 1097 3408 eorum
1128 3355 1495 3409 obsecundans
1543 3354 1767 3423 jussioni
1815 3353 1971 3407 simul
1998 3370 2115 3408 cum
2147 3354 2224 3409 eis
2267 3354 2354 3408 die

783 3447 1059 3502 Dominica
1088 3462 1154 3502 ex
1181 3462 1328 3502 more
1357 3456 1478 3518 post
1508 3446 1778 3516 Evangelii
1817 3446 2125 3512 lectionem,
2171 3445 2350 3501 eccle-

783 3542 917 3597 siam
951 3542 1272 3611 ingreditur,
1323 3544 1660 3612 ibidemque,
1691 3545 1815 3597 dum
1847 3542 2123 3598 Missarum
2155 3543 2351 3598 solem-

784 3633 872 3687 aia
924 3633 1355 3698 celebrarentur,
1413 3643 1626 3687 sanctus
1666 3632 2004 3697 Brendenus,
2059 3634 2195 3686 sicut
2234 3640 2354 3703 post

778 3722 1033 3777 Concello
1093 3730 1148 3776 et
1190 3722 1533 3777 Caliinnecho
1586 3724 1873 3788 intimavit,
1924 3723 2206 3793 quemdam
2247 3724 2351 3777 cri-

779 3812 990 3866 niosum
1048 3813 1260 3883 igneum
1306 3812 1564 3881 globum,
1617 3822 1672 3868 et
1698 3813 1852 3867 valde
1907 3813 2231 3867 lnminosum
2284 3814 2351 3868 de

777 3904 977 3957 vertice
997 3904 1166 3958 sancti
1192 3902 1463 3958 Columba:
1491 3914 1614 3959 ante
1642 3906 1808 3961 altare
1839 3906 2047 3969 stantis,
2072 3914 2124 3959 et
2145 3921 2349 3960 sacram

776 3993 1103 4049 oblationem
1140 3997 1522 4061 consecrantis,
1558 4004 1662 4049 tam
1697 3996 1786 4050 diu
1816 3995 2123 4062 ardentem,
2174 4006 2225 4050 et
2269 3997 2349 4051 in-

776 4092 888 4137 star
935 4084 1158 4150 alicujus
1201 4086 1463 4140 columna:
1512 4102 1718 4142 sursum
1773 4086 2147 4141 ascendentem
2195 4087 2344 4152 vidit,

776 4174 950 4228 donec
978 4176 1163 4228 eadem
1189 4178 1573 4245 perficerentur
1599 4186 1941 4232 sacrosancta
1965 4176 2234 4246 mysteria.

848 4262 1008 4316 XXII.
1035 4265 1152 4317 Alio
1185 4265 1235 4318 in
1268 4274 1530 4335 tempore,
1563 4282 1683 4321 cum
1711 4274 1927 4321 sanctus
1958 4266 2037 4319 vir
2059 4266 2108 4320 in
2143 4266 2345 4337 llymba

778 4362 1144 4408 commancret
1176 4355 1366 4422 insula,
1400 4356 1569 4424 gratia
1614 4357 1785 4410 sancti
1832 4354 2144 4423 Spiraminis
2188 4370 2347 4424 super

779 4456 898 4495 eum
950 4444 1158 4498 abunde
1208 4454 1260 4497 et
1298 4445 1787 4514 incomparabiliter
1840 4443 2042 4510 effusa,
2101 4460 2196 4515 per
2251 4445 2345 4498 tri-

777 4530 938 4585 duum
987 4535 1298 4588 mirabiliter
1340 4536 1567 4600 mansit,
1615 4535 1686 4589 ita
1718 4544 1773 4589 ut
1818 4550 1915 4605 per
1944 4545 2053 4589 tres
2105 4535 2222 4589 dies
2262 4543 2345 4589 to-
2371 4575 2426 4637 υ

778 4623 1047 4691 tidemque
1098 4634 1279 4681 noctes
1326 4625 1461 4680 intra
1501 4626 1801 4680 obseratam
1836 4634 1889 4679 et
1923 4626 2183 4694 repletam
2232 4641 2344 4681 cce-

778 4712 894 4765 lesti
953 4713 1265 4769 claritudine
1322 4716 1535 4770 domum
1602 4733 1865 4781 manens,
1928 4718 2127 4771 nullum
2174 4718 2240 4771 ad
2286 4734 2346 4773 se

778 4805 1032 4858 accedere
1085 4808 1449 4874 permitteret,
1514 4824 1686 4878 neque
1741 4807 2103 4873 manducans,
2173 4823 2346 4878 neque

777 4891 987 4947 bibens.
1043 4892 1117 4947 De
1165 4910 1268 4963 qua
1317 4897 1559 4952 videlicet
1612 4898 1771 4952 domo
1814 4898 2083 4951 immensze
2129 4898 2345 4952 clarita-

779 4983 846 5037 tis
892 4984 1025 5037 radii
1077 5000 1171 5053 per
1211 4987 1427 5042 rimulas
1466 4988 1773 5052 valvarum,
1822 4997 1876 5041 et
1924 4988 2150 5041 clavium
2206 4988 2345 5041 fora«

778 5074 920 5126 mina
944 5086 1284 5145 erumpentes
1312 5089 1469 5134 noctu
1504 5081 1824 5134 visebantur.
1853 5080 2099 5134 Carmina
2130 5096 2344 5149 quoque

778 5164 1016 5231 quredam
1046 5167 1334 5233 spiritualia
1366 5180 1418 5222 et
1446 5179 1569 5225 ante
1618 5171 1849 5223 inaudita
1875 5170 2144 5224 decantari
2184 5170 2251 5223 ab
2280 5186 2344 5225 eo

781 5255 1150 5311 audiebantur.
1206 5259 1307 5313 Sed
1356 5273 1411 5317 et
1461 5262 1622 5315 multa
1670 5262 1932 5330 qumdam,
1984 5272 2039 5315 ut
2083 5263 2195 5331 ipse
2226 5270 2346 5330 post

780 5364 959 5407 coram
1002 5352 1182 5421 paucis
1221 5354 1281 5405 ad
1312 5353 1523 5406 domum
1576 5352 1775 5424 [Forte,
1811 5352 2116 5423 admodum]
2140 5352 2345 5421 profes-

779 5460 873 5498 sus
920 5454 1019 5508 est,
1071 5444 1275 5498 occulta
1326 5445 1390 5497 ab
1435 5445 1657 5499 exordio
1706 5445 1885 5498 mundi
1931 5460 2125 5498 arcana
2159 5452 2343 5513 aperte

782 5534 1115 5586 mani'estata
1148 5534 1380 5585 videbat.
1414 5534 1803 5601 Scripturarum
1832 5548 2043 5601 quoque
2073 5548 2342 5587 sacrarum

780 5623 1005 5676 obscura
1037 5638 1257 5690 qumque
1287 5632 1339 5676 et
1379 5624 1687 5677 difficillima
1720 5624 1872 5694 plena
1922 5632 1975 5677 et
2004 5624 2120 5677 luce
2150 5624 2343 5677 clarius

780 5724 959 5779 aperta
1004 5712 1333 5765 mundissimi
1368 5714 1543 5767 cordis
1590 5714 1756 5768 oculis
1801 5716 2069 5783 patebant,
2127 5714 2341 5767 Baithc-

781 5818 1044 5871 Iluttmquc
1079 5801 1365 5856 alumnum
1414 5820 1517 5860 non
1557 5805 1745 5859 adesse
1776 5805 2116 5874 querebatur.
2166 5802 2266 5867 Qui
2299 5803 2343 5857 si

2460 1996 2701 2049 ecclesia:
2743 1996 2974 2064 spatium
3021 1997 3273 2066 replevit,
3330 1998 3425 2053 sed
3477 2008 3531 2053 et
3566 1999 3706 2053 illius
3745 2000 4032 2055 exedriola:

2459 2093 2764 2152 separatum
2812 2084 3100 2146 conclave,
3134 2085 3222 2139 ubi
3250 2100 3308 2140 se
3336 2085 3633 2153 Virgnous,
3690 2087 3741 2141 in
3772 2098 4031 2155 quantum

2460 2175 2652 2240 potuit,
2686 2173 2895 2226 latitare
2926 2174 3253 2239 conabatur,
3287 2175 3526 2243 ejusdem
3556 2176 3786 2231 caelestis
3812 2179 4032 2233 claritas

2460 2262 2673 2317 luminis
2716 2279 2808 2331 per
2852 2264 3163 2317 interiorem
3196 2264 3336 2318 illius
3364 2265 3589 2320 cubiculi
3617 2267 3856 2334 januam,
3909 2285 4029 2337 qua:

2458 2366 2522 2406 ex
2553 2353 2757 2407 minore
2802 2353 3016 2422 patebat
3048 2364 3198 2421 parte
3225 2369 3534 2424 erumpens,
3582 2372 3687 2411 non
3708 2358 3821 2411 sine
3850 2359 4030 2428 aliquo

2460 2440 2777 2497 formidabili
2830 2443 3131 2512 repleverat
3169 2453 3394 2501 terrore.
3422 2444 3485 2498 Et
3517 2446 3654 2500 sicut
3684 2448 3861 2502 nullus
3886 2448 4031 2503 aesti-

2460 2546 2580 2585 vum
2606 2544 2660 2585 et
2696 2532 3099 2587 meridionalem
3147 2534 3318 2588 solem
3346 2536 3503 2589 rectis
3541 2545 3595 2589 et
3628 2536 4031 2592 irreverberalis

2457 2631 2636 2691 potest
2666 2623 2855 2676 intueri
2887 2626 3085 2688 oculis,
3134 2625 3208 2681 sic
3235 2633 3283 2678 et
3315 2625 3459 2679 illam
3507 2626 3778 2681 cmlestem
3805 2628 4028 2683 claritu-

2458 2711 2636 2765 dinem
2666 2712 2751 2766 ille
2772 2712 3053 2781 Virgnous,
3071 2715 3159 2783 qui
3189 2714 3403 2779 viderat,
3420 2716 3685 2771 sustinere
3710 2718 3853 2772 nullo
3872 2730 4031 2787 pote-

2459 2810 2540 2856 rat
2558 2808 2736 2867 modo,
2753 2804 2874 2871 quia
2890 2804 3043 2857 valde
3059 2806 3175 2859 ocul
3188 2820 3335 2859 arum
3355 2806 3724 2861 reverberabat
3744 2808 3912 2862 aciem
3940 2810 4029 2864 illa

2459 2894 2721 2950 luminosa
2758 2905 2813 2949 et
2842 2897 3275 2967 incomparabdis
3305 2900 3512 2955 effusio.
3549 2900 3663 2966 Quo
3686 2902 3948 2957 fulminali
3977 2914 4030 2959 et

2460 2984 2865 3054 incomparabili
2897 2987 3180 3055 splendore
3206 2988 3319 3044 viso
3347 2990 3399 3043 in
3449 2998 3658 3045 tantum
3698 2991 3836 3046 idem
3865 3009 4028 3063 supra

2457 3086 2787 3129 memoratus
2834 3074 2998 3130 frater
3049 3079 3335 3131 exterritus
3384 3088 3539 3143 erat,
3591 3088 3648 3133 ut
3694 3080 3837 3133 nulla
3865 3081 3920 3134 in
3962 3096 4028 3135 eo

2456 3164 2626 3219 virtus
2670 3175 2992 3220 remaneret.
3045 3166 3273 3221 Sanctus
3310 3182 3437 3223 vero
3469 3169 3725 3223 Columba
3756 3179 3878 3238 post
3918 3186 4027 3225 non

2455 3260 2716 3328 prolixam
2746 3260 3039 3316 orationem
3070 3260 3339 3329 egreditur
3362 3261 3663 3326 ecclesiam,
3696 3262 4026 3329 Virgnoum-

2454 3363 2559 3417 que
2598 3348 2749 3403 valde
2797 3350 3102 3404 timoratum
3150 3350 3216 3404 ad
3258 3365 3315 3405 se
3355 3353 3586 3405 crastina
3629 3352 3857 3407 advocat
3903 3352 4023 3417 die,

2453 3441 2642 3508 hisque
2708 3440 2959 3496 brevibus
3022 3442 3313 3511 compellat
3365 3443 3543 3497 verbis
3606 3443 4021 3498 consolatoriis:

2453 3530 2626 3595 Bene,
2677 3546 2708 3585 ο
2754 3531 2941 3595 liliole,
2989 3530 3323 3598 ingeminans
3349 3532 3450 3586 hac
3478 3534 3749 3602 prmterita
3782 3542 3941 3588 nocte
3970 3535 4024 3589 in

2453 3629 2742 3689 conspectu
2794 3620 2885 3675 Dei
2931 3620 3203 3690 placuisti;
3261 3622 3447 3676 oculos
3492 3622 3557 3676 ad
3610 3631 3808 3677 terram
3838 3623 4023 3693 depri-

2452 3711 2670 3774 mendo,
2724 3711 2977 3765 claritatis
3027 3711 3217 3765 timore
3264 3713 3581 3780 perterritus
3629 3711 3767 3778 ejus.
3820 3712 3953 3767 Nam
3981 3715 4024 3767 si

2452 3814 2559 3853 non
2605 3799 2677 3853 ita
2722 3798 2977 3864 fecisses,
3029 3799 3115 3852 illa
3141 3798 3492 3852 inaestimabili
3515 3799 3918 3855 obcmcarentur
3946 3803 4022 3853 tui

2450 3888 2571 3943 luce
2598 3890 2709 3942 visa
2746 3888 2909 3943 oculi.
2957 3886 3060 3941 Sed
3092 3889 3194 3943 hoc
3235 3903 3341 3942 non
3378 3889 3707 3955 negligenter
3731 3888 4025 3943 observare

2452 3976 2636 4044 debes,
2690 3987 2744 4032 et
2792 3987 2848 4031 ut
2877 3977 3035 4032 talem
3066 3976 3203 4032 hanc
3232 3977 3367 4031 lucis
3414 3976 3897 4031 manifestationem
3928 3994 4021 4034 ne-

2451 4070 2578 4122 mini
2606 4083 2838 4137 unquam
2866 4068 2917 4121 in
2954 4082 3072 4122 mea
3099 4067 3339 4123 denudes
3366 4067 3493 4122 vita.

2521 4160 2645 4216 "me
2686 4162 2865 4229 itaque
2919 4160 3255 4230 predicabilis
3297 4169 3354 4215 et
3391 4160 3719 4217 admirabilis
3748 4162 3853 4216 'res
3904 4172 4022 4233 post

2450 4251 2592 4305 beati
2619 4251 2715 4304 viri
2748 4250 3029 4304 transitum
3076 4250 3254 4304 multis
3279 4249 3472 4304 eodem
3507 4248 3743 4318 Virgnoo
3772 4262 4023 4306 narrante

2450 4342 2701 4397 innotuit.
2735 4339 2901 4410 Cujus
2947 4341 3151 4396 scilicet
3178 4340 3397 4409 Virgnoi
3443 4340 3647 4395 sororis
3681 4340 3822 4394 filius
3859 4342 4015 4396 Com-

2449 4448 2638 4487 manus
2668 4432 2994 4487 honorabilis
3024 4432 3303 4505 presbyter
3320 4432 3453 4486 mihi
3470 4430 3799 4487 Adamnano
3821 4434 3896 4489 de
3923 4436 4022 4489 bac

2448 4535 2612 4591 supra
2641 4521 2846 4575 visione
2894 4528 3145 4574 caraxata
3191 4520 3479 4590 aliquando
3504 4520 3605 4575 sub
3643 4520 4022 4578 testiﬁcatione

2450 4621 2825 4678 enarraverat,
2870 4611 2957 4681 qui
2982 4626 3099 4665 eam
3130 4618 3430 4665 enarratam
3458 4610 3526 4665 ab
3566 4624 3661 4665 ore
3688 4610 3859 4679 ipsius
3893 4612 4018 4668 Ver-

2447 4702 2571 4770 gnoi
2602 4702 2810 4755 abbatis
2852 4710 2908 4755 et
2951 4700 3197 4755 avunculi
3222 4700 3303 4754 sui
3323 4699 3391 4755 ab
3423 4714 3511 4763 eo,
3554 4700 3608 4754 in
3636 4708 3901 4769 quantum
3928 4717 4020 4772 po-

2448 4795 2547 4849 tuit
2577 4794 2741 4847 visam
2769 4792 3030 4847 audierat.

2522 4884 2704 4940 XXIV.
2737 4884 2827 4937 ltla
2859 4885 3038 4939 itidem
3075 4891 3234 4939 nocte
3263 4883 3477 4955 quidam
3504 4882 3573 4940 de
3600 4883 3863 4940 fratribus
3889 4888 4016 4941 Got-

2444 4992 2543 5046 gus
2590 4976 2826 5038 nomine,
2882 4975 3033 5044 cujus
3088 4975 3139 5029 in
3190 4976 3361 5045 primo
3394 4973 3613 5029 fecimus
3662 4975 4014 5037 mentionem,

2445 5085 2570 5124 casu
2603 5068 2667 5122 ad
2686 5067 2901 5135 januam
2929 5066 3169 5121 ecclesia:
3189 5066 3307 5121 aliis
3333 5065 3739 5131 dormientibus,
3771 5066 4012 5129 devenit;

2445 5159 2748 5226 ibidemque
2793 5158 3097 5226 aliquandiu
3154 5165 3303 5211 stans
3349 5157 3567 5223 orabat;
3621 5165 3735 5211 tum
3790 5156 4011 5227 proinde

2446 5252 2620 5306 subito
2666 5260 2829 5304 totam
2854 5250 3000 5304 videt
3054 5250 3331 5305 ecclesiam
3359 5250 3563 5305 caelesti
3613 5249 3737 5305 luce
3784 5250 4008 5321 repleri;

2447 5358 2565 5412 qum
2594 5344 2797 5396 scilicet
2845 5341 3115 5408 fulguralis
3139 5342 3230 5395 lux
3251 5340 3393 5395 dicto
3414 5342 3569 5396 citius
3606 5342 3675 5396 ab
3696 5342 3815 5410 ejus
3836 5359 4008 5399 reces-

2444 5436 2513 5489 sit
2556 5435 2745 5489 ocnlis.
2790 5433 3046 5487 Sanctum
3098 5447 3228 5487 vero
3275 5432 3588 5487 Columbam
3641 5432 3775 5487 hora
3828 5434 4007 5489 eadem

2444 5527 2581 5581 intra
2623 5526 2901 5581 ecclesiam
2948 5534 3189 5580 orantem
3224 5526 3541 5595 ignorabat,
3592 5534 3825 5597 postque
3858 5530 4005 5582 talem

2444 5620 2670 5674 subitam
2720 5620 2934 5674 luminis
2962 5620 3350 5689 apparitionem
3395 5620 3554 5675 valde
3600 5622 4003 5689 pertimescens,

2444 5710 2659 5764 domum
2687 5712 2991 5765 revertitur.
3022 5710 3242 5766 Postera
3280 5712 3364 5765 die
3408 5712 3636 5767 Sanctus
3665 5713 3819 5767 illum
3851 5715 4004 5769 advo-

2445 5816 2572 5856 cans
2593 5800 2830 5870 asperius
2852 5800 3148 5870 objurgavit
3180 5802 3425 5871 inquiens
3449 5819 3460 5852 :
3490 5799 3567 5855 De
3587 5810 3791 5859 caztero
3814 5820 4004 5875 praeca-
