4204 6540
749 432 846 492 771

1903 418 2145 478 SANCTI
2189 416 2499 475 ΛΒΑΜΑΝΙ
2538 416 2712 472 ΑΒΒᾹ
2725 412 2830 473 TlS

3914 410 4015 439 -'J

3923 441 4016 465 tta

751 553 901 617 ptum
943 549 1044 607 est,
1075 539 1227 594 corde
1269 540 1480 594 [etanta
1523 537 1688 591 vultu:
1717 538 1885 607 ﬂoret.
1921 535 2120 590 Eadem
2167 550 2317 589 nam-
2351 538 2398 596 Α
2427 533 2547 587 loco
2578 548 2708 586 crux
2735 530 2922 585 molari
2952 538 3138 600 postea
3171 528 3331 584 infixa
3354 528 3538 600 lapidi,
3563 528 3843 597 hodieque
3872 537 4021 583 stans

751 653 858 707 que
906 637 1034 688 liora
1079 632 1329 701 angelum
1378 630 1584 684 Domini
1616 645 1779 700 supra
1836 629 2150 683 volitantem
2183 629 2330 683 solus

750 729 888 785 vidit
920 728 1059 782 intra
1096 726 1260 796 ipsius
1305 723 1527 778 oratorii
1570 723 1842 793 parietes:
1876 729 1931 775 et
1957 721 2080 791 quia
2110 730 2330 775 sancto-

750 841 872 882 rum
921 821 1234 884 angelorum
1300 818 1548 873 amabilis
1602 827 1656 872 et
1710 816 2026 886 tranquillus
2081 825 2333 883 aspectus

752 916 1007 987 gaudium
1041 921 1095 966 et
1122 911 1542 966 exsultationem
1583 909 1879 963 electorum
1911 908 2219 977 pectoribus
2251 908 2329 960 in-

753 1009 949 1072 fundit,
997 1006 1112 1059 lucc
1154 1003 1254 1059 fuit
1296 1004 1438 1058 illius
1483 1001 1671 1055 subice
1729 1017 1890 1058 causa
1940 1001 2135 1053 laetitia:
2172 999 2333 1053 beato

754 1097 927 1153 infusa
959 1096 1116 1160 viro;
1149 1095 1215 1147 de
1243 1109 1348 1163 qua
1378 1093 1577 1148 scilicet
1613 1107 1773 1146 causa
1806 1091 2077 1158 inspirata?
2109 1089 2335 1142 laztatio-

753 1191 858 1255 nis,
889 1205 1010 1246 cum
1041 1188 1132 1258 qui
1165 1188 1374 1241 inerant
1407 1183 1604 1238 ibidem
1631 1192 1941 1252 prro-"entes,
1975 1182 2329 1251 inquirerent,

753 1281 859 1339 hoc
881 1284 957 1338 eis
984 1281 1216 1337 Sanetus
1243 1293 1561 1342 restionsutn
1593 1292 1801 1331 sursum
1831 1275 2125 1344 respiciens
2149 1275 2292 1328 dedit
2318 1291 2331 1328 :

755 1375 888 1432 Mira
919 1383 974 1430 ct
1002 1372 1438 1442 incomparabilis
1465 1379 1540 1426 est
1583 1369 1836 1437 angelica:
1879 1369 2150 1422 subtilitas
2178 1376 2334 1420 natu—

879 1464 1016 1520 Ecce
1047 1464 1188 1518 enim
1239 1463 1460 1527 angelus
1497 1460 1703 1514 Domini
1737 1460 1802 1512 ad
1849 1458 2202 1528 repetendum
2240 1457 2337 1512 ali-

756 1559 900 1630 quod
955 1560 1065 1612 Deo
1107 1557 1326 1612 charum
1379 1555 1572 1610 missus
1608 1554 1928 1623 depositum,
1968 1567 2066 1606 nos
2106 1552 2338 1621 desuper

758 1650 899 1706 intra
929 1649 1215 1704 ecclesiam
1249 1647 1514 1714 aspiciens
1551 1643 1972 1708 etbenedicens,
2004 1659 2214 1698 rursum
2244 1659 2338 1712 per

758 1741 1100 1814 parasticiam
1149 1738 1388 1795 ecclesiae
1429 1752 1714 1801 reversus,
1759 1736 1901 1790 nulla
1951 1735 2071 1790 talis
2115 1736 2336 1804 vestigia

757 1835 935 1890 exitus
961 1833 1198 1902 reliquit.
1234 1831 1357 1885 llwc
1388 1830 1639 1884 Sanetus.
1673 1829 1779 1884 Sed
1810 1840 1937 1883 tunc
1965 1829 2034 1883 de
2079 1829 2338 1898 qualitate

2432 623 2485 678 in
2516 624 2754 678 maraiac
2801 625 3038 676 cernitur
3071 620 3186 675 viae.
3234 621 3476 688 Dumque
3521 619 3718 674 ibidem
3763 617 4018 684 Sanctus,

2433 720 2491 765 ut
2538 711 2788 781 pr:cfatns
2833 728 2972 774 sum,
3024 711 3175 764 senio
3208 711 3382 766 fessus
3425 712 3643 780 paulum
3692 710 3897 766 sedens
3933 725 4018 764 rc-

2431 804 2754 873 quicsceret,
2805 819 2932 857 ecce
2961 803 3113 857 albos
3161 805 3399 856 occurrit
3440 801 3704 864 caballus,
3752 803 4019 856 obediens

2433 896 2687 962 servitur,
2720 895 2811 963 qui
2862 895 3066 948 scilicet
3111 895 3330 947 Iaetaria
3361 895 3500 946 intra
3544 894 3800 948 bocctum
3833 909 4022 948 mena-

2433 987 2655 1042 steriu'n
2699 987 2914 1041 vascula
2959 994 3173 1053 gestare
3213 995 3588 1041 consueverat.
3634 983 3679 1038 ll
3705 1002 3734 1040 c
3773 986 3844 1038 ad
3886 983 4025 1038 San-

2434 1091 2573 1137 ctum
2603 1082 2883 1145 accedens,
2919 1081 3114 1134 mirum
3149 1080 3318 1145 dictu,
3353 1089 3518 1149 caput
3549 1080 3600 1132 in
3632 1080 3754 1132 sinu
3783 1077 3902 1146 ejus
3934 1094 4022 1143 po-

2437 1190 2586 1238 ncns,
2635 1183 2692 1228 ut
2741 1175 2920 1238 credo,
2969 1174 3086 1244 insp
3113 1183 3265 1228 raute
3314 1172 3444 1236 Deo,
3479 1173 3565 1227 cui
3611 1187 3772 1226 omne
3823 1171 4021 1226 animal

2435 1267 2648 1322 brutum
2679 1268 2838 1337 sapit,
2872 1282 3030 1320 sensu
3057 1281 3164 1334 quo
3191 1267 3304 1332 ipse
3326 1266 3543 1334 jusserit
3565 1263 3815 1328 Creator,
3848 1265 4020 1318 domi-

2435 1375 2559 1413 num
2593 1374 2620 1413 a
2663 1376 2722 1414 se
2764 1377 2919 1413 suum
2962 1375 3088 1413 mox
3129 1359 3538 1428 emigraturum,
3571 1369 3626 1414 et
3674 1360 3849 1429 ipsum
3882 1359 4019 1413 ultra

2438 1467 2542 1505 non
2591 1451 2826 1505 visurum
2875 1453 3082 1515 sciens,
3142 1453 3304 1521 cmpit
3349 1451 3627 1522 plangere,
3678 1451 4020 1519 ubertimque

2436 1543 2585 1610 quasi
2617 1542 2778 1595 horno
2808 1543 3074 1614 lacrymas
3106 1543 3156 1596 in
3185 1544 3450 1609 gremium
3474 1543 3659 1597 Sancti
3692 1541 3942 1607 fundere,
3968 1551 4024 1598 et

2437 1632 2591 1686 valde
2617 1647 2870 1700 Spumans
2900 1632 3048 1687 flere.
3081 1631 3234 1698 Quod
3266 1632 3451 1686 videns
3483 1633 3730 1687 minister
3758 1636 3929 1702 coepit
3962 1636 4023 1688 il-

2439 1723 2546 1778 lutn
2595 1725 2823 1777 flebilem
2874 1723 3138 1793 repellere
3182 1722 3616 1780 lamentatorem.
3651 1725 3759 1778 Sed
3791 1723 4025 1780 Sanctus

2441 1817 2712 1884 prohibuit
2733 1832 2854 1871 cum
2883 1817 3070 1869 dicens
3096 1833 3106 1867 :
3133 1816 3260 1870 Sine
3283 1817 3422 1870 hunc
3445 1816 3489 1870 si
3523 1817 3688 1871 nostri
3720 1832 3787 1872 ne
3813 1827 4026 1871 amator

758 1925 904 1982 illius
930 1924 1177 1994 depositi,
1213 1922 1278 1977 ad
1305 1921 1448 1992 quod
1478 1922 1673 1974 missus
1701 1930 1782 1975 est
1809 1919 2031 1988 angelus
2061 1920 2337 1988 requiren-

2455 1917 2571 1962 ast"
2605 1917 2662 1961 ut
2705 1909 2756 1962 in
2803 1909 2943 1962 hunc
2983 1908 3159 1961 sinum
3212 1905 3367 1961 ﬂetus
3415 1908 3654 1962 effundat
3700 1911 4025 1964 amarissimi

758 2019 908 2083 dum,
942 2033 1101 2072 nemo
1127 2015 1193 2070 de
1220 2014 1689 2070 circumstantibus
1716 2026 2108 2081 recognoscere
2139 2012 2335 2081 potuit.

760 2114 958 2169 Noster
989 2127 1118 2165 vero
1140 2118 1399 2180 patronus
1439 2115 1680 2160 sanctam
1706 2105 1978 2176 prapriam
2022 2120 2049 2156 a
2096 2105 2203 2156 Deo
2239 2105 2337 2157 sibi

760 2202 1188 2260 commendatam
1213 2201 1447 2254 animam
1477 2199 1779 2266 depositum
1803 2198 2166 2266 nuncupavit;
2200 2211 2339 2264 quae,

761 2297 916 2354 sicuti
947 2296 1166 2350 inlerius
1197 2293 1516 2353 narrabitur,
1557 2292 1661 2344 alia
1685 2291 1832 2345 senis
1855 2290 2338 2344 intervenientibus

761 2387 1032 2445 continuis
1061 2387 1250 2441 diebus
1293 2384 1568 2438 Dominica
1599 2391 1761 2438 nocte
1791 2382 1858 2437 ad
1898 2382 2176 2436 Hominum
2207 2380 2334 2434 emi-

763 2479 954 2550 gravit.

836 2569 1068 2624 XXVIII.
1117 2569 1207 2623 Vir
1261 2567 1441 2636 itaque
1481 2567 1805 2622 venerabilis
1848 2567 1900 2622 in
1955 2566 2060 2622 fine
2106 2565 2344 2634 ejusdem

765 2662 980 2717 hebdoa
1005 2660 1138 2724 adis,
1173 2660 1276 2713 hoc
1305 2667 1408 2724 est,
1439 2659 1527 2711 die
1547 2657 1790 2721 Sabbati,
1823 2658 1935 2725 ipse
1962 2665 2016 2710 et
2048 2657 2165 2725 pius
2191 2657 2348 2710 mini-

768 2762 878 2811 ster
911 2753 1220 2808 Diormitius
1246 2795 1260 2817 ,
1298 2751 1365 2804 ad
1405 2752 1707 2820 proximum
1751 2759 1976 2818 pergunt
2020 2749 2346 2804 benedicen-

769 2847 897 2900 dum
943 2843 1219 2907 horrcum,
1264 2842 1405 2911 quod
1457 2842 1658 2895 intrans
1697 2841 1929 2896 Sanetus
1976 2856 2097 2896 cum
2129 2840 2349 2896 benedi-

771 2937 960 3002 xisset,
991 2943 1045 2989 et
1073 2934 1207 2987 duos
1255 2933 1306 2986 in
1352 2949 1417 2986 co
1470 2933 1676 2994 frugum
1725 2941 2093 3001 sequestratos
2134 2933 2352 2988 vidisset

773 3041 1016 3086 acervus,
1048 3024 1152 3078 hoc
1179 3023 1358 3076 intulit
1386 3023 1606 3076 verbum
1639 3039 1759 3077 Clllll
1791 3024 2083 3088 gratiarum
2117 3026 2348 3088 actione,

775 3120 1023 3188 inquiens
1061 3140 1067 3168 ;
1099 3117 1266 3169 Valde
1296 3116 1641 3177 eomtratulor
1679 3116 1810 3170 meis
1842 3115 2194 3171 familiaribus
2239 3131 2352 3170 mo-

770 3211 977 3274 nachis,
1007 3210 1131 3278 quia
1160 3210 1261 3263 hoc
1293 3210 1454 3262 etiam
1487 3224 1649 3270 anno,
1679 3209 1720 3262 si
1751 3209 1965 3277 quidem
1990 3225 2018 3262 a
2047 3210 2199 3265 vobis
2222 3211 2350 3264 emi-

2439 2001 2726 2072 plangoris.
2762 1998 2898 2052 Ecce
2949 2009 3003 2053 ιιι
3051 2001 3213 2054 Ιιοιηο
3255 2015 3375 2052 cum
3419 2001 3514 2066 sis,
3547 2007 3601 2054 cl
3644 2002 4023 2056 rationabilem

2438 2095 2667 2147 animum
2699 2093 2917 2156 hibeas,
2955 2094 3101 2146 nullo
3134 2095 3292 2146 modo
3324 2095 3464 2147 scire
3495 2096 3562 2149 de
3591 2111 3712 2149 tneo
3747 2099 3897 2150 exitu
3931 2113 4025 2165 po-

2440 2185 2610 2251 luisti,
2654 2185 2752 2239 nisi
2796 2185 2940 2254 quod
2976 2185 3067 2238 tibi
3112 2199 3211 2253 ego
3262 2185 3377 2255 ipse
3427 2202 3597 2256 nuper
3642 2188 4020 2253 manili-stati;

2441 2276 2565 2330 huic
2607 2291 2736 2331 vero
2775 2275 2932 2330 bruto
2968 2284 3022 2329 ct
3074 2275 3428 2330 irrationabili
3467 2275 3726 2330 animanti
3772 2294 4024 2346 quoquo-

2443 2367 2603 2420 modo
2651 2367 2764 2433 ip-e
2795 2366 3053 2418 tionditor
3098 2367 3265 2418 voluit
3295 2381 3636 2434 egressurum
3682 2383 3713 2421 a
3758 2384 3818 2421 se
3847 2371 4023 2422 domi-

2444 2475 2569 2515 num
2613 2459 2893 2512 manifeste
2940 2474 3053 2512 rev.
3071 2458 3199 2512 lavit
3245 2457 3447 2530 |Fortc,
3490 2460 3773 2531 revelare].
3809 2460 3874 2514 Et
3911 2463 4025 2517 lucc

2445 2556 2649 2620 dicens,
2679 2564 2926 2611 lllCBSlUlll
2957 2572 2986 2610 a
3017 2572 3098 2621 se,
3128 2567 3487 2611 revertentem
3518 2573 3717 2626 equum
3747 2559 3889 2614 bene
3910 2561 4029 2614 lixit

2449 2651 2898 2714 ministratorem,
2945 2658 3002 2704 et
3049 2651 3172 2704 inde
3203 2652 3506 2720 egrediens,
3555 2661 3610 2706 et
3657 2652 4027 2707 monticellum

2449 2743 2779 2800 monasterio
2823 2743 3312 2811 superemineatem
3362 2742 3676 2804 ascendens,
3724 2745 3776 2796 in
3827 2745 4031 2798 vertice

2451 2835 2724 2899 paululum
2754 2834 2902 2887 stetit
2923 2842 2977 2887 et
3005 2841 3156 2887 stans
3175 2833 3361 2887 ambas
3381 2833 3594 2886 elevans
3619 2832 3846 2900 palmas.
3871 2848 4031 2886 suum

2452 2924 2721 2979 benedixit
2743 2925 3048 2979 emnobium
3076 2925 3324 2992 inquiens
3351 2942 3362 2976 :
3398 2924 3531 2979 lluic
3561 2923 3703 2986 loco,
3733 2925 4034 2992 quamlibet

2455 3026 2681 3084 angus-to
2723 3027 2776 3072 et
2817 3017 2931 3085 vili,
2982 3032 3088 3072 nOn
3137 3026 3339 3072 tantum
3385 3017 3670 3072 Scotmum
3718 3033 3873 3087 reges
3911 3035 4034 3074 cum

2455 3110 2683 3178 populis.
2715 3112 2808 3163 sed
2852 3116 2904 3162 et
2953 3109 3300 3162 barbararum
3343 3117 3400 3163 et
3443 3119 3750 3164 exterarum
3793 3112 4038 3177 gentium

2457 3209 2772 3267 regnatores
2801 3215 2922 3253 cum
2969 3200 3215 3269 plebibus
3251 3201 3350 3254 sibi
3382 3201 3657 3268 subjectis,
3692 3203 3955 3268 grandem
3985 3210 4042 3257 et

772 3321 930 3376 grare
958 3277 1045 3358 me.
1074 3319 1178 3372 opo
1211 3306 1396 3362 tuerit,
1443 3317 1711 3356 annonam
1749 3302 2106 3357 sufficientem
2135 3303 2354 3357 babebi-
2384 3277 2430 3340 ε
2462 3310 2566 3350 non
2599 3295 2924 3349 tne-tiocrem
2970 3293 3249 3348 conferent
3276 3294 3556 3349 honorem.
3591 3295 3635 3348 Α
3675 3296 3879 3350 sanctis
3908 3310 4043 3362 quo-

777 3396 866 3450 tis.
919 3397 1034 3458 Uno
1081 3395 1265 3447 audito
1309 3393 1475 3445 verbo
1525 3393 1832 3447 Diormitius
1870 3395 2116 3449 minis‘er
2156 3395 2359 3449 tristifi-

777 3483 886 3541 cari
915 3483 1102 3552 cmpit,
1135 3491 1188 3537 et
1217 3484 1294 3536 sic
1327 3483 1460 3536 divit
1488 3501 1498 3536 :
1525 3482 1695 3546 Hujus
1723 3485 1846 3538 anni
1892 3494 2138 3555 tempore
2167 3487 2359 3553 saepius

777 3590 879 3629 nos
907 3573 1219 3638 contristas,
1252 3573 1378 3642 quia
1408 3572 1476 3626 de
1506 3580 1599 3626 tuo
1632 3575 1856 3629 transitu
1899 3577 2090 3631 crebro
2120 3590 2356 3634 comme-

777 3683 976 3724 moras.

846 3759 939 3813 Cui
971 3756 1202 3814 Sanctus
1225 3758 1327 3812 hoc
1353 3758 1501 3812 dedit
1528 3775 1844 3828 responsum
1881 3779 1892 3813 :
1925 3760 2172 3830 Aliquem
2203 3761 2360 3815 arca-

777 3866 904 3907 num
936 3849 1113 3904 babeo
1141 3849 1551 3914 sertnusculum,
1577 3865 1735 3920 quem
1767 3852 1812 3905 si
1835 3853 1961 3906 mihi
1994 3852 2214 3906 lirinirer
2239 3869 2364 3921 pro-

778 3939 1022 4003 miseris,
1079 3937 1277 3992 nemini
1322 3947 1449 3992 ante
1487 3954 1665 3992 meum
1710 3940 1986 3994 denudare
2029 3939 2255 4001 obitum,
2298 3940 2364 3995 de

781 4048 904 4087 meo
933 4045 1152 4100 egressu
1181 4029 1276 4085 tibi
1299 4029 1498 4097 aliquid
1521 4029 1859 4087 manifestius
1882 4031 2129 4086 intimare
2153 4043 2351 4099 potero.

783 4125 954 4190 Quam
985 4137 1106 4176 cum
1141 4121 1304 4175 talem
1334 4121 1746 4189 promissionem
1779 4125 2022 4178 minister
2045 4123 2194 4191 juxta
2225 4125 2330 4176 Sne.

782 4223 855 4270 ctt
886 4213 1216 4268 voluntatem
1240 4213 1395 4268 fletus
1423 4215 1647 4282 genibus
1671 4216 2034 4283 terminasset,
2089 4218 2170 4271 vir
2208 4232 2368 4271 vene-

783 4305 984 4360 randus
1013 4314 1405 4374 consequenter
1431 4307 1508 4362 sic
1528 4310 1806 4377 profatur:
1841 4307 1964 4364 llaec
1994 4308 2046 4363 in
2077 4310 2243 4364 sacris
2274 4325 2366 4362 vo-

785 4395 1077 4450 luminibus
1124 4394 1240 4451 dies
1268 4395 1564 4451 Sabbatum
1616 4408 1976 4467 nuncupatur,
2017 4399 2157 4468 quod
2200 4400 2368 4454 inter-

785 4495 1031 4556 pretatur
1077 4487 1336 4554 requies;
1377 4496 1432 4542 et
1461 4503 1587 4543 vere
1615 4489 1745 4544 mihi
1797 4489 1910 4544 inec
1958 4499 2044 4544 est
2071 4491 2366 4544 Sabbatum

787 4575 1051 4630 hodierna
1085 4593 1096 4628 :
1130 4578 1254 4646 quia
1281 4577 1439 4648 hujus
1469 4581 1751 4648 praesentis
1781 4579 2059 4634 laboriosa:
2088 4581 2209 4635 vitae
2234 4582 2367 4635 lltllll

791 4669 973 4722 ultima
1023 4679 1148 4730 est;
1191 4670 1243 4723 in
1275 4686 1377 4740 qua
1431 4679 1554 4740 post
1579 4686 1728 4726 meas
1757 4670 2152 4725 laborationum
2202 4673 2371 4728 mole-

791 4762 922 4817 stias
949 4763 1225 4817 sabbatizo
1251 4782 1265 4824 ;
1295 4772 1350 4818 et
1380 4765 1480 4818 bac
1509 4765 1757 4833 sequenti
1790 4765 1962 4819 media
2006 4776 2166 4820 nocte
2209 4783 2373 4823 vene-

793 4853 947 4908 rabili
986 4854 1300 4920 Dominica,
1343 4857 1636 4911 secumlum
1685 4857 1898 4925 eloquia
1941 4859 2372 4928 Scripturarum,

795 4937 1028 5016 patrum
1056 4946 1325 5014 ingrediar
1354 4948 1516 5002 viam.
1568 4946 1685 5002 Jam
1732 4950 1874 5003 enim
1927 4951 2182 5004 Dominus
2221 4967 2374 5008 meus

795 5035 949 5092 Jesus
992 5037 1237 5094 Christus
1285 5055 1371 5094 me
1416 5041 1643 5095 invitare
1685 5041 1954 5108 dignatur,
1989 5042 2052 5096 ad
2083 5057 2268 5111 quem,
2299 5044 2377 5098 in-

799 5145 980 5198 quam,
1017 5129 1116 5185 hac
1148 5131 1419 5186 mediante
1464 5141 1646 5199 nocte,
1679 5133 1796 5203 ipso
1827 5149 1912 5188 me
1954 5135 2214 5191 invitante
2247 5138 2381 5191 emi-

802 5220 984 5283 grabo.
1019 5221 1108 5274 Sic
1137 5221 1281 5276 enim
1308 5223 1435 5276 mibi
1466 5223 1532 5277 ab
1561 5225 1679 5292 ipso
1711 5224 1938 5278 Domino
1959 5235 2042 5280 est
2064 5228 2378 5282 rev-latum.

803 5306 928 5362 llaec
959 5318 1146 5363 intesta
1177 5310 1419 5364 minister
1448 5312 1668 5367 audiens
1689 5315 1853 5369 verba
1881 5317 2044 5384 capit
2074 5332 2255 5373 amare
2291 5319 2382 5374 lle-

804 5412 892 5463 re;
924 5413 1084 5467 quem
1116 5398 1346 5456 Sanctus
1377 5401 1427 5455 in
1457 5413 1712 5471 quantum
1745 5407 1922 5475 potuit
1968 5409 2234 5463 consolari
2287 5425 2383 5466 co-

806 5489 1048 5542 nabatur.

880 5579 1067 5634 XXIX.
1108 5580 1236 5637 Post
1276 5583 1388 5638 hmc
1425 5584 1658 5641 Sanctus
1704 5587 1954 5643 horreum
1989 5592 2282 5660 egredltur,
2330 5601 2386 5648 et

809 5668 874 5724 ad
907 5675 1286 5730 monasterium
1318 5687 1594 5733 revertens
1627 5680 1798 5735 media
1831 5682 2028 5738 residet
2060 5685 2163 5741 via.
2197 5685 2249 5739 ln
2275 5701 2383 5755 quo

2460 3404 2564 3455 que
2592 3396 2646 3440 ct
2674 3387 2897 3440 aliarum
2923 3383 3278 3440 Ecclesiarum
3308 3400 3413 3440 non
3439 3386 3732 3440 mediocris
3763 3386 4043 3440 veneratio

2460 3498 2560 3536 Con
2569 3482 2790 3533 feretur.

2535 3571 2660 3626 Post
2689 3571 2800 3625 lucc
2833 3569 2992 3624 verba
3031 3568 3099 3624 de
3145 3568 3236 3624 illo
3264 3568 3602 3624 descendens
3637 3569 4034 3636 monticcllulo,

2464 3676 2509 3717 et
2566 3663 2632 3715 ad
2684 3664 3069 3716 tnunastcrium
3119 3671 3397 3717 revertens
3439 3662 3660 3717 sedebat
3707 3663 3761 3718 in
3806 3666 4043 3732 tugurio,

2465 3753 2790 3806 Psalterium
2846 3752 3119 3813 scribens,
3177 3760 3229 3805 ct
3278 3753 3343 3805 ad
3392 3751 3540 3807 illttm
3600 3753 3856 3818 trigesimi
3909 3753 4048 3806 tertii

2465 3845 2654 3915 psalmi
2684 3845 3007 3899 versiculum
3047 3845 3387 3912 perveniens,
3421 3845 3510 3899 ubi
3538 3846 3835 3900 scribitur:
3871 3845 4051 3915 Inqui-

2467 3949 2632 3992 renlca
2662 3947 2832 3991 autent
2862 3936 3141 3992 Dominum
3171 3954 3272 3992 non
3301 3937 3539 4006 deﬁcient
3566 3938 3708 3991 omni
3738 3937 3907 3992 bono:
3935 3936 4049 4004 Hic,

2467 4029 2564 4094 ait,
2614 4029 2664 4080 in
2715 4028 2818 4081 fine
2865 4027 3183 4082 eessandum
3230 4035 3312 4081 est
3357 4026 3562 4096 pagina:
3598 4045 3609 4079 :
3642 4040 3763 4094 qua:
3793 4042 3928 4082 vero
3969 4042 4053 4082 se-

2471 4127 2708 4189 quuntur
2739 4118 3070 4174 Baltbeneus
3095 4119 3318 4173 scribat.

2542 4212 2741 4265 Sancto
2790 4219 3152 4280 congruenter
3186 4211 3442 4266 convenit
3489 4209 3784 4265 decessum
3827 4211 4056 4264 novissi-

2471 4319 2591 4357 mus
2622 4302 2940 4367 versiculus,
2971 4317 3131 4372 quem
3159 4303 3470 4372 scripserat,
3497 4303 3580 4356 cui
3611 4317 3888 4370 nunquam
3919 4303 4056 4358 bona

2473 4396 2724 4450 deficient
2753 4405 2979 4461 aeterna,
3012 4396 3313 4450 successori
3356 4411 3486 4450 vero
3514 4409 3745 4463 sequens
3774 4399 3918 4465 patri
3952 4399 4058 4466 spi-

2475 4488 2745 4542 ritualium
2801 4488 3008 4543 doctori
3058 4487 3312 4554 filiorum,
3356 4488 3552 4554 Venite,
3582 4488 3704 4558 ﬁlii,
3737 4491 3918 4544 audite
3959 4506 4056 4556 me,

2479 4583 2714 4634 timorum
2759 4579 2968 4636 Domini
2997 4581 3190 4637 docebo
3242 4598 3350 4644 vos,
3390 4593 3754 4650 congruenter
3779 4584 4060 4638 convenit.

2483 4672 2583 4736 Qui
2628 4673 2760 4726 sicut
2791 4673 3045 4728 decessor
3085 4674 3485 4728 commendavit
3525 4689 3631 4728 non
3665 4675 3844 4729 solum
3877 4676 3928 4731 ei
3977 4677 4064 4730 do-

2481 4765 2671 4833 cendo,
2725 4763 2820 4819 sed
2871 4767 3033 4819 etiam
3071 4765 3355 4821 scribendo
3399 4767 3678 4822 successit.
3733 4767 3864 4823 Post
3911 4769 4063 4822 talem

2481 4856 2728 4925 superius
2757 4867 3114 4910 memoratum
3136 4857 3434 4912 terminata'
3456 4873 3672 4913 versum
3703 4863 4064 4930 perscriptum

2485 4950 2690 5016 paginm
2736 4946 2966 5003 Sanctus
3010 4947 3075 5001 ad
3107 4947 3526 5016 vespertinalem
3565 4949 3864 5005 Dominica:
3899 4952 4066 5008 noctis

2487 5041 2700 5095 Missam
2746 5039 3046 5100 ingreditur
3098 5041 3428 5109 ecclesiam,
3473 5055 3577 5110 qua
3628 5043 3892 5098 continuo
3943 5061 4068 5101 cou-

2485 5142 2768 5197 summata,
2800 5134 2866 5188 ad
2899 5134 3243 5202 hospitiolum
3273 5143 3555 5190 revertens
3594 5136 3646 5189 in
3687 5137 3892 5192 lectulo
3937 5141 4067 5196 resi-

2484 5229 2572 5283 det
2595 5243 2824 5298 pernox,
2849 5228 2935 5282 ubi
2960 5243 3055 5297 pro
3078 5228 3335 5284 stramine
3357 5230 3553 5282 nudam
3579 5229 3814 5284 habebat
3838 5243 4069 5299 petram,

2487 5330 2544 5375 et
2573 5337 2668 5390 pro
2697 5322 2923 5391 pulvillo
2959 5320 3215 5389 lapidem,
3245 5321 3336 5390 qui
3361 5322 3631 5391 hodieque
3659 5324 3816 5392 quasi
3857 5327 4068 5395 quidam

2484 5411 2635 5479 juxta
2667 5411 2975 5480 sepulcrum
3001 5411 3118 5479 ejus
3149 5422 3258 5468 stat
3281 5414 3467 5469 titulus
3496 5418 3857 5470 monumenti.

2564 5505 2757 5559 Ibidem
2811 5505 2990 5574 itaque
3025 5506 3267 5562 residens
3319 5507 3505 5562 ultima
3558 5508 3623 5562 ad
3676 5510 3876 5565 fratres
3930 5528 4073 5565 man-

2487 5598 2630 5659 data,
2662 5598 2780 5653 solo
2809 5598 3064 5654 audiente
3093 5601 3360 5670 ministro,
3390 5603 3753 5669 commendat,
3792 5606 4068 5676 inquiens:

2493 5690 2617 5746 Ilaec
2646 5690 2816 5756 vobis,
2849 5706 2884 5746 o
2911 5690 3083 5759 filioli,
3117 5695 3403 5750 novissima
3431 5698 3757 5754 commendo
3790 5701 3985 5766 verba,
4019 5709 4067 5754 ut

934 5871 1115 5940 Forte,
1145 5877 1254 5929 sine
1275 5879 1426 5941 nunc,
1457 5885 1565 5936 sine
1591 5885 1753 5937 nostri
1773 5894 2076 5943 amatorem.
2102 5888 2197 5946 Vel
2229 5905 2241 5943 :
2272 5889 2381 5944 sine
2407 5890 2538 5945 hunc
2568 5894 2608 5946 si
2637 5897 2798 5949 nostri
2829 5904 3030 5952 amator
3058 5909 3149 5951 est.
