4204 6538
112 412 210 469 ’Πῆ

1224 395 1311 453 DE
1358 396 1513 450 VITA
1556 395 1612 447 S.
1646 390 1990 450 COLUMBAZ
2032 391 2161 451 LIB.
2204 390 2288 446 Ill.

3298 392 3401 451 774

116 531 247 581 inter
274 538 371 576 vos
401 529 645 574 mutuam
676 525 729 570 et
757 530 863 570 non
898 514 1074 566 iictam
1106 511 1350 564 habeatis
1380 508 1698 563 charitatem
1732 510 1781 569 Α
1809 524 1927 560 rum
1984 506 2231 561 eIaritate
2285 505 2585 567 illustrata;
2639 502 2764 573 quia
2826 504 2892 559 ad
2930 514 3176 561 sanctam
3232 508 3402 577 ipsius

115 634 229 671 cum
260 628 413 683 pace.
447 610 514 663 Et
544 610 585 663 si
621 608 691 660 ita
720 607 868 674 juxa
900 611 1154 658 sanctortt
1181 619 1207 649 ει
1240 600 1485 669 exetnpla
1516 598 1702 650 obser-

118 709 390 768 vaveritis,
424 703 567 757 Deus
598 702 937 755 cont'ortator
979 697 1241 748 bonorum
1273 694 1423 745 vobis
1473 690 1703 743 auxilia-

118 803 287 863 bitur;
321 808 379 852 et
407 811 507 864 ego
550 809 669 847 cum
704 793 820 856 ipso
870 802 1091 841 manens
1124 802 1220 855 pro
1266 784 1416 836 vobis
1448 779 1705 849 interpel-

119 895 256 957 labo,
280 900 337 945 et
370 904 477 943 non
509 895 718 940 tantum
751 881 1035 951 prasentis
1064 880 1184 931 vita:
1214 876 1519 931 necessaria
1552 872 1704 927 vobis

118 983 175 1034 ab
205 998 274 1035 eo
303 975 847 1037 autministrahnutur,
883 973 975 1025 sed
1023 971 1185 1022 etiam
1234 968 1568 1022 :eternalium
1604 966 1701 1017 bo-

119 1090 302 1129 norum
326 1072 547 1142 pricmia
590 1068 895 1122 divinorum
929 1062 1371 1117 observatoribus
1400 1068 1702 1130 pra-parata

120 1175 507 1234 prxL‘t'epluI'IIIlI
544 1159 870 1212 tribuentur.
921 1156 1031 1209 lIue
1063 1170 1231 1222 usque
1262 1162 1505 1205 extrema
1538 1164 1702 1203 vene-

118 1257 244 1309 rabil
272 1270 297 1306 s
322 1255 535 1321 patroni
554 1251 736 1311 verba,
764 1245 920 1316 quasi
946 1246 1012 1299 de
1046 1247 1145 1299 hac
1177 1243 1371 1297 tcediali
1400 1243 1705 1311 peregriea-

123 1349 259 1399 tione
294 1346 363 1396 ad
393 1360 458 1397 ca
483 1343 669 1394 testem
702 1340 930 1408 patriam
964 1334 1347 1391 transmeantis
1373 1333 1521 1388 brevi
1556 1342 1706 1387 textu

122 1447 325 1488 nauata
359 1435 515 1486 tieduv
541 1442 590 1485 la
623 1441 765 1484 sunt.

188 1526 376 1580 XXXI.
418 1526 545 1578 Post
576 1524 713 1576 I'elici
764 1521 1231 1590 appmpinquante
1261 1516 1548 1570 novissima
1574 1530 1705 1584 pau-

125 1621 283 1686 iisper
340 1619 473 1669 hora
508 1619 738 1669 Sanctus
781 1612 1076 1675 conticuit;
1125 1620 1237 1662 tum
1278 1608 1503 1678 proinde
1530 1606 1703 1660 media

124 1727 198 1761 no.
222 1722 273 1762 te
307 1710 515 1777 puisata
550 1716 876 1775 personante
906 1709 1111 1769 clocca,
1142 1704 1365 1757 festinus
1388 1716 1610 1768 surgens
1641 1698 1706 1752 ad

121 1814 161 1852 ε·
182 1800 400 1852 ρὶυδίυιιι
446 1798 641 1867 pero-it,
666 1796 931 1859 citiorjue
962 1796 1170 1847 CiIflCI'iS
1193 1808 1417 1847 Currens
1448 1794 1595 1845 solus
1622 1791 1703 1842 in—

123 1900 421 1953 trzgiessus
460 1890 614 1955 juxta
658 1893 827 1940 altare
874 1886 1029 1939 ﬂexis
1080 1885 1128 1937 in
1179 1886 1425 1937 oratione
1476 1881 1701 1949 genibus
1736 1882 1780 1941 Β

128 1982 411 2035 tccuInl-it.
471 1981 781 2033 [)iortnitius
833 1980 1079 2031 minister
1134 1978 1336 2031 taztlius
1390 1988 1704 2045 prosecutus

124 2092 305 2125 conm
356 2082 634 2126 momento
687 2072 898 2126 eminus
943 2078 1109 2122 totam
1163 2070 1483 2122 intrinsecus
1531 2067 1707 2120 eccle-

120 2182 243 2216 siam
276 2165 520 2228 angelica
556 2162 673 2214 luce
720 2177 845 2230 erga
881 2160 1139 2213 Sanctum
1174 2159 1368 2227 repleri
1402 2159 1564 2219 videt,
1598 2170 1706 2222 quo

122 2269 179 2303 at
208 2256 431 2318 jannatn
465 2250 935 2319 appropinquante
969 2249 1158 2303 eadei:
1185 2251 1274 2301 lux
1304 2250 1411 2299 visa
1439 2247 1588 2299 ocius
1621 2260 1706 2297 re-

120 2348 273 2397 tessit
303 2363 315 2409 ;
353 2360 517 2411 quam
561 2352 613 2398 et
645 2343 734 2395 alii
765 2343 831 2397 de
878 2344 1132 2396 fratribus
1172 2343 1324 2412 paztci
1356 2349 1407 2392 et
1439 2338 1538 2407 ipsi
1574 2337 1706 2389 etni-

122 2452 214 2490 nus
238 2447 485 2489 astantes
522 2457 533 2479 κ
555 2436 785 2487 iiIi-rant.

189 2531 505 2583 Ilion-mitius
548 2545 675 2596 ergo
705 2529 990 2582 ecclesiam
1042 2527 1348 2595 ingrediens
1381 2526 1542 2578 Iit-bili
1575 2540 1708 2577 voce

124 2623 434 2689 ingeminat.
476 2620 569 2674 [bi
618 2636 673 2673 es
708 2628 860 2689 pater
884 2627 902 2669 '.’
936 2617 999 2671 Ει
1030 2620 1255 2671 necdum
1284 2617 1455 2669 altatis
1486 2617 1709 2668 lt'alrtnt

123 2712 357 2767 lucernis
393 2728 487 2780 per
518 2712 769 2765 tenebras
822 2712 1043 2779 palpans
1093 2721 1334 2761 sanetum
1385 2717 1509 2759 ante
1540 2710 1711 2757 altare.

120 2805 471 2858 recubmlem
530 2804 772 2856 invenit:
825 2819 855 2870 q
900 2818 983 2856 etn
1054 2802 1326 2870 paululum
1378 2799 1607 2866 erigens,
1658 2804 1713 2850 et

117 2895 266 2963 juxta
317 2894 521 2949 sedens
574 2904 815 2947 sanctum
848 2894 898 2946 in
931 2910 1029 2945 suo
1060 2891 1262 2959 gremio
1301 2890 1478 2957 posuit
1510 2900 1705 2956 caput:

124 2996 173 3037 et
204 2991 343 3039 inter
380 2988 497 3039 ba-e
545 2996 715 3038 ('(BIUS
759 2983 1150 3036 tnonachornm
1184 2996 1305 3032 cum
1363 2979 1712 3033 Iummarihus

126 3093 416 3129 accersens
451 3076 609 3129 Patre
644 3075 755 3128 viso
788 3076 1050 3127 moriente
1074 3073 1236 3140 cwpit
1268 3076 1535 3139 plangere.
1572 3069 1635 3122 Et
1659 3078 1714 3120 nl.

122 3172 184 3224 ab
218 3171 515 3240 aliquibus,
540 3170 629 3237 qui
657 3177 948 3239 priesentcs
979 3166 1223 3230 aderant,
1256 3166 1552 3226 iiivticillttib,
1578 3164 1713 3216 Sai-

1805 602 2037 655 animam
2087 598 2461 668 perferendam
2513 598 2578 651 de
2619 598 2772 655 cmlis
2819 600 2968 654 missi
3001 599 3402 657 descenderant

1807 692 2096 751 ittualneri,
2130 692 2358 744 altisona
2392 706 2610 759 quoque
2636 690 2971 755 carmiualia,
3004 700 3061 746 et
3086 693 3244 748 valde
3273 708 3401 747 sua-

1811 785 1895 837 via
1944 782 2121 836 audivi
2174 782 2540 849 angelicorum
2600 782 2833 849 eanaica,
2875 782 3067 837 eodem
3120 793 3399 839 momento

1807 871 2150 942 egressionis,
2214 872 2354 923 inter
2410 871 2681 937 augentes
2737 881 2937 924 sumta:
2994 871 3161 940 ipsius
3210 874 3401 927 animae

1808 964 2160 1017 ascendentes
2182 964 2397 1016 choros.
2428 960 2574 1015 “ulIC
2591 962 2887 1031 angelicam
2910 963 3399 1019 manifestationetn

1813 1056 2097 1122 \irgnous,
2131 1064 2189 1107 ut
2214 1054 2524 1122 prmlictum
2564 1064 2665 1116 est,
2698 1054 2789 1123 qui
2822 1056 2887 1107 ab
2919 1070 3013 1109 ore
3053 1056 3196 1112 illius
3224 1058 3397 1114 sancti

1808 1146 1974 1208 senis,
2004 1146 2089 1198 cui
2113 1144 2345 1198 revelata
2371 1152 2506 1205 erat,
2542 1144 2907 1201 indubitanter
2941 1148 3224 1203 didicerat.

1884 1238 2071 1291 Iisdem
2103 1237 2290 1291 diebus
2323 1237 2389 1291 de
2438 1237 2652 1290 Scotica
2685 1243 2853 1307 remig
2875 1257 2955 1295 ~ns
2988 1239 3194 1313 Hymba
3227 1242 3279 1296 in
3314 1244 3399 1296 in-

1809 1331 1924 1386 sula
1954 1332 2170 1399 reliquis
2200 1330 2388 1384 diebus
2420 1332 2539 1383 \‘Il‘d:
2569 1348 2676 1383 sine
2724 1347 3050 1399 permanens
3087 1334 3260 1387 sancti
3295 1336 3400 1389 (Lo-

1811 1422 2006 1477 lumbze
2066 1422 2348 1475 monachis
2407 1424 2942 1491 saepiusenarrabat,
2994 1426 3085 1493 qui
3147 1427 3397 1483 videlicet

1816 1512 2076 1581 Virgnous
2118 1522 2236 1581 post
2262 1512 2460 1567 ntultos
2498 1514 2549 1567 in
2590 1515 2987 1583 subjectatione
3035 1518 3176 1572 inter
3212 1518 3405 1576 fratres

1812 1602 2362 1672 irrcpreheosibilitcr
2412 1604 2658 1673 expletos
2707 1621 2897 1671 annos,
2951 1608 3085 1663 alios
3120 1610 3404 1666 duodecim

1814 1698 1865 1750 in
1900 1697 2017 1751 loco
2054 1698 2517 1751 Anachoretarum
2552 1699 2602 1751 in
2635 1697 3024 1755 Miurbulcumr
3056 1706 3215 1756 vitam
3238 1703 3409 1759 dedu-

1813 1804 1938 1843 Ccns
1970 1788 2407 1841 anachoreticam
2439 1787 2639 1842 Christi
2668 1790 2842 1844 victor
2872 1792 3026 1846 miles
3057 1793 3315 1863 explevit.

1886 1878 2035 1931 lianc
2068 1878 2375 1947 praedictam
2414 1879 2671 1932 visionem
2713 1897 2818 1933 non
2869 1884 3044 1937 solum
3077 1886 3286 1953 paginis
3326 1887 3412 1941 in-

1812 1971 2069 2039 scriptam
2099 1970 2414 2038 reperimus,
2449 1969 2542 2023 sed
2566 1980 2619 2023 et
2647 1971 2916 2039 aliquibus
2954 1974 3192 2043 expertis
3220 1977 3405 2031 senio-

1812 2062 1982 2122 ribus,
2010 2062 2201 2129 quibus
2233 2062 2345 2130 ipse
2376 2061 2644 2129 Virgnous
2674 2064 2951 2131 retulerat,
2986 2065 3100 2121 sine
3128 2066 3237 2123 ullo
3269 2067 3408 2123 didi~

1812 2155 1981 2206 ciums
2012 2155 2379 2207 cunctamine.

1885 2246 2082 2300 Eadem
2108 2264 2323 2315 quoque
2348 2248 2479 2301 hora
2512 2248 2671 2301 aliam
2706 2263 2968 2305 visronem
3004 2250 3162 2307 aliter
3188 2253 3402 2308 revela—

1812 2348 1918 2390 latn
1964 2354 2097 2391 unus
2150 2354 2215 2391 ex
2249 2338 2327 2394 eis
2357 2339 2443 2408 qui
2498 2337 2764 2404 viderant,
2810 2339 3008 2397 Christi
3057 2342 3213 2398 miles
3242 2345 3396 2400 valde

1810 2446 1995 2491 senex,
2042 2431 2125 2483 cui
2178 2446 2370 2483 nomen
2414 2432 2574 2485 etiam
2608 2440 2788 2501 potest
2825 2433 2928 2487 diei
2961 2433 3269 2505 Ferreolus,
3301 2441 3395 2507 qui

1812 2526 1950 2577 i;.‘cr
1979 2527 2204 2578 al.orn.u
2318 2525 2595 2580 Columba:
2626 2529 3014 2583 monachorum
3046 2532 3323 2600 reliquias,
3349 2543 3406 2587 et

1814 2618 1926 2684 Ls.-
1971 2620 2026 2671 S.
2084 2616 2381 2671 Monachus
2433 2620 2483 2672 in
2518 2619 2687 2673 Dorso
2720 2619 2941 2675 Thonne
2990 2624 3231 2691 sepultus
3280 2642 3403 2679 cum

1812 2710 1980 2762 sancti
2054 2711 2510 2763 resurretiouem
2560 2721 2859 2781 exspectat,
2907 2713 3036 2767 mihi
3086 2715 3405 2771 Adomnano

1814 2804 1904 2856 illo
1930 2801 2127 2871 juvene
2160 2804 2208 2855 iu
2235 2813 2479 2872 tempore
2502 2820 2621 2857 cum
2653 2806 2839 2873 grandi
2864 2809 3125 2862 retulerat
3150 2811 3404 2864 testitica-

1819 2897 1964 2950 tione
1989 2898 2203 2951 dicens:
2240 2896 2331 2949 Illa
2364 2898 2414 2950 in
2448 2910 2623 2960 nncze,
2663 2914 2767 2967 qua
2812 2901 2866 2951 ξὲ.
2902 2901 3162 2955 Columba
3194 2903 3258 2956 de
3290 2913 3401 2957 ter-

1813 2987 1886 3042 ris
1919 2988 1985 3041 ad
2016 2990 2183 3042 cmios
2219 2986 2359 3040 felici
2392 2997 2445 3041 et
2491 2989 2647 3041 beato
2686 2989 2791 3042 line
2824 2992 3055 3055 tran-iit,
3104 3007 3203 3060 ego
3233 3003 3286 3047 et
3316 2994 3405 3049 alii

1814 3094 2024 3133 mecum
2058 3080 2153 3131 viri
2200 3079 2509 3133 ialtttl‘nllles
2552 3080 2601 3133 in
2637 3091 2859 3149 captura
2909 3084 3129 3151 piscium
3166 3086 3215 3138 in
3270 3086 3407 3141 valle

1820 3172 2012 3241 piscosi
2064 3170 2294 3225 ﬂuminis
2341 3171 2543 3226 Feneie.
2582 3173 2760 3226 subito
2808 3183 2977 3227 totum
3010 3175 3122 3228 aeri
3165 3176 3407 3231 illustra-

118 3271 229 3315 ctus
262 3264 501 3315 necdum
536 3261 845 3329 egrediente
883 3276 1057 3313 anma
1089 3258 1289 3327 apertis
1339 3272 1552 3310 sursum
1582 3272 1713 3307 oeu-
1740 3234 1786 3294 (ἶ
1824 3273 1932 3316 uim
1972 3264 2093 3317 cugli
2148 3264 2378 3333 spatium
2428 3264 2676 3327 vidimus,
2710 3264 2863 3333 cujus
2917 3266 3161 3321 miraculi
3200 3268 3407 3323 subita.

121 3356 273 3407 hs'ad
309 3364 605 3421 utrumque
652 3354 790 3405 latus
819 3368 941 3405 cum
988 3352 1106 3402 viva
1162 3360 1337 3402 vuvtus
1368 3349 1635 3400 bzlaritate
1665 3355 1718 3399 et

116 3446 297 3500 tentia
349 3445 843 3513 circumspiciebat,
884 3454 1101 3500 sanctos
1134 3446 1339 3498 scilicet
1369 3444 1585 3511 angelos
1618 3442 1714 3493 ob-

116 3542 229 3593 vios
274 3542 523 3596 intuens.
572 3540 883 3595 Diortnitius
924 3553 1033 3594 tum
1067 3551 1306 3595 sanctam
1352 3542 1598 3595 sublevat
1649 3538 1717 3591 ad

118 3634 560 3688 benedicendum
592 3634 887 3688 monachos
942 3634 1125 3689 Sancti
1165 3635 1324 3688 dexle
1360 3650 1443 3686 am
1478 3649 1715 3696 manum,

114 3726 291 3777 sedet
348 3726 469 3794 ipse
499 3724 826 3779 venerabilis
874 3723 1032 3778 Pater
1083 3726 1133 3779 in
1166 3735 1423 3794 quantum
1485 3733 1713 3793 joterat,

113 3814 268 3868 simul
298 3832 463 3871 suam
490 3816 744 3870 movebat
774 3832 1013 3881 manum,
1051 3825 1107 3869 ut
1138 3816 1387 3871 videlicet
1411 3816 1552 3883 quod
1587 3832 1718 3871 voce

116 3906 162 3957 in
202 3922 431 3975 egressu
457 3922 567 3960 non
601 3906 815 3961 valebat
844 3908 1055 3971 animm,
1087 3908 1171 3962 vel
1205 3918 1351 3961 metu
1386 3922 1577 3961 manus
1608 3910 1716 3961 I'ra-

115 4004 221 4049 tres
250 3998 541 4051 videretur
571 3996 910 4050 benedicere.
948 3996 1015 4049 Et
1045 4008 1167 4066 post
1208 4011 1449 4052 sanctam
1497 3998 1715 4051 benedi-

113 4090 350 4143 ctionem
386 4090 579 4143 taliter
608 4087 961 4156 signiﬁcatam
992 4089 1248 4144 continuo
1278 4090 1523 4158 spiritum
1553 4089 1719 4143 exha-

116 4183 262 4237 iavil.

183 4278 302 4339 Quo
334 4270 1020 4341 tabernaculumcorporis
1042 4286 1279 4341 egresso,
1310 4274 1473 4329 facies
1497 4275 1713 4339 rubens,

116 4378 164 4421 et
194 4370 392 4423 mirum
426 4371 481 4420 in
536 4367 754 4421 modum
798 4367 1035 4435 angelica
1091 4367 1296 4424 visione
1327 4370 1624 4423 exbilarata
1657 4371 1709 4423 in

116 4472 317 4517 tantum
352 4461 646 4524 remansit,
671 4469 731 4515 ut
759 4475 862 4515 non
888 4463 1039 4529 quasi
1065 4478 1151 4516 nio
1188 4464 1281 4522 tui,
1308 4463 1402 4517 sed
1433 4464 1711 4520 dormien-

117 4555 175 4605 tis
204 4556 491 4609 videretur
520 4554 771 4607 viventis.
805 4552 938 4607 Tota
977 4555 1188 4609 interim
1224 4558 1551 4625 personabat
1584 4575 1715 4615 tua:-

116 4656 203 4698 stts
238 4644 611 4714 plangoribus
641 4645 889 4699 ecclesia.

184 4738 287 4790 sed
324 4754 436 4792 non
486 4738 921 4807 prmtercundem
951 4738 1160 4792 videtur
1189 4739 1329 4808 quod
1362 4741 1550 4795 eadem
1584 4744 1715 4798 hora

117 4826 278 4879 ωηατ
328 4828 607 4878 transitus
654 4825 843 4877 anima:
901 4827 1111 4879 cuidam
1164 4829 1475 4883 Lbernieusi
1532 4842 1719 4886 sancto

117 4918 412 4970 revelatum
449 4924 559 4970 est.
592 4914 649 4968 In
682 4916 913 4983 quodam
950 4931 1181 4985 namque
1230 4917 1558 4975 Monasterio
1590 4922 1721 4977 Sco-

120 5021 290 5067 torum
339 5014 577 5082 quidam
634 5011 798 5066 homo
828 5020 1191 5068 eratsanctus
1241 5026 1293 5069 et
1322 5032 1487 5071 senex
1524 5020 1719 5073 LlIl'irli

118 5105 283 5167 mites,
315 5104 413 5172 qui
470 5101 753 5169 Lugutlius
783 5103 1138 5168 vocitabatur,
1170 5104 1367 5173 justus,
1402 5117 1455 5161 et
1482 5110 1717 5176 sapiens.

121 5194 208 5249 llic
258 5198 444 5264 itaque
507 5196 689 5265 primo
743 5208 902 5247 mane
943 5197 1154 5249 cuidam
1203 5213 1355 5266 aeque
1412 5199 1721 5253 Christiano

120 5286 265 5338 iniiiti
296 5302 455 5340 suam
491 5284 776 5337 enarravit
822 5284 1081 5340 visionem
1124 5302 1243 5341 cum
1276 5289 1478 5357 ingenti
1520 5293 1721 5357 gemitu

121 5376 181 5425 do
204 5393 296 5430 cn,-
322 5395 332 5428 ;
357 5375 477 5431 [Iac
502 5374 786 5445 przeterita
817 5384 975 5429 nocte
1003 5378 1177 5430 media
1207 5390 1426 5433 sanctus
1459 5381 1719 5437 Columba

123 5473 405 5525 multarum
440 5468 707 5525 columna
740 5463 1101 5521 Ecclesiarum
1128 5470 1192 5521 ad
1230 5469 1508 5524 Dominum
1548 5483 1724 5527 trans-

125 5566 196 5627 iit,
228 5576 281 5620 et
328 5568 381 5621 in
424 5566 567 5620 hera
602 5561 747 5617 beati
788 5562 962 5616 exitus
1005 5564 1121 5629 ejus
1153 5564 1341 5619 Jovam
1369 5566 1617 5632 insulam,
1654 5569 1719 5620 ad

122 5669 271 5723 quam
302 5670 548 5727 corpore
597 5669 872 5722 nunquam
908 5654 1146 5722 perveni,
1186 5665 1351 5709 lotam
1402 5659 1719 5726 ange!orum

123 5750 437 5804 claritudine
468 5751 527 5802 in
559 5746 761 5816 spiritu
798 5744 900 5799 vidi
931 5744 1266 5814 irradiatarn,
1303 5757 1521 5818 totaque
1548 5752 1718 5819 spatia

125 5843 255 5898 aeris
283 5856 455 5914 usque
486 5840 561 5896 ad
590 5838 799 5894 aethera
832 5837 1115 5900 caelorum,
1144 5839 1457 5896 eorumdem
1499 5842 1720 5911 angelo-

1823 3355 1970 3408 tione
1994 3355 2245 3422 permoti,
2267 3355 2455 3407 oculos
2478 3354 2543 3404 a-l
2567 3355 2841 3408 Orientem
2868 3357 3109 3411 elevatos
3134 3360 3413 3415 converti-

1824 3462 1981 3507 mus;
2015 3454 2067 3499 et
2100 3461 2227 3499 ecce
2261 3446 2410 3514 quasi
2446 3445 2686 3511 qnmdam
2722 3447 3036 3514 pergrandis
3064 3448 3215 3516 ignea
3246 3464 3414 3519 appa—

1825 3540 1927 3591 ruit
1958 3539 2231 3603 columna,
2263 3552 2382 3604 qure
2406 3539 2454 3590 ii:
2483 3538 2570 3590 illa
2596 3546 2753 3592 nocte
2780 3538 2953 3592 inedia
2984 3554 3195 3594 sursum
3218 3557 3412 3597 ascen-

1822 3628 1973 3689 dens,
2011 3627 2080 3679 ita
2113 3626 2265 3680 nobis
2298 3626 2581 3679 videbatur
2614 3628 2870 3680 mundum
2918 3628 3183 3684 illustrare
3212 3641 3409 3700 totum,

1824 3721 1977 3774 sicuti
2007 3718 2120 3774 dies
2149 3719 2363 3775 aestivus
2412 3729 2467 3773 et
2510 3719 2839 3775 mzridtanus
2879 3723 2979 3777 siti.
3014 3726 3080 3778 Et
3127 3735 3410 3795 postquam

1824 3813 1909 3867 illa
1940 3812 2243 3882 penetravit
2275 3812 2529 3866 columna
2561 3818 2779 3877 cmium,
2823 3815 2977 3883 quasi
3011 3826 3132 3884 post
3161 3833 3413 3874 occasum

1821 3904 1953 3957 solis
1995 3904 2232 3958 tenebrat
2262 3904 2579 3959 succedunt.
2613 3904 2779 3973 Hujus
2808 3906 2991 3973 itaque
3036 3910 3413 3964 claritudinem

1825 3994 2101 4049 luminosa:
2142 4004 2195 4049 et
2229 3996 2581 4065 prmdicabilis
2614 3997 2877 4051 columna:
2906 4015 3015 4052 non
3053 4011 3257 4053 .antnm
3291 4018 3409 4065 nos,

1824 4090 1913 4157 qui
1946 4088 2103 4141 simul
2136 4089 2186 4140 in
2213 4088 2404 4141 eodem
2455 4087 2575 4142 loco
2607 4088 2895 4151 ineranms,
2931 4107 3051 4144 cum
3085 4092 3283 4159 ingenti
3315 4093 3417 4146 ad-

1825 4182 2111 4233 miratione
2144 4180 2389 4242 vidanus,
2423 4178 2516 4233 sed
2556 4186 2609 4232 et
2638 4179 2728 4233 alii
2767 4180 2919 4234 multi
2969 4182 3286 4251 piscatores,
3320 4186 3412 4253 qui

1824 4271 2050 4338 sparsim
2104 4285 2199 4338 per
2239 4268 2479 4323 diversas
2533 4266 2835 4324 ﬂuminalcs
2884 4270 3116 4339 piscinas
3170 4272 3412 4340 ejusdem

1824 4360 2058 4414 ﬂutninis
2092 4360 2458 4429 piscabantur,
2487 4362 2625 4415 sicut
2656 4361 2813 4415 nobis
2864 4374 3052 4431 postea
3089 4364 3411 4430 retulerant,

1823 4454 1983 4508 simili
2012 4454 2353 4523 apparitione
2386 4456 2521 4521 visa,
2552 4469 2747 4521 magno
2779 4469 2981 4524 pavore
3002 4466 3130 4510 sunt
3159 4459 3413 4526 perculsi.

1828 4546 2023 4599 Ilarum
2052 4550 2213 4615 igitur
2243 4547 2401 4601 trium
2426 4548 2682 4601 miracula
2709 4547 2977 4603 visionum
3011 4552 3199 4605 eadem
3233 4559 3412 4608 trans-

1826 4638 1931 4689 itus
1963 4636 2093 4690 hora
2140 4636 2430 4690 venerandi
2468 4639 2844 4708 apparentiutn
2902 4641 3117 4709 patroni
3175 4650 3411 4699 aiternos

1824 4730 1870 4782 ei
1904 4746 1931 4781 a
1962 4729 2071 4783 Dee
2102 4730 2328 4785 collatos
2356 4740 2727 4801 protestantur
2752 4732 3007 4790 honores.
3041 4734 3120 4788 Ad
3160 4737 3413 4806 preposi-

1828 4831 1937 4875 luut
1966 4831 2318 4875 revertamur.

1900 4909 2132 4967 XXXIII.
2155 4913 2361 4967 Interea
2386 4923 2511 4984 post
2530 4924 2732 4971 sancta)
2755 4931 3029 4987 egressum
3052 4918 3243 4973 animae
3260 4918 3413 4990 hym-

1828 5005 1906 5058 nis
1951 5007 2357 5060 matutinalibus
2386 5008 2706 5075 terminatis,
2736 5026 2948 5065 sacrum
2979 5026 3179 5081 corpus
3205 5013 3274 5067 de
3324 5027 3413 5067 ec-

1826 5100 1987 5152 cle:ia
2020 5112 2080 5151 a.t
2106 5100 2420 5169 hospitium,
2450 5105 2591 5157 unde
2620 5103 2780 5173 pattlo
2809 5114 2934 5159 ante
2964 5105 3148 5161 vivens
3170 5114 3411 5173 venerat,

1827 5206 1945 5244 cum
1971 5208 2167 5245 canora
2199 5194 2424 5248 fratrum
2454 5205 2767 5263 reportatur
2799 5198 3117 5266 psalmodia,
3154 5202 3415 5255 honeste-

1824 5299 1928 5352 que
1956 5285 2126 5337 ternis
2173 5286 2361 5342 diebus
2402 5298 2455 5342 et
2507 5288 2727 5343 totidem
2779 5291 3027 5345 noctibus
3067 5291 3412 5347 honorabiles

1826 5379 1928 5431 rite
1976 5378 2262 5446 explentur
2310 5383 2601 5451 exsequize.
2652 5381 2858 5447 Quibus
2908 5399 2959 5437 nt
3015 5382 3106 5437 Dei
3156 5385 3414 5453 sapientis

1828 5468 2069 5522 laudibus
2102 5472 2419 5538 terminatis,
2453 5474 2625 5527 sancti
2657 5483 2712 5527 et
2752 5473 2893 5527 beati
2925 5475 3139 5543 patroni
3186 5490 3412 5528 venerao

1828 5560 1932 5615 bile
1960 5577 2154 5631 corpus
2184 5564 2395 5618 mundis
2426 5565 2726 5619 involutum
2758 5567 3095 5625 sindonibus,
3123 5574 3178 5621 et
3203 5582 3414 5636 praepa-

1828 5664 1943 5709 rata
1975 5656 2204 5724 positum
2240 5656 2377 5709 intra
2406 5656 2561 5711 busta
2590 5657 2769 5711 debita
2800 5658 3053 5712 humatur
3089 5674 3211 5713 eum
3245 5673 3411 5713 vene-

1829 5752 2039 5805 ratione
2069 5751 2119 5802 in
2151 5748 2417 5803 luminosa
2444 5758 2499 5803 et
2524 5750 2766 5805 :cternali
2802 5759 3230 5806 resurrecturum
3260 5750 3413 5806 clari-

1828 5841 2033 5895 tudine.
2062 5840 2136 5895 De
2184 5855 2349 5910 supra
2380 5844 2689 5898 memoratis
2732 5855 2862 5912 ergo
2905 5843 3076 5899 tribus
3108 5841 3215 5900 illis
3251 5857 3411 5900 exse-
