4204 6556
162 428 260 487 781

1349 428 1437 484 DE
1478 426 1669 485 LOCIS
1706 424 1991 486 SANCTIS
2029 426 2159 482 LIB.
2207 426 2246 480 l.

3321 423 3426 477 782

154 557 184 597 a
205 542 487 598 conditore
517 542 626 597 Deo
657 542 950 611 dispositus
972 540 1198 597 declivio
1228 558 1401 612 usque
1430 543 1497 595 ad
1552 542 1729 596 humi—
1761 547 1809 605 Α
1840 557 1957 596 mus
1979 542 2265 598 rotundum
2288 541 2426 596 inest
2457 555 2508 595 ιη
2534 556 2637 595 una
2660 538 2962 610 eademque
2992 546 3147 609 petra
3171 553 3419 597 excisum

156 633 288 688 liora
329 633 714 702 aquilonalium
761 632 1215 701 orientaliumquc
1268 648 1542 687 murorum
1590 633 1731 697 loca,

156 732 214 777 ut
236 723 329 777 illa
357 722 605 793 pluvialis
648 722 998 779 exuberantia
1032 722 1180 776 nullo
1225 722 1386 777 modo
1438 723 1490 776 in
1523 722 1735 791 plateis,

153 812 518 880 stagnantium
548 826 806 881 aquarum
846 811 899 865 in
928 811 1353 874 similitudinem,
1385 810 1740 880 supersedere

154 903 350 971 possit,
376 902 472 957 sed
506 903 674 957 instar
728 902 1013 956 fluviorum
1045 902 1113 957 de
1142 901 1509 970 superioribus
1537 903 1604 955 ad
1659 902 1741 955 in-

152 991 356 1046 feriora
392 992 651 1046 decurrit.
701 991 831 1059 Quae
878 992 1085 1047 scilicet
1134 991 1433 1047 caelestium
1482 1005 1740 1059 aquarum

153 1081 443 1136 inundatio
479 1097 577 1151 per
618 1081 910 1136 orientales
957 1079 1271 1136 interﬂuens
1302 1082 1436 1153 [Al.,
1492 1079 1740 1153 inﬂuens]

152 1182 365 1244 portas,
383 1182 440 1227 et
459 1173 640 1227 omnia
657 1188 838 1229 secum
857 1174 1171 1229 stercoralia
1196 1173 1444 1228 auferens
1467 1173 1741 1228 abomina-

154 1277 363 1332 menta,
394 1268 587 1323 vallem
616 1265 875 1337 Josaphat
928 1269 1155 1332 intrans,
1192 1276 1493 1322 torrentem
1525 1267 1742 1323 Cedron

152 1369 357 1427 auget;
390 1369 445 1413 et
474 1368 595 1429 post
628 1360 791 1414 talem
821 1356 1367 1429 Hierosolymitanam
1425 1358 1747 1426 baptizatio-

152 1468 278 1507 nem
301 1432 657 1507 continuatim
680 1453 867 1507 eadem
899 1449 1183 1506 ﬁuminalis
1210 1450 1526 1506 exuberatio
1548 1460 1742 1505 cessat.

150 1543 295 1598 llinc
318 1559 451 1614 ergo
480 1560 586 1597 non
612 1544 943 1613 negligenter
996 1543 1363 1598 adnotandum
1417 1552 1500 1598 est
1558 1544 1749 1614 quanti

154 1638 237 1691 vel
263 1638 444 1705 qualis
471 1636 695 1691 honoris
728 1638 840 1689 luce
868 1636 1037 1690 electa
1069 1645 1124 1690 et
1159 1635 1521 1704 praedicabilis
1555 1635 1750 1689 civitas

155 1729 207 1781 in
238 1737 555 1797 conspectu.
584 1729 773 1781 aeterni
820 1726 1093 1803 Genitoris
1159 1728 1437 1789 habeatur,
1491 1728 1582 1796 qui
1630 1742 1747 1782 eam

158 1818 497 1872 sordidatam
546 1818 747 1873 diutius
799 1834 1083 1873 remanere
1114 1835 1221 1873 non
1252 1820 1477 1888 patitur,
1528 1819 1625 1874 sed
1676 1821 1748 1875 ob

1842 635 2104 701 tegorium
2144 635 2275 705 [Αι.,
2300 631 2613 703 ιθειιι-ἰιιιηἸ,
2658 633 2710 687 in
2739 648 2848 701 quo
2880 641 3106 703 possunt
3154 642 3236 687 ter
3278 635 3418 689 terni

1840 724 2088 779 homines
2107 732 2314 778 stantes
2328 738 2510 791 orare,
2533 731 2588 777 et
2608 738 2636 777 a
2660 724 2862 778 vertice
2878 722 3104 791 alicujus
3123 738 3230 778 non
3245 724 3426 778 brevis

1841 822 2062 869 statura:
2088 813 2283 868 stantis
2331 812 2564 867 hominis
2605 827 2773 881 usque
2806 812 2873 867 ad
2919 813 3062 869 illius
3088 812 3428 869 domuncula:

1843 922 2115 962 camaram
2140 907 2270 979 [.dl.,
2297 905 2593 977 cameram]
2624 921 2720 975 pes
2744 915 2799 960 et
2825 904 3061 974 semipes
3090 920 3343 961 mensura
3376 906 3426 959 in

1844 998 2011 1054 altum
2042 997 2372 1051 extenditur.
2408 996 2576 1065 Hujus
2606 994 2859 1063 tegorioli
2889 996 3141 1050 introitus
3159 995 3225 1050 ad
3248 996 3429 1050 orien-

1844 1095 1953 1142 tem
1985 1087 2242 1156 respicit:
2275 1086 2421 1155 quod
2452 1094 2623 1140 totum
2654 1088 2993 1141 extrinsecus
3020 1086 3198 1142 electo
3227 1087 3429 1157 tegitur

1845 1192 2136 1242 marmore,
2153 1178 2307 1247 cujus
2328 1177 2567 1233 exterius
2589 1193 2854 1232 summum
2869 1177 3085 1233 culmen
3107 1192 3241 1232 auro
3268 1192 3431 1233 orna-

1844 1277 1981 1334 tum,
2010 1284 2227 1323 auream
2261 1284 2383 1323 nom
2426 1282 2645 1336 parvam
2673 1277 2942 1323 sustentat
2979 1282 3219 1325 crucem.
3251 1267 3308 1323 In
3341 1269 3435 1322 hu-

1843 1362 1931 1430 jus
1956 1361 2455 1431 tegoriiaquilonali
2477 1372 2629 1429 parte
2662 1360 2971 1431 sepulcrum
3005 1362 3215 1417 Domini
3246 1362 3301 1415 in
3333 1376 3425 1417 ea-

1847 1451 1968 1506 dem
2000 1461 2151 1521 petra
2199 1453 2425 1507 interius
2455 1456 2693 1506 excisum
2730 1454 2999 1518 habetur;
3054 1453 3148 1508 sed
3187 1452 3431 1521 ejusdem

1853 1544 2045 1611 tegorii
2070 1544 2434 1612 pavimentum
2463 1544 2718 1597 humilius
2748 1553 2831 1597 est
2860 1543 2981 1599 loco
3013 1543 3269 1613 sepulcri.
3303 1542 3433 1597 Nam

1851 1650 1881 1690 a
1910 1635 2222 1706 pavimento
2249 1637 2367 1704 ejus
2397 1650 2566 1704 usque
2590 1636 2655 1689 ad
2675 1635 2912 1703 sepulcri
2935 1636 3233 1703 marginem
3254 1634 3438 1689 lateris

1851 1727 2002 1795 quasi
2036 1727 2195 1781 trium
2229 1742 2479 1781 mensura
2512 1724 2821 1779 altitudinis
2861 1725 3165 1794 palmorum
3195 1737 3217 1761 ³·
3246 1727 3432 1780 haberi

1853 1819 2207 1885 dignoscitur.
2238 1817 2327 1871 Sic
2356 1818 2482 1870 mihi
2516 1816 2782 1879 Arculfus,
2816 1818 2907 1885 qui
2939 1832 3085 1886 saepe
3130 1817 3435 1887 sepulcrum

152 1909 275 1978 ejus
316 1907 589 1976 Unigcniti
621 1908 1081 1964 honoriﬁcentiam
1107 1911 1266 1964 citius
1311 1925 1429 1964 eam
1462 1911 1740 1974 emundat,
1782 1914 1821 1970 Β
1851 1910 2062 1963 Domini
2092 1908 2489 1979 frequentabat,
2519 1908 2890 1963 indubitanter
2910 1924 3160 1964 emensus
3190 1925 3433 1979 pronun-

155 2015 282 2069 qua
304 2002 447 2055 intra
484 2017 758 2056 murorum
782 2003 896 2070 ejus
920 2004 1177 2056 ambitum
1226 2014 1429 2057 sancta:
1470 2005 1645 2059 crucis
1694 2014 1750 2059 et

154 2093 574 2148 resurrectionis
605 2093 768 2159 ipsius
790 2094 907 2147 loca
932 2095 1094 2149 habet
1124 2093 1444 2150 honoriﬁca.

225 2184 499 2239 Cmteium
531 2186 581 2239 in
614 2185 706 2239 illo
755 2185 958 2241 famoso
988 2185 1120 2259 [Αι.,
1166 2189 1423 2257 formoso]
1471 2189 1612 2253 loco,
1661 2190 1750 2244 ubi

155 2276 431 2342 quondam
464 2276 717 2344 templum
749 2277 1032 2345 magniﬁce
1060 2288 1436 2333 constructum
1470 2279 1663 2345 fuerat,
1697 2281 1748 2335 in

160 2366 358 2420 vicinia
414 2367 551 2420 muri
602 2368 670 2420 ab
725 2368 934 2421 oriente
979 2368 1248 2436 locatum,
1294 2385 1436 2424 nunc
1493 2370 1750 2427 Saraceni

158 2458 588 2527 quadrangulum
618 2459 883 2513 orationis
912 2459 1148 2524 domum,
1184 2476 1347 2529 quam
1382 2462 1646 2517 subrectis
1673 2474 1752 2518 ta-

158 2550 305 2605 bulis
353 2558 409 2604 et
458 2550 663 2618 magnis
693 2551 933 2605 trabibus
957 2566 1120 2620 super
1172 2553 1429 2622 quasdam
1476 2556 1752 2608 ruinarum

161 2639 421 2709 reliquias
449 2649 829 2695 construentes
860 2641 949 2695 vili
984 2642 1228 2697 fabricati
1257 2654 1385 2698 sunt
1432 2660 1616 2714 opere,
1652 2647 1753 2715 ipsi

159 2729 511 2800 frequentant
542 2749 555 2783 :
580 2747 698 2800 qua:
729 2732 912 2802 utique
935 2733 1132 2788 Domus
1159 2734 1259 2787 tria
1288 2734 1563 2790 hominum
1586 2737 1754 2792 millia

160 2827 327 2881 simul
368 2828 449 2895 (ut
472 2828 661 2886 fertur)
687 2842 883 2897 capere
910 2836 1106 2897 potest.

231 2919 488 2975 Arculfus
510 2920 691 2990 itaque
721 2921 786 2975 de
813 2920 1224 2989 ipsiuscivitatis
1250 2921 1567 2976 habitaculis
1598 2938 1625 2975 a
1654 2939 1754 2978 no-

166 3012 251 3066 bis
283 3013 653 3080 interrogatus
682 3011 1013 3080 respondens
1043 3014 1118 3066 ait
1145 3029 1158 3064 :
1209 3011 1424 3067 Memini
1460 3030 1543 3069 me
1574 3024 1629 3069 et
1679 3015 1757 3067 vi-

159 3104 303 3158 disse
349 3115 409 3157 et
434 3102 807 3171 frequentasse
849 3103 1016 3156 multa
1042 3103 1272 3159 civitatis
1303 3103 1541 3170 ejusdem
1582 3104 1758 3157 mdili-

161 3198 267 3263 cia,
294 3197 667 3266 plurimasque
688 3195 877 3250 domos
903 3196 1135 3263 grandes
1164 3195 1404 3265 lapideas
1456 3212 1551 3266 per
1589 3206 1759 3251 totam

1853 2001 2025 2055 tiavit.
2068 2000 2183 2055 Hoc
2213 2002 2263 2054 in
2295 2000 2416 2055 loco
2456 2001 2763 2069 proprietas
2793 2000 2906 2054 sive
2945 2000 3306 2070 discrepantia
3338 2016 3439 2053 no-

1852 2094 2056 2147 minqu
2108 2094 2349 2147 uitanda
2396 2092 2537 2147 inter
2568 2100 2977 2146 monumentum
3008 2101 3065 2147 et
3107 2094 3436 2163 sepulcrum.

1853 2184 1989 2239 Nam
2018 2184 2148 2239 illud
2172 2199 2315 2254 scepe
2338 2199 2498 2251 supra
2544 2192 2789 2238 notatum
2823 2184 3111 2237 rotundum
3146 2184 3433 2252 tegorium.

1853 2276 1961 2330 alio
1994 2276 2212 2329 nomine
2254 2272 2601 2341 evangelista:
2651 2280 3059 2327 monumentum
3090 2280 3329 2335 vocant;
3371 2271 3439 2325 ad

1853 2371 2004 2435 cujus
2032 2369 2231 2422 ostium
2280 2368 2597 2422 advolutum
2628 2375 2683 2421 et
2716 2367 2784 2421 ab
2814 2367 2931 2436 ejus
2959 2369 3099 2423 ostio
3128 2370 3433 2425 revolutum

1855 2459 2087 2529 lapidem
2122 2465 2437 2527 resurgente
2467 2457 2693 2512 Domino
2720 2458 3090 2527 pronuntiant.
3116 2458 3434 2529 Sepulcrum

1854 2566 1987 2604 vero
2018 2550 2237 2618 proprie
2262 2549 2460 2603 dicitur
2483 2549 2573 2602 ille
2602 2549 2753 2603 locus
2786 2549 2837 2602 in
2879 2550 3105 2617 tegorio,
3142 2550 3246 2605 hoc
3276 2560 3359 2606 est
3387 2553 3440 2606 in

1856 2642 2149 2711 aquilonali
2174 2650 2325 2710 parte
2354 2642 2710 2704 monumenti,
2738 2641 2789 2695 in
2812 2655 2920 2709 quo
2950 2641 3289 2696 Dominicum
3321 2658 3441 2698 cor-

1858 2749 1958 2803 pus
1988 2733 2390 2787 linteaminibus
2419 2732 2719 2786 involutum
2760 2732 3040 2786 conditum
3071 2734 3311 2801 quievit:
3346 2750 3444 2791 cu-

1855 2822 2345 2891 juslongitudinem
2376 2823 2624 2877 Arcnlfus
2656 2822 2707 2875 in
2730 2832 2939 2892 septem
2971 2823 3167 2893 pedum
3193 2842 3444 2881 mensura

1859 2914 2078 2982 propria
2122 2928 2339 2967 mensus
2376 2923 2458 2967 est
2518 2929 2701 2967 manu.
2754 2913 2909 2979 Quod
2961 2914 3211 2969 videlicet
3266 2919 3444 2987 sepul-

1860 3020 2013 3060 crum
2060 3019 2167 3059 uon
2193 3007 2274 3073 (ut
2295 3004 2512 3072 quidam
2538 3003 2673 3058 falso
2695 3005 3007 3075 opinantur)
3040 3006 3237 3077 duplex
3259 3018 3360 3073 est,
3396 3020 3445 3063 ct

1862 3097 2147 3165 quamdam
2175 3095 2241 3150 de
2266 3096 2375 3164 ipsa
2407 3094 2696 3150 maceriola
2719 3105 2925 3166 petram
2958 3098 3161 3153 habens
3186 3102 3445 3163 excisam.

1864 3190 1973 3244 duo
2004 3205 2161 3244 crura
2191 3199 2248 3244 et
2269 3189 2492 3255 femora,
2522 3189 2629 3245 duo
2661 3191 3084 3247 intercedentem
3109 3202 3163 3247 et
3192 3210 3447 3264 separan-

160 3302 418 3356 magnam
447 3288 725 3343 civitatem
751 3288 887 3342 intra
911 3289 1109 3344 mcenia
1133 3290 1485 3357 circumdata,
1517 3289 1648 3343 mira
1678 3289 1758 3345 fa-
1789 3257 1834 3319 Ε
1867 3290 2007 3345 lem,
2038 3279 2137 3335 θεά
2169 3289 2340 3335 ιοιυιεΙ
2370 3280 2601 3350 Simle
2631 3296 2661 3335 3
2688 3282 2891 3337 vertice
2922 3299 3092 3352 usque
3116 3283 3183 3339 ad
3214 3287 3448 3353 plantaS.

160 3379 406 3435 bricatas
434 3388 573 3445 arte,
603 3379 799 3448 szepius
822 3378 1217 3434 considerasse.
1247 3379 1375 3445 Qua:
1406 3381 1587 3435 omnia
1619 3397 1761 3438 nunc

159 3484 190 3524 a
234 3471 400 3526 nobis
447 3480 574 3524 sunt
626 3470 1101 3540 praetermittenda,
1154 3479 1212 3523 ut
1250 3472 1479 3533 mstimo,
1518 3473 1759 3541 exceptis

157 3576 355 3617 eorum
387 3562 742 3616 :cdiﬁeiorum
788 3562 1075 3617 structuris
1103 3576 1223 3631 quae
1270 3562 1323 3616 in
1370 3562 1503 3617 locis
1534 3565 1754 3631 sanctis,

154 3655 341 3710 crucis
373 3654 626 3710 videlicet
658 3662 715 3709 et
758 3655 1194 3721 resurrectionis,
1236 3655 1463 3712 miriﬁce
1493 3656 1755 3713 fabricata

156 3753 311 3800 sunt.

799 3814 1029 3872 CAPUT
1069 3817 1132 3871 ll.

263 3906 349 3961 De
373 3908 590 3960 ecclesia
627 3907 864 3960 rotundw
906 3910 1144 3976 famula
1178 3924 1330 3979 super
1359 3908 1648 3979 sepulcrum

818 3979 1104 4048 aediﬁcata.

230 4087 300 4142 Dc
327 4086 535 4157 quibus
573 4087 880 4157 diligentius
906 4097 1153 4144 sanctum
1185 4089 1633 4159 interrogavimus
1657 4090 1755 4145 Ar-

156 4176 365 4232 cullum
424 4178 696 4247 pracipue
745 4178 813 4233 de
862 4180 1113 4247 sepulcro
1158 4179 1373 4234 Domini
1427 4188 1483 4236 et
1522 4180 1755 4236 ecclesia

156 4283 321 4336 super
351 4267 487 4322 illud
510 4277 840 4333 constructa,
873 4268 1024 4338 cujus
1055 4270 1184 4324 mihi
1214 4269 1445 4325 formam
1489 4272 1541 4325 in
1571 4272 1755 4327 tabula

156 4366 345 4413 cerata
376 4359 499 4428 ipse
542 4358 807 4429 depinxit.
843 4358 973 4426 Quae
1005 4362 1188 4431 utique
1223 4362 1378 4417 valde
1419 4363 1636 4431 grandis
1662 4378 1755 4419 ec-

156 4449 323 4504 clesia
357 4457 480 4503 tota
530 4449 740 4518 lapidea
764 4450 899 4504 mira
940 4452 1275 4507 rotunditate
1315 4468 1382 4507 ex
1414 4454 1561 4508 omni
1596 4464 1753 4524 parte

156 4540 457 4601 collocata,
491 4554 521 4592 a
551 4538 909 4595 fundamentis
940 4542 991 4595 in
1021 4542 1190 4597 tribus
1223 4556 1554 4611 consurgens
1576 4545 1751 4614 parie-

1866 3374 2062 3428 lectum
2084 3373 2187 3445 [Αι.
2202 3372 2417 3443 ,latum]
2436 3375 2593 3429 unius
2614 3374 2844 3430 hominis
2860 3391 3113 3446 capacem
3142 3396 3306 3449 super
3322 3379 3451 3434 dor-

1862 3478 1982 3517 sum
2017 3463 2249 3533 jacentis
2280 3464 2525 3532 prtcbens
2554 3464 2658 3535 ιΑι.
2697 3466 2819 3518 add.
2848 3465 3105 3538 spatium]
3148 3470 3201 3523 in
3230 3472 3445 3526 modum

1860 3558 2156 3628 spelunca,
2199 3558 2477 3613 introitum
2528 3574 2557 3612 a
2592 3561 2759 3614 latere
2804 3560 3008 3617 habens
3050 3562 3115 3617 ad
3158 3566 3448 3621 australem

1862 3656 2072 3718 partem
2103 3650 2440 3704 monumenti
2464 3666 2494 3703 e
2524 3650 2748 3719 regione
2778 3652 3180 3721 respicientem,
3207 3655 3450 3712 culmen-

1858 3756 1965 3810 que
2013 3741 2216 3797 humile
2258 3742 2491 3811 desuper
2530 3743 2777 3809 eminens
2817 3743 3212 3802 fabrefactum:
3255 3750 3309 3804 in
3338 3765 3448 3821 quo

1858 3832 2046 3902 utique
2088 3832 2340 3902 sepulcro
2378 3832 2642 3889 duodena:
2674 3834 2951 3905 lampades
2979 3839 3128 3906 juxta
3160 3855 3444 3896 numerum

1858 3939 1931 3979 ιιι
1960 3933 2272 3981 sanctorum
2311 3926 2684 3996 apostolorum
2715 3944 2931 3999 semper
2961 3931 3049 3986 die
3075 3947 3140 3987 ac
3170 3943 3327 3989 nocte
3356 3951 3445 3990 ar-

1856 4012 2048 4069 dentes
2077 4013 2283 4080 lucent,
2313 4030 2382 4071 ex
2407 4017 2601 4084 quibus
2622 4028 2855 4088 quatuor
2883 4021 2935 4075 in
2963 4022 3068 4078 imo
3091 4023 3235 4079 illius
3261 4025 3445 4081 lectuli

1856 4100 2177 4173 sepulcralis
2221 4104 2342 4161 loco
2374 4105 2599 4161 inferius
2647 4108 2855 4176 positae,
2889 4110 3008 4165 alia:
3038 4128 3168 4169 vero
3202 4114 3284 4171 bis
3310 4131 3445 4184 qua-

1856 4197 2096 4254 ternales
2124 4213 2287 4267 super
2316 4200 2615 4269 marginem
2649 4200 2768 4270 ejus
2794 4204 3045 4272 superius
3070 4205 3353 4263 collocata:
3376 4208 3441 4261 ad

1854 4289 1995 4346 latus
2014 4289 2319 4355 dexterum,
2359 4290 2484 4345 oleo
2516 4292 2789 4347 nutriente
2819 4295 3159 4364 praefulgent.

2464 4382 2696 4437 CAPUT
2736 4385 2825 4440 Ill.

2032 4450 2111 4508 De
2139 4454 2299 4524 ipsius
2321 4454 2540 4523 sepulcri
2569 4456 2739 4524 ﬁgure
2770 4467 2820 4509 et
2848 4473 2961 4527 ejus
2994 4463 3250 4530 tegurioli.

1925 4543 2033 4599 bed
2062 4553 2116 4598 et
2163 4544 2267 4599 hoc
2300 4543 2597 4598 nctandum
2642 4560 2764 4599 esse
2800 4546 3018 4603 videtur
3048 4552 3194 4618 quod
3222 4568 3441 4609 mauso-

157 4629 321 4717 tibus,
353 4630 969 4717 intergunumquemque
991 4636 1249 4701 parietem
1273 4643 1329 4689 et
1356 4612 1588 4689 alterum
1610 4636 1751 4691 latus
1778 4612 1829 4671 D
1858 4635 2003 4691 leum
2032 4635 2049 4707 [
2078 4636 2188 4698 AL,
2222 4635 2577 4703 magisoleutn
2602 4634 2619 4706 ]
2661 4636 2981 4706 Salvatoris,
3025 4612 3132 4697 hoc
3176 4653 3259 4699 est
3298 4661 3445 4717 saepe

158 4716 291 4789 μι,
324 4715 528 4788 latum]
556 4718 767 4774 habens
799 4721 1035 4789 spatium
1064 4722 1160 4775 vite
1186 4739 1200 4787 ;
1238 4724 1338 4777 tria
1367 4738 1585 4794 quoque
1613 4726 1753 4780 alta-

160 4812 237 4863 ria
266 4812 322 4865 in
355 4811 536 4865 tribus
567 4811 700 4865 locis
732 4815 951 4881 parietis
996 4816 1156 4869 medii
1200 4817 1407 4871 artifice
1456 4818 1751 4873 fabricatis.

161 4902 313 4959 llanc
337 4906 637 4960 rotundam
666 4914 720 4960 et
741 4908 1323 4963 summam‘ecclesiam
1352 4924 1517 4978 supra
1546 4924 1756 4965 memo-

162 5009 275 5056 rata
301 5000 605 5055 habentem
626 5000 837 5066 altaria,
857 5016 1021 5056 unum
1039 5001 1107 5055 ad
1128 5002 1406 5057 meridiem
1432 5003 1753 5072 respiciens,

162 5092 395 5147 altemm
427 5092 499 5147 ad
530 5093 860 5161 aquilonem,
894 5093 1116 5148 tertium
1147 5094 1215 5147 ad
1245 5108 1500 5148 occasum
1543 5110 1755 5162 versus,

163 5197 233 5238 xu
263 5185 421 5239 mira:
470 5183 852 5252 magnitudinis
883 5184 1108 5253 lapideae
1136 5192 1448 5239 sustentant
1469 5184 1750 5240 columnae.

164 5272 287 5329 Hzec
328 5274 418 5330 bis
465 5274 813 5343 quaternales
845 5284 1029 5343 portas
1057 5274 1243 5343 habet,
1275 5275 1378 5331 hoc
1415 5284 1498 5331 est
1525 5286 1759 5343 quatuor

168 5364 422 5419 introitus
456 5378 557 5433 per
587 5371 699 5418 tres
736 5378 769 5418 e
815 5363 1039 5432 regione
1068 5363 1367 5434 interjectis
1398 5366 1603 5420 viarum
1634 5382 1759 5435 spa-

169 5456 254 5510 tiis
281 5456 566 5511 stabilitas
596 5455 871 5526 parietes:
904 5471 969 5513 ex
1009 5456 1203 5525 quibus
1219 5468 1453 5527 quatuor
1480 5457 1659 5511 exitus
1688 5460 1755 5512 ad

170 5546 499 5604 Vulturnum
530 5554 802 5616 spectant,
843 5546 935 5615 qui
976 5555 1031 5601 et
1058 5546 1267 5602 Calcias
1296 5547 1497 5602 dicitur
1525 5556 1717 5602 ventus
1743 5567 1756 5613 ;

171 5638 257 5692 alii
302 5653 440 5694 vero
481 5645 718 5707 quatuor
760 5638 827 5690 ad
876 5635 1078 5691 Eurum
1118 5637 1248 5708 [Αι.,
1282 5636 1556 5707 occasumj
1589 5640 1760 5707 resili-

171 5731 335 5787 ciunt.
367 5730 431 5787 ln
458 5728 643 5785 medio
685 5729 862 5800 spatio
903 5729 1061 5799 hujus
1091 5730 1363 5786 interioris
1389 5728 1633 5784 rotundae
1666 5728 1766 5785 do-

1859 4742 2021 4797 supra
2051 4735 2407 4781 memoratum
2440 4727 2732 4795 tegorium,
2760 4730 2873 4798 spel
2894 4746 3013 4783 cum
3041 4733 3154 4788 sive
3183 4737 3439 4805 spelunca

1862 4826 2011 4873 recte
2031 4818 2257 4873 vocitari
2288 4818 2478 4886 possit,
2504 4818 2573 4871 de
2592 4835 2703 4888 quo
2734 4820 3006 4886 videlicet,
3032 4822 3261 4881 Domino
3286 4828 3446 4885 lesu-

1864 4910 2078 4965 Christo
2112 4910 2163 4963 in
2194 4924 2257 4964 ea
2292 4909 2526 4980 sepulto,
2559 4910 2824 4980 propheta
2866 4914 3190 4971 vaticinatur
3217 4918 3403 4975 dit-ens
3431 4940 3444 4975 :

1866 5000 1970 5055 Hic
2001 5000 2245 5054 habitavit
2276 5001 2329 5054 in
2382 5001 2589 5056 excelsa
2642 5004 2888 5072 spelunca
2934 5014 3094 5072 petra:
3143 5010 3445 5077 fortissime

1862 5091 1997 5163 (lsa.
2032 5094 2244 5160 χχχιιι).
2272 5090 2337 5144 Et
2380 5092 2539 5161 paulo
2588 5102 2710 5162 post
2739 5093 2806 5149 de
2837 5094 3003 5165 ipsius
3025 5096 3236 5153 Domini
3267 5116 3445 5157 resur-

1860 5184 2103 5240 rectione
2162 5182 2229 5235 ad
2292 5182 2567 5251 apostolos
2643 5182 2997 5240 lmtiﬁcandos
3074 5188 3445 5245 subinfertur:

1864 5274 1972 5345 Reg
2003 5290 2052 5327 nt
2081 5289 2196 5327 cum
2218 5274 2385 5344 gloria
2416 5272 2671 5328 videbitis.
2707 5275 3047 5344 Supradicta:
3077 5277 3242 5347 igitur
3268 5282 3445 5336 eccle-

1861 5366 1954 5421 siae
1990 5362 2272 5418 formulam
2298 5378 2421 5417 cum
2457 5364 2693 5418 rotundo
2724 5365 2987 5433 tegoriolo
3032 5367 3083 5421 in
3114 5369 3291 5424 medio
3332 5371 3451 5441 ejm

1864 5454 2154 5517 collocato,
2181 5452 2234 5505 in
2258 5450 2408 5519 cujus
2430 5452 2723 5521 aquilonali
2750 5461 2906 5522 parte
2924 5453 3261 5512 Dominicum
3284 5458 3451 5513 babe-
3510 5516 3527 5531 ,

1862 5556 1948 5599 tur
1975 5542 2302 5613 sepulcrum,
2334 5543 2577 5612 subjecta
2608 5543 2850 5599 declarat
2878 5546 3087 5617 pictura
3115 5550 3258 5620 (pag.
3290 5552 3452 5624 δρψ),

1866 5649 2076 5690 necnon
2137 5641 2192 5687 et
2249 5634 2409 5687 trium
2453 5633 2677 5687 aliarum
2723 5634 2919 5704 ﬁguras
2959 5636 3347 5709 ecclesiarum,
3383 5642 3452 5694 de

1868 5726 2061 5796 quibus
2098 5724 2323 5780 inferius
2354 5724 2703 5781 intimabitur.

250 5866 272 5895 '
300 5862 410 5929 AL,
444 5862 600 5932 quasi
632 5875 886 5915 mensura
905 5877 936 5914 α
966 5860 1153 5928 pollice
1176 5878 1336 5931 usque
1365 5861 1432 5915 ad
1454 5861 1765 5928 auriculam,
1790 5858 2079 5913 altitudinis
2110 5860 2263 5911 trium
2291 5861 2602 5927 palmorum.
