2102 3287
372 212 424 238 735

962 207 1081 234 δᾹΜῖΤΙ
1103 210 1120 233 Α
1127 207 1168 234 υ),
1174 207 1217 232 MA
1224 205 1255 232 Ni
1277 206 1387 233 ABBAT
1394 206 1420 232 IS

1957 203 2007 231 784

1262 733 1325 739 ...η
1453 636 1478 657 h
1552 673 1622 732 ἐὴ
1652 627 1712 702 ᾖ
1728 626 1788 702 ᾗ
1809 627 1870 703 ᾖ

493 957 1401 1205 ﬂ

364 1270 387 1295 Α
424 1266 568 1301 Tegurium
583 1265 739 1294 rotundum.

363 1302 383 1328 Β
420 1302 578 1336 Sepulcrum
594 1301 709 1329 Domini.

360 1336 381 1363 (Σ
420 1337 521 1365 Altaria
538 1337 640 1364 dualia.

362 1373 383 1399 Ι)
419 1373 532 1400 Altaria.

361 1407 382 1434 Ε
420 1407 550 1435 Ecclesia.

360 1442 381 1469 Ε
417 1442 586 1477 Golgothana
602 1443 727 1471 ecclesia.

359 1477 381 1504 (ἰ
419 1477 449 1505 In
463 1478 523 1506 loco
538 1478 632 1506 altaris
647 1479 792 1506 Abraham.

1171 1270 1196 1298 Α
1210 1265 1231 1293 H
1269 1265 1297 1293 In
1311 1273 1365 1300 quo
1380 1265 1441 1293 loco
1456 1272 1522 1292 crux
1537 1263 1675 1292 Dominica
1698 1270 1761 1292 cum
1782 1262 1852 1290 binis
1875 1263 2013 1292 latrontnr

1245 1302 1370 1328 crucibus
1386 1301 1435 1328 sub
1450 1305 1520 1328 terra
1534 1304 1642 1335 reperta
1655 1304 1709 1326 est.
1859 1319 1861 1321 .

1209 1335 1219 1363 Ι
1256 1336 1347 1364 Mensa
1360 1336 1458 1370 lignea.
1749 1369 1753 1370 ν
1847 1369 1852 1370 γ
1946 1369 1950 1370 γ
1967 1349 1969 1351 ·

1207 1371 1230 1398 Κ
1269 1369 1405 1402 Plateola,
1430 1371 1458 1398 in
1480 1378 1533 1405 qua
1547 1371 1591 1398 die
1606 1378 1637 1398 ac
1652 1374 1733 1398 nocte
1747 1369 1886 1405 lampades
1904 1369 2012 1398 ardent.

1210 1407 1230 1433 Ι,
1266 1406 1372 1433 Sancta:
1383 1406 1473 1434 Marire
1488 1407 1614 1434 ecclesia.

1208 1442 1233 1469 Μ
1270 1441 1494 1476 Constantiniana
1509 1441 1630 1472 basilica,
1643 1441 1695 1468 hoc
1709 1446 1751 1469 est
1765 1441 1937 1476 martyrium.

1208 1476 1230 1503 N
1269 1475 1375 1504 Exedra
1386 1484 1449 1505 cum
1466 1476 1551 1505 calice
1562 1476 1681 1504 Domini.

396 1558 427 1586 ln
441 1558 536 1587 eadem
551 1567 615 1587 vcro
634 1558 747 1587 ecclesia
766 1559 888 1594 quaedam
904 1558 1018 1586 habetur
1038 1558 1064 1585 in
1079 1562 1156 1593 petra
1173 1558 1195 1589 Β
1210 1557 1312 1585 dictum
1325 1557 1456 1592 tcgorium
1467 1556 1619 1585 dolatornm
1631 1557 1801 1586 ferramentis
1811 1557 2004 1584 interius‘cava

359 1604 452 1633 excisa
467 1604 596 1639 spelunca
616 1604 683 1631 infra
708 1604 798 1631 locum
824 1603 971 1631 Dominicre
986 1603 1084 1636 crucis,
1110 1602 1155 1630 ubi

359 1658 442 1686 super
456 1649 541 1677 altare
560 1658 609 1684 pro
632 1649 810 1684 quorumdam
835 1649 1027 1677 honoratorum
1052 1649 1154 1676 anima-

359 1696 411 1724 bus
431 1695 591 1723 sacriﬁcium
604 1694 734 1723 offertur:
748 1703 863 1730 quorum
878 1703 991 1730 corpora
1004 1695 1111 1722 interim
1127 1695 1154 1722 in

359 1742 449 1778 platea
460 1741 575 1776 jacentia
596 1745 731 1776 ponuntur
745 1745 808 1769 antc
832 1741 941 1776 januam
958 1741 1078 1776 ejusdem
1090 1740 1155 1768 Gol-

358 1788 485 1824 gothana;
516 1787 651 1821 ecclesiae,
675 1795 813 1823 nsquequo
829 1787 955 1814 ﬁniantur
966 1787 1010 1814 illa
1028 1795 1077 1823 pro
1091 1786 1155 1822 ipsis

358 1834 494 1862 defunctis
512 1837 684 1861 sacrosancta
699 1834 834 1869 mysteria.
861 1833 916 1861 llas
939 1834 1030 1868 itaque
1044 1838 1154 1869 quater-

359 1880 460 1907 natium
490 1879 588 1913 figuras
614 1879 787 1906 ecclesiarum
818 1878 894 1914 juxta
924 1879 1061 1914 exemplar
1083 1878 1154 1914 quod

359 1925 425 1953 mihi
450 1926 491 1961 (nt
513 1924 636 1959 superius
659 1925 759 1953 dictum
775 1926 826 1959 est)
847 1925 971 1952 Arculfus
986 1925 1012 1952 in
1028 1925 1153 1960 paginola

359 1971 485 2005 ﬁguravit
497 1976 597 2002 cerata,
613 1970 793 2004 depinximus,
809 1978 862 1998 non
875 1970 946 2005 quod
963 1971 1151 2006 pOSsitcarum

359 2016 507 2044 similitudo
530 2015 640 2042 formari
664 2015 689 2042 in
712 2015 834 2051 pictura;
861 2016 909 2043 sed
930 2019 961 2042 ut
983 2015 1153 2043 Dominicum

361 2066 578 2095 monumentum,
600 2062 663 2090 licet
686 2062 732 2089 tali
757 2062 801 2089 vili
817 2062 985 2097 ﬁguratione,
1011 2062 1038 2090 in
1053 2062 1155 2090 medie-

359 2113 416 2136 tate
449 2107 571 2136 rotunda:
602 2107 722 2135 ecclesiae
763 2108 939 2135 constitutum
975 2112 1152 2140 monstretur,

1212 1607 1268 1631 tum
1293 1604 1516 1639 Dotninicumque
1540 1604 1693 1639 sepulcrum
1715 1604 1741 1631 in
1774 1603 1923 1638 aquilonali
1950 1603 2012 1630 loco

1211 1649 1295 1685 ipsius
1313 1650 1414 1677 habens
1438 1651 1472 1677 de
1487 1657 1539 1677 una
1561 1649 1709 1684 eademque
1724 1654 1800 1685 petra
1822 1650 1943 1677 excisum
1958 1658 2012 1684 qna

1211 1701 1239 1724 et
1261 1701 1475 1729 monumentum,
1496 1696 1548 1724 hoc
1563 1701 1604 1724 est
1619 1697 1706 1731 ipsum
1723 1696 1867 1730 tegorium,
1883 1695 2012 1723 Arculfnc

1210 1750 1226 1769 a
1237 1750 1280 1770 me
1296 1742 1476 1776 interrogatus
1496 1742 1583 1769 dixit:
1601 1742 1667 1769 Illud
1688 1741 1821 1769 Dominici
1837 1742 2011 1769 monumenti

1211 1789 1344 1823 tegorium
1363 1789 1436 1816 nullo
1460 1788 1620 1816 intrinsecus
1636 1793 1733 1816 ornatu
1749 1793 1849 1816 tectum
1861 1795 1949 1822 usque
1962 1789 1998 1815 hn

1210 1834 1252 1861 die
1264 1842 1311 1869 per
1324 1838 1406 1860 totam
1425 1833 1484 1867 ejus
1498 1838 1652 1861 cavaturam
1675 1834 1902 1861 ferramentorum
1918 1839 2009 1861 osten—

1209 1878 1249 1905 dit
1259 1878 1380 1911 vestigia,
1393 1878 1489 1912 quibus
1503 1878 1642 1905 dolatores
1653 1878 1710 1905 sive
1720 1878 1856 1905 excisores
1867 1878 1895 1905 in
1910 1878 2009 1906 eodem

1210 1925 1249 1951 usi
1265 1929 1326 1952 sunt
1337 1931 1420 1959 opere
1433 1933 1438 1951 :
1455 1924 1531 1952 color
1543 1932 1608 1951 vero
1622 1923 1694 1951 illius
1707 1923 1827 1957 ejusdem
1849 1928 1935 1958 petra:
1950 1932 2009 1951 nio-

1210 1970 1330 1997 numenti
1342 1974 1369 1997 ct
1384 1969 1499 2004 sepulcri
1522 1976 1576 1997 non
1592 1977 1671 2002 unus,
1695 1968 1742 1996 sed
1762 1968 1816 1996 duo
1831 1969 1955 2004 permisti
1967 1969 2010 1996 vi-

1208 2015 1323 2049 dentur,
1347 2016 1429 2043 ruber
1443 2015 1535 2050 utique
1557 2019 1584 2043 et
1599 2015 1691 2047 albus,
1718 2014 1789 2043 unde
1803 2019 1831 2042 et
1844 2015 1951 2043 bicolor
1962 2022 2010 2043 ea-

1208 2060 1269 2089 dem
1284 2061 1435 2089 ostenditttr
1451 2065 1537 2097 petra.
1553 2061 1606 2089 Sed
1617 2061 1650 2088 de
1665 2060 1706 2089 his
1720 2061 1771 2088 ista
1785 2060 1934 2089 sufficiant.

1523 2116 1636 2144 CAPUT
1656 2116 1689 2144 ν.

359 2158 406 2182 aut
429 2161 488 2188 qnte
507 2153 571 2181 huic
593 2153 703 2189 propior
716 2154 830 2182 ecclesia
846 2153 887 2181 vel
909 2161 968 2188 qua:
987 2154 1090 2181 eminus
1103 2161 1152 2190 po-

1207 2164 1247 2191 De
1270 2164 1377 2191 ecoleu'a
1390 2162 1422 2191 Β.
1436 2163 1531 2191 Maria
1549 2171 1650 2198 semper
1668 2163 1774 2199 virginis
1785 2183 1794 2196 ,
1814 2171 1872 2199 qua
1885 2164 2007 2191 rotundis

360 2198 414 2227 sita
426 2198 587 2227 declaretur.

665 2253 778 2281 CAPUT
802 2254 848 2282 IV.

361 2310 403 2340 De
414 2312 470 2347 ipso
484 2311 570 2346 lapide
579 2311 622 2346 qui
632 2310 666 2336 ad
679 2311 771 2337 ostium
784 2310 942 2337 monumenti
955 2310 1089 2337 advolutus
1101 2315 1151 2337 est.

397 2367 452 2396 Sed
466 2367 536 2394 inter
548 2366 604 2393 haec
616 2366 649 2393 de
663 2366 708 2393 illo
719 2374 798 2400 supra
821 2370 971 2393 memorato
985 2366 1088 2401 lapide.
1104 2367 1150 2401 qui

360 2413 395 2440 ad
408 2412 507 2440 ostium
531 2411 697 2438 monumenti
719 2410 848 2438 Dominici
862 2415 922 2445 post
943 2411 1025 2445 ipsius
1046 2411 1151 2438 Domini

361 2458 544 2494 sepultionem
564 2457 683 2484 cruciﬁxi
703 2457 792 2484 multis
808 2457 976 2484 tradentibus
991 2457 1055 2484 viris
1069 2457 1152 2485 advo-

361 2504 435 2531 lutus
450 2507 505 2536 est,
531 2502 648 2530 breviter
667 2502 840 2529 intimandum
860 2510 919 2530 esse
932 2502 1057 2530 videtur:
1072 2511 1151 2537 quem

362 2549 486 2577 Arculfus
501 2548 656 2576 intercisum
669 2552 696 2575 et
711 2548 736 2574 in
746 2548 812 2575 duas
827 2548 940 2575 divisum
954 2554 1045 2582 partes
1057 2549 1150 2582 refert,

362 2594 440 2628 cujus
458 2601 520 2628 pars
544 2592 632 2620 minor
646 2592 814 2620 ferramentis
828 2593 918 2620 dolata
932 2598 984 2626 est,
1000 2598 1028 2621 et
1037 2596 1152 2628 quadra-

362 2644 421 2666 tum
448 2639 532 2666 altare
559 2639 584 2665 in
607 2638 722 2666 rotunda
747 2639 930 2674 suprascripta
954 2640 1067 2667 ecelesia
1091 2645 1153 2669 ante

365 2686 464 2717 ostium
478 2692 548 2719 smpe
563 2684 632 2711 illius
652 2685 790 2712 memorati
807 2686 912 2720 tegorii,
932 2687 984 2714 hoc
1000 2691 1039 2715 est
1060 2687 1152 2715 Domi-

321 2737 332 2745 ’
366 2730 420 2758 niei
442 2730 608 2757 monumenti
621 2734 706 2765 stans,
722 2732 896 2759 constitutum
911 2733 1029 2760 cernitur
1043 2742 1049 2759 :
1067 2733 1153 2768 major

1483 2199 1598 2226 ecclesitt
1607 2198 1727 2226 coluere}.

1241 2255 1375 2283 Caeterum
1389 2255 1422 2283 de
1434 2258 1592 2282 sanctorum
1606 2254 1765 2288 structuris,
1781 2254 1903 2283 locorum
1919 2263 2007 2291 pauca

1205 2301 1327 2329 addenda
1356 2304 1418 2327 sunt
1439 2300 1538 2335 aliqua.
1568 2299 1607 2327 llli
1630 2299 1754 2327 rotunda;
1777 2300 1900 2328 ecclesia:
1921 2309 2005 2336 supra

1204 2346 1302 2381 stepius
1312 2349 1478 2378 memoratae,
1504 2353 1562 2380 qua:
1582 2349 1609 2372 et
1621 2345 1772 2378 Anastasis,
1789 2345 1843 2372 hoc
1858 2350 1900 2373 est
1911 2354 2006 2374 resur-

1205 2392 1291 2420 rectio
1304 2391 1449 2423 vocitatur,
1465 2398 1524 2425 quae
1540 2391 1565 2418 in
1577 2391 1638 2418 loco
1655 2390 1800 2418 Dnminicaa
1823 2392 2006 2419 resurrectio-

1207 2438 1248 2465 nis
1271 2437 1400 2465 fabricata
1424 2442 1479 2467 est:
1507 2445 1522 2464 a
1538 2437 1649 2464 dextera
1663 2437 1782 2465 cohteret
1802 2442 1880 2472 parte
1900 2444 2005 2467 sancta

1206 2482 1296 2510 Maria:
1311 2482 1404 2510 matris
1419 2482 1524 2510 Domini
1538 2482 1750 2517 quadrangulata
1766 2483 1892 2512 ecclesia.

1512 2539 1627 2567 CAPUT
1648 2540 1693 2568 Vl.

1243 2584 1282 2612 De
1292 2585 1339 2612 illa
1349 2586 1457 2613 ecclesia
1462 2593 1519 2621 quw
1528 2586 1555 2612 in
1561 2584 1687 2613 Caltvaritz
1694 2586 1750 2614 loco
1758 2591 1905 2614 constructa
1915 2593 1965 2616 est.

1242 2641 1300 2668 Alia
1315 2649 1381 2669 vero
1404 2641 1562 2677 pergrandis
1576 2641 1691 2669 ecclesia
1715 2643 1847 2670 orientem
1862 2651 1958 2672 versus
1974 2644 2001 2671 in

1207 2687 1253 2714 illo
1267 2687 1396 2715 fabricata
1410 2691 1453 2715 est
1467 2687 1528 2715 loco
1543 2687 1587 2721 qui
1603 2686 1735 2715 Hebraice
1749 2687 1883 2722 Golgotha
1894 2690 2001 2718 vocita-

1206 2736 1268 2759 tur:
1286 2732 1363 2767 cujus
1386 2732 1413 2759 in
1434 2731 1618 2766 superioribus
1644 2732 1753 2767 grandis
1779 2733 1903 2767 quaadam
1928 2741 2000 2762 aerea

362 2785 429 2806 vero
443 2777 514 2805 illius
537 2776 633 2811 lapidis
646 2785 708 2812 pars
726 2785 802 2812 teque
816 2778 1006 2807 circumdolata
1019 2784 1070 2813 est,
1083 2785 1110 2807 et
1125 2781 1152 2808 in
1169 2775 1194 2804 D
1206 2787 1266 2807 cum
1281 2778 1448 2814 lampadibus
1461 2782 1520 2806 rota
1535 2778 1562 2805 in
1577 2777 1687 2805 funibus
1699 2778 1807 2813 pendet,
1832 2778 1901 2807 infra
1917 2787 2001 2815 quam

364 2823 489 2852 orientali
510 2822 631 2858 ejusdem
646 2823 766 2851 ecclesiae
779 2824 838 2851 loco
852 2825 1064 2860 quadrangulum
1080 2826 1152 2853 aliud

365 2870 448 2898 altare
462 2869 512 2897 sub
521 2869 721 2897 linteaminibus
733 2869 880 2897 stabilitum
893 2875 989 2898 exstat.

402 2916 438 2943 De
456 2915 527 2943 illius
546 2922 610 2950 ergo
625 2919 706 2950 petra:
721 2915 868 2950 coloribus,
889 2916 914 2944 in
930 2925 982 2952 qua
1003 2917 1067 2946 illud
1082 2925 1151 2953 sche

1207 2831 1304 2859 magna
1329 2828 1455 2859 argentea
1482 2832 1548 2852 crux
1572 2824 1653 2852 inﬁxa
1678 2828 1778 2853 statuta
1793 2829 1837 2853 est
1859 2826 1956 2854 eodem
1971 2827 1999 2855 in

1206 2872 1266 2899 loco
1284 2871 1329 2899 ubi
1350 2870 1486 2906 quondam
1500 2870 1589 2905 lignea
1609 2878 1692 2904 crux,
1718 2872 1746 2900 in
1766 2880 1820 2908 qua
1834 2880 1932 2909 passus
1957 2879 1999 2903 est

1206 2917 1312 2946 humani
1324 2916 1430 2953 generis
1442 2916 1577 2952 Salvator,
1591 2916 1673 2946 inﬁxa
1688 2917 1772 2946 stetit.
