4204 6542
172 416 268 478 785

765 528 995 586 CAPUT
1039 527 1141 582 VII.

343 620 420 678 De
450 621 668 676 basilica
693 621 1020 675 Constantini
1045 620 1212 673 vicina
1238 618 1570 686 supradictas.

232 716 370 773 Huic
397 716 642 772 ecclesiae
673 715 725 770 in
770 716 890 770 loco
929 714 1190 768 Calvarim
1220 709 1643 779 quadrangulata
1675 707 1754 761 fa-

168 810 382 866 bricata:
427 817 722 872 structura,
772 806 982 876 lapidea
1039 804 1126 858 illa
1191 803 1366 858 vicina
1406 802 1656 857 orientali
1701 801 1752 854 in

168 911 316 971 parte
337 901 576 956 eobmret
603 899 847 962 basilica,
885 912 1082 965 magno
1107 896 1252 950 cultu
1278 911 1308 948 a
1332 908 1458 962 rege
1485 893 1756 949 Constan-

167 994 275 1048 tino
328 1001 674 1057 constructa,
731 1007 851 1061 quae
905 999 962 1045 et
1013 990 1328 1054 Martyrium
1388 989 1518 1059 [Al.,
1571 985 1757 1040 Mona-

168 1084 412 1156 sterium]
442 1084 763 1154 appellatur,
790 1083 842 1137 in
872 1099 937 1136 co
957 1083 1039 1151 (ut
1070 1082 1259 1151 fertur)
1289 1081 1609 1134 fabricatun.
1636 1079 1756 1134 loco

167 1179 249 1232 ubi
279 1193 415 1232 crux
455 1176 668 1230 Domini
715 1191 838 1230 cum
881 1175 1002 1230 aliis
1049 1175 1318 1228 latronum
1350 1173 1488 1228 binis
1509 1172 1758 1226 crucibus

166 1269 260 1323 sub
284 1276 426 1322 terra
459 1266 794 1330 abscondita,
841 1274 961 1336 post
991 1265 1346 1320 ducentorum
1389 1280 1556 1317 χχχιιι
1588 1278 1757 1316 anno-

166 1377 277 1414 rum
323 1360 524 1431 cyclos,
554 1360 670 1429 ipso
701 1360 927 1414 Domino
950 1360 1205 1426 donante,
1230 1367 1445 1428 reperta
1479 1367 1581 1412 est.
1614 1357 1756 1411 Inter

167 1469 256 1506 uas
309 1453 495 1520 itaque
545 1451 732 1506 duales
783 1451 1043 1505 ecclesias
1094 1450 1181 1504 ille
1234 1451 1468 1504 famosus
1523 1447 1757 1502 occurrit

165 1561 312 1600 iocus
355 1545 408 1598 iu
447 1560 556 1612 quo
588 1544 857 1598 Abraham
892 1545 1195 1614 patriarcha
1230 1543 1402 1597 altare
1431 1542 1754 1612 composuit,

169 1635 472 1706 superillud
509 1636 792 1704 imponens
821 1637 1086 1705 lignorum
1114 1645 1352 1699 struem;
1405 1643 1460 1688 et
1510 1644 1566 1687 ut
1611 1634 1758 1688 Isaac

167 1730 474 1783 immolaret
495 1729 661 1781 filium
678 1745 856 1793 suum,
881 1730 1221 1795 evaginatum
1243 1727 1468 1796 arripuit
1486 1727 1752 1794 gladium:

167 1822 249 1874 ubi
299 1836 444 1874 nunc
491 1835 677 1873 mensa
719 1820 950 1874 habetur
994 1820 1164 1886 lignei
1210 1835 1315 1871 non
1347 1833 1546 1886 parva,
1598 1833 1757 1885 super

1385 415 1473 470 DE
1513 414 1707 472 LOCIS
1747 413 2036 471 SANCTIS
2077 418 2207 472 LIII.
2251 418 2288 474 I.

1779 529 2036 599 Apulus.
2106 531 2464 588 Plurimorum
2527 547 2758 603 namque
2825 533 3138 590 testimonio
3215 535 3450 590 ﬁdelium

3338 420 3448 474 786

1863 623 2472 695 IIierosonmitanorum
2515 625 2712 678 civium
2764 625 2903 680 hanc
2956 625 3452 695 pronuntiationem

1860 721 2079 769 sanctus
2126 715 2374 769 Arculfus
2413 714 2624 783 didicit,
2672 716 2764 784 qui
2804 717 2883 771 sic
2912 716 3030 786 ipso
3072 715 3326 771 intentius
3355 731 3455 770 au-

1861 803 2043 858 diente
2087 806 2282 874 saepius
2329 809 2743 874 pronuntiarunt
2774 807 3052 862 dicentes:
3093 809 3230 861 Ante
3280 822 3455 863 annos

1861 896 2031 951 ferme
2075 907 2260 954 ternos
2288 909 2695 954 sacrosanctum
2725 899 3024 964 linteolum,
3057 898 3201 969 quod
3237 897 3455 966 quidam

1859 989 1989 1043 satis
2033 989 2257 1044 idoneus
2287 990 2540 1046 credulus
2585 990 2803 1046 Judzcus
2842 992 3025 1046 statim
3069 999 3192 1061 post
3223 991 3343 1060 ejus
3365 1006 3456 1045 re-

1859 1081 2248 1136 surrectionem
2290 1081 2358 1135 de
2403 1081 2652 1152 sepulcro
2707 1083 2919 1138 Domini
2970 1083 3217 1149 furatus,
3273 1082 3457 1137 multis

1861 1170 2051 1224 diebus
2096 1173 2234 1241 apud
2281 1187 2340 1227 se
2391 1173 2716 1240 occultavit;
2769 1175 2889 1244 ipso
2940 1175 3178 1231 donante
3229 1174 3456 1230 Domino

1862 1269 1984 1333 post
2034 1264 2323 1319 multorum
2355 1265 2592 1321 circulos
2635 1281 2904 1321 annorum
2934 1276 3231 1337 repertum,
3271 1265 3326 1320 in
3356 1279 3457 1321 no-

1862 1353 2030 1408 titiam
2066 1356 2230 1410 totius
2261 1357 2440 1426 populi
2481 1358 2647 1412 venit.
2694 1357 2788 1412 Ille
2829 1359 2992 1426 igitur
3027 1358 3152 1413 felix
3185 1365 3241 1412 et
3286 1353 3458 1411 fidelis

1859 1446 1945 1502 fur
1973 1447 2102 1502 illud
2132 1449 2471 1506 Dominicum
2500 1451 2777 1506 sudarium
2805 1453 2949 1522 quod
2980 1452 3033 1508 in
3058 1452 3245 1523 primis
3274 1451 3458 1506 furtim

1861 1538 2110 1603 abstulit,
2155 1539 2207 1593 in
2249 1542 2504 1595 extremis
2545 1544 2870 1598 constitutus
2897 1543 3107 1598 duobus
3134 1543 3258 1598 filiis
3281 1543 3460 1597 mani-

1861 1627 2064 1683 festans
2107 1631 2384 1685 accersitis
2432 1633 2644 1702 detulit,
2686 1633 2907 1689 dicens:
2937 1634 2982 1689 0
3011 1635 3106 1689 filii
3147 1636 3275 1701 mei,
3317 1651 3461 1690 nune

1861 1721 2009 1788 optio
2039 1721 2190 1776 vobis
2219 1721 2400 1777 datur.
2453 1724 2606 1778 Dicat
2634 1740 2763 1794 ergo
2795 1727 2970 1796 quivis
3014 1742 3045 1781 e
3073 1726 3224 1783 vobis
3253 1727 3461 1782 duobus

1861 1811 1985 1878 quid
2015 1813 2193 1880 potius
2239 1821 2430 1882 Optare
2457 1816 2760 1882 desiderat,
2801 1825 2861 1872 ut
2882 1825 2937 1872 et
2959 1831 3059 1886 ego
3087 1817 3459 1872 indubitanter

167 1931 322 1984 quam
375 1929 673 1983 pauperum
731 1915 1089 1982 eleemosynze
1129 1929 1157 1965 a
1191 1912 1390 1980 populo
1441 1909 1754 1965 ofTeruntnr.
1791 1897 1837 1958 Β
1864 1900 2002 1956 scire
2030 1903 2229 1970 possim
2265 1904 2386 1972 quis
2415 1920 2479 1959 ex
2529 1907 2680 1960 vobis
2707 1908 2829 1970 erit.
2873 1908 2959 1962 cui
2988 1908 3144 1976 juxta
3186 1907 3456 1977 propriam

167 2007 266 2060 Sed
293 2015 346 2059 et
376 2006 491 2059 hcce
536 2005 662 2058 mihi
695 2005 1002 2071 diligentius
1035 2004 1387 2071 interroganti
1420 2010 1638 2056 sanctus
1665 2002 1757 2054 ad-

166 2099 238 2151 dit
267 2097 518 2151 Arculfus
544 2097 788 2163 inquiens
817 2115 826 2147 :
862 2095 1004 2148 Inter
1027 2095 1348 2158 Anastasim,
1376 2095 1480 2147 hoc
1507 2101 1589 2147 est
1611 2092 1756 2146 illam

166 2203 304 2256 stupe
331 2202 497 2256 supra
532 2195 886 2240 memoratam
930 2185 1216 2240 rotundam
1263 2185 1552 2239 ecclesiam
1588 2193 1642 2238 et
1667 2185 1759 2239 ba-

166 2278 372 2332 silicam
428 2275 764 2330 Constantini
794 2316 806 2338 ,
863 2277 1107 2344 qumdam
1143 2283 1293 2344 patet
1321 2275 1552 2342 plateola
1591 2289 1760 2343 usque

165 2369 231 2422 ad
253 2369 546 2422 ecclesiam
580 2367 998 2434 Golgothanam,
1028 2368 1079 2420 in
1109 2383 1215 2435 qua
1249 2367 1491 2422 videlicet
1526 2365 1758 2436 plateola

166 2460 253 2515 die
279 2474 347 2514 ac
379 2467 538 2514 nocte
562 2473 772 2527 semper
795 2457 1074 2527 lampades
1097 2458 1304 2512 ardent.

765 2571 994 2627 CAPUT
1035 2571 1169 2626 VIII.

375 2643 454 2697 De
475 2645 581 2697 alia
612 2644 801 2698 exedra
825 2645 964 2696 intra
986 2645 1252 2696 ecclesiam
1274 2643 1546 2697 Calvariaz.

237 2736 388 2791 Inter
449 2737 593 2790 illam
659 2750 801 2805 quoq
830 2753 875 2790 :e
943 2735 1337 2803 Golgothanam
1405 2735 1682 2790 basilicam
1709 2744 1764 2788 et

169 2827 489 2900 Martyrium
539 2828 782 2896 qumdam
837 2828 974 2881 inest
1022 2827 1242 2891 exedra,
1285 2827 1337 2880 in
1377 2841 1482 2896 qua
1516 2836 1596 2881 est
1626 2827 1764 2881 calix

168 2921 408 2984 Domini,
466 2935 625 2988 quem
683 2935 710 2971 a
756 2934 814 2973 se
858 2918 1200 2972 benedictum
1241 2919 1456 2987 propria
1508 2933 1666 2972 manu
1709 2918 1762 2971 in

168 3027 322 3068 caena
360 3011 532 3081 pridie
570 3025 730 3079 quam
763 3018 1058 3079 pateretur,
1110 3009 1223 3077 ipse
1250 3009 1472 3062 conviva
1505 3007 1766 3075 apostolis

165 3103 393 3156 tradidit
443 3101 852 3155 convivantibus
879 3118 890 3152 :
922 3100 1012 3167 qui
1058 3109 1347 3166 argenteus
1378 3098 1513 3151 calix
1546 3097 1766 3151 sextarii

165 3193 365 3247 Gallici
389 3207 695 3246 mensuram
738 3191 963 3255 habens,
1005 3189 1248 3258 duasque
1287 3189 1503 3243 ansulas
1525 3189 1577 3243 in
1612 3203 1671 3243 se
1699 3203 1765 3243 ex

1863 1993 2179 2060 Optionem,
2249 2005 2342 2048 aut
2379 2011 2599 2050 omnem
2651 1997 3008 2052 substantiam
3062 2014 3237 2052 meam
3296 2014 3458 2067 quam

1862 2083 2056 2148 habeo,
2094 2085 2473 2140 commendare
2518 2087 2776 2151 debeam;
2810 2097 2902 2142 aut
2969 2089 3072 2143 hoc
3113 2089 3456 2144 solummodo

1866 2177 2073 2230 Domini
2101 2193 2310 2232 sacrum
2334 2178 2629 2233 sudarium.
2646 2179 2849 2245 Quibus
2872 2182 3065 2235 auditis
3091 2199 3157 2236 ex
3179 2198 3272 2236 ore
3296 2183 3463 2252 patris

1863 2269 2062 2349 verbis,
2095 2285 2232 2324 unus
2258 2270 2348 2338 qui
2382 2271 2645 2338 genitoris
2688 2271 2902 2327 divitias
2935 2275 3182 2343 accipere
3215 2274 3461 2342 cupiebat

1863 2361 2162 2428 universas,
2208 2363 2432 2431 suscipit
2458 2378 2550 2417 eas
2595 2379 2624 2416 a
2655 2373 2832 2433 patre,
2869 2366 3020 2432 juxta
3052 2366 3462 2434 promissionem

1863 2467 1892 2506 a
1934 2461 2084 2522 patre
2112 2453 2535 2508 eommendatas.
2583 2455 2774 2509 Mirum
2817 2457 2994 2511 dictu!
3028 2473 3096 2512 ex
3122 2458 3210 2513 illa
3239 2459 3324 2516 die
3347 2475 3465 2512 om-

1865 2558 1962 2597 nes
2017 2543 2134 2611 ejus
2183 2543 2379 2598 divitite
2446 2553 2501 2599 et
2559 2545 2940 2615 patrimonium
2995 2565 3191 2613 omne,
3247 2559 3465 2617 propter

1864 2634 2009 2704 quod
2057 2636 2332 2690 sudarium
2403 2637 2616 2692 Domini
2671 2639 2943 2703 vendidit,
2989 2639 3305 2700 decrescere
3354 2653 3466 2693 cce-

1862 2727 1973 2796 pit;
2000 2733 2056 2780 et
2087 2727 2333 2782 universa
2363 2742 2484 2796 (“LIB
2507 2728 2714 2794 habuit,
2745 2729 2976 2784 diversis
3006 2731 3226 2786 casibus
3256 2731 3467 2800 perdita

1866 2815 1933 2868 ad
1960 2816 2186 2870 nihilum
2216 2818 2433 2873 redacta
2473 2829 2618 2873 sunt.
2660 2820 2808 2875 Alter
2831 2836 2962 2874 vero
3001 2822 3294 2890 supradicti
3338 2823 3469 2878 furis

1869 2905 2009 2962 ﬁlius
2032 2909 2242 2975 beatus,
2279 2911 2370 2978 qui
2400 2910 2674 2965 sudarium
2713 2912 2920 2966 llomini
2952 2913 3202 2968 omnibus
3229 2914 3467 2982 prcetulit

1871 3001 2246 3070 patrimoniis;
2291 3016 2356 3056 ex
2395 3016 2500 3070 qua
2523 3001 2612 3056 die
2638 3002 2765 3056 illud
2789 3003 2856 3057 de
2886 3004 3164 3058 morientis
3193 3020 3356 3059 manu
3379 3021 3470 3059 ac-

1871 3092 2013 3161 cepit
2034 3093 2320 3159 genitoris,
2364 3094 2534 3160 magis
2564 3109 2627 3147 ac
2651 3094 2818 3161 magis
2858 3094 3097 3149 donante
3128 3096 3263 3164 Deo,
3296 3106 3467 3152 terre-

1873 3189 1955 3239 n's
1981 3186 2142 3240 etiam
2165 3187 2355 3255 opibus
2379 3195 2460 3240 est
2481 3187 2701 3254 ditatus,
2723 3203 2820 3242 nec
2841 3187 3118 3242 fraudatus
3139 3189 3469 3245 cmlestibus.

170 3294 407 3352 utraque
451 3290 604 3350 parte
645 3281 968 3334 altrinsecus
997 3280 1284 3334 continens
1324 3279 1675 3348 compositas.
1712 3279 1764 3332 In
1793 3261 1841 3322 Ο
1874 3274 1940 3327 Ει
1971 3275 2041 3328 ita
2072 3275 2174 3330 hoc
2199 3276 2535 3331 Dominicum
2566 3277 2838 3332 sudarium
2865 3287 3044 3348 patres
3075 3280 3197 3333 filiis
3220 3282 3287 3335 de
3326 3281 3472 3350 ejus-

166 3392 276 3446 quo
301 3377 491 3444 utique
519 3376 688 3430 calice
709 3375 796 3428 illa
822 3374 962 3428 inest
993 3374 1233 3442 spongia,
1285 3387 1444 3441 quam
1477 3381 1632 3425 aceto
1656 3371 1768 3439 ple-

165 3484 294 3523 nam
345 3467 584 3539 hyssopo
616 3466 1088 3534 circumponentes
1116 3464 1399 3518 Dominum
1447 3461 1768 3529 crucifigen-

168 3568 250 3613 tes
277 3557 599 3613 obtulerunt
621 3556 703 3611 ori
743 3555 879 3623 ejus.
908 3555 983 3609 De
1012 3555 1116 3609 hoc
1136 3555 1328 3608 eodem
1360 3553 1530 3608 calice
1563 3554 1643 3620 (ut
1665 3555 1768 3606 fer-

168 3650 278 3718 tur)
331 3648 597 3702 Dominus
653 3654 776 3716 post
822 3645 1273 3700 resurrectionem
1325 3660 1446 3699 cum
1509 3645 1769 3713 apostolis

165 3742 472 3797 convivans
529 3739 680 3793 bibit.
725 3740 894 3805 Quem
919 3747 1140 3792 sanctus
1183 3736 1435 3791 Arculfus
1487 3735 1657 3802 vidit,
1715 3745 1772 3790 et

169 3848 263 3906 ρει-
285 3832 435 3886 illius
477 3830 752 3895 scrinioli,
797 3830 884 3884 ubi
937 3829 1249 3884 reconditus
1294 3828 1552 3893 habetur,
1607 3843 1768 3897 operv-

171 3927 276 3984 culi
333 3926 578 3979 foramen
609 3926 813 3993 pertusi
880 3923 1012 3993 ML,
1070 3921 1350 3992 perforati]
1399 3937 1560 3975 manu
1597 3921 1772 3989 tetigit

170 4017 392 4089 propria
426 4017 697 4070 osculatus
724 4015 854 4084 [Al.,
882 4023 937 4068 et
965 4014 1239 4068 osculatus
1266 4013 1391 4082 est].
1425 4013 1595 4076 Quem
1624 4011 1771 4064 vide-

165 4110 295 4166 licet
349 4107 574 4162 calicem
628 4107 909 4160 universus
964 4105 1200 4158 civitatis
1251 4102 1482 4172 populus
1529 4116 1649 4156 cum
1691 4101 1773 4154 in-

165 4203 317 4274 genti
359 4202 715 4257 veneratione
742 4201 1070 4270 frequentat.

800 4311 1026 4367 CAPUT
1063 4311 1153 4364 IX.

273 4385 356 4440 De
378 4386 562 4438 lancea
584 4385 764 4438 militis
790 4401 890 4454 qua
912 4387 1046 4436 latus
1076 4382 1279 4435 Domini
1296 4383 1407 4449 ipse,
1422 4383 1657 4452 pupugit.

236 4478 377 4532 Item
434 4475 689 4530 Arculfus
750 4474 1098 4530 nihilominus
1167 4483 1221 4526 et
1278 4473 1419 4525 illam
1487 4470 1772 4542 conspexit

165 4569 420 4625 lanceam
450 4567 652 4631 militis,
703 4579 809 4633 qua
841 4566 978 4618 latus
1013 4563 1220 4616 Domini
1265 4565 1313 4616 in
1346 4577 1506 4616 cruce
1526 4561 1770 4631 penden-

1874 3366 1996 3421 dem
2027 3377 2109 3423 ter
2133 3370 2275 3424 beati
2305 3371 2542 3426 hominis
2573 3373 2830 3442 progenie
2852 3374 2976 3438 sati,
3008 3375 3162 3442 quasi
3186 3376 3473 3429 Incredita-

1874 3461 1955 3513 rio
1979 3461 2101 3529 jure
2135 3463 2318 3518 fideles
2350 3463 2615 3527 fidelibus,
2640 3464 2939 3519 secundum
2985 3481 3172 3519 eorum
3209 3467 3474 3535 ιιι-θεωρίαι

1873 3551 2068 3606 seriem
2089 3595 2104 3613 ν,
2159 3554 2388 3610 tideliter
2418 3572 2588 3625 usque
2629 3558 2694 3610 ad
2723 3557 2968 3625 quintam
3010 3559 3468 3612 commendabant

1873 3646 2302 3712 generationem.
2358 3649 2464 3702 Sed
2497 3658 2619 3718 post
2649 3650 2848 3718 quintae
2890 3659 3132 3720 tempore
3161 3649 3473 3718 generatio-

1874 3740 1956 3795 nis
1978 3756 2242 3796 annornm
2277 3744 2459 3797 multis
2488 3745 2830 3813 processibus
2862 3745 3181 3808 transactis,
3221 3743 3461 3813 ejusdem

1876 3833 2212 3899 cognationis
2262 3833 2635 3888 deficientibus
2676 3835 3026 3890 Increditariis
3068 3834 3333 3899 fidelibus,
3378 3849 3471 3888 sa-

1876 3937 2026 3976 crum
2049 3923 2274 3979 linteum
2299 3926 2349 3978 in
2376 3941 2566 3979 manus
2597 3927 2904 3994 aliquorum
2931 3927 3226 3982 infidelium
3253 3925 3472 3982 devenit

1874 4010 2178 4068 Iudaeorum
2209 4033 2220 4066 :
2254 4016 2343 4084 qui
2391 4026 2447 4069 et
2490 4016 2612 4084 ipsi,
2643 4017 2944 4084 quamlibet
2972 4018 3173 4086 indigni
3219 4019 3310 4071 tali
3353 4031 3473 4071 mu-

1877 4122 2027 4174 nere,
2062 4115 2240 4161 tamen
2265 4107 2393 4161 illud
2420 4106 2715 4162 honorifice
2737 4108 2993 4178 amplexi,
3024 4110 3202 4163 divina
3232 4108 3469 4163 donante

1877 4199 2179 4266 largitione,
2229 4200 2386 4253 nimis
2410 4201 2633 4253 diversis
2677 4200 2990 4270 locupletati
3037 4203 3230 4270 opibus
3273 4202 3474 4256 divites

1877 4287 2001 4343 facti
2031 4301 2173 4344 sunt.
2215 4288 2384 4344 Judzni
2429 4305 2556 4345 vero
2587 4291 2898 4354 credentes.
2924 4302 3043 4347 orta
3087 4294 3136 4347 in
3171 4293 3370 4362 populo
3402 4293 3472 4349 de

1876 4380 2090 4436 sudario
2119 4381 2330 4436 Domini
2357 4392 2502 4438 certa
2547 4385 2878 4447 narratione,
2910 4394 3192 4454 cmperunt
3223 4401 3345 4439 cum
3387 4386 3468 4440 iu-

1878 4471 2123 4528 fidelihus
2152 4472 2332 4528 Judeis
2363 4475 2428 4528 de
2457 4490 2612 4529 sacro
2645 4475 2737 4529 illo
2761 4475 3072 4532 linteamine
3104 4475 3314 4531 fortiter
3334 4493 3469 4534 con-

1879 4565 2122 4628 tendere,
2173 4565 2303 4620 totis
2334 4565 2535 4622 viribus
2565 4566 2693 4620 illud
2725 4577 3043 4638 appetentes
3069 4569 3119 4622 in
3155 4585 3346 4624 manus
3382 4587 3474 4625 ac-

165 4665 235 4719 tis
267 4663 389 4733 ipse
413 4667 773 4728 percusserat.
832 4657 958 4712 llaec
1004 4657 1193 4710 eadem
1235 4655 1421 4708 lancea
1464 4654 1772 4742 inporticu
1799 4625 2078 4727 Deipere.
2134 4660 2264 4725 Quae
2314 4660 2557 4714 subnixa.
2584 4661 2862 4715 contentio
2915 4660 3470 4732 Hierosolymitanam

167 4757 316 4812 illius
362 4753 702 4808 Constantini
743 4750 974 4806 basilica:
1019 4751 1219 4804 inserta
1250 4748 1480 4802 habetur
1510 4747 1561 4800 in
1612 4763 1775 4802 cruce

163 4847 373 4915 lignea,
428 4844 580 4912 cujus
619 4843 810 4896 hastile
841 4841 973 4906 [Al.,
1024 4838 1259 4909 hassalej
1307 4839 1357 4892 in
1397 4838 1530 4891 duas
1559 4837 1776 4891 interci-

162 4954 286 4995 sum
337 4945 428 4993 est
470 4945 876 5006 partes:quam
925 4932 1175 4987 similiter
1220 4939 1330 4984 tota
1382 4929 1772 5000 Ilierosolymi-

165 5041 294 5085 lana
319 5029 676 5097 frequentans
699 5026 973 5082 osculatur
999 5033 1051 5079 et
1075 5033 1360 5078 veneratur
1379 5023 1586 5076 civitas.

805 5137 1032 5192 CAPUT
1075 5136 1142 5190 X.

167 5215 248 5269 De
269 5213 490 5269 sudario
513 5211 602 5265 illo
626 5228 724 5282 quo
751 5209 963 5264 Domini
986 5217 1139 5276 caput
1166 5209 1352 5277 sepulti
1372 5215 1658 5262 contectum
1677 5216 1772 5259 est.

241 5308 319 5362 De
342 5307 436 5361 illo
461 5319 678 5375 quoque
721 5309 1070 5358 sacrosancto
1100 5301 1349 5363 sudario,
1412 5298 1554 5367 quod
1603 5299 1654 5351 in
1685 5312 1776 5352 se-

168 5400 366 5468 pulcro
397 5412 564 5466 super
587 5403 746 5464 caput
780 5394 946 5463 ipsius
979 5392 1156 5446 fuerat
1177 5391 1434 5460 positum,
1478 5390 1645 5444 sancti
1679 5390 1778 5442 Ar-

168 5491 296 5545 culfi
340 5488 613 5544 relatione
653 5485 1028 5554 cognovimus,
1067 5482 1160 5552 qui
1203 5481 1336 5535 illud
1386 5481 1618 5550 pr0priis
1649 5496 1772 5534 con-

166 5585 353 5655 spexit
393 5582 700 5644 obtutibus,
760 5579 898 5632 hanc
938 5589 1096 5645 quam
1140 5589 1285 5630 nune
1326 5589 1610 5628 craxamns
1645 5573 1777 5644 |Al.,

167 5689 529 5734 caraxamus,
578 5672 632 5724 id
685 5679 758 5723 est
801 5663 1110 5736 exaramus]
1161 5665 1566 5731 narrationem,
1614 5679 1778 5733 quam

169 5773 320 5821 totus
364 5761 890 5830 Hierosolymitanus
935 5772 1117 5812 veram
1150 5771 1272 5812 esse
1321 5764 1652 5822 protestatur
1683 5772 1778 5826 po-

246 5930 273 5959 ⁸
302 5919 484 5976 Grets.
507 5919 650 5974 addit
685 5937 694 5971 :
730 5915 1065 5985 prwsenlibns
1093 5917 1398 5973 Christianis
1421 5915 1643 5971 Indicis.

1880 4750 2089 4820 plebem
2139 4752 2191 4804 in
2233 4751 2366 4805 duas
2408 4751 2624 4804 diremit
2667 4761 2866 4820 partes,
2917 4751 3024 4807 hoc
3060 4761 3143 4807 est
3189 4752 3376 4808 fideles
3419 4765 3473 4808 et

1879 4844 2130 4899 credulos
2161 4853 2348 4898 contra
2381 4843 2626 4898 infideles
2653 4853 2708 4898 et
2731 4845 3059 4900 incredulos.
3106 4844 3260 4900 Unde
3288 4854 3344 4898 et
3369 4845 3471 4900 Sa-

1880 4949 2198 4990 racenorum
2249 4950 2386 5003 rex,
2445 4935 2665 4989 nomine
2721 4935 2914 4990 Nat-ias
2973 4935 3121 5008 [Al.,
3169 4932 3474 5007 Majuvias],

1879 5028 1947 5082 ab
1976 5029 2213 5096 utrisque
2241 5027 2616 5096 intrrpellatus
2645 5029 2884 5096 partibus
2904 5069 2916 5092 ,
2953 5031 3019 5082 ad
3045 5044 3140 5085 eos
3165 5029 3476 5084 incredulos

1878 5119 2233 5188 Judzeos,qui
2281 5120 2554 5173 sudarium
2609 5117 2820 5174 Domini
2867 5120 3216 5188 pertinaciter
3265 5121 3468 5177 retine-

1879 5211 2053 5278 bant,
2105 5219 2129 5247 ι
2184 5213 2326 5264 inter
2375 5220 2635 5280 utrosque
2687 5211 2988 5279 dijudicans
3039 5213 3218 5266 dixit:
3253 5211 3475 5268 Sacrum

1880 5302 2022 5360 onod
2051 5303 2263 5357 habetis
2292 5302 2573 5360 linteolum
2615 5302 2742 5356 date
2793 5303 2844 5356 in
2887 5318 3004 5359 mea
3046 5318 3227 5362 manu.
3260 5304 3359 5370 Qui
3389 5321 3478 5360 re-

1881 5396 1960 5466 gis
1989 5395 2155 5451 verbo
2186 5396 2623 5465 obtemperantes
2642 5436 2656 5460 ,
2716 5395 2846 5449 illud
2873 5395 2939 5449 de
2968 5397 3166 5450 scrinio
3191 5397 3474 5465 proferen-

1883 5495 1992 5552 tes,
2027 5488 2331 5556 regnatoris
2376 5487 2428 5540 in
2461 5487 2580 5541 sinu
2610 5485 2920 5556 deponunt;
2951 5488 3106 5555 quod
3131 5504 3253 5543 cum
3281 5505 3477 5557 magna

1881 5581 2183 5634 reverentia
2232 5578 2532 5646 suscipiens
2588 5593 2704 5643 rex,
2766 5577 2819 5631 in
2873 5578 3045 5648 platea
3096 5594 3281 5634 coram
3327 5581 3475 5634 omni

1881 5671 2080 5742 populo
2121 5685 2308 5740 rogum
2342 5671 2456 5725 fieri
2477 5669 2658 5738 jussit.
2701 5669 2820 5736 Quo
2850 5669 3010 5724 nimia
3051 5669 3477 5727 inﬂammatione

1883 5764 2128 5832 ardente,
2163 5778 2387 5835 surgens
2428 5764 2542 5837 ipse
2570 5770 2625 5822 et
2653 5761 2718 5820 ad
2749 5761 2929 5834 ipsum
2959 5763 3228 5822 accedens
3259 5777 3474 5836 rogum.
