4204 6540
798 416 890 471 18Ἱ

1973 413 2210 469 δᾹΝΕἸΊ
2256 411 2559 467 ΑυᾹΜᾹΝΙ
2605 413 2894 466 .‘lUiHI'iS

3951 410 4049 466 786

789 539 1000 587 clevata
1052 546 1180 586 voce
1223 531 1287 586 ad
1345 541 1598 596 utrasque
1639 528 1915 581 discordes
1957 527 2090 579 dixit
2136 536 2314 595 partes
2351 542 2363 576 :
2399 531 2443 585 Λ
2475 523 2526 576 ni
2559 535 2708 593 parte
2755 523 3073 577 circumfusa
3108 523 3418 592 perlustrat,
3453 522 3881 593 “ierosolimam
3913 526 4053 574 orbis

799 627 951 680 Nunc
1005 626 1251 681 Christus
1280 623 1460 678 mundi
1506 623 1750 677 Salvator
1779 636 1969 690 passus
2008 636 2103 688 pro
2136 620 2369 672 humano

789 731 1008 782 neuere,
1039 714 1129 785 qui
1155 719 1256 770 hoc
1276 716 1417 784 quod
1455 730 1597 768 nunc
1643 715 1694 766 in
1744 713 1862 765 sinu
1909 721 2173 766 conteneo
2202 709 2369 763 suda-

791 809 950 870 rium,
1003 809 1053 862 in
1097 807 1346 876 sepulcro
1371 822 1470 860 suo
1517 819 1680 872 super
1709 812 1872 871 caput
1903 801 2087 854 habuit
2113 799 2365 868 positum,

793 912 932 954 mter
982 915 1077 953 vos
1123 899 1190 952 de
1237 899 1340 952 hoc
1387 897 1576 950 endem
1628 895 1793 948 linteo
1837 892 2226 947 contendentes
2275 903 2369 957 per

790 992 1058 1045 ﬂannnam
1097 991 1302 1060 judicet
1331 991 1465 1057 ignis
1485 1028 1498 1047 ,
1544 999 1599 1039 ut
1636 988 1870 1040 sciamus
1900 984 1985 1037 cui
2018 983 2153 1050 parti
2181 982 2366 1034 horum

789 1087 956 1135 duum
1001 1081 1335 1134 exercituum
1381 1077 1840 1132 contentiosormn
1887 1075 1988 1126 hoc
2019 1073 2123 1125 tale
2165 1069 2365 1122 donum

786 1173 1098 1226 condonare
1124 1171 1390 1238 dignetur.
1441 1167 1507 1221 Et
1537 1169 1650 1221 lucc
1681 1166 1881 1227 dicens,
1915 1179 2128 1216 sacrum
2159 1160 2368 1216 Domini

785 1265 1062 1319 sudarium
1115 1262 1346 1332 projecit
1396 1263 1448 1315 in
1497 1260 1773 1321 llannnas,
1826 1255 1968 1324 quod
2019 1254 2164 1308 nullo
2209 1252 2368 1306 modo

786 1357 924 1423 ignis
969 1365 1187 1423 tangere
1236 1354 1440 1424 potuit,
1519 1351 1613 1406 sed
1661 1351 1926 1418 integrum
1975 1357 2029 1399 et
2101 1344 2372 1399 incolume

784 1453 853 1506 de
891 1464 1022 1518 rogo
1055 1463 1309 1517 surgens,
1364 1445 1517 1514 quasi
1557 1445 1668 1498 avis
1709 1441 1962 1512 expansis
1990 1439 2087 1492 alis
2117 1435 2282 1506 coepit
2319 1436 2367 1487 in

783 1541 1011 1596 sublime
1039 1541 1242 1602 vola'e,
1266 1549 1319 1592 et
1345 1547 1604 1606 utrasque
1631 1535 1953 1589 dissidentes
1979 1539 2166 1586 contra
2196 1543 2255 1582 se
2277 1543 2372 1596 po-

784 1630 894 1700 puli
920 1639 1100 1698 partes
1141 1636 1194 1683 et
1223 1627 1373 1697 quasi
1407 1627 1459 1680 in
1491 1625 1769 1695 procinctu
1813 1622 1936 1675 belli
1969 1627 2248 1674 conscrtas
2279 1631 2366 1669 sc-

787 1720 978 1776 dentes
1026 1721 1170 1775 acies
1197 1721 1264 1772 de
1296 1717 1518 1771 summis
1563 1714 1896 1784 prospiciens
1925 1711 2079 1776 duas,
2124 1710 2176 1762 in
2202 1722 2370 1761 vacuo

785 1831 913 1870 aere
952 1831 1048 1884 per
1096 1815 1398 1882 aliquorum
1448 1810 1793 1866 intervallum
1841 1811 2236 1866 momentorum
2267 1801 2370 1854 cir-

2473 611 2525 664 in
2558 613 2734 666 medio
2761 619 2918 666 terra:
2938 613 3093 666 sitam
3116 626 3235 666 esse
3258 620 3606 681 protestatur.
3643 611 3797 666 Unde
3828 621 3882 664 et
3913 611 4054 663 Padi-

2473 707 2798 774 mograpbus
2827 718 3046 775 propter
3088 716 3275 760 saneta
3309 705 3572 774 passionis
3610 715 3663 758 et
3697 705 4050 758 resurrectio-

2474 797 2554 848 nis
2579 797 2716 859 loca,
2741 812 2859 864 qua:
2883 797 3017 850 intra
3045 797 3212 865 ipsam
3248 794 3437 847 .Hiam
3463 794 3552 864 {Id
3573 803 3667 857 est,
3690 792 4052 862 Hierusalem]

2473 890 2835 948 continentur,
2871 888 3168 939 vaticinans
3207 887 3385 938 canit:
3418 885 3559 937 Deus
3590 897 3763 936 au'cm
3810 885 3920 938 lica:
3966 901 4057 937 no.

2473 987 2576 1027 :ter
2605 987 2724 1027 ante
2752 994 2823 1028 MU
2855 979 3012 1038 nlnm,
3044 985 3284 1043 oneratus
3328 984 3401 1028 est
3431 975 3651 1027 salutent
3679 976 3733 1026 in
3757 975 3931 1027 medio
3958 985 4058 1027 tero

2473 1083 2546 1118 rte
2589 1065 2762 1133 (l'sul.
2796 1071 3000 1132 utut),
3035 1067 3137 1120 hoc
3168 1076 3250 1119 est
3277 1065 3628 1128 Hierusalem,
3651 1080 3772 1133 qua:
3803 1063 4058 1121 mediter-

2473 1174 2632 1212 ranea
2665 1169 2714 1212 et
2750 1162 3030 1214 ttittliilécus
3064 1171 3218 1214 terra:
3244 1159 3456 1213 dicitur.

3059 1293 3284 1349 CAPUT
3329 1291 3460 1346 Mli.

2475 1406 2553 1460 De
2581 1410 2793 1461 erclesia
2825 1407 2886 1460 S.
2923 1405 3112 1462 Maria:
3151 1409 3205 1460 in
3242 1408 3374 1460 valle
3401 1406 3662 1476 Iosophat
3691 1407 3982 1476 fabricata,
4009 1409 4064 1460 in

2811 1494 2908 1544 qua
2943 1489 3330 1531 monumentum
3351 1481 3462 1546 ejus
3484 1476 3718 1531 habetur.

2546 1605 2862 1660 Sanctorum
2906 1605 3144 1662 locorum
3175 1607 3391 1662 sedulus
3425 1605 3800 1676 frequentator
3845 1619 4067 1664 sanctus

2478 1699 2728 1752 Arculfus
2765 1709 2966 1752 sancta
3008 1698 3188 1752 Maria:
3210 1699 3493 1754 ecclesiam
3537 1701 3588 1754 in
3633 1701 3770 1755 valle
3803 1702 4069 1771 .Iosaphat

2477 1787 2887 1855 frequentabat:
2941 1787 3096 1855 cujus
3147 1787 3436 1856 dupliciter
3501 1789 3779 1843 fabricata:
3839 1792 4069 1846 inferior

783 1908 1098 1962 cumvolans
1117 1946 1130 1967 ,
1176 1904 1402 1975 proinde
1424 1902 1680 1972 paulatim
1709 1897 2046 1953 descendens
2067 1939 2080 1958 ,
2137 1891 2244 1947 Deo
2275 1905 2370 1958 gu-

2479 1892 2601 1946 pars
2625 1878 2725 1931 sub
2756 1878 2966 1946 lapideo
2995 1878 3236 1932 tabulato
3267 1879 3497 1933 mirabili
3529 1880 3758 1935 rotunda
3789 1892 4065 1936 structura

785 2000 1046 2052 laernante
1093 1997 1158 2050 ad
1211 2005 1417 2064 partem
1469 1991 1897 2046 Christianorum
1947 1986 2159 2040 interim
2206 1983 2368 2038 Chri-

782 2098 922 2138 stum
949 2087 1178 2153 judicem
1211 2084 1547 2138 exorantium
1601 2081 1906 2143 declinans,
1960 2078 2010 2130 in
2043 2091 2226 2129 eorum
2254 2077 2369 2128 sinu

783 2179 1046 2232 consedit.
1080 2177 1178 2242 Qui
1214 2177 1320 2228 Deo
1345 2175 1545 2241 gratias
1569 2172 1758 2226 levatis
1787 2169 1853 2222 ad
1885 2170 2078 2221 rmlmn
2130 2166 2372 2218 manibus

787 2279 1027 2334 agentes,
1072 2283 1193 2320 cum
1229 2266 1426 2334 ingenti
1457 2263 1726 2318 lzctationc
1759 2258 2218 2328 ingeniculantes,
2281 2273 2372 2309 su-

789 2363 996 2415 darium
1055 2362 1267 2416 Domini
1315 2374 1504 2426 magna
1552 2373 1675 2411 cum
1731 2351 2144 2409 honorificentia
2200 2350 2366 2403 susci-

789 2458 942 2521 piunt
988 2454 1054 2508 ad
1111 2469 1171 2507 se
1223 2453 1289 2506 de
1330 2452 1470 2505 coelo
1513 2447 1822 2504 venerabile
1871 2445 2090 2499 missum
2147 2441 2368 2500 donum,

786 2546 1208 2618 bymnilicasqne
1235 2542 1418 2597 laudes
1441 2539 1654 2594 Christo
1685 2538 1801 2606 ejus
1831 2533 2076 2589 donatori
2110 2529 2371 2595 referti..t,

785 2649 841 2694 ct
869 2638 922 2690 in
953 2637 1153 2691 scrinio
1197 2633 1436 2688 eccledm
1477 2633 1528 2684 in
1579 2631 1685 2683 alio
1727 2623 2368 2682 involutumlinteamine

791 2725 1114 2782 recondunt.
1163 2724 1316 2790 Quod
1361 2732 1542 2776 noster
1570 2722 1734 2773 frater
1773 2717 2020 2770 Arculfus
2051 2714 2159 2768 alio
2189 2713 2276 2766 die
2303 2711 2370 2766 de

793 2820 991 2874 scrinio
1015 2819 1281 2872 clevatum
1305 2815 1456 2881 vidit,
1503 2822 1558 2868 et
1589 2814 1730 2866 inter
1760 2810 1942 2880 populi
1972 2806 2368 2863 multitudinem

785 2911 915 2964 illud
964 2909 1258 2965 osculantis
1315 2915 1369 2960 et
1415 2907 1530 2975 ipse
1576 2905 1853 2958 osculatus
1899 2911 1981 2955 est
2025 2901 2079 2953 in
2131 2897 2373 2952 ecclesim

789 3009 1077 3061 conventu,
1130 3011 1436 3051 mensuram
1469 2993 1813 3061 longitudinis
1842 2991 1995 3059 quasi
2025 2998 2250 3044 octenos
2279 2987 2370 3039 lia-

789 3095 923 3146 bens
951 3092 1148 3160 pedes;
1178 3093 1243 3142 de
1274 3103 1380 3157 quo
1409 3089 1520 3140 lucc
1548 3087 1689 3138 dit-ta
1719 3084 1988 3138 sufficiant

1387 3212 1611 3268 CAPUT
1657 3211 1743 3263 λι.

862 3313 937 3362 De
959 3313 1119 3362 linteo
1144 3310 1278 3378 quod
1308 3309 1382 3374 (nt
1412 3310 1474 3375 {ci
1494 3306 1594 3364 tur)
1624 3314 1798 3356 sancta
1832 3306 2092 3356 Contemni!
2124 3299 2297 3351 Maria

1491 3378 1648 3444 rirgu.

869 3493 1024 3547 Aliud
1080 3505 1296 3559 quoque
1327 3491 1548 3542 linteum
1599 3501 1770 3554 majus
1818 3486 2065 3538 Art-nllus
2106 3487 2155 3536 in
2189 3484 2372 3536 eadem

798 3583 1282 3654 llierosolymitana
1324 3579 1542 3633 civitate
1567 3576 1720 3641 vidit,
1750 3575 1891 3643 quod
1923 3576 2004 3642 (ut
2035 3574 2221 3640 fertur)
2254 3591 2374 3626 san.

794 3688 881 3732 cta
916 3676 1081 3729 Maria
1111 3672 1410 3734 contexuit,
1453 3680 1507 3724 et
1553 3671 1623 3724 ob
1652 3669 1702 3722 id
1758 3681 1948 3735 magna
1979 3669 2280 3721 reverentia
2326 3668 2375 3720 in

795 3773 1022 3829 ecclesia
1055 3771 1293 3825 habitum
1345 3777 1488 3822 totus
1539 3774 1828 3820 veneratur
1878 3763 2127 3833 populus.
2177 3760 2229 3812 In
2270 3775 2378 3828 quo

794 3865 1049 3920 videlicet
1079 3864 1244 3917 linteo
1271 3860 1550 3915 duodecim
1583 3856 1962 3924 Apostolorum
1994 3851 2234 3905 [υτηιυιιυ
2279 3852 2372 3903 lia-

798 3956 994 4009 bentur
1025 3954 1258 4015 imorum,
1291 3959 1342 4003 et
1367 3950 1531 4018 ipsius
1558 3947 1766 4000 Domini
1797 3946 1971 4009 imago
2000 3946 2242 4009 figurata,
2275 3958 2340 3995 cu
2370 3978 2373 3982 -

793 4045 881 4110 jus
922 4043 1248 4097 linteaminis
1292 4057 1392 4094 una
1443 4054 1564 4108 pars
1615 4037 1760 4089 rubci
1793 4035 2008 4097 coloris,
2063 4043 2117 4086 et
2148 4034 2316 4086 altera
2349 4050 2376 4086 e

799 4138 1019 4206 regione
1044 4137 1094 4188 in
1119 4136 1289 4188 altero
1322 4134 1486 4185 latere
1515 4128 1698 4182 viridis
1735 4128 1980 4179 habetur.

1399 4259 1625 4315 CAPUT
1670 4259 1777 4311 ΧΙΙ.

806 4376 882 4428 De
917 4377 1020 4426 alin
1052 4391 1250 4426 summa
1291 4375 1525 4425 rulnnmu
1550 4373 1601 4422 in
1629 4370 1720 4421 illo
1753 4371 1917 4436 posita
1948 4370 2058 4420 ioco
2091 4369 2196 4426 nni,
2230 4387 2380 4422 crure

929 4444 1138 4498 Domini
1172 4446 1511 4512 superpositu,
1543 4449 1771 4492 murlutts
1818 4442 1998 4491 revixit
2024 4441 2248 4507 j..renis.

874 4566 949 4619 De
993 4565 1169 4634 aliqua
1215 4563 1371 4617 valde
1426 4576 1634 4617 summa
1688 4561 1937 4616 columna
1984 4573 2104 4626 quae
2150 4557 2200 4609 in
2249 4555 2378 4608 locis
2410 4579 2462 4639 Β

801 4662 1002 4716 sanctis
1041 4661 1108 4714 ad
1154 4659 1580 4729 septentrionem
1628 4657 1681 4710 in
1730 4657 1906 4710 medio
1953 4654 2186 4709 civitatis
2230 4660 2378 4706 stans

803 4755 1148 4824 pergentibus
1197 4751 1353 4808 obvia
1393 4751 1642 4812 habetur,
1679 4747 1915 4802 breviter
1963 4744 2245 4800 dicendum
2277 4751 2375 4796 est.

805 4846 928 4901 ilice
956 4847 1143 4900 eadem
1167 4844 1414 4898 columna
1445 4843 1497 4896 in
1527 4857 1593 4895 eo
1621 4847 1824 4894 statuta
1854 4837 1993 4900 loco,
2021 4837 2107 4889 ubi
2139 4843 2382 4888 mortuus

801 4937 1032 5005 juvenis,
1065 4949 1224 4989 cruce
1272 4933 1481 4992 Domini
1518 4930 1878 5000 superposita,
1922 4927 2140 4991 revixit,
2185 4925 2378 4976 mirum

809 5032 860 5081 in
885 5026 1101 5082 modum
1136 5026 1187 5073 in
1215 5024 1400 5077 restivo
1430 5021 1666 5076 solstitio
1711 5017 2011 5072 meridiano
2045 5026 2286 5082 tempore
2316 5012 2382 5065 ad

808 5127 1054 5174 centrum
1099 5114 1362 5171 cmlisole
1411 5111 1762 5182 perveniente
1789 5107 2033 5162 umbram
2077 5120 2186 5159 non
2235 5104 2380 5164 facit.

811 5209 1055 5264 Solstitio
1097 5217 1277 5263 autem
1309 5204 1648 5267 transmisso,
1678 5200 1824 5270 quod
1855 5209 1936 5255 est
1969 5214 2063 5254 vui
2090 5197 2204 5252 Kal.
2232 5196 2384 5262 Jul'.i,

809 5300 976 5354 ternis
1020 5298 1210 5354 diebus
1258 5295 1571 5363 interiectis,
1604 5292 1861 5363 paulatim
1903 5291 2252 5345 decrescente
2299 5288 2387 5342 die

813 5391 1051 5444 umbram
1081 5390 1311 5458 primum
1343 5387 1468 5440 facit
1493 5387 1730 5449 brevem,
1760 5381 1953 5436 deinde
1980 5394 2238 5450 processu
2271 5378 2383 5432 die-

812 5495 927 5532 rum
950 5479 1264 5546 longiorem.
1297 5477 1416 5530 llaac
1448 5477 1626 5544 itaque
1644 5475 1912 5537 co!umna,
1939 5485 2101 5539 quam
2128 5469 2256 5524 solis
2278 5469 2388 5522 cla-

814 5570 940 5623 ritas
969 5571 1022 5624 in
1062 5571 1248 5624 mstivo
1299 5569 1530 5623 solstitio
1563 5566 1875 5622 meridianis
1921 5565 2068 5618 horis
2114 5561 2304 5617 stantis
2333 5562 2386 5615 in

817 5671 1000 5716 centro
1030 5661 1156 5716 cmli
1185 5677 1215 5714 e
1241 5662 1453 5728 regione
1475 5659 1704 5727 dcsnptr
1731 5657 2140 5725 circumfulgrns
2171 5673 2236 5710 ex
2269 5670 2385 5709 om-

888 5804 910 5829 ⁸
943 5797 1045 5860 AL,
1079 5799 1336 5864 nvlttiet'li,
1370 5807 1420 5847 Νι
1451 5799 1573 5848 δαεὶς
1608 5807 1841 5861 apparet.

2479 1979 2561 2022 est
2591 1970 2850 2025 fabricata
2887 1990 2898 2023 ε
2932 1972 2984 2024 in
3027 1971 3182 2040 cujus
3211 1972 3459 2026 orientali
3490 1982 3642 2041 parte
3671 1974 3935 2027 altarium
3972 1975 4068 2028 lia-

2476 2061 2660 2126 betur;
2689 2061 2754 2114 ad
2778 2060 3054 2114 dexteram
3085 2076 3216 2114 vero
3243 2061 3359 2129 ejus
3385 2072 3610 2129 partem,
3641 2072 3849 2117 sancta:
3885 2063 4068 2117 Maris:

2481 2158 2619 2210 inest
2648 2172 2868 2208 saxeum
2916 2170 3106 2210 cavum
3149 2155 3479 2224 sepulcrum,
3521 2155 3572 2209 in
3614 2170 3722 2223 quo
3771 2157 4068 2224 aliquando

2475 2247 2685 2314 sepulta
2717 2247 2965 2314 pattsavit
2988 2255 3034 2298 υ.
3053 2245 3158 2300 Sed
3175 2244 3242 2298 de
3269 2245 3461 2299 eodem
3491 2248 3743 2314 sepulcro
3767 2246 4066 2312 quomodo,

2481 2338 2562 2391 vel
2612 2353 2720 2406 quo
2770 2348 3033 2406 tempore,
3072 2345 3167 2392 aut
3209 2352 3239 2392 a
3291 2339 3487 2406 quibus
3529 2339 3774 2406 personis
3814 2349 4070 2393 sanctum

2476 2432 2850 2500 corpusculttttt
2882 2432 2998 2499 ejus
3031 2433 3103 2486 sit
3138 2433 3434 2495 sublatum,
3469 2433 3550 2486 vel
3581 2449 3690 2501 quo
3721 2434 3847 2487 loco
3886 2449 4067 2487 resur-

2481 2523 2772 2574 rx-ctioncm
2824 2531 3120 2588 expectat,
3165 2522 3340 2575 nullus
3406 2531 3488 2592 (ut
3533 2524 3730 2589 fertur)
3773 2538 3876 2592 pro
3918 2533 4070 2578 certo

2476 2613 2614 2664 srire
2655 2624 2832 2679 potest
2868 2617 2919 2662 ι’.
2957 2612 3101 2665 lianc
3155 2611 3465 2666 inferiorem
3529 2613 3822 2667 rotundam
3867 2625 4070 2668 sancur

2477 2702 2654 2756 Maria:
2692 2703 2973 2756 ecclesiam
3021 2705 3301 2767 intrantes,
3348 2704 3492 2757 illam
3531 2704 3718 2757 vident
3747 2713 3966 2772 petram
4004 2701 4072 2759 ad

2477 2796 2753 2848 dexteram
2788 2795 2917 2862 ι.;ιι·ἱ‹
2941 2795 2976 2847 ti
3026 2796 3304 2858 insertam,
3341 2811 3500 2864 supra
3528 2809 3688 2864 quam
3721 2796 3986 2850 Dominus
4016 2797 4068 2850 in

2476 2899 2604 2951 agro
2653 2883 2996 2936 (ictlisemani
3031 2884 3158 2954 [Αι.,
3190 2883 3584 2954 Getlisamani],
3615 2885 3707 2937 illa
3746 2895 3917 2939 nocte
3958 2901 4062 2954 qua

2478 2975 2786 3029 tradebatur
2815 2993 2842 3027 a
2871 2974 3005 3028 .luda
3054 2977 3106 3029 in
3149 2992 3342 3030 manus
3373 2977 3648 3030 lmininum
3685 2988 4062 3045 peccatorum,

2477 3069 2626 3121 flexis
2668 3071 2842 3121 oravit
2883 3069 3108 3131 genibus
3154 3077 3280 3122 ante
3325 3069 3511 3123 horam
3559 3068 3870 3122 traditionis
3917 3069 4064 3132 eius:

2481 3161 2530 3212 in
2574 3175 2678 3227 qua
2709 3161 2957 3212 Videlicet
2985 3170 3132 3228 petra
3161 3161 3390 3214 duorum
3438 3162 3660 3227 vestigia
3683 3176 3926 3228 genuum
3950 3163 4066 3228 ejus

2397 3222 2448 3286 (ἶ
2479 3253 2630 3319 quasi
2673 3254 2724 3305 in
2765 3269 2886 3305 cera
2938 3253 3250 3306 mollis~ima
3288 3253 3603 3320 profundius
3635 3253 3908 3322 impressa
3945 3269 4066 3308 cer»

2482 3351 2696 3394 nuntur.
2748 3341 2821 3392 Ita
2854 3342 3006 3394 nobis
3038 3352 3219 3395 noster
3250 3342 3412 3396 frater
3441 3342 3688 3395 Arculfus
3739 3345 4063 3410 pronuntia-

2485 3435 2574 3493 vit,
2615 3442 2921 3486 sanctorum
2964 3433 3205 3486 visitator
3242 3433 3506 3497 locorum,
3532 3434 3622 3499 qui
3655 3432 3777 3487 lucc
3823 3449 3944 3500 (μελε
3974 3449 4066 3487 no:

2479 3524 2850 3589 duscribiaus,
2879 3525 3105 3592 propriis
3145 3525 3427 3591 conspexit
3460 3525 3650 3577 oculis.
3684 3523 3741 3578 In
3775 3525 4060 3593 superiore

2482 3615 2641 3676 igitur
2667 3629 2818 3682 aeque
2844 3614 3071 3668 rotunda
3100 3616 3330 3670 ecclesia
3359 3626 3560 3670 sancta:
3594 3614 3805 3684 Marizn,
3835 3625 4068 3684 quatuor

2482 3705 2668 3758 altaria
2691 3705 2866 3760 inesse
2892 3715 3280 3761 monstrantur.

3063 3835 3292 3892 CAPUT
3335 3836 3468 3890 λιν.

2576 3960 2654 4012 De
2683 3969 2822 4011 turre
2847 3957 3102 4024 Josaphat
3129 3959 3182 4008 in
3207 3957 3385 4008 eadem
3408 3966 3708 4009 constructa
3730 3957 3885 4010 mlle.
3906 3985 3975 3997 —-

2785 4027 2865 4080 De
2889 4028 3228 4082 monumentis
3255 4027 3466 4079 Simeon
3499 4037 3545 4078 ct
3565 4024 3784 4093 Joseph.

2557 4162 2611 4215 In
2634 4161 2819 4215 eadem
2851 4176 3012 4227 supra
3037 4167 3331 4213 memorata
3353 4159 3508 4218 valle.
3545 4175 3653 4214 non
3687 4161 3702 4213 l
3729 4174 3849 4227 ~nge
3879 4161 3945 4212 ab
3973 4176 4067 4214 ec-

2486 4256 2646 4311 clesia
2676 4262 2876 4308 sancte
2906 4253 3108 4313 Maria),
3140 4252 3304 4306 turris
3331 4250 3590 4320 Josapltat
3637 4258 3991 4310 monstratur,
4019 4265 4070 4300 in

2485 4363 2590 4416 qua
2623 4347 2789 4415 ipsius
2831 4345 3139 4414 sepulcrum
3183 4345 3458 4398 cernitur:
3493 4343 3579 4395 cui
3613 4342 3870 4395 videlicet
3910 4342 4074 4394 tun-io

2485 4437 2602 4491 cuia
2618 4437 2858 4504 qumda'n
2889 4434 3092 4502 lapidea
3115 4435 3306 4487 domus
3328 4449 3357 4485 a
3379 4433 3601 4486 dextera
3631 4433 3873 4484 conteret
3895 4440 4071 4498 parte.

2487 4530 2553 4580 de
2582 4543 2714 4596 rupe
2757 4526 2934 4578 excisa
2968 4535 3022 4577 et
3064 4535 3312 4592 separata
3355 4523 3554 4576 montis
3598 4521 3824 4586 Oliveti,
3862 4523 3914 4576 in
3966 4537 4076 4588 qua

2487 4619 2808 4672 intrinsecus
2840 4616 3176 4668 ferramentis
3205 4623 3392 4668 cavata
3438 4613 3548 4667 duo
3581 4621 3953 4666 monstrantur
3981 4629 4072 4665 se-

2486 4711 2670 4780 pulcra
2717 4710 2833 4764 sine
2861 4708 3042 4774 aliquo
3067 4716 3298 4761 ornatu:
3332 4720 3562 4774 quorum
3619 4722 3783 4758 unum
3818 4706 3959 4757 illius
3988 4704 4076 4758 Si-

2486 4799 2692 4853 meonis
2717 4798 2844 4866 justi
2877 4800 2972 4850 viri
2996 4796 3202 4864 est,qui
3231 4794 3545 4848 infantulum
3581 4793 3865 4846 Dominum
3889 4791 4075 4846 Jcsmn

2490 4897 2541 4948 in
2573 4893 2774 4961 templo
2810 4891 3068 4944 ambabus
3097 4890 3228 4958 ῘΑι..
3273 4885 3464 4956 ambis]
3496 4887 3780 4955 amplexus
3821 4887 4078 4939 manibus

2490 4985 2556 5038 de
2599 4987 2714 5052 ipso
2746 4982 3166 5051 prophetizavit:
3201 4981 3426 5033 alterum
3460 4994 3590 5032 vero
3617 4993 3772 5046 a~qne
3801 4978 3936 5029 Justi
3983 4975 4080 5029 Jo-

2487 5081 2641 5146 St‘plt,
2667 5087 2865 5131 sancta:
2894 5075 3073 5128 Maria:
3104 5073 3308 5140 sponsi,
3339 5081 3394 5125 et
3425 5070 3632 5124 Domini
3661 5068 3787 5123 Jesu
3841 5069 4078 5121 tttttriio-

2488 5169 2585 5224 ris.

3094 5271 3323 5328 CAPUT
3361 5270 3476 5326 XV.

2490 5393 2570 5447 De
2613 5391 2856 5461 spelunca
2903 5391 2954 5441 in
2998 5403 3124 5454 rupe
3177 5385 3360 5437 mentis
3409 5381 3596 5433 (ἰῆτξή
3664 5381 3841 5432 Imbita
3898 5389 4084 5459 centris

2560 5449 2742 5584 vul'leiz
2787 5449 3146 5528 Josaphat,in
3190 5471 3292 5524 qua
3344 5470 3406 5523 qu
3448 5461 3565 5506 tuor
3615 5467 3810 5504 mense
3851 5461 3899 5503 et
3942 5449 4085 5520 putei

2560 5544 2678 5584 siml
2745 5547 2832 5584 uo.

2560 5544 2678 5588 Sili”
2708 5544 2832 5584 ααο.

2562 5657 2617 5709 ln
2666 5655 2835 5708 latere
2873 5649 3074 5706 montis
3107 5646 3302 5702 Oliveti
3333 5645 3576 5713 quaidam
3620 5645 3763 5701 inest
3791 5642 4083 5712 spelunca,

2562 5792 2585 5825 ἱ·
2624 5790 2728 5848 AL,
2765 5787 2953 5840 Nullus
2988 5801 3080 5854 pro
3123 5791 3279 5843 torto,
3314 5792 3366 5832 nt
3406 5780 3688 5835 nrwuirtus
3732 5779 3808 5832 rir
3837 5784 4079 5842 testatur,

2498 5865 2622 5916 scire
2653 5869 2833 5928 potest.
