  <div class='ocr_page' id='page_1' title='image "/cluster/home/n/w/nwhite01/storage/ocr_20150623/88-89/uc1.31175000868714/398.png"; bbox 0 0 4204 6538; ppageno 0'>
   <div class='ocr_carea' id='block_1_1' title="bbox 167 411 2285 471">
    <p class='ocr_par' dir='ltr' id='par_1_1' title="bbox 167 411 2285 471">
     <span class='ocr_line' id='line_1_1' title="bbox 167 411 2285 471; baseline -0.003 0"><span class='ocrx_word' id='word_1_1' title='bbox 167 418 265 471; x_wconf 74' lang='lat'><strong>789</strong></span> <span class='ocrx_word' id='word_1_2' title='bbox 1383 414 1470 469; x_wconf 85' lang='lat' dir='ltr'><strong>DE</strong></span> <span class='ocrx_word' id='word_1_3' title='bbox 1511 411 1704 468; x_wconf 87' lang='lat' dir='ltr'><strong>LOCIS</strong></span> <span class='ocrx_word' id='word_1_4' title='bbox 1740 412 2031 468; x_wconf 77' lang='lat' dir='ltr'><strong>SANCTIS</strong></span> <span class='ocrx_word' id='word_1_5' title='bbox 2075 414 2200 467; x_wconf 84' lang='lat' dir='ltr'><strong>LIB.</strong></span> <span class='ocrx_word' id='word_1_6' title='bbox 2246 412 2285 465; x_wconf 97' lang='grc'><strong>1.</strong></span> 
     </span>
    </p>
   </div>
   <div class='ocr_carea' id='block_1_2' title="bbox 3327 421 3430 474">
    <p class='ocr_par' dir='ltr' id='par_1_2' title="bbox 3327 421 3430 474">
     <span class='ocr_line' id='line_1_2' title="bbox 3327 421 3430 474; baseline 0 -1"><span class='ocrx_word' id='word_1_7' title='bbox 3327 421 3430 474; x_wconf 81' lang='lat'><strong>790</strong></span> 
     </span>
    </p>
   </div>
   <div class='ocr_carea' id='block_1_3' title="bbox 166 526 3427 602">
    <p class='ocr_par' dir='ltr' id='par_1_3' title="bbox 166 526 3427 602">
     <span class='ocr_line' id='line_1_3' title="bbox 166 526 3427 602; baseline -0 -14"><span class='ocrx_word' id='word_1_8' title='bbox 166 534 302 588; x_wconf 79' lang='lat' dir='ltr'><strong>liaud</strong></span> <span class='ocrx_word' id='word_1_9' title='bbox 334 533 522 602; x_wconf 84' lang='lat' dir='ltr'><strong>procul</strong></span> <span class='ocrx_word' id='word_1_10' title='bbox 553 533 622 587; x_wconf 91' lang='lat' dir='ltr'><strong>ab</strong></span> <span class='ocrx_word' id='word_1_11' title='bbox 657 530 884 588; x_wconf 86' lang='lat' dir='ltr'><strong>ecclesia</strong></span> <span class='ocrx_word' id='word_1_12' title='bbox 925 537 1126 586; x_wconf 70' lang='lat' dir='ltr'><strong>sancta:</strong></span> <span class='ocrx_word' id='word_1_13' title='bbox 1155 527 1354 594; x_wconf 59' lang='lat' dir='ltr'><strong>Mariae,</strong></span> <span class='ocrx_word' id='word_1_14' title='bbox 1402 529 1457 583; x_wconf 89' lang='lat' dir='ltr'><strong>in</strong></span> <span class='ocrx_word' id='word_1_15' title='bbox 1493 527 1740 584; x_wconf 83' lang='lat' dir='ltr'><strong>eminen-</strong></span> <span class='ocrx_word' id='word_1_16' title='bbox 1777 534 1824 590; x_wconf 81' lang='grc' dir='ltr'><strong>Α</strong></span> <span class='ocrx_word' id='word_1_17' title='bbox 1851 533 1917 582; x_wconf 90' lang='lat' dir='ltr'><strong>ab</strong></span> <span class='ocrx_word' id='word_1_18' title='bbox 1947 527 2267 582; x_wconf 76' lang='lat' dir='ltr'><strong>occidentali</strong></span> <span class='ocrx_word' id='word_1_19' title='bbox 2297 526 2536 581; x_wconf 61' lang='lat' dir='ltr'><strong>adhaeret</strong></span> <span class='ocrx_word' id='word_1_20' title='bbox 2564 537 2737 596; x_wconf 90' lang='lat' dir='ltr'><strong>parte.</strong></span> <span class='ocrx_word' id='word_1_21' title='bbox 2772 529 2875 584; x_wconf 85' lang='lat' dir='ltr'><strong>Per</strong></span> <span class='ocrx_word' id='word_1_22' title='bbox 2916 533 3160 586; x_wconf 83' lang='lat' dir='ltr'><strong>eamdem</strong></span> <span class='ocrx_word' id='word_1_23' title='bbox 3197 533 3266 589; x_wconf 89' lang='lat' dir='ltr'><strong>de</strong></span> <span class='ocrx_word' id='word_1_24' title='bbox 3294 535 3427 590; x_wconf 83' lang='lat' dir='ltr'><strong>civi-</strong></span> 
     </span>
    </p>
   </div>
   <div class='ocr_carea' id='block_1_4' title="bbox 167 618 1744 693">
    <p class='ocr_par' dir='ltr' id='par_1_4' title="bbox 167 618 1744 693">
     <span class='ocr_line' id='line_1_4' title="bbox 167 618 1744 693; baseline -0.003 -16"><span class='ocrx_word' id='word_1_25' title='bbox 167 627 299 679; x_wconf 89' lang='lat' dir='ltr'><strong>tiorc</strong></span> <span class='ocrx_word' id='word_1_26' title='bbox 349 625 468 678; x_wconf 92' lang='lat' dir='ltr'><strong>loco</strong></span> <span class='ocrx_word' id='word_1_27' title='bbox 523 623 698 693; x_wconf 90' lang='lat' dir='ltr'><strong>posita</strong></span> <span class='ocrx_word' id='word_1_28' title='bbox 747 630 934 677; x_wconf 88' lang='lat' dir='ltr'><strong>contra</strong></span> <span class='ocrx_word' id='word_1_29' title='bbox 985 621 1176 675; x_wconf 85' lang='lat' dir='ltr'><strong>vallem</strong></span> <span class='ocrx_word' id='word_1_30' title='bbox 1207 618 1486 687; x_wconf 82' lang='lat' dir='ltr'><strong>Josapbat,</strong></span> <span class='ocrx_word' id='word_1_31' title='bbox 1538 618 1590 673; x_wconf 90' lang='lat' dir='ltr'><strong>in</strong></span> <span class='ocrx_word' id='word_1_32' title='bbox 1639 633 1744 687; x_wconf 89' lang='lat' dir='ltr'><strong>qua</strong></span> 
     </span>
    </p>
   </div>
   <div class='ocr_carea' id='block_1_5' title="bbox 167 711 1740 783">
    <p class='ocr_par' dir='ltr' id='par_1_5' title="bbox 167 711 1740 783">
     <span class='ocr_line' id='line_1_5' title="bbox 167 711 1740 783; baseline -0.003 -14"><span class='ocrx_word' id='word_1_33' title='bbox 167 718 270 769; x_wconf 89' lang='lat' dir='ltr'><strong>duo</strong></span> <span class='ocrx_word' id='word_1_34' title='bbox 295 715 696 783; x_wconf 88' lang='lat' dir='ltr'><strong>profundissimi</strong></span> <span class='ocrx_word' id='word_1_35' title='bbox 727 715 996 768; x_wconf 77' lang='lat' dir='ltr'><strong>habentur</strong></span> <span class='ocrx_word' id='word_1_36' title='bbox 1024 713 1192 782; x_wconf 85' lang='lat' dir='ltr'><strong>putei,</strong></span> <span class='ocrx_word' id='word_1_37' title='bbox 1217 727 1446 781; x_wconf 91' lang='lat' dir='ltr'><strong>quorum</strong></span> <span class='ocrx_word' id='word_1_38' title='bbox 1476 726 1613 766; x_wconf 87' lang='lat' dir='ltr'><strong>unus</strong></span> <span class='ocrx_word' id='word_1_39' title='bbox 1641 711 1740 767; x_wconf 90' lang='lat' dir='ltr'><strong>sub</strong></span> 
     </span>
    </p>
   </div>
   <div class='ocr_carea' id='block_1_6' title="bbox 170 802 1749 873">
    <p class='ocr_par' dir='ltr' id='par_1_6' title="bbox 170 802 1749 873">
     <span class='ocr_line' id='line_1_6' title="bbox 170 802 1749 873; baseline -0.002 -13"><span class='ocrx_word' id='word_1_40' title='bbox 170 815 352 861; x_wconf 90' lang='lat' dir='ltr'><strong>monte</strong></span> <span class='ocrx_word' id='word_1_41' title='bbox 382 808 434 860; x_wconf 93' lang='lat' dir='ltr'><strong>in</strong></span> <span class='ocrx_word' id='word_1_42' title='bbox 480 806 647 860; x_wconf 91' lang='lat' dir='ltr'><strong>altum</strong></span> <span class='ocrx_word' id='word_1_43' title='bbox 690 804 896 858; x_wconf 86' lang='lat' dir='ltr'><strong>infinita</strong></span> <span class='ocrx_word' id='word_1_44' title='bbox 935 804 1300 873; x_wconf 82' lang='lat' dir='ltr'><strong>profunditate</strong></span> <span class='ocrx_word' id='word_1_45' title='bbox 1331 802 1622 872; x_wconf 85' lang='lat' dir='ltr'><strong>productus</strong></span> <span class='ocrx_word' id='word_1_46' title='bbox 1651 817 1749 856; x_wconf 83' lang='lat' dir='ltr'><strong>ex-</strong></span> 
     </span>
    </p>
   </div>
   <div class='ocr_carea' id='block_1_7' title="bbox 171 895 1746 967">
    <p class='ocr_par' dir='ltr' id='par_1_7' title="bbox 171 895 1746 967">
     <span class='ocr_line' id='line_1_7' title="bbox 171 895 1746 967; baseline -0.001 -15"><span class='ocrx_word' id='word_1_47' title='bbox 171 898 443 962; x_wconf 88' lang='lat' dir='ltr'><strong>tenditur;</strong></span> <span class='ocrx_word' id='word_1_48' title='bbox 477 897 528 951; x_wconf 90' lang='lat' dir='ltr'><strong>al</strong></span> <span class='ocrx_word' id='word_1_49' title='bbox 556 911 615 951; x_wconf 90' lang='lat' dir='ltr'><strong>er</strong></span> <span class='ocrx_word' id='word_1_50' title='bbox 649 910 781 950; x_wconf 79' lang='lat' dir='ltr'><strong>vero</strong></span> <span class='ocrx_word' id='word_1_51' title='bbox 810 897 863 950; x_wconf 92' lang='lat' dir='ltr'><strong>in</strong></span> <span class='ocrx_word' id='word_1_52' title='bbox 915 896 1184 967; x_wconf 72' lang='lat' dir='ltr'><strong>speluncm</strong></span> <span class='ocrx_word' id='word_1_53' title='bbox 1223 895 1550 963; x_wconf 89' lang='lat' dir='ltr'><strong>pavimento,</strong></span> <span class='ocrx_word' id='word_1_54' title='bbox 1591 895 1746 962; x_wconf 86' lang='lat' dir='ltr'><strong>cujus</strong></span> 
     </span>
    </p>
   </div>
   <div class='ocr_carea' id='block_1_8' title="bbox 169 983 1750 1055">
    <p class='ocr_par' dir='ltr' id='par_1_8' title="bbox 169 983 1750 1055">
     <span class='ocr_line' id='line_1_8' title="bbox 169 983 1750 1055; baseline -0.001 -16"><span class='ocrx_word' id='word_1_55' title='bbox 169 989 470 1043; x_wconf 86' lang='lat' dir='ltr'><strong>vastissima</strong></span> <span class='ocrx_word' id='word_1_56' title='bbox 523 988 605 1054; x_wconf 88' lang='lat' dir='ltr'><strong>(ut</strong></span> <span class='ocrx_word' id='word_1_57' title='bbox 634 987 820 1055; x_wconf 80' lang='lat' dir='ltr'><strong>fertur)</strong></span> <span class='ocrx_word' id='word_1_58' title='bbox 865 986 1174 1040; x_wconf 86' lang='lat' dir='ltr'><strong>concavitas</strong></span> <span class='ocrx_word' id='word_1_59' title='bbox 1223 985 1274 1038; x_wconf 90' lang='lat' dir='ltr'><strong>in</strong></span> <span class='ocrx_word' id='word_1_60' title='bbox 1320 983 1644 1054; x_wconf 87' lang='lat' dir='ltr'><strong>profundum</strong></span> <span class='ocrx_word' id='word_1_61' title='bbox 1675 984 1750 1038; x_wconf 68' lang='lat' dir='ltr'><strong>dio</strong></span> 
     </span>
    </p>
   </div>
   <div class='ocr_carea' id='block_1_9' title="bbox 169 1075 1747 1144">
    <p class='ocr_par' dir='ltr' id='par_1_9' title="bbox 169 1075 1747 1144">
     <span class='ocr_line' id='line_1_9' title="bbox 169 1075 1747 1144; baseline -0.003 -10"><span class='ocrx_word' id='word_1_62' title='bbox 169 1094 345 1134; x_wconf 85' lang='lat' dir='ltr'><strong>mersa</strong></span> <span class='ocrx_word' id='word_1_63' title='bbox 387 1078 748 1144; x_wconf 86' lang='lat' dir='ltr'><strong>descendens,</strong></span> <span class='ocrx_word' id='word_1_64' title='bbox 796 1085 950 1131; x_wconf 89' lang='lat' dir='ltr'><strong>recto</strong></span> <span class='ocrx_word' id='word_1_65' title='bbox 994 1085 1166 1130; x_wconf 90' lang='lat' dir='ltr'><strong>tractu</strong></span> <span class='ocrx_word' id='word_1_66' title='bbox 1200 1075 1478 1144; x_wconf 87' lang='lat' dir='ltr'><strong>dirigitur:</strong></span> <span class='ocrx_word' id='word_1_67' title='bbox 1514 1075 1606 1144; x_wconf 88' lang='lat' dir='ltr'><strong>qui</strong></span> <span class='ocrx_word' id='word_1_68' title='bbox 1639 1075 1747 1130; x_wconf 93' lang='lat' dir='ltr'><strong>duo</strong></span> 
     </span>
    </p>
   </div>
   <div class='ocr_carea' id='block_1_10' title="bbox 169 1164 1748 1240">
    <p class='ocr_par' dir='ltr' id='par_1_10' title="bbox 169 1164 1748 1240">
     <span class='ocr_line' id='line_1_10' title="bbox 169 1164 1748 1240; baseline -0.005 -13"><span class='ocrx_word' id='word_1_69' title='bbox 169 1171 319 1240; x_wconf 86' lang='lat' dir='ltr'><strong>putei</strong></span> <span class='ocrx_word' id='word_1_70' title='bbox 368 1183 586 1239; x_wconf 84' lang='lat' dir='ltr'><strong>semper</strong></span> <span class='ocrx_word' id='word_1_71' title='bbox 625 1167 1096 1238; x_wconf 89' lang='lat' dir='ltr'><strong>supercluduntur.</strong></span> <span class='ocrx_word' id='word_1_72' title='bbox 1132 1164 1187 1218; x_wconf 94' lang='lat' dir='ltr'><strong>In</strong></span> <span class='ocrx_word' id='word_1_73' title='bbox 1238 1164 1427 1218; x_wconf 87' lang='lat' dir='ltr'><strong>eadem</strong></span> <span class='ocrx_word' id='word_1_74' title='bbox 1463 1178 1592 1234; x_wconf 78' lang='lat' dir='ltr'><strong>ergo</strong></span> <span class='ocrx_word' id='word_1_75' title='bbox 1622 1180 1748 1235; x_wconf 89' lang='lat' dir='ltr'><strong>spe-</strong></span> 
     </span>
    </p>
   </div>
   <div class='ocr_carea' id='block_1_11' title="bbox 169 1256 1751 1327">
    <p class='ocr_par' dir='ltr' id='par_1_11' title="bbox 169 1256 1751 1327">
     <span class='ocr_line' id='line_1_11' title="bbox 169 1256 1751 1327; baseline -0.003 -14"><span class='ocrx_word' id='word_1_76' title='bbox 169 1262 328 1313; x_wconf 90' lang='lat' dir='ltr'><strong>lunca</strong></span> <span class='ocrx_word' id='word_1_77' title='bbox 351 1267 584 1327; x_wconf 87' lang='lat' dir='ltr'><strong>quatuor</strong></span> <span class='ocrx_word' id='word_1_78' title='bbox 605 1258 787 1312; x_wconf 83' lang='lat' dir='ltr'><strong>insunt</strong></span> <span class='ocrx_word' id='word_1_79' title='bbox 815 1256 1038 1326; x_wconf 86' lang='lat' dir='ltr'><strong>lapideae</strong></span> <span class='ocrx_word' id='word_1_80' title='bbox 1057 1270 1274 1318; x_wconf 82' lang='lat' dir='ltr'><strong>mensae,</strong></span> <span class='ocrx_word' id='word_1_81' title='bbox 1291 1271 1516 1324; x_wconf 89' lang='lat' dir='ltr'><strong>quarum</strong></span> <span class='ocrx_word' id='word_1_82' title='bbox 1542 1269 1644 1308; x_wconf 90' lang='lat' dir='ltr'><strong>una</strong></span> <span class='ocrx_word' id='word_1_83' title='bbox 1668 1263 1751 1308; x_wconf 87' lang='lat' dir='ltr'><strong>est</strong></span> 
     </span>
    </p>
   </div>
   <div class='ocr_carea' id='block_1_12' title="bbox 166 1344 1747 1418">
    <p class='ocr_par' dir='ltr' id='par_1_12' title="bbox 166 1344 1747 1418">
     <span class='ocr_line' id='line_1_12' title="bbox 166 1344 1747 1418; baseline -0.002 -15"><span class='ocrx_word' id='word_1_84' title='bbox 166 1349 320 1418; x_wconf 81' lang='lat' dir='ltr'><strong>juxta</strong></span> <span class='ocrx_word' id='word_1_85' title='bbox 353 1349 632 1403; x_wconf 87' lang='lat' dir='ltr'><strong>introitum</strong></span> <span class='ocrx_word' id='word_1_86' title='bbox 660 1347 928 1417; x_wconf 66' lang='lat' dir='ltr'><strong>speluncae</strong></span> <span class='ocrx_word' id='word_1_87' title='bbox 955 1347 1022 1401; x_wconf 89' lang='lat' dir='ltr'><strong>ab</strong></span> <span class='ocrx_word' id='word_1_88' title='bbox 1053 1348 1194 1400; x_wconf 86' lang='lat' dir='ltr'><strong>intus</strong></span> <span class='ocrx_word' id='word_1_89' title='bbox 1221 1347 1326 1400; x_wconf 83' lang='lat' dir='ltr'><strong>sita</strong></span> <span class='ocrx_word' id='word_1_90' title='bbox 1357 1345 1568 1399; x_wconf 90' lang='lat' dir='ltr'><strong>Domini</strong></span> <span class='ocrx_word' id='word_1_91' title='bbox 1598 1344 1747 1406; x_wconf 86' lang='lat' dir='ltr'><strong>Jesu,</strong></span> 
     </span>
    </p>
   </div>
   <div class='ocr_carea' id='block_1_13' title="bbox 167 1437 1748 1511">
    <p class='ocr_par' dir='ltr' id='par_1_13' title="bbox 167 1437 1748 1511">
     <span class='ocr_line' id='line_1_13' title="bbox 167 1437 1748 1511; baseline -0.003 -16"><span class='ocrx_word' id='word_1_92' title='bbox 167 1443 247 1495; x_wconf 91' lang='lat' dir='ltr'><strong>cui</strong></span> <span class='ocrx_word' id='word_1_93' title='bbox 277 1441 469 1511; x_wconf 87' lang='lat' dir='ltr'><strong>procul</strong></span> <span class='ocrx_word' id='word_1_94' title='bbox 501 1438 664 1494; x_wconf 91' lang='lat' dir='ltr'><strong>dubio</strong></span> <span class='ocrx_word' id='word_1_95' title='bbox 701 1440 953 1494; x_wconf 72' lang='lat' dir='ltr'><strong>mensulae</strong></span> <span class='ocrx_word' id='word_1_96' title='bbox 992 1439 1148 1495; x_wconf 91' lang='lat' dir='ltr'><strong>sedes</strong></span> <span class='ocrx_word' id='word_1_97' title='bbox 1179 1437 1344 1507; x_wconf 88' lang='lat' dir='ltr'><strong>ipsius</strong></span> <span class='ocrx_word' id='word_1_98' title='bbox 1368 1437 1628 1502; x_wconf 63' lang='lat' dir='ltr'><strong>adhaeret,</strong></span> <span class='ocrx_word' id='word_1_99' title='bbox 1659 1438 1748 1491; x_wconf 85' lang='lat' dir='ltr'><strong>ubi</strong></span> 
     </span>
    </p>
   </div>
   <div class='ocr_carea' id='block_1_14' title="bbox 167 1528 1747 1598">
    <p class='ocr_par' dir='ltr' id='par_1_14' title="bbox 167 1528 1747 1598">
     <span class='ocr_line' id='line_1_14' title="bbox 167 1528 1747 1598; baseline -0.004 -12"><span class='ocrx_word' id='word_1_100' title='bbox 167 1545 287 1586; x_wconf 90' lang='lat' dir='ltr'><strong>cum</strong></span> <span class='ocrx_word' id='word_1_101' title='bbox 318 1529 579 1584; x_wconf 86' lang='lat' dir='ltr'><strong>duodenis</strong></span> <span class='ocrx_word' id='word_1_102' title='bbox 627 1530 887 1598; x_wconf 85' lang='lat' dir='ltr'><strong>apostolis</strong></span> <span class='ocrx_word' id='word_1_103' title='bbox 933 1528 1090 1584; x_wconf 90' lang='lat' dir='ltr'><strong>simul</strong></span> <span class='ocrx_word' id='word_1_104' title='bbox 1121 1528 1188 1582; x_wconf 90' lang='lat' dir='ltr'><strong>ad</strong></span> <span class='ocrx_word' id='word_1_105' title='bbox 1225 1529 1361 1582; x_wconf 88' lang='lat' dir='ltr'><strong>alias</strong></span> <span class='ocrx_word' id='word_1_106' title='bbox 1387 1543 1599 1582; x_wconf 90' lang='lat' dir='ltr'><strong>mensas</strong></span> <span class='ocrx_word' id='word_1_107' title='bbox 1647 1528 1747 1581; x_wconf 93' lang='lat' dir='ltr'><strong>ibi-</strong></span> 
     </span>
    </p>
   </div>
   <div class='ocr_carea' id='block_1_15' title="bbox 169 1619 1750 1690">
    <p class='ocr_par' dir='ltr' id='par_1_15' title="bbox 169 1619 1750 1690">
     <span class='ocr_line' id='line_1_15' title="bbox 169 1619 1750 1690; baseline -0.002 -14"><span class='ocrx_word' id='word_1_108' title='bbox 169 1621 288 1676; x_wconf 87' lang='lat' dir='ltr'><strong>dem</strong></span> <span class='ocrx_word' id='word_1_109' title='bbox 337 1621 548 1675; x_wconf 90' lang='lat' dir='ltr'><strong>habitas</strong></span> <span class='ocrx_word' id='word_1_110' title='bbox 576 1621 889 1675; x_wconf 85' lang='lat' dir='ltr'><strong>sedentibus</strong></span> <span class='ocrx_word' id='word_1_111' title='bbox 935 1630 990 1674; x_wconf 89' lang='lat' dir='ltr'><strong>et</strong></span> <span class='ocrx_word' id='word_1_112' title='bbox 1022 1621 1134 1690; x_wconf 90' lang='lat' dir='ltr'><strong>ipse</strong></span> <span class='ocrx_word' id='word_1_113' title='bbox 1177 1619 1402 1674; x_wconf 87' lang='lat' dir='ltr'><strong>conviva</strong></span> <span class='ocrx_word' id='word_1_114' title='bbox 1459 1619 1750 1686; x_wconf 88' lang='lat' dir='ltr'><strong>aliquando</strong></span> 
     </span>
    </p>
   </div>
   <div class='ocr_carea' id='block_1_16' title="bbox 167 1709 1752 1782">
    <p class='ocr_par' dir='ltr' id='par_1_16' title="bbox 167 1709 1752 1782">
     <span class='ocr_line' id='line_1_16' title="bbox 167 1709 1752 1782; baseline -0.004 -14"><span class='ocrx_word' id='word_1_115' title='bbox 167 1714 488 1770; x_wconf 87' lang='lat' dir='ltr'><strong>recumbere</strong></span> <span class='ocrx_word' id='word_1_116' title='bbox 515 1728 658 1782; x_wconf 61' lang='lat' dir='ltr'><strong>stupe</strong></span> <span class='ocrx_word' id='word_1_117' title='bbox 688 1713 877 1767; x_wconf 91' lang='lat' dir='ltr'><strong>solitus</strong></span> <span class='ocrx_word' id='word_1_118' title='bbox 904 1721 1042 1766; x_wconf 91' lang='lat' dir='ltr'><strong>erat.</strong></span> <span class='ocrx_word' id='word_1_119' title='bbox 1079 1711 1221 1766; x_wconf 90' lang='lat' dir='ltr'><strong>Illius</strong></span> <span class='ocrx_word' id='word_1_120' title='bbox 1250 1711 1394 1780; x_wconf 89' lang='lat' dir='ltr'><strong>putei</strong></span> <span class='ocrx_word' id='word_1_121' title='bbox 1429 1725 1492 1764; x_wconf 90' lang='lat' dir='ltr'><strong>os</strong></span> <span class='ocrx_word' id='word_1_122' title='bbox 1531 1709 1752 1763; x_wconf 89' lang='lat' dir='ltr'><strong>conclu-</strong></span> 
     </span>
    </p>
   </div>
   <div class='ocr_carea' id='block_1_17' title="bbox 169 1802 1754 1877">
    <p class='ocr_par' dir='ltr' id='par_1_17' title="bbox 169 1802 1754 1877">
     <span class='ocr_line' id='line_1_17' title="bbox 169 1802 1754 1877; baseline -0.002 -17"><span class='ocrx_word' id='word_1_123' title='bbox 169 1820 282 1860; x_wconf 88' lang='lat' dir='ltr'><strong>sum</strong></span> <span class='ocrx_word' id='word_1_124' title='bbox 338 1805 470 1877; x_wconf 79' lang='grc' dir='ltr'><strong>[Αι.,</strong></span> <span class='ocrx_word' id='word_1_125' title='bbox 526 1803 788 1875; x_wconf 79' lang='lat' dir='ltr'><strong>clausum]</strong></span> <span class='ocrx_word' id='word_1_126' title='bbox 817 1820 977 1875; x_wconf 89' lang='lat' dir='ltr'><strong>quem</strong></span> <span class='ocrx_word' id='word_1_127' title='bbox 1021 1806 1073 1858; x_wconf 91' lang='lat' dir='ltr'><strong>in</strong></span> <span class='ocrx_word' id='word_1_128' title='bbox 1123 1805 1430 1872; x_wconf 86' lang='lat' dir='ltr'><strong>pavimento</strong></span> <span class='ocrx_word' id='word_1_129' title='bbox 1483 1802 1754 1872; x_wconf 67' lang='lat' dir='ltr'><strong>spelunca:</strong></span> 
     </span>
    </p>
   </div>
   <div class='ocr_carea' id='block_1_18' title="bbox 168 1892 1826 1965">
    <p class='ocr_par' dir='ltr' id='par_1_18' title="bbox 168 1892 1826 1965">
     <span class='ocr_line' id='line_1_18' title="bbox 168 1892 1826 1965; baseline -0.003 -15"><span class='ocrx_word' id='word_1_130' title='bbox 168 1898 342 1951; x_wconf 88' lang='lat' dir='ltr'><strong>inesse</strong></span> <span class='ocrx_word' id='word_1_131' title='bbox 364 1911 529 1964; x_wconf 87' lang='lat' dir='ltr'><strong>supra</strong></span> <span class='ocrx_word' id='word_1_132' title='bbox 551 1895 953 1965; x_wconf 73' lang='lat' dir='ltr'><strong>descripsimus,</strong></span> <span class='ocrx_word' id='word_1_133' title='bbox 997 1893 1368 1962; x_wconf 87' lang='lat' dir='ltr'><strong>apostolorum</strong></span> <span class='ocrx_word' id='word_1_134' title='bbox 1398 1892 1595 1946; x_wconf 90' lang='lat' dir='ltr'><strong>mensis</strong></span> <span class='ocrx_word' id='word_1_135' title='bbox 1618 1907 1747 1960; x_wconf 90' lang='lat' dir='ltr'><strong>pro-</strong></span> <span class='ocrx_word' id='word_1_136' title='bbox 1786 1895 1826 1953; x_wconf 79' lang='grc' dir='ltr'><strong><em>Β</em></strong></span> 
     </span>
    </p>
   </div>
   <div class='ocr_carea' id='block_1_19' title="bbox 167 1981 1747 2054">
    <p class='ocr_par' dir='ltr' id='par_1_19' title="bbox 167 1981 1747 2054">
     <span class='ocr_line' id='line_1_19' title="bbox 167 1981 1747 2054; baseline -0.003 -15"><span class='ocrx_word' id='word_1_137' title='bbox 167 1988 285 2054; x_wconf 88' lang='lat' dir='ltr'><strong>pius</strong></span> <span class='ocrx_word' id='word_1_138' title='bbox 308 1985 497 2039; x_wconf 88' lang='lat' dir='ltr'><strong>haberi</strong></span> <span class='ocrx_word' id='word_1_139' title='bbox 531 1993 881 2040; x_wconf 87' lang='lat' dir='ltr'><strong>monstratur.</strong></span> <span class='ocrx_word' id='word_1_140' title='bbox 925 1983 1095 2052; x_wconf 80' lang='lat' dir='ltr'><strong>Hujus</strong></span> <span class='ocrx_word' id='word_1_141' title='bbox 1122 1984 1390 2051; x_wconf 65' lang='lat' dir='ltr'><strong>spelunca:</strong></span> <span class='ocrx_word' id='word_1_142' title='bbox 1436 1981 1648 2050; x_wconf 88' lang='lat' dir='ltr'><strong>portula</strong></span> <span class='ocrx_word' id='word_1_143' title='bbox 1681 1981 1747 2034; x_wconf 90' lang='lat' dir='ltr'><strong>Ii-</strong></span> 
     </span>
    </p>
   </div>
   <div class='ocr_carea' id='block_1_20' title="bbox 171 2072 1752 2145">
    <p class='ocr_par' dir='ltr' id='par_1_20' title="bbox 171 2072 1752 2145">
     <span class='ocr_line' id='line_1_20' title="bbox 171 2072 1752 2145; baseline -0.003 -18"><span class='ocrx_word' id='word_1_144' title='bbox 171 2091 308 2144; x_wconf 78' lang='lat' dir='ltr'><strong>gueo</strong></span> <span class='ocrx_word' id='word_1_145' title='bbox 335 2075 420 2145; x_wconf 91' lang='lat' dir='ltr'><strong>(ut</strong></span> <span class='ocrx_word' id='word_1_146' title='bbox 441 2074 606 2128; x_wconf 82' lang='lat' dir='ltr'><strong>refert</strong></span> <span class='ocrx_word' id='word_1_147' title='bbox 635 2073 900 2139; x_wconf 82' lang='lat' dir='ltr'><strong>Arculfus)</strong></span> <span class='ocrx_word' id='word_1_148' title='bbox 935 2073 1272 2128; x_wconf 86' lang='lat' dir='ltr'><strong>concluditur</strong></span> <span class='ocrx_word' id='word_1_149' title='bbox 1297 2073 1458 2134; x_wconf 77' lang='lat' dir='ltr'><strong>ostio,</strong></span> <span class='ocrx_word' id='word_1_150' title='bbox 1487 2072 1578 2140; x_wconf 91' lang='lat' dir='ltr'><strong>qui</strong></span> <span class='ocrx_word' id='word_1_151' title='bbox 1603 2086 1752 2126; x_wconf 82' lang='lat' dir='ltr'><strong>eam-</strong></span> 
     </span>
    </p>
   </div>
   <div class='ocr_carea' id='block_1_21' title="bbox 169 2163 1504 2235">
    <p class='ocr_par' dir='ltr' id='par_1_21' title="bbox 169 2163 1504 2235">
     <span class='ocr_line' id='line_1_21' title="bbox 169 2163 1504 2235; baseline -0.001 -19"><span class='ocrx_word' id='word_1_152' title='bbox 169 2165 289 2220; x_wconf 82' lang='lat' dir='ltr'><strong>dem</strong></span> <span class='ocrx_word' id='word_1_153' title='bbox 320 2165 537 2220; x_wconf 90' lang='lat' dir='ltr'><strong>Domini</strong></span> <span class='ocrx_word' id='word_1_154' title='bbox 560 2167 870 2235; x_wconf 83' lang='lat' dir='ltr'><strong>speluncam</strong></span> <span class='ocrx_word' id='word_1_155' title='bbox 902 2164 1262 2232; x_wconf 84' lang='lat' dir='ltr'><strong>frequentavit</strong></span> <span class='ocrx_word' id='word_1_156' title='bbox 1290 2163 1504 2232; x_wconf 77' lang='lat' dir='ltr'><strong>saepius.</strong></span> 
     </span>
    </p>
   </div>
   <div class='ocr_carea' id='block_1_22' title="bbox 760 2276 1155 2332">
    <p class='ocr_par' dir='ltr' id='par_1_22' title="bbox 760 2276 1155 2332">
     <span class='ocr_line' id='line_1_22' title="bbox 760 2276 1155 2332; baseline -0.005 0"><span class='ocrx_word' id='word_1_157' title='bbox 760 2277 983 2332; x_wconf 84' lang='lat' dir='ltr'><strong>CAPUT</strong></span> <span class='ocrx_word' id='word_1_158' title='bbox 1025 2276 1155 2330; x_wconf 75' lang='lat' dir='ltr'><strong>XVI.</strong></span> 
     </span>
    </p>
   </div>
   <div class='ocr_carea' id='block_1_23' title="bbox 733 2389 1203 2458">
    <p class='ocr_par' dir='ltr' id='par_1_23' title="bbox 733 2389 1203 2458">
     <span class='ocr_line' id='line_1_23' title="bbox 733 2389 1203 2458; baseline -0.006 -14"><span class='ocrx_word' id='word_1_159' title='bbox 733 2390 808 2444; x_wconf 85' lang='lat' dir='ltr'><strong>De</strong></span> <span class='ocrx_word' id='word_1_160' title='bbox 836 2401 983 2458; x_wconf 83' lang='lat' dir='ltr'><strong>porta</strong></span> <span class='ocrx_word' id='word_1_161' title='bbox 1018 2389 1203 2442; x_wconf 85' lang='lat' dir='ltr'><strong>David.</strong></span> 
     </span>
    </p>
   </div>
   <div class='ocr_carea' id='block_1_24' title="bbox 1855 620 3430 695">
    <p class='ocr_par' dir='ltr' id='par_1_24' title="bbox 1855 620 3430 695">
     <span class='ocr_line' id='line_1_24' title="bbox 1855 620 3430 695; baseline 0.004 -21"><span class='ocrx_word' id='word_1_162' title='bbox 1855 629 1963 674; x_wconf 90' lang='lat' dir='ltr'><strong>tate</strong></span> <span class='ocrx_word' id='word_1_163' title='bbox 1992 620 2390 690; x_wconf 78' lang='lat' dir='ltr'><strong>egredientibus</strong></span> <span class='ocrx_word' id='word_1_164' title='bbox 2422 627 2654 688; x_wconf 88' lang='lat' dir='ltr'><strong>portam,</strong></span> <span class='ocrx_word' id='word_1_165' title='bbox 2695 630 2750 674; x_wconf 90' lang='lat' dir='ltr'><strong>et</strong></span> <span class='ocrx_word' id='word_1_166' title='bbox 2794 632 3034 678; x_wconf 89' lang='lat' dir='ltr'><strong>montem</strong></span> <span class='ocrx_word' id='word_1_167' title='bbox 3078 623 3209 679; x_wconf 91' lang='lat' dir='ltr'><strong>Siou</strong></span> <span class='ocrx_word' id='word_1_168' title='bbox 3245 626 3430 695; x_wconf 88' lang='lat' dir='ltr'><strong>proxi-</strong></span> 
     </span>
    </p>
   </div>
   <div class='ocr_carea' id='block_1_25' title="bbox 1853 711 3431 786">
    <p class='ocr_par' dir='ltr' id='par_1_25' title="bbox 1853 711 3431 786">
     <span class='ocr_line' id='line_1_25' title="bbox 1853 711 3431 786; baseline 0.004 -20"><span class='ocrx_word' id='word_1_169' title='bbox 1853 729 1996 766; x_wconf 89' lang='lat' dir='ltr'><strong>mum</strong></span> <span class='ocrx_word' id='word_1_170' title='bbox 2027 712 2092 765; x_wconf 91' lang='lat' dir='ltr'><strong>ad</strong></span> <span class='ocrx_word' id='word_1_171' title='bbox 2125 711 2392 765; x_wconf 82' lang='lat' dir='ltr'><strong>sinistram</strong></span> <span class='ocrx_word' id='word_1_172' title='bbox 2425 711 2746 766; x_wconf 86' lang='lat' dir='ltr'><strong>habentibus</strong></span> <span class='ocrx_word' id='word_1_173' title='bbox 2799 730 2934 782; x_wconf 92' lang='lat' dir='ltr'><strong>pons</strong></span> <span class='ocrx_word' id='word_1_174' title='bbox 2961 715 3208 786; x_wconf 89' lang='lat' dir='ltr'><strong>lapideus</strong></span> <span class='ocrx_word' id='word_1_175' title='bbox 3247 732 3431 772; x_wconf 87' lang='lat' dir='ltr'><strong>occur-</strong></span> 
     </span>
    </p>
   </div>
   <div class='ocr_carea' id='block_1_26' title="bbox 1853 802 3432 870">
    <p class='ocr_par' dir='ltr' id='par_1_26' title="bbox 1853 802 3432 870">
     <span class='ocr_line' id='line_1_26' title="bbox 1853 802 3432 870; baseline 0.004 -14"><span class='ocrx_word' id='word_1_176' title='bbox 1853 805 1941 866; x_wconf 89' lang='lat' dir='ltr'><strong>rit,</strong></span> <span class='ocrx_word' id='word_1_177' title='bbox 1973 803 2184 857; x_wconf 90' lang='lat' dir='ltr'><strong>eminus</strong></span> <span class='ocrx_word' id='word_1_178' title='bbox 2213 816 2309 870; x_wconf 92' lang='lat' dir='ltr'><strong>per</strong></span> <span class='ocrx_word' id='word_1_179' title='bbox 2337 802 2526 856; x_wconf 78' lang='lat' dir='ltr'><strong>vallem</strong></span> <span class='ocrx_word' id='word_1_180' title='bbox 2555 803 2608 856; x_wconf 93' lang='lat' dir='ltr'><strong>in</strong></span> <span class='ocrx_word' id='word_1_181' title='bbox 2639 813 2880 859; x_wconf 89' lang='lat' dir='ltr'><strong>austrum</strong></span> <span class='ocrx_word' id='word_1_182' title='bbox 2913 816 3064 863; x_wconf 92' lang='lat' dir='ltr'><strong>recto</strong></span> <span class='ocrx_word' id='word_1_183' title='bbox 3096 808 3318 864; x_wconf 88' lang='lat' dir='ltr'><strong>tramite</strong></span> <span class='ocrx_word' id='word_1_184' title='bbox 3354 809 3432 863; x_wconf 89' lang='lat' dir='ltr'><strong>di-</strong></span> 
     </span>
    </p>
   </div>
   <div class='ocr_carea' id='block_1_27' title="bbox 1853 891 2611 958">
    <p class='ocr_par' dir='ltr' id='par_1_27' title="bbox 1853 891 2611 958">
     <span class='ocr_line' id='line_1_27' title="bbox 1853 891 2611 958; baseline -0.001 -11"><span class='ocrx_word' id='word_1_185' title='bbox 1853 903 2057 958; x_wconf 90' lang='lat' dir='ltr'><strong>rectus,</strong></span> <span class='ocrx_word' id='word_1_186' title='bbox 2087 891 2320 946; x_wconf 88' lang='lat' dir='ltr'><strong>arcubus</strong></span> <span class='ocrx_word' id='word_1_187' title='bbox 2345 892 2611 946; x_wconf 88' lang='lat' dir='ltr'><strong>suffultus.</strong></span> 
     </span>
    </p>
   </div>
   <div class='ocr_carea' id='block_1_28' title="bbox 2431 1002 2858 1060">
    <p class='ocr_par' dir='ltr' id='par_1_28' title="bbox 2431 1002 2858 1060">
     <span class='ocr_line' id='line_1_28' title="bbox 2431 1002 2858 1060; baseline 0.007 -3"><span class='ocrx_word' id='word_1_188' title='bbox 2431 1002 2659 1060; x_wconf 79' lang='lat' dir='ltr'><strong>CAPUT</strong></span> <span class='ocrx_word' id='word_1_189' title='bbox 2700 1005 2858 1060; x_wconf 71' lang='lat' dir='ltr'>XVII.</span> 
     </span>
    </p>
   </div>
   <div class='ocr_carea' id='block_1_29' title="bbox 1963 1093 3327 1169">
    <p class='ocr_par' dir='ltr' id='par_1_29' title="bbox 1963 1093 3327 1169">
     <span class='ocr_line' id='line_1_29' title="bbox 1963 1093 3327 1169; baseline 0.007 -23"><span class='ocrx_word' id='word_1_190' title='bbox 1963 1093 2040 1147; x_wconf 87' lang='lat' dir='ltr'><strong>De</strong></span> <span class='ocrx_word' id='word_1_191' title='bbox 2071 1093 2159 1148; x_wconf 87' lang='lat' dir='ltr'><strong>illo</strong></span> <span class='ocrx_word' id='word_1_192' title='bbox 2182 1096 2292 1148; x_wconf 83' lang='lat' dir='ltr'><strong>loco</strong></span> <span class='ocrx_word' id='word_1_193' title='bbox 2321 1095 2374 1148; x_wconf 85' lang='lat' dir='ltr'><strong>in</strong></span> <span class='ocrx_word' id='word_1_194' title='bbox 2405 1111 2506 1165; x_wconf 90' lang='lat' dir='ltr'><strong>quo</strong></span> <span class='ocrx_word' id='word_1_195' title='bbox 2537 1094 3030 1169; x_wconf 76' lang='lat' dir='ltr'><strong>JudasScariothes</strong></span> <span class='ocrx_word' id='word_1_196' title='bbox 3061 1098 3243 1169; x_wconf 83' lang='lat' dir='ltr'><strong>laqueo</strong></span> <span class='ocrx_word' id='word_1_197' title='bbox 3271 1116 3327 1155; x_wconf 75' lang='lat' dir='ltr'><strong>se</strong></span> 
     </span>
    </p>
   </div>
   <div class='ocr_carea' id='block_1_30' title="bbox 2502 1167 2784 1234">
    <p class='ocr_par' dir='ltr' id='par_1_30' title="bbox 2502 1167 2784 1234">
     <span class='ocr_line' id='line_1_30' title="bbox 2502 1167 2784 1234; baseline 0.007 -16"><span class='ocrx_word' id='word_1_198' title='bbox 2502 1167 2784 1234; x_wconf 78' lang='lat' dir='ltr'><strong>suspendit.</strong></span> 
     </span>
    </p>
   </div>
   <div class='ocr_carea' id='block_1_31' title="bbox 1929 1280 3440 1350">
    <p class='ocr_par' dir='ltr' id='par_1_31' title="bbox 1929 1280 3440 1350">
     <span class='ocr_line' id='line_1_31' title="bbox 1929 1280 3440 1350; baseline 0.007 -16"><span class='ocrx_word' id='word_1_199' title='bbox 1929 1283 2009 1336; x_wconf 87' lang='lat' dir='ltr'><strong>Ad</strong></span> <span class='ocrx_word' id='word_1_200' title='bbox 2039 1280 2194 1350; x_wconf 87' lang='lat' dir='ltr'><strong>cujus</strong></span> <span class='ocrx_word' id='word_1_201' title='bbox 2222 1281 2568 1336; x_wconf 78' lang='lat' dir='ltr'><strong>medietatem</strong></span> <span class='ocrx_word' id='word_1_202' title='bbox 2593 1282 2660 1338; x_wconf 87' lang='lat' dir='ltr'><strong>ab</strong></span> <span class='ocrx_word' id='word_1_203' title='bbox 2691 1299 2889 1340; x_wconf 90' lang='lat' dir='ltr'><strong>occasu</strong></span> <span class='ocrx_word' id='word_1_204' title='bbox 2921 1286 3011 1342; x_wconf 91' lang='lat' dir='ltr'><strong>ille</strong></span> <span class='ocrx_word' id='word_1_205' title='bbox 3033 1287 3245 1343; x_wconf 88' lang='lat' dir='ltr'><strong>vicinus</strong></span> <span class='ocrx_word' id='word_1_206' title='bbox 3273 1287 3440 1344; x_wconf 78' lang='lat' dir='ltr'><strong>habe—</strong></span> 
     </span>
    </p>
   </div>
   <div class='ocr_carea' id='block_1_32' title="bbox 1856 1370 3438 1447">
    <p class='ocr_par' dir='ltr' id='par_1_32' title="bbox 1856 1370 3438 1447">
     <span class='ocr_line' id='line_1_32' title="bbox 1856 1370 3438 1447; baseline 0.006 -22"><span class='ocrx_word' id='word_1_207' title='bbox 1856 1380 1944 1425; x_wconf 92' lang='lat' dir='ltr'><strong>tur</strong></span> <span class='ocrx_word' id='word_1_208' title='bbox 1992 1372 2178 1436; x_wconf 89' lang='lat' dir='ltr'><strong>locus,</strong></span> <span class='ocrx_word' id='word_1_209' title='bbox 2214 1372 2299 1426; x_wconf 91' lang='lat' dir='ltr'><strong>ubi</strong></span> <span class='ocrx_word' id='word_1_210' title='bbox 2331 1370 2494 1427; x_wconf 79' lang='lat' dir='ltr'><strong>ludas</strong></span> <span class='ocrx_word' id='word_1_211' title='bbox 2533 1373 2866 1441; x_wconf 90' lang='lat' dir='ltr'><strong>Scariotbes,</strong></span> <span class='ocrx_word' id='word_1_212' title='bbox 2915 1378 3295 1447; x_wconf 87' lang='lat' dir='ltr'><strong>desperatione</strong></span> <span class='ocrx_word' id='word_1_213' title='bbox 3341 1395 3438 1434; x_wconf 87' lang='lat' dir='ltr'><strong>co-</strong></span> 
     </span>
    </p>
   </div>
   <div class='ocr_carea' id='block_1_33' title="bbox 1856 1469 3440 1542">
    <p class='ocr_par' dir='ltr' id='par_1_33' title="bbox 1856 1469 3440 1542">
     <span class='ocr_line' id='line_1_33' title="bbox 1856 1469 3440 1542; baseline 0.004 -20"><span class='ocrx_word' id='word_1_214' title='bbox 1856 1478 2028 1535; x_wconf 84' lang='lat' dir='ltr'><strong>actus,</strong></span> <span class='ocrx_word' id='word_1_215' title='bbox 2052 1469 2243 1537; x_wconf 90' lang='lat' dir='ltr'><strong>laqueo</strong></span> <span class='ocrx_word' id='word_1_216' title='bbox 2261 1485 2319 1525; x_wconf 91' lang='lat' dir='ltr'><strong>se</strong></span> <span class='ocrx_word' id='word_1_217' title='bbox 2344 1471 2677 1540; x_wconf 90' lang='lat' dir='ltr'><strong>suspendens</strong></span> <span class='ocrx_word' id='word_1_218' title='bbox 2694 1472 2958 1542; x_wconf 87' lang='lat' dir='ltr'><strong>disperiit.</strong></span> <span class='ocrx_word' id='word_1_219' title='bbox 2980 1473 3180 1528; x_wconf 88' lang='lat' dir='ltr'><strong>Ibidem</strong></span> <span class='ocrx_word' id='word_1_220' title='bbox 3199 1483 3255 1528; x_wconf 89' lang='lat' dir='ltr'><strong>et</strong></span> <span class='ocrx_word' id='word_1_221' title='bbox 3277 1488 3440 1542; x_wconf 71' lang='lat' dir='ltr'><strong>gran-</strong></span> 
     </span>
    </p>
   </div>
   <div class='ocr_carea' id='block_1_34' title="bbox 1855 1559 3434 1634">
    <p class='ocr_par' dir='ltr' id='par_1_34' title="bbox 1855 1559 3434 1634">
     <span class='ocr_line' id='line_1_34' title="bbox 1855 1559 3434 1634; baseline 0.004 -22"><span class='ocrx_word' id='word_1_222' title='bbox 1855 1559 1938 1612; x_wconf 92' lang='lat' dir='ltr'><strong>dis</strong></span> <span class='ocrx_word' id='word_1_223' title='bbox 1977 1559 2247 1629; x_wconf 89' lang='lat' dir='ltr'><strong>hodieque</strong></span> <span class='ocrx_word' id='word_1_224' title='bbox 2288 1571 2619 1616; x_wconf 90' lang='lat' dir='ltr'><strong>monstratur</strong></span> <span class='ocrx_word' id='word_1_225' title='bbox 2649 1565 2799 1625; x_wconf 85' lang='lat' dir='ltr'><strong>ticus,</strong></span> <span class='ocrx_word' id='word_1_226' title='bbox 2834 1565 2901 1618; x_wconf 92' lang='lat' dir='ltr'><strong>de</strong></span> <span class='ocrx_word' id='word_1_227' title='bbox 2943 1564 3098 1633; x_wconf 86' lang='lat' dir='ltr'><strong>cujus</strong></span> <span class='ocrx_word' id='word_1_228' title='bbox 3128 1566 3210 1631; x_wconf 92' lang='lat' dir='ltr'><strong>(ut</strong></span> <span class='ocrx_word' id='word_1_229' title='bbox 3241 1563 3434 1634; x_wconf 77' lang='lat' dir='ltr'><strong>fertur)</strong></span> 
     </span>
    </p>
   </div>
   <div class='ocr_carea' id='block_1_35' title="bbox 1858 1649 3410 1724">
    <p class='ocr_par' dir='ltr' id='par_1_35' title="bbox 1858 1649 3410 1724">
     <span class='ocr_line' id='line_1_35' title="bbox 1858 1649 3410 1724; baseline 0.006 -23"><span class='ocrx_word' id='word_1_230' title='bbox 1858 1650 2059 1703; x_wconf 89' lang='lat' dir='ltr'><strong>vertice</strong></span> <span class='ocrx_word' id='word_1_231' title='bbox 2096 1649 2413 1720; x_wconf 89' lang='lat' dir='ltr'><strong>illaqueatus</strong></span> <span class='ocrx_word' id='word_1_232' title='bbox 2443 1653 2715 1721; x_wconf 78' lang='lat' dir='ltr'><strong>pependit,</strong></span> <span class='ocrx_word' id='word_1_233' title='bbox 2753 1665 2809 1707; x_wconf 91' lang='lat' dir='ltr'><strong>ut</strong></span> <span class='ocrx_word' id='word_1_234' title='bbox 2838 1654 2906 1708; x_wconf 90' lang='lat' dir='ltr'><strong>de</strong></span> <span class='ocrx_word' id='word_1_235' title='bbox 2936 1655 3050 1724; x_wconf 89' lang='lat' dir='ltr'><strong>ipso</strong></span> <span class='ocrx_word' id='word_1_236' title='bbox 3071 1654 3208 1711; x_wconf 84' lang='lat' dir='ltr'><strong>Juda</strong></span> <span class='ocrx_word' id='word_1_237' title='bbox 3235 1655 3410 1710; x_wconf 77' lang='lat' dir='ltr'><strong>Juven</strong></span> 
     </span>
    </p>
   </div>
   <div class='ocr_carea' id='block_1_36' title="bbox 1857 1742 2830 1812">
    <p class='ocr_par' dir='ltr' id='par_1_36' title="bbox 1857 1742 2830 1812">
     <span class='ocr_line' id='line_1_36' title="bbox 1857 1742 2830 1812; baseline 0.001 -16"><span class='ocrx_word' id='word_1_238' title='bbox 1857 1757 1953 1796; x_wconf 91' lang='lat' dir='ltr'><strong>cus</strong></span> <span class='ocrx_word' id='word_1_239' title='bbox 1982 1742 2266 1812; x_wconf 83' lang='lat' dir='ltr'><strong>presbyter</strong></span> <span class='ocrx_word' id='word_1_240' title='bbox 2291 1743 2568 1798; x_wconf 88' lang='lat' dir='ltr'><strong>versillcus</strong></span> <span class='ocrx_word' id='word_1_241' title='bbox 2597 1744 2792 1799; x_wconf 89' lang='lat' dir='ltr'><strong>cecinit</strong></span> <span class='ocrx_word' id='word_1_242' title='bbox 2817 1761 2830 1797; x_wconf 92' lang='lat'>:</span> 
     </span>
    </p>
   </div>
   <div class='ocr_carea' id='block_1_37' title="bbox 2011 1854 3142 1916">
    <p class='ocr_par' dir='ltr' id='par_1_37' title="bbox 2011 1854 3142 1916">
     <span class='ocr_line' id='line_1_37' title="bbox 2011 1854 3142 1916; baseline 0.001 -13"><span class='ocrx_word' id='word_1_243' title='bbox 2011 1854 2269 1904; x_wconf 86' lang='lat' dir='ltr'><strong>luformern</strong></span> <span class='ocrx_word' id='word_1_244' title='bbox 2293 1856 2455 1916; x_wconf 84' lang='lat' dir='ltr'><strong>rapuit</strong></span> <span class='ocrx_word' id='word_1_245' title='bbox 2478 1855 2596 1904; x_wconf 68' lang='lat' dir='ltr'><strong>“(&#39;US</strong></span> <span class='ocrx_word' id='word_1_246' title='bbox 2617 1857 2681 1906; x_wconf 91' lang='lat' dir='ltr'><strong>de</strong></span> <span class='ocrx_word' id='word_1_247' title='bbox 2709 1859 2894 1907; x_wconf 77' lang='lat' dir='ltr'><strong>vertice</strong></span> <span class='ocrx_word' id='word_1_248' title='bbox 2917 1866 3142 1908; x_wconf 88' lang='lat' dir='ltr'><strong>mortem.</strong></span> 
     </span>
    </p>
   </div>
   <div class='ocr_carea' id='block_1_38' title="bbox 2419 1957 2865 2014">
    <p class='ocr_par' dir='ltr' id='par_1_38' title="bbox 2419 1957 2865 2014">
     <span class='ocr_line' id='line_1_38' title="bbox 2419 1957 2865 2014; baseline 0.002 -2"><span class='ocrx_word' id='word_1_249' title='bbox 2419 1957 2644 2014; x_wconf 80' lang='lat' dir='ltr'><strong>CAPUT</strong></span> <span class='ocrx_word' id='word_1_250' title='bbox 2683 1957 2865 2013; x_wconf 80' lang='lat' dir='ltr'><strong>XVIII.</strong></span> 
     </span>
    </p>
   </div>
   <div class='ocr_carea' id='block_1_39' title="bbox 1857 2048 3446 2122">
    <p class='ocr_par' dir='ltr' id='par_1_39' title="bbox 1857 2048 3446 2122">
     <span class='ocr_line' id='line_1_39' title="bbox 1857 2048 3446 2122; baseline 0.003 -21"><span class='ocrx_word' id='word_1_251' title='bbox 1857 2048 1938 2102; x_wconf 86' lang='lat' dir='ltr'><strong>De</strong></span> <span class='ocrx_word' id='word_1_252' title='bbox 1980 2052 2149 2119; x_wconf 83' lang='lat' dir='ltr'><strong>forma</strong></span> <span class='ocrx_word' id='word_1_253' title='bbox 2195 2049 2412 2122; x_wconf 79' lang='lat' dir='ltr'><strong>grandis</strong></span> <span class='ocrx_word' id='word_1_254' title='bbox 2449 2050 2677 2103; x_wconf 76' lang='lat' dir='ltr'><strong>basilica:</strong></span> <span class='ocrx_word' id='word_1_255' title='bbox 2707 2052 2758 2102; x_wconf 87' lang='lat' dir='ltr'><strong>in</strong></span> <span class='ocrx_word' id='word_1_256' title='bbox 2799 2061 2969 2103; x_wconf 79' lang='lat' dir='ltr'><strong>monte</strong></span> <span class='ocrx_word' id='word_1_257' title='bbox 2991 2051 3119 2106; x_wconf 79' lang='lat' dir='ltr'><strong>Sion</strong></span> <span class='ocrx_word' id='word_1_258' title='bbox 3174 2053 3446 2122; x_wconf 68' lang='lat' dir='ltr'><strong>fabricatae</strong></span> 
     </span>
    </p>
   </div>
   <div class='ocr_carea' id='block_1_40' title="bbox 2301 2120 3010 2190">
    <p class='ocr_par' dir='ltr' id='par_1_40' title="bbox 2301 2120 3010 2190">
     <span class='ocr_line' id='line_1_40' title="bbox 2301 2120 3010 2190; baseline 0.003 -18"><span class='ocrx_word' id='word_1_259' title='bbox 2301 2136 2347 2172; x_wconf 76' lang='grc' dir='ltr'><strong>ει</strong></span> <span class='ocrx_word' id='word_1_260' title='bbox 2381 2120 2442 2173; x_wconf 89' lang='lat' dir='ltr'><strong>de</strong></span> <span class='ocrx_word' id='word_1_261' title='bbox 2475 2122 2637 2190; x_wconf 84' lang='lat' dir='ltr'><strong>ipsius</strong></span> <span class='ocrx_word' id='word_1_262' title='bbox 2670 2123 2857 2174; x_wconf 77' lang='lat' dir='ltr'><strong>montis</strong></span> <span class='ocrx_word' id='word_1_263' title='bbox 2888 2124 3010 2174; x_wconf 74' lang='lat' dir='ltr'><strong>situ.</strong></span> 
     </span>
    </p>
   </div>
   <div class='ocr_carea' id='block_1_41' title="bbox 1934 2231 3440 2300">
    <p class='ocr_par' dir='ltr' id='par_1_41' title="bbox 1934 2231 3440 2300">
     <span class='ocr_line' id='line_1_41' title="bbox 1934 2231 3440 2300; baseline 0.004 -17"><span class='ocrx_word' id='word_1_264' title='bbox 1934 2231 2000 2283; x_wconf 80' lang='lat' dir='ltr'><strong>Et</strong></span> <span class='ocrx_word' id='word_1_265' title='bbox 2027 2231 2150 2298; x_wconf 83' lang='lat' dir='ltr'><strong>quia</strong></span> <span class='ocrx_word' id='word_1_266' title='bbox 2182 2233 2345 2300; x_wconf 91' lang='lat' dir='ltr'><strong>paqu</strong></span> <span class='ocrx_word' id='word_1_267' title='bbox 2385 2233 2629 2300; x_wconf 85' lang='lat' dir='ltr'><strong>superius</strong></span> <span class='ocrx_word' id='word_1_268' title='bbox 2656 2234 2854 2287; x_wconf 71' lang='lat' dir='ltr'><strong>monis</strong></span> <span class='ocrx_word' id='word_1_269' title='bbox 2886 2234 3014 2289; x_wconf 85' lang='lat' dir='ltr'><strong>Sion</strong></span> <span class='ocrx_word' id='word_1_270' title='bbox 3048 2246 3251 2291; x_wconf 84' lang='lat' dir='ltr'><strong>mentm</strong></span> <span class='ocrx_word' id='word_1_271' title='bbox 3276 2239 3440 2291; x_wconf 88' lang='lat' dir='ltr'><strong>inter-</strong></span> 
     </span>
    </p>
   </div>
   <div class='ocr_carea' id='block_1_42' title="bbox 1862 2323 3444 2391">
    <p class='ocr_par' dir='ltr' id='par_1_42' title="bbox 1862 2323 3444 2391">
     <span class='ocr_line' id='line_1_42' title="bbox 1862 2323 3444 2391; baseline 0.003 -15"><span class='ocrx_word' id='word_1_272' title='bbox 1862 2323 2047 2387; x_wconf 89' lang='lat' dir='ltr'><strong>cessit,</strong></span> <span class='ocrx_word' id='word_1_273' title='bbox 2081 2324 2147 2376; x_wconf 89' lang='lat' dir='ltr'><strong>de</strong></span> <span class='ocrx_word' id='word_1_274' title='bbox 2177 2323 2407 2390; x_wconf 85' lang='lat' dir='ltr'><strong>quadam</strong></span> <span class='ocrx_word' id='word_1_275' title='bbox 2440 2323 2723 2391; x_wconf 78' lang='lat' dir='ltr'><strong>pergrandi</strong></span> <span class='ocrx_word' id='word_1_276' title='bbox 2755 2325 2974 2379; x_wconf 88' lang='lat' dir='ltr'><strong>basilica</strong></span> <span class='ocrx_word' id='word_1_277' title='bbox 3006 2326 3058 2380; x_wconf 90' lang='lat' dir='ltr'><strong>in</strong></span> <span class='ocrx_word' id='word_1_278' title='bbox 3099 2342 3164 2382; x_wconf 92' lang='lat' dir='ltr'><strong>eo</strong></span> <span class='ocrx_word' id='word_1_279' title='bbox 3195 2335 3444 2382; x_wconf 91' lang='lat' dir='ltr'><strong>constru-</strong></span> 
     </span>
    </p>
   </div>
   <div class='ocr_carea' id='block_1_43' title="bbox 1857 2415 3441 2485">
    <p class='ocr_par' dir='ltr' id='par_1_43' title="bbox 1857 2415 3441 2485">
     <span class='ocr_line' id='line_1_43' title="bbox 1857 2415 3441 2485; baseline 0.002 -17"><span class='ocrx_word' id='word_1_280' title='bbox 1857 2425 1940 2468; x_wconf 90' lang='lat' dir='ltr'><strong>cta</strong></span> <span class='ocrx_word' id='word_1_281' title='bbox 1968 2417 2208 2482; x_wconf 67' lang='lat' dir='ltr'><strong>quaedam</strong></span> <span class='ocrx_word' id='word_1_282' title='bbox 2242 2415 2476 2469; x_wconf 85' lang='lat' dir='ltr'><strong>breviter</strong></span> <span class='ocrx_word' id='word_1_283' title='bbox 2519 2415 2898 2485; x_wconf 89' lang='lat' dir='ltr'><strong>succiucteque</strong></span> <span class='ocrx_word' id='word_1_284' title='bbox 2939 2418 3232 2474; x_wconf 86' lang='lat' dir='ltr'><strong>iutimanda</strong></span> <span class='ocrx_word' id='word_1_285' title='bbox 3273 2429 3441 2474; x_wconf 90' lang='lat' dir='ltr'><strong>sunt:</strong></span> 
     </span>
    </p>
   </div>
   <div class='ocr_carea' id='block_1_44' title="bbox 242 2488 2744 2574">
    <p class='ocr_par' dir='ltr' id='par_1_44' title="bbox 242 2488 2744 2574">
     <span class='ocr_line' id='line_1_44' title="bbox 242 2488 2744 2574; baseline 0 -17"><span class='ocrx_word' id='word_1_286' title='bbox 242 2503 406 2561; x_wconf 86' lang='lat' dir='ltr'><strong>Porta</strong></span> <span class='ocrx_word' id='word_1_287' title='bbox 429 2505 596 2560; x_wconf 88' lang='lat' dir='ltr'><strong>David</strong></span> <span class='ocrx_word' id='word_1_288' title='bbox 628 2504 826 2560; x_wconf 90' lang='lat' dir='ltr'><strong>montis</strong></span> <span class='ocrx_word' id='word_1_289' title='bbox 863 2503 994 2559; x_wconf 89' lang='lat' dir='ltr'><strong>Sion</strong></span> <span class='ocrx_word' id='word_1_290' title='bbox 1024 2503 1187 2573; x_wconf 53' lang='lat' dir='ltr'><strong>molli;</strong></span> <span class='ocrx_word' id='word_1_291' title='bbox 1216 2503 1373 2558; x_wconf 87' lang='lat' dir='ltr'><strong>clivio</strong></span> <span class='ocrx_word' id='word_1_292' title='bbox 1423 2502 1555 2571; x_wconf 73' lang='lat' dir='ltr'><strong>ML,</strong></span> <span class='ocrx_word' id='word_1_293' title='bbox 1590 2503 1753 2574; x_wconf 84' lang='lat' dir='ltr'><strong>clivo]</strong></span> <span class='ocrx_word' id='word_1_294' title='bbox 1787 2488 1832 2549; x_wconf 67' lang='grc' dir='ltr'><strong>(ἶ</strong></span> <span class='ocrx_word' id='word_1_295' title='bbox 1861 2505 2014 2574; x_wconf 85' lang='lat' dir='ltr'><strong>cujus</strong></span> <span class='ocrx_word' id='word_1_296' title='bbox 2035 2505 2114 2560; x_wconf 91' lang='lat' dir='ltr'><strong>sic</strong></span> <span class='ocrx_word' id='word_1_297' title='bbox 2144 2504 2466 2560; x_wconf 75' lang='lat' dir='ltr'><strong>describitur</strong></span> <span class='ocrx_word' id='word_1_298' title='bbox 2493 2504 2744 2561; x_wconf 86' lang='lat' dir='ltr'><strong>formula.</strong></span> 
     </span>
    </p>
   </div>
   <div class='ocr_carea' id='block_1_45' title="bbox 2508 2972 3187 3883">
    <p class='ocr_par' dir='ltr' id='par_1_45' title="bbox 2508 2972 3182 3708">
     <span class='ocr_line' id='line_1_45' title="bbox 2508 2972 3182 3708; baseline -0.003 -55"><span class='ocrx_word' id='word_1_299' title='bbox 2508 2972 3182 3708; x_wconf 42' lang='grc' dir='ltr'><strong><em>Α</em></strong></span> 
     </span>
    </p>
   </div>
   <div class='ocr_carea' id='block_1_46' title="bbox 656 2692 706 3011">
    <p class='ocr_par' dir='ltr' id='par_1_46' title="bbox 656 2692 706 3011">
     <span class='ocr_line' id='line_1_46' title="bbox 658 2692 706 2872; baseline 0 0"><span class='ocrx_word' id='word_1_300' title='bbox 658 2692 706 2872; x_wconf 72' lang='lat' dir='ltr'><strong>l1</strong></span> 
     </span>
     <span class='ocr_line' id='line_1_47' title="bbox 656 2845 705 3011; baseline 0 0"><span class='ocrx_word' id='word_1_301' title='bbox 656 2845 705 3011; x_wconf 66' lang='lat' dir='ltr'><strong>II</strong></span> 
     </span>
    </p>
   </div>
   <div class='ocr_carea' id='block_1_47' title="bbox 472 3025 661 3212">
    <p class='ocr_par' dir='ltr' id='par_1_47' title="bbox 472 3025 661 3212">
     <span class='ocr_line' id='line_1_48' title="bbox 472 3025 661 3212; baseline 0 -21"><span class='ocrx_word' id='word_1_302' title='bbox 472 3025 661 3212; x_wconf 58' lang='lat' dir='ltr'><strong>Ei.</strong></span> 
     </span>
    </p>
   </div>
   <div class='ocr_carea' id='block_1_48' title="bbox 650 3215 2508 3701">
    <p class='ocr_par' dir='ltr' id='par_1_48' title="bbox 650 3215 2508 3701">
     <span class='ocr_line' id='line_1_49' title="bbox 650 3215 2508 3701; baseline -0.004 1"><span class='ocrx_word' id='word_1_303' title='bbox 650 3215 1269 3701; x_wconf 50' lang='lat' dir='ltr'><strong>La</strong></span> <span class='ocrx_word' id='word_1_304' title='bbox 1477 3505 2508 3696; x_wconf 48' lang='grc' dir='ltr'><strong>ιηηηη-</strong></span> 
     </span>
    </p>
   </div>
   <div class='ocr_carea' id='block_1_49' title="bbox 239 3938 943 3997">
    <p class='ocr_par' dir='ltr' id='par_1_49' title="bbox 239 3938 943 3997">
     <span class='ocr_line' id='line_1_50' title="bbox 239 3938 943 3997; baseline -0.007 0"><span class='ocrx_word' id='word_1_305' title='bbox 239 3968 286 3997; x_wconf 67' lang='grc' dir='ltr'><strong>ει</strong></span> <span class='ocrx_word' id='word_1_306' title='bbox 307 3943 490 3997; x_wconf 82' lang='lat' dir='ltr'><strong>Locus</strong></span> <span class='ocrx_word' id='word_1_307' title='bbox 517 3954 683 3995; x_wconf 74' lang='lat' dir='ltr'><strong>coenae</strong></span> <span class='ocrx_word' id='word_1_308' title='bbox 715 3938 943 3995; x_wconf 92' lang='lat' dir='ltr'><strong>Domini.</strong></span> 
     </span>
    </p>
   </div>
   <div class='ocr_carea' id='block_1_50' title="bbox 241 4010 1753 4078">
    <p class='ocr_par' dir='ltr' id='par_1_50' title="bbox 241 4010 1753 4078">
     <span class='ocr_line' id='line_1_51' title="bbox 241 4010 1753 4078; baseline 0 -13"><span class='ocrx_word' id='word_1_309' title='bbox 241 4013 282 4065; x_wconf 83' lang='grc' dir='ltr'>Β</span> <span class='ocrx_word' id='word_1_310' title='bbox 315 4011 420 4065; x_wconf 87' lang='lat' dir='ltr'><strong>Hic</strong></span> <span class='ocrx_word' id='word_1_311' title='bbox 449 4010 680 4078; x_wconf 88' lang='lat' dir='ltr'><strong>Spiritus</strong></span> <span class='ocrx_word' id='word_1_312' title='bbox 709 4019 926 4064; x_wconf 91' lang='lat' dir='ltr'><strong>sanctus</strong></span> <span class='ocrx_word' id='word_1_313' title='bbox 947 4023 1113 4077; x_wconf 86' lang='lat' dir='ltr'><strong>super</strong></span> <span class='ocrx_word' id='word_1_314' title='bbox 1139 4011 1415 4077; x_wconf 89' lang='lat' dir='ltr'><strong>apostolos</strong></span> <span class='ocrx_word' id='word_1_315' title='bbox 1457 4010 1753 4065; x_wconf 86' lang='lat' dir='ltr'><strong>descendit.</strong></span> 
     </span>
    </p>
   </div>
   <div class='ocr_carea' id='block_1_51' title="bbox 236 4081 1756 4136">
    <p class='ocr_par' dir='ltr' id='par_1_51' title="bbox 236 4081 1756 4136">
     <span class='ocr_line' id='line_1_52' title="bbox 236 4081 1756 4136; baseline 0 0"><span class='ocrx_word' id='word_1_316' title='bbox 236 4081 278 4136; x_wconf 84' lang='lat' dir='ltr'><strong><em>C</em></strong></span> <span class='ocrx_word' id='word_1_317' title='bbox 330 4081 436 4135; x_wconf 81' lang='lat' dir='ltr'><strong>Hic</strong></span> <span class='ocrx_word' id='word_1_318' title='bbox 466 4081 717 4134; x_wconf 85' lang='lat' dir='ltr'><strong>columna</strong></span> <span class='ocrx_word' id='word_1_319' title='bbox 755 4095 1056 4134; x_wconf 87' lang='lat' dir='ltr'><strong>marmorea</strong></span> <span class='ocrx_word' id='word_1_320' title='bbox 1089 4089 1198 4134; x_wconf 84' lang='lat' dir='ltr'><strong>stat</strong></span> <span class='ocrx_word' id='word_1_321' title='bbox 1248 4081 1332 4134; x_wconf 83' lang='lat' dir='ltr'><strong>cui</strong></span> <span class='ocrx_word' id='word_1_322' title='bbox 1370 4081 1632 4136; x_wconf 87' lang='lat' dir='ltr'><strong>Dominus</strong></span> <span class='ocrx_word' id='word_1_323' title='bbox 1659 4083 1756 4135; x_wconf 82' lang='lat' dir='ltr'><strong>ad-</strong></span> 
     </span>
    </p>
   </div>
   <div class='ocr_carea' id='block_1_52' title="bbox 235 4259 1756 4330">
    <p class='ocr_par' dir='ltr' id='par_1_52' title="bbox 235 4259 1756 4330">
     <span class='ocr_line' id='line_1_53' title="bbox 235 4259 1756 4330; baseline -0.002 -13"><span class='ocrx_word' id='word_1_324' title='bbox 235 4261 338 4317; x_wconf 79' lang='lat' dir='ltr'><strong>ﬂic</strong></span> <span class='ocrx_word' id='word_1_325' title='bbox 396 4270 554 4330; x_wconf 87' lang='lat' dir='ltr'><strong>petra</strong></span> <span class='ocrx_word' id='word_1_326' title='bbox 584 4266 914 4314; x_wconf 87' lang='lat' dir='ltr'><strong>monstratur</strong></span> <span class='ocrx_word' id='word_1_327' title='bbox 948 4273 1112 4328; x_wconf 88' lang='lat' dir='ltr'><strong>super</strong></span> <span class='ocrx_word' id='word_1_328' title='bbox 1140 4274 1301 4328; x_wconf 87' lang='lat' dir='ltr'><strong>quam</strong></span> <span class='ocrx_word' id='word_1_329' title='bbox 1346 4260 1652 4328; x_wconf 89' lang='lat' dir='ltr'><strong>Stephanus</strong></span> <span class='ocrx_word' id='word_1_330' title='bbox 1681 4259 1756 4314; x_wconf 88' lang='lat' dir='ltr'><strong>la-</strong></span> 
     </span>
    </p>
   </div>
   <div class='ocr_carea' id='block_1_53' title="bbox 167 4349 1752 4424">
    <p class='ocr_par' dir='ltr' id='par_1_53' title="bbox 167 4349 1752 4424">
     <span class='ocr_line' id='line_1_54' title="bbox 167 4349 1752 4424; baseline -0.004 -14"><span class='ocrx_word' id='word_1_331' title='bbox 167 4354 386 4424; x_wconf 88' lang='lat' dir='ltr'><strong>pidatus</strong></span> <span class='ocrx_word' id='word_1_332' title='bbox 415 4362 571 4408; x_wconf 81' lang='lat' dir='ltr'><strong>extra</strong></span> <span class='ocrx_word' id='word_1_333' title='bbox 602 4352 876 4407; x_wconf 86' lang='lat' dir='ltr'><strong>civitatem</strong></span> <span class='ocrx_word' id='word_1_334' title='bbox 917 4349 1258 4405; x_wconf 89' lang='lat' dir='ltr'><strong>obdormivit.</strong></span> <span class='ocrx_word' id='word_1_335' title='bbox 1288 4349 1454 4404; x_wconf 81' lang='lat' dir='ltr'><strong>Extra</strong></span> <span class='ocrx_word' id='word_1_336' title='bbox 1494 4351 1634 4405; x_wconf 86' lang='lat' dir='ltr'><strong>hanc</strong></span> <span class='ocrx_word' id='word_1_337' title='bbox 1662 4366 1752 4404; x_wconf 90' lang='lat' dir='ltr'><strong>su-</strong></span> 
     </span>
    </p>
   </div>
   <div class='ocr_carea' id='block_1_54' title="bbox 167 4442 1758 4515">
    <p class='ocr_par' dir='ltr' id='par_1_54' title="bbox 167 4442 1758 4515">
     <span class='ocr_line' id='line_1_55' title="bbox 167 4442 1758 4515; baseline -0.003 -15"><span class='ocrx_word' id='word_1_338' title='bbox 167 4461 264 4515; x_wconf 87' lang='lat' dir='ltr'><strong>pra</strong></span> <span class='ocrx_word' id='word_1_339' title='bbox 299 4446 635 4512; x_wconf 86' lang='lat' dir='ltr'><strong>descriptam</strong></span> <span class='ocrx_word' id='word_1_340' title='bbox 677 4443 931 4512; x_wconf 77' lang='lat' dir='ltr'><strong>grandem</strong></span> <span class='ocrx_word' id='word_1_341' title='bbox 956 4442 1250 4506; x_wconf 87' lang='lat' dir='ltr'><strong>basilicam,</strong></span> <span class='ocrx_word' id='word_1_342' title='bbox 1285 4456 1404 4510; x_wconf 87' lang='lat' dir='ltr'><strong>quae</strong></span> <span class='ocrx_word' id='word_1_343' title='bbox 1434 4443 1758 4496; x_wconf 86' lang='lat' dir='ltr'><strong>intrinsecus</strong></span> 
     </span>
    </p>
   </div>
   <div class='ocr_carea' id='block_1_55' title="bbox 700 2724 2049 2844">
    <p class='ocr_par' dir='ltr' id='par_1_55' title="bbox 700 2724 2049 2844">
     <span class='ocr_line' id='line_1_56' title="bbox 700 2724 2049 2844; baseline -0.001 -38"><span class='ocrx_word' id='word_1_344' title='bbox 700 2724 2049 2844; x_wconf 53' lang='lat' dir='ltr'><strong>rr————&#39;c_</strong></span> 
     </span>
    </p>
   </div>
   <div class='ocr_carea' id='block_1_56' title="bbox 1865 3941 2530 4013">
    <p class='ocr_par' dir='ltr' id='par_1_56' title="bbox 1865 3941 2530 4013">
     <span class='ocr_line' id='line_1_57' title="bbox 1865 3941 2530 4013; baseline 0.018 -21"><span class='ocrx_word' id='word_1_345' title='bbox 1865 3941 2074 4000; x_wconf 74' lang='lat' dir='ltr'><strong>baorcns</strong></span> <span class='ocrx_word' id='word_1_346' title='bbox 2103 3946 2400 4013; x_wconf 79' lang='lat' dir='ltr'><strong>flagellatus</strong></span> <span class='ocrx_word' id='word_1_347' title='bbox 2425 3957 2530 4004; x_wconf 91' lang='lat' dir='ltr'><strong>est.</strong></span> 
     </span>
    </p>
   </div>
   <div class='ocr_carea' id='block_1_57' title="bbox 1936 4014 2709 4076">
    <p class='ocr_par' dir='ltr' id='par_1_57' title="bbox 1936 4014 2709 4076">
     <span class='ocr_line' id='line_1_58' title="bbox 1936 4014 2709 4076; baseline 0.013 -10"><span class='ocrx_word' id='word_1_348' title='bbox 1936 4015 1976 4066; x_wconf 89' lang='lat' dir='ltr'><strong>D</strong></span> <span class='ocrx_word' id='word_1_349' title='bbox 2005 4014 2104 4070; x_wconf 89' lang='lat' dir='ltr'><strong>Hic</strong></span> <span class='ocrx_word' id='word_1_350' title='bbox 2132 4027 2318 4072; x_wconf 89' lang='lat' dir='ltr'><strong>sancta</strong></span> <span class='ocrx_word' id='word_1_351' title='bbox 2362 4020 2526 4074; x_wconf 81' lang='lat' dir='ltr'><strong>Maria</strong></span> <span class='ocrx_word' id='word_1_352' title='bbox 2558 4021 2709 4076; x_wconf 90' lang='lat' dir='ltr'><strong>obiit.</strong></span> 
     </span>
    </p>
   </div>
   <div class='ocr_carea' id='block_1_58' title="bbox 1936 4082 2191 4140">
    <p class='ocr_par' dir='ltr' id='par_1_58' title="bbox 1936 4082 2191 4140">
     <span class='ocr_line' id='line_1_59' title="bbox 1936 4082 2191 4140; baseline 0.02 -5"><span class='ocrx_word' id='word_1_353' title='bbox 1936 4082 1978 4135; x_wconf 80' lang='grc' dir='ltr'>Ε</span> <span class='ocrx_word' id='word_1_354' title='bbox 2008 4084 2191 4140; x_wconf 88' lang='lat' dir='ltr'><strong>Porta.</strong></span> 
     </span>
    </p>
   </div>
   <div class='ocr_carea' id='block_1_59' title="bbox 2455 4263 2860 4324">
    <p class='ocr_par' dir='ltr' id='par_1_59' title="bbox 2455 4263 2860 4324">
     <span class='ocr_line' id='line_1_60' title="bbox 2455 4263 2860 4324; baseline 0.005 -3"><span class='ocrx_word' id='word_1_355' title='bbox 2455 4263 2686 4321; x_wconf 77' lang='lat' dir='ltr'><strong>CAPUT</strong></span> <span class='ocrx_word' id='word_1_356' title='bbox 2742 4264 2860 4324; x_wconf 82' lang='lat' dir='ltr'><strong>XX.</strong></span> 
     </span>
    </p>
   </div>
   <div class='ocr_carea' id='block_1_60' title="bbox 1864 4371 3452 4454">
    <p class='ocr_par' dir='ltr' id='par_1_60' title="bbox 1864 4371 3452 4454">
     <span class='ocr_line' id='line_1_61' title="bbox 1864 4371 3452 4454; baseline 0.007 -29"><span class='ocrx_word' id='word_1_357' title='bbox 1864 4371 1945 4425; x_wconf 87' lang='lat' dir='ltr'><strong>De</strong></span> <span class='ocrx_word' id='word_1_358' title='bbox 1973 4376 2170 4454; x_wconf 69' lang='lat' dir='ltr'><strong>asperis</strong></span> <span class='ocrx_word' id='word_1_359' title='bbox 2214 4384 2264 4428; x_wconf 83' lang='lat' dir='ltr'><strong>et</strong></span> <span class='ocrx_word' id='word_1_360' title='bbox 2317 4379 2552 4454; x_wconf 29' lang='lat' dir='ltr'><strong>petrosa}.</strong></span> <span class='ocrx_word' id='word_1_361' title='bbox 2584 4380 2710 4454; x_wconf 71' lang='lat' dir='ltr'><strong>locis</strong></span> <span class='ocrx_word' id='word_1_362' title='bbox 2755 4379 2817 4432; x_wconf 86' lang='lat' dir='ltr'><strong>ab</strong></span> <span class='ocrx_word' id='word_1_363' title='bbox 2886 4379 3216 4454; x_wconf 73' lang='lat' dir='ltr'><strong>Hierusalem</strong></span> <span class='ocrx_word' id='word_1_364' title='bbox 3290 4397 3452 4454; x_wconf 72' lang='lat' dir='ltr'><strong>usque</strong></span> 
     </span>
    </p>
   </div>
   <div class='ocr_carea' id='block_1_61' title="bbox 1939 4446 3451 4521">
    <p class='ocr_par' dir='ltr' id='par_1_61' title="bbox 1939 4446 3451 4521">
     <span class='ocr_line' id='line_1_62' title="bbox 1939 4446 3451 4521; baseline 0.008 -27"><span class='ocrx_word' id='word_1_365' title='bbox 1939 4446 2007 4521; x_wconf 74' lang='lat' dir='ltr'><strong>ad</strong></span> <span class='ocrx_word' id='word_1_366' title='bbox 2035 4447 2287 4521; x_wconf 62' lang='lat' dir='ltr'><strong>civjlatenr</strong></span> <span class='ocrx_word' id='word_1_367' title='bbox 2320 4447 2580 4521; x_wconf 78' lang='lat' dir='ltr'><strong>Samuelis</strong></span> <span class='ocrx_word' id='word_1_368' title='bbox 2634 4449 2737 4501; x_wconf 87' lang='lat' dir='ltr'><strong>late</strong></span> <span class='ocrx_word' id='word_1_369' title='bbox 2775 4452 3087 4517; x_wconf 72' lang='lat' dir='ltr'><strong>patentibus,</strong></span> <span class='ocrx_word' id='word_1_370' title='bbox 3110 4462 3159 4504; x_wconf 85' lang='lat' dir='ltr'><strong>et</strong></span> <span class='ocrx_word' id='word_1_371' title='bbox 3197 4446 3451 4521; x_wconf 61' lang='lat' dir='ltr'><strong>usqu-ead</strong></span> 
     </span>
    </p>
   </div>
   <div class='ocr_carea' id='block_1_62' title="bbox 169 4513 3411 4603">
    <p class='ocr_par' dir='ltr' id='par_1_62' title="bbox 169 4513 3411 4603">
     <span class='ocr_line' id='line_1_63' title="bbox 169 4513 3411 4603; baseline 0.002 -33"><span class='ocrx_word' id='word_1_372' title='bbox 169 4513 297 4590; x_wconf 53' lang='lat' dir='ltr'><strong>iam</strong></span> <span class='ocrx_word' id='word_1_373' title='bbox 329 4545 522 4590; x_wconf 64' lang='lat' dir='ltr'><strong>sancla</strong></span> <span class='ocrx_word' id='word_1_374' title='bbox 554 4535 927 4603; x_wconf 52' lang='lat' dir='ltr'><strong>complectitur</strong></span> <span class='ocrx_word' id='word_1_375' title='bbox 967 4533 1105 4596; x_wconf 58' lang='lat' dir='ltr'><strong>loca,</strong></span> <span class='ocrx_word' id='word_1_376' title='bbox 1135 4533 1240 4586; x_wconf 69' lang='lat' dir='ltr'><strong>alia</strong></span> <span class='ocrx_word' id='word_1_377' title='bbox 1270 4532 1636 4588; x_wconf 63' lang='lat' dir='ltr'><strong>memorabilis</strong></span> <span class='ocrx_word' id='word_1_378' title='bbox 1662 4549 1758 4586; x_wconf 67' lang='lat' dir='ltr'><strong>ex-</strong></span> <span class='ocrx_word' id='word_1_379' title='bbox 1791 4519 1839 4576; x_wconf 82' lang='grc' dir='ltr'><strong>ο</strong></span> <span class='ocrx_word' id='word_1_380' title='bbox 1939 4513 2227 4568; x_wconf 68' lang='lat' dir='ltr'><strong>Caesaream</strong></span> <span class='ocrx_word' id='word_1_381' title='bbox 2242 4515 2541 4570; x_wconf 70' lang='lat' dir='ltr'><strong>l’alazstina:</strong></span> <span class='ocrx_word' id='word_1_382' title='bbox 2557 4513 2790 4572; x_wconf 73' lang='lat' dir='ltr'><strong>occasum</strong></span> <span class='ocrx_word' id='word_1_383' title='bbox 2806 4537 2978 4573; x_wconf 81' lang='lat' dir='ltr'><strong>versus</strong></span> <span class='ocrx_word' id='word_1_384' title='bbox 3003 4513 3411 4576; x_wconf 63' lang='lat' dir='ltr'><strong>succedentibus.</strong></span> 
     </span>
    </p>
   </div>
   <div class='ocr_carea' id='block_1_63' title="bbox 167 4624 1760 4693">
    <p class='ocr_par' dir='ltr' id='par_1_63' title="bbox 167 4624 1760 4693">
     <span class='ocr_line' id='line_1_64' title="bbox 167 4624 1760 4693; baseline -0.003 -12"><span class='ocrx_word' id='word_1_385' title='bbox 167 4635 277 4682; x_wconf 88' lang='lat' dir='ltr'><strong>stat</strong></span> <span class='ocrx_word' id='word_1_386' title='bbox 306 4626 375 4680; x_wconf 90' lang='lat' dir='ltr'><strong>ad</strong></span> <span class='ocrx_word' id='word_1_387' title='bbox 406 4624 799 4680; x_wconf 85' lang='lat' dir='ltr'><strong>occidentalem</strong></span> <span class='ocrx_word' id='word_1_388' title='bbox 831 4632 1039 4693; x_wconf 91' lang='lat' dir='ltr'><strong>partem</strong></span> <span class='ocrx_word' id='word_1_389' title='bbox 1087 4632 1262 4692; x_wconf 90' lang='lat' dir='ltr'><strong>petra,</strong></span> <span class='ocrx_word' id='word_1_390' title='bbox 1292 4637 1457 4691; x_wconf 87' lang='lat' dir='ltr'><strong>super</strong></span> <span class='ocrx_word' id='word_1_391' title='bbox 1494 4638 1652 4692; x_wconf 90' lang='lat' dir='ltr'><strong>quam</strong></span> <span class='ocrx_word' id='word_1_392' title='bbox 1679 4625 1760 4690; x_wconf 92' lang='lat' dir='ltr'><strong>(ut</strong></span> 
     </span>
    </p>
   </div>
   <div class='ocr_carea' id='block_1_64' title="bbox 169 4711 1756 4782">
    <p class='ocr_par' dir='ltr' id='par_1_64' title="bbox 169 4711 1756 4782">
     <span class='ocr_line' id='line_1_65' title="bbox 169 4711 1756 4782; baseline -0.003 -14"><span class='ocrx_word' id='word_1_393' title='bbox 169 4715 359 4782; x_wconf 83' lang='lat' dir='ltr'><strong>fertur)</strong></span> <span class='ocrx_word' id='word_1_394' title='bbox 409 4714 712 4781; x_wconf 78' lang='lat' dir='ltr'><strong>Ilagellatus</strong></span> <span class='ocrx_word' id='word_1_395' title='bbox 743 4722 826 4768; x_wconf 91' lang='lat' dir='ltr'><strong>est</strong></span> <span class='ocrx_word' id='word_1_396' title='bbox 854 4712 1131 4766; x_wconf 90' lang='lat' dir='ltr'><strong>Dominus.</strong></span> <span class='ocrx_word' id='word_1_397' title='bbox 1165 4711 1289 4766; x_wconf 61' lang='lat' dir='ltr'><strong>Ilzec</strong></span> <span class='ocrx_word' id='word_1_398' title='bbox 1318 4712 1500 4781; x_wconf 87' lang='lat' dir='ltr'><strong>itaque</strong></span> <span class='ocrx_word' id='word_1_399' title='bbox 1535 4720 1756 4780; x_wconf 83' lang='lat' dir='ltr'><strong>aposto-</strong></span> 
     </span>
    </p>
   </div>
   <div class='ocr_carea' id='block_1_65' title="bbox 172 4801 1759 4873">
    <p class='ocr_par' dir='ltr' id='par_1_65' title="bbox 172 4801 1759 4873">
     <span class='ocr_line' id='line_1_66' title="bbox 172 4801 1759 4873; baseline -0.003 -15"><span class='ocrx_word' id='word_1_400' title='bbox 172 4806 274 4860; x_wconf 85' lang='lat' dir='ltr'><strong>lica</strong></span> <span class='ocrx_word' id='word_1_401' title='bbox 305 4805 551 4860; x_wconf 89' lang='lat' dir='ltr'><strong>ecclesia</strong></span> <span class='ocrx_word' id='word_1_402' title='bbox 596 4804 676 4873; x_wconf 92' lang='lat' dir='ltr'><strong>(ut</strong></span> <span class='ocrx_word' id='word_1_403' title='bbox 697 4818 859 4872; x_wconf 86' lang='lat' dir='ltr'><strong>supra</strong></span> <span class='ocrx_word' id='word_1_404' title='bbox 895 4803 1095 4857; x_wconf 89' lang='lat' dir='ltr'><strong>dictum</strong></span> <span class='ocrx_word' id='word_1_405' title='bbox 1140 4806 1244 4871; x_wconf 84' lang='lat' dir='ltr'><strong>est)</strong></span> <span class='ocrx_word' id='word_1_406' title='bbox 1300 4801 1352 4855; x_wconf 93' lang='lat' dir='ltr'><strong>in</strong></span> <span class='ocrx_word' id='word_1_407' title='bbox 1402 4801 1600 4856; x_wconf 89' lang='lat' dir='ltr'><strong>montis</strong></span> <span class='ocrx_word' id='word_1_408' title='bbox 1629 4801 1759 4856; x_wconf 89' lang='lat' dir='ltr'><strong>Sion</strong></span> 
     </span>
    </p>
   </div>
   <div class='ocr_carea' id='block_1_66' title="bbox 168 4892 1760 4967">
    <p class='ocr_par' dir='ltr' id='par_1_66' title="bbox 168 4892 1760 4967">
     <span class='ocr_line' id='line_1_67' title="bbox 168 4892 1760 4967; baseline -0.004 -15"><span class='ocrx_word' id='word_1_409' title='bbox 168 4898 461 4967; x_wconf 83' lang='lat' dir='ltr'><strong>superiora</strong></span> <span class='ocrx_word' id='word_1_410' title='bbox 517 4895 809 4964; x_wconf 86' lang='lat' dir='ltr'><strong>campestri</strong></span> <span class='ocrx_word' id='word_1_411' title='bbox 859 4893 1080 4964; x_wconf 88' lang='lat' dir='ltr'><strong>planitie</strong></span> <span class='ocrx_word' id='word_1_412' title='bbox 1125 4893 1333 4963; x_wconf 87' lang='lat' dir='ltr'><strong>lapidea</strong></span> <span class='ocrx_word' id='word_1_413' title='bbox 1385 4901 1469 4947; x_wconf 87' lang='lat' dir='ltr'><strong>est</strong></span> <span class='ocrx_word' id='word_1_414' title='bbox 1497 4892 1760 4947; x_wconf 86' lang='lat' dir='ltr'><strong>fabricata</strong></span> 
     </span>
    </p>
   </div>
   <div class='ocr_carea' id='block_1_67' title="bbox 168 4999 465 5046">
    <p class='ocr_par' dir='ltr' id='par_1_67' title="bbox 168 4999 465 5046">
     <span class='ocr_line' id='line_1_68' title="bbox 168 4999 465 5046; baseline -0.01 -2"><span class='ocrx_word' id='word_1_415' title='bbox 168 4999 375 5046; x_wconf 82' lang='lat' dir='ltr'><strong>structu</strong></span> <span class='ocrx_word' id='word_1_416' title='bbox 382 5003 465 5042; x_wconf 88' lang='lat' dir='ltr'><strong>ra.</strong></span> 
     </span>
    </p>
   </div>
   <div class='ocr_carea' id='block_1_68' title="bbox 771 5115 1161 5172">
    <p class='ocr_par' dir='ltr' id='par_1_68' title="bbox 771 5115 1161 5172">
     <span class='ocr_line' id='line_1_69' title="bbox 771 5115 1161 5172; baseline -0.005 0"><span class='ocrx_word' id='word_1_417' title='bbox 771 5116 995 5172; x_wconf 86' lang='lat' dir='ltr'><strong>CAPUT</strong></span> <span class='ocrx_word' id='word_1_418' title='bbox 1024 5115 1161 5170; x_wconf 80' lang='lat' dir='ltr'><strong>XIX.</strong></span> 
     </span>
    </p>
   </div>
   <div class='ocr_carea' id='block_1_69' title="bbox 235 5225 1684 5303">
    <p class='ocr_par' dir='ltr' id='par_1_69' title="bbox 235 5225 1684 5303">
     <span class='ocr_line' id='line_1_70' title="bbox 235 5225 1684 5303; baseline -0.008 -16"><span class='ocrx_word' id='word_1_419' title='bbox 235 5233 314 5289; x_wconf 81' lang='lat' dir='ltr'><strong>De</strong></span> <span class='ocrx_word' id='word_1_420' title='bbox 336 5233 513 5303; x_wconf 84' lang='lat' dir='ltr'><strong>agello</strong></span> <span class='ocrx_word' id='word_1_421' title='bbox 536 5230 626 5283; x_wconf 86' lang='lat' dir='ltr'><strong>illo</strong></span> <span class='ocrx_word' id='word_1_422' title='bbox 640 5229 724 5298; x_wconf 89' lang='lat' dir='ltr'><strong>qui</strong></span> <span class='ocrx_word' id='word_1_423' title='bbox 744 5227 1000 5281; x_wconf 84' lang='lat' dir='ltr'><strong>Ilebraice</strong></span> <span class='ocrx_word' id='word_1_424' title='bbox 1022 5225 1390 5280; x_wconf 81' lang='lat' dir='ltr'><strong>Acheldemach</strong></span> <span class='ocrx_word' id='word_1_425' title='bbox 1413 5225 1684 5279; x_wconf 76' lang='lat' dir='ltr'><strong>vocitatur.</strong></span> 
     </span>
    </p>
   </div>
   <div class='ocr_carea' id='block_1_70' title="bbox 235 5376 1760 5458">
    <p class='ocr_par' dir='ltr' id='par_1_70' title="bbox 235 5376 1760 5458">
     <span class='ocr_line' id='line_1_71' title="bbox 235 5376 1760 5458; baseline -0.009 -14"><span class='ocrx_word' id='word_1_426' title='bbox 235 5390 392 5444; x_wconf 84' lang='lat' dir='ltr'><strong>llunc</strong></span> <span class='ocrx_word' id='word_1_427' title='bbox 423 5399 654 5458; x_wconf 85' lang='lat' dir='ltr'><strong>parvum</strong></span> <span class='ocrx_word' id='word_1_428' title='bbox 675 5381 965 5451; x_wconf 76' lang='lat' dir='ltr'><strong>agellulum</strong></span> <span class='ocrx_word' id='word_1_429' title='bbox 1009 5379 1076 5434; x_wconf 91' lang='lat' dir='ltr'><strong>ad</strong></span> <span class='ocrx_word' id='word_1_430' title='bbox 1100 5377 1390 5434; x_wconf 90' lang='lat' dir='ltr'><strong>australem</strong></span> <span class='ocrx_word' id='word_1_431' title='bbox 1413 5377 1614 5432; x_wconf 87' lang='lat' dir='ltr'><strong>montis</strong></span> <span class='ocrx_word' id='word_1_432' title='bbox 1630 5376 1760 5432; x_wconf 88' lang='lat' dir='ltr'><strong>Sion</strong></span> 
     </span>
    </p>
   </div>
   <div class='ocr_carea' id='block_1_71' title="bbox 165 5467 1761 5553">
    <p class='ocr_par' dir='ltr' id='par_1_71' title="bbox 165 5467 1761 5553">
     <span class='ocr_line' id='line_1_72' title="bbox 165 5467 1761 5553; baseline -0.013 -14"><span class='ocrx_word' id='word_1_433' title='bbox 165 5487 373 5553; x_wconf 89' lang='lat' dir='ltr'><strong>parte&#39;m</strong></span> <span class='ocrx_word' id='word_1_434' title='bbox 397 5479 568 5534; x_wconf 89' lang='lat' dir='ltr'><strong>situm</strong></span> <span class='ocrx_word' id='word_1_435' title='bbox 591 5484 776 5531; x_wconf 89' lang='lat' dir='ltr'><strong>noster</strong></span> <span class='ocrx_word' id='word_1_436' title='bbox 792 5471 1038 5528; x_wconf 88' lang='lat' dir='ltr'><strong>Arcquus</strong></span> <span class='ocrx_word' id='word_1_437' title='bbox 1052 5485 1195 5540; x_wconf 61' lang='lat' dir='ltr'><strong>saepe</strong></span> <span class='ocrx_word' id='word_1_438' title='bbox 1215 5469 1559 5539; x_wconf 90' lang='lat' dir='ltr'><strong>frequentans</strong></span> <span class='ocrx_word' id='word_1_439' title='bbox 1582 5467 1761 5522; x_wconf 82' lang='lat' dir='ltr'><strong>visita-</strong></span> 
     </span>
    </p>
   </div>
   <div class='ocr_carea' id='block_1_72' title="bbox 166 5560 1761 5642">
    <p class='ocr_par' dir='ltr' id='par_1_72' title="bbox 166 5560 1761 5642">
     <span class='ocr_line' id='line_1_73' title="bbox 166 5560 1761 5642; baseline -0.01 -12"><span class='ocrx_word' id='word_1_440' title='bbox 166 5580 276 5640; x_wconf 87' lang='lat' dir='ltr'><strong>bat,</strong></span> <span class='ocrx_word' id='word_1_441' title='bbox 301 5574 550 5642; x_wconf 88' lang='lat' dir='ltr'><strong>lapidum</strong></span> <span class='ocrx_word' id='word_1_442' title='bbox 581 5567 869 5622; x_wconf 87' lang='lat' dir='ltr'><strong>maceriam</strong></span> <span class='ocrx_word' id='word_1_443' title='bbox 899 5564 1206 5627; x_wconf 86' lang='lat' dir='ltr'><strong>habentem,</strong></span> <span class='ocrx_word' id='word_1_444' title='bbox 1237 5562 1289 5615; x_wconf 89' lang='lat' dir='ltr'><strong>in</strong></span> <span class='ocrx_word' id='word_1_445' title='bbox 1316 5576 1423 5629; x_wconf 91' lang='lat' dir='ltr'><strong>quo</strong></span> <span class='ocrx_word' id='word_1_446' title='bbox 1450 5560 1761 5627; x_wconf 78' lang='lat' dir='ltr'><strong>diligentius</strong></span> 
     </span>
    </p>
   </div>
   <div class='ocr_carea' id='block_1_73' title="bbox 165 5650 1763 5737">
    <p class='ocr_par' dir='ltr' id='par_1_73' title="bbox 165 5650 1763 5737">
     <span class='ocr_line' id='line_1_74' title="bbox 165 5650 1763 5737; baseline -0.011 -16"><span class='ocrx_word' id='word_1_447' title='bbox 165 5665 382 5737; x_wconf 90' lang='lat' dir='ltr'><strong>plurimi</strong></span> <span class='ocrx_word' id='word_1_448' title='bbox 425 5664 724 5717; x_wconf 90' lang='lat' dir='ltr'><strong>humantur</strong></span> <span class='ocrx_word' id='word_1_449' title='bbox 770 5654 1040 5726; x_wconf 77' lang='lat' dir='ltr'><strong>peregrini</strong></span> <span class='ocrx_word' id='word_1_450' title='bbox 1073 5671 1086 5708; x_wconf 88' lang='lat'><strong>:</strong></span> <span class='ocrx_word' id='word_1_451' title='bbox 1114 5653 1203 5708; x_wconf 90' lang='lat' dir='ltr'><strong>alii</strong></span> <span class='ocrx_word' id='word_1_452' title='bbox 1232 5666 1362 5706; x_wconf 90' lang='lat' dir='ltr'><strong>vero</strong></span> <span class='ocrx_word' id='word_1_453' title='bbox 1384 5666 1448 5705; x_wconf 83' lang='lat' dir='ltr'><strong>ex</strong></span> <span class='ocrx_word' id='word_1_454' title='bbox 1506 5650 1637 5719; x_wconf 89' lang='lat' dir='ltr'><strong>ipsis</strong></span> <span class='ocrx_word' id='word_1_455' title='bbox 1666 5659 1763 5705; x_wconf 90' lang='lat' dir='ltr'><strong>aut</strong></span> 
     </span>
    </p>
   </div>
   <div class='ocr_carea' id='block_1_74' title="bbox 167 5742 1752 5825">
    <p class='ocr_par' dir='ltr' id='par_1_74' title="bbox 167 5742 1752 5825">
     <span class='ocr_line' id='line_1_75' title="bbox 167 5742 1752 5825; baseline -0.01 -14"><span class='ocrx_word' id='word_1_456' title='bbox 167 5757 356 5825; x_wconf 85' lang='lat' dir='ltr'><strong>pannis</strong></span> <span class='ocrx_word' id='word_1_457' title='bbox 409 5760 510 5808; x_wconf 87' lang='lat' dir='ltr'><strong>aut</strong></span> <span class='ocrx_word' id='word_1_458' title='bbox 535 5749 801 5822; x_wconf 89' lang='lat' dir='ltr'><strong>pelliculis</strong></span> <span class='ocrx_word' id='word_1_459' title='bbox 826 5747 976 5811; x_wconf 89' lang='lat' dir='ltr'><strong>tecti,</strong></span> <span class='ocrx_word' id='word_1_460' title='bbox 1003 5744 1354 5814; x_wconf 77' lang='lat' dir='ltr'><strong>uegligentius</strong></span> <span class='ocrx_word' id='word_1_461' title='bbox 1378 5742 1752 5810; x_wconf 90' lang='lat' dir='ltr'><strong>relinquuntur</strong></span> 
     </span>
    </p>
   </div>
   <div class='ocr_carea' id='block_1_75' title="bbox 170 5833 1752 5914">
    <p class='ocr_par' dir='ltr' id='par_1_75' title="bbox 170 5833 1752 5914">
     <span class='ocr_line' id='line_1_76' title="bbox 170 5833 1752 5914; baseline -0.009 -12"><span class='ocrx_word' id='word_1_462' title='bbox 170 5846 452 5912; x_wconf 82' lang='lat' dir='ltr'><strong>inhumati,</strong></span> <span class='ocrx_word' id='word_1_463' title='bbox 507 5857 671 5914; x_wconf 87' lang='lat' dir='ltr'><strong>super</strong></span> <span class='ocrx_word' id='word_1_464' title='bbox 723 5849 879 5895; x_wconf 71' lang='lat' dir='ltr'><strong>terrae</strong></span> <span class='ocrx_word' id='word_1_465' title='bbox 929 5837 1118 5894; x_wconf 85' lang='lat' dir='ltr'><strong>faciem</strong></span> <span class='ocrx_word' id='word_1_466' title='bbox 1163 5833 1446 5905; x_wconf 82' lang='lat' dir='ltr'><strong>putrefacti</strong></span> <span class='ocrx_word' id='word_1_467' title='bbox 1490 5835 1752 5903; x_wconf 87' lang='lat' dir='ltr'><strong>jacentes.</strong></span> 
     </span>
    </p>
   </div>
   <div class='ocr_carea' id='block_1_76' title="bbox 1935 4646 3452 4722">
    <p class='ocr_par' dir='ltr' id='par_1_76' title="bbox 1935 4646 3452 4722">
     <span class='ocr_line' id='line_1_77' title="bbox 1935 4646 3452 4722; baseline 0.006 -21"><span class='ocrx_word' id='word_1_468' title='bbox 1935 4648 2017 4702; x_wconf 84' lang='lat' dir='ltr'><strong>Ab</strong></span> <span class='ocrx_word' id='word_1_469' title='bbox 2044 4646 2185 4702; x_wconf 65' lang='lat' dir='ltr'><strong>Elia</strong></span> <span class='ocrx_word' id='word_1_470' title='bbox 2217 4651 2639 4718; x_wconf 88' lang='lat' dir='ltr'><strong>septentrionem</strong></span> <span class='ocrx_word' id='word_1_471' title='bbox 2670 4667 2857 4709; x_wconf 86' lang='lat' dir='ltr'><strong>versus</strong></span> <span class='ocrx_word' id='word_1_472' title='bbox 2883 4669 3049 4722; x_wconf 91' lang='lat' dir='ltr'><strong>usque</strong></span> <span class='ocrx_word' id='word_1_473' title='bbox 3079 4654 3145 4709; x_wconf 90' lang='lat' dir='ltr'><strong>ad</strong></span> <span class='ocrx_word' id='word_1_474' title='bbox 3183 4654 3452 4712; x_wconf 82' lang='lat' dir='ltr'><strong>Samuelis</strong></span> 
     </span>
    </p>
   </div>
   <div class='ocr_carea' id='block_1_77' title="bbox 1864 4739 3450 4819">
    <p class='ocr_par' dir='ltr' id='par_1_77' title="bbox 1864 4739 3450 4819">
     <span class='ocr_line' id='line_1_78' title="bbox 1864 4739 3450 4819; baseline 0.008 -27"><span class='ocrx_word' id='word_1_475' title='bbox 1864 4739 2162 4804; x_wconf 88' lang='lat' dir='ltr'><strong>civitatem,</strong></span> <span class='ocrx_word' id='word_1_476' title='bbox 2221 4755 2341 4808; x_wconf 80' lang='lat' dir='ltr'><strong>qua:</strong></span> <span class='ocrx_word' id='word_1_477' title='bbox 2392 4743 2679 4798; x_wconf 80' lang='lat' dir='ltr'><strong>Ramathas</strong></span> <span class='ocrx_word' id='word_1_478' title='bbox 2725 4745 2831 4815; x_wconf 80' lang='lat' dir='ltr'><strong>[AL</strong></span> <span class='ocrx_word' id='word_1_479' title='bbox 2892 4746 3232 4819; x_wconf 84' lang='lat' dir='ltr'><strong>Armathem]</strong></span> <span class='ocrx_word' id='word_1_480' title='bbox 3272 4749 3450 4804; x_wconf 84' lang='lat' dir='ltr'><strong>uomi-</strong></span> 
     </span>
    </p>
   </div>
   <div class='ocr_carea' id='block_1_78' title="bbox 1863 4838 3451 4907">
    <p class='ocr_par' dir='ltr' id='par_1_78' title="bbox 1863 4838 3451 4907">
     <span class='ocr_line' id='line_1_79' title="bbox 1863 4838 3451 4907; baseline 0.007 -23"><span class='ocrx_word' id='word_1_481' title='bbox 1863 4840 2039 4897; x_wconf 88' lang='lat' dir='ltr'><strong>natur,</strong></span> <span class='ocrx_word' id='word_1_482' title='bbox 2088 4840 2228 4885; x_wconf 90' lang='lat' dir='ltr'><strong>terra</strong></span> <span class='ocrx_word' id='word_1_483' title='bbox 2277 4843 2488 4901; x_wconf 89' lang='lat' dir='ltr'><strong>petrosa</strong></span> <span class='ocrx_word' id='word_1_484' title='bbox 2544 4843 2600 4889; x_wconf 90' lang='lat' dir='ltr'><strong>et</strong></span> <span class='ocrx_word' id='word_1_485' title='bbox 2643 4851 2834 4906; x_wconf 87' lang='lat' dir='ltr'><strong>aspera</strong></span> <span class='ocrx_word' id='word_1_486' title='bbox 2885 4853 2981 4907; x_wconf 89' lang='lat' dir='ltr'><strong>per</strong></span> <span class='ocrx_word' id='word_1_487' title='bbox 3004 4838 3251 4907; x_wconf 60' lang='lat' dir='ltr'><strong>quadam</strong></span> <span class='ocrx_word' id='word_1_488' title='bbox 3295 4855 3451 4894; x_wconf 87' lang='lat' dir='ltr'><strong>mou-</strong></span> 
     </span>
    </p>
   </div>
   <div class='ocr_carea' id='block_1_79' title="bbox 1861 4921 3446 4998">
    <p class='ocr_par' dir='ltr' id='par_1_79' title="bbox 1861 4921 3446 4998">
     <span class='ocr_line' id='line_1_80' title="bbox 1861 4921 3446 4998; baseline 0.006 -24"><span class='ocrx_word' id='word_1_489' title='bbox 1861 4929 2064 4975; x_wconf 88' lang='lat' dir='ltr'><strong>stratur</strong></span> <span class='ocrx_word' id='word_1_490' title='bbox 2109 4921 2408 4978; x_wconf 88' lang='lat' dir='ltr'><strong>intervalla.</strong></span> <span class='ocrx_word' id='word_1_491' title='bbox 2443 4923 2622 4980; x_wconf 86' lang='lat' dir='ltr'><strong>Valles</strong></span> <span class='ocrx_word' id='word_1_492' title='bbox 2672 4941 2888 4995; x_wconf 89' lang='lat' dir='ltr'><strong>quoque</strong></span> <span class='ocrx_word' id='word_1_493' title='bbox 2917 4929 3151 4997; x_wconf 58' lang='lat' dir='ltr'><strong>spinosas</strong></span> <span class='ocrx_word' id='word_1_494' title='bbox 3179 4943 3349 4998; x_wconf 88' lang='lat' dir='ltr'><strong>usque</strong></span> <span class='ocrx_word' id='word_1_495' title='bbox 3377 4929 3446 4984; x_wconf 83' lang='lat' dir='ltr'><strong>ad</strong></span> 
     </span>
    </p>
   </div>
   <div class='ocr_carea' id='block_1_80' title="bbox 1863 5009 3450 5086">
    <p class='ocr_par' dir='ltr' id='par_1_80' title="bbox 1863 5009 3450 5086">
     <span class='ocr_line' id='line_1_81' title="bbox 1863 5009 3450 5086; baseline 0.008 -22"><span class='ocrx_word' id='word_1_496' title='bbox 1863 5009 2217 5068; x_wconf 86' lang='lat' dir='ltr'><strong>Tamniticam</strong></span> <span class='ocrx_word' id='word_1_497' title='bbox 2259 5015 2532 5083; x_wconf 65' lang='lat' dir='ltr'><strong>regionem</strong></span> <span class='ocrx_word' id='word_1_498' title='bbox 2593 5025 2862 5086; x_wconf 87' lang='lat' dir='ltr'><strong>patentes.</strong></span> <span class='ocrx_word' id='word_1_499' title='bbox 2909 5019 3090 5074; x_wconf 85' lang='lat' dir='ltr'><strong>Altera</strong></span> <span class='ocrx_word' id='word_1_500' title='bbox 3122 5034 3253 5077; x_wconf 82' lang='lat' dir='ltr'><strong>vero</strong></span> <span class='ocrx_word' id='word_1_501' title='bbox 3296 5037 3327 5076; x_wconf 91' lang='lat' dir='ltr'><strong>a</strong></span> <span class='ocrx_word' id='word_1_502' title='bbox 3357 5037 3450 5076; x_wconf 90' lang='lat' dir='ltr'><strong>su-</strong></span> 
     </span>
    </p>
   </div>
   <div class='ocr_carea' id='block_1_81' title="bbox 1863 5101 3445 5180">
    <p class='ocr_par' dir='ltr' id='par_1_81' title="bbox 1863 5101 3445 5180">
     <span class='ocr_line' id='line_1_82' title="bbox 1863 5101 3445 5180; baseline 0.008 -26"><span class='ocrx_word' id='word_1_503' title='bbox 1863 5101 2102 5169; x_wconf 86' lang='lat' dir='ltr'><strong>pradicta</strong></span> <span class='ocrx_word' id='word_1_504' title='bbox 2178 5101 2321 5157; x_wconf 60' lang='lat' dir='ltr'><strong>IElia</strong></span> <span class='ocrx_word' id='word_1_505' title='bbox 2368 5113 2424 5159; x_wconf 89' lang='lat' dir='ltr'><strong>et</strong></span> <span class='ocrx_word' id='word_1_506' title='bbox 2475 5115 2660 5160; x_wconf 87' lang='lat' dir='ltr'><strong>monte</strong></span> <span class='ocrx_word' id='word_1_507' title='bbox 2703 5106 2832 5162; x_wconf 90' lang='lat' dir='ltr'><strong>Sion</strong></span> <span class='ocrx_word' id='word_1_508' title='bbox 2889 5109 3122 5178; x_wconf 89' lang='lat' dir='ltr'><strong>qualitas</strong></span> <span class='ocrx_word' id='word_1_509' title='bbox 3165 5111 3445 5180; x_wconf 74' lang='lat' dir='ltr'><strong>regionum</strong></span> 
     </span>
    </p>
   </div>
   <div class='ocr_carea' id='block_1_82' title="bbox 1863 5194 3445 5262">
    <p class='ocr_par' dir='ltr' id='par_1_82' title="bbox 1863 5194 3445 5262">
     <span class='ocr_line' id='line_1_83' title="bbox 1863 5194 3445 5262; baseline 0.007 -18"><span class='ocrx_word' id='word_1_510' title='bbox 1863 5200 2194 5247; x_wconf 89' lang='lat' dir='ltr'><strong>monstratur</strong></span> <span class='ocrx_word' id='word_1_511' title='bbox 2221 5208 2391 5262; x_wconf 89' lang='lat' dir='ltr'><strong>usque</strong></span> <span class='ocrx_word' id='word_1_512' title='bbox 2423 5194 2490 5248; x_wconf 84' lang='lat' dir='ltr'><strong>ad</strong></span> <span class='ocrx_word' id='word_1_513' title='bbox 2519 5194 2819 5251; x_wconf 77' lang='lat' dir='ltr'><strong>Czesaream</strong></span> <span class='ocrx_word' id='word_1_514' title='bbox 2867 5196 3161 5252; x_wconf 65' lang='lat' dir='ltr'><strong>Palwstinze</strong></span> <span class='ocrx_word' id='word_1_515' title='bbox 3190 5213 3445 5255; x_wconf 87' lang='lat' dir='ltr'><strong>occasum</strong></span> 
     </span>
    </p>
   </div>
   <div class='ocr_carea' id='block_1_83' title="bbox 1862 5283 3446 5358">
    <p class='ocr_par' dir='ltr' id='par_1_83' title="bbox 1862 5283 3446 5358">
     <span class='ocr_line' id='line_1_84' title="bbox 1862 5283 3446 5358; baseline 0.006 -23"><span class='ocrx_word' id='word_1_516' title='bbox 1862 5298 2068 5338; x_wconf 88' lang='lat' dir='ltr'><strong>versus.</strong></span> <span class='ocrx_word' id='word_1_517' title='bbox 2092 5283 2224 5338; x_wconf 84' lang='lat' dir='ltr'><strong>Nam</strong></span> <span class='ocrx_word' id='word_1_518' title='bbox 2269 5287 2513 5356; x_wconf 83' lang='lat' dir='ltr'><strong>quamvis</strong></span> <span class='ocrx_word' id='word_1_519' title='bbox 2538 5286 2718 5356; x_wconf 82' lang='lat' dir='ltr'><strong>aliqua</strong></span> <span class='ocrx_word' id='word_1_520' title='bbox 2747 5288 3085 5357; x_wconf 71' lang='lat' dir='ltr'><strong>reperiantur</strong></span> <span class='ocrx_word' id='word_1_521' title='bbox 3110 5299 3334 5358; x_wconf 73' lang='lat' dir='ltr'><strong>angusta</strong></span> <span class='ocrx_word' id='word_1_522' title='bbox 3388 5301 3446 5347; x_wconf 83' lang='lat' dir='ltr'><strong>et</strong></span> 
     </span>
    </p>
   </div>
   <div class='ocr_carea' id='block_1_84' title="bbox 1863 5373 3452 5450">
    <p class='ocr_par' dir='ltr' id='par_1_84' title="bbox 1863 5373 3452 5450">
     <span class='ocr_line' id='line_1_85' title="bbox 1863 5373 3452 5450; baseline 0.006 -23"><span class='ocrx_word' id='word_1_523' title='bbox 1863 5373 2044 5428; x_wconf 71' lang='lat' dir='ltr'><strong>brevia</strong></span> <span class='ocrx_word' id='word_1_524' title='bbox 2061 5391 2247 5444; x_wconf 87' lang='lat' dir='ltr'><strong>aspera</strong></span> <span class='ocrx_word' id='word_1_525' title='bbox 2271 5377 2386 5432; x_wconf 87' lang='lat' dir='ltr'><strong>loca</strong></span> <span class='ocrx_word' id='word_1_526' title='bbox 2404 5377 2739 5447; x_wconf 81' lang='lat' dir='ltr'><strong>interposita,</strong></span> <span class='ocrx_word' id='word_1_527' title='bbox 2755 5380 3022 5450; x_wconf 68' lang='lat' dir='ltr'><strong>praecipue</strong></span> <span class='ocrx_word' id='word_1_528' title='bbox 3041 5387 3215 5435; x_wconf 89' lang='lat' dir='ltr'><strong>tamen</strong></span> <span class='ocrx_word' id='word_1_529' title='bbox 3231 5381 3452 5436; x_wconf 85' lang='lat' dir='ltr'><strong>latiores</strong></span> 
     </span>
    </p>
   </div>
   <div class='ocr_carea' id='block_1_85' title="bbox 1862 5467 3454 5540">
    <p class='ocr_par' dir='ltr' id='par_1_85' title="bbox 1862 5467 3454 5540">
     <span class='ocr_line' id='line_1_86' title="bbox 1862 5467 3454 5540; baseline 0.006 -24"><span class='ocrx_word' id='word_1_530' title='bbox 1862 5467 2006 5535; x_wconf 88' lang='lat' dir='ltr'><strong>plani</strong></span> <span class='ocrx_word' id='word_1_531' title='bbox 2029 5477 2392 5525; x_wconf 87' lang='lat' dir='ltr'><strong>monstrantur</strong></span> <span class='ocrx_word' id='word_1_532' title='bbox 2412 5468 2593 5538; x_wconf 84' lang='lat' dir='ltr'><strong>campi</strong></span> <span class='ocrx_word' id='word_1_533' title='bbox 2612 5469 2944 5540; x_wconf 82' lang='lat' dir='ltr'><strong>interpositis</strong></span> <span class='ocrx_word' id='word_1_534' title='bbox 2958 5470 3168 5527; x_wconf 87' lang='lat' dir='ltr'><strong>olivetis</strong></span> <span class='ocrx_word' id='word_1_535' title='bbox 3190 5470 3454 5528; x_wconf 59' lang='lat' dir='ltr'><strong>latiores.</strong></span> 
     </span>
    </p>
   </div>
   <div class='ocr_carea' id='block_1_86' title="bbox 2430 5602 2842 5660">
    <p class='ocr_par' dir='ltr' id='par_1_86' title="bbox 2430 5602 2842 5660">
     <span class='ocr_line' id='line_1_87' title="bbox 2430 5602 2842 5660; baseline -0.002 -1"><span class='ocrx_word' id='word_1_536' title='bbox 2430 5603 2656 5660; x_wconf 84' lang='lat' dir='ltr'><strong>CAPUT</strong></span> <span class='ocrx_word' id='word_1_537' title='bbox 2698 5602 2842 5658; x_wconf 70' lang='lat' dir='ltr'><strong>XXI.</strong></span> 
     </span>
    </p>
   </div>
   <div class='ocr_carea' id='block_1_87' title="bbox 2361 5713 2947 5773">
    <p class='ocr_par' dir='ltr' id='par_1_87' title="bbox 2361 5713 2947 5773">
     <span class='ocr_line' id='line_1_88' title="bbox 2361 5713 2947 5773; baseline -0.009 -1"><span class='ocrx_word' id='word_1_538' title='bbox 2361 5718 2439 5773; x_wconf 84' lang='lat' dir='ltr'><strong>De</strong></span> <span class='ocrx_word' id='word_1_539' title='bbox 2466 5725 2636 5771; x_wconf 81' lang='lat' dir='ltr'><strong>monte</strong></span> <span class='ocrx_word' id='word_1_540' title='bbox 2659 5713 2947 5769; x_wconf 80' lang='lat' dir='ltr'><strong>Oliuarum.</strong></span> 
     </span>
    </p>
   </div>
   <div class='ocr_carea' id='block_1_88' title="bbox 1935 5829 3444 5902">
    <p class='ocr_par' dir='ltr' id='par_1_88' title="bbox 1935 5829 3444 5902">
     <span class='ocr_line' id='line_1_89' title="bbox 1935 5829 3444 5902; baseline 0.001 -18"><span class='ocrx_word' id='word_1_541' title='bbox 1935 5831 2171 5889; x_wconf 86' lang='lat' dir='ltr'><strong>Aliarum</strong></span> <span class='ocrx_word' id='word_1_542' title='bbox 2196 5831 2444 5889; x_wconf 82' lang='lat' dir='ltr'><strong>arborum</strong></span> <span class='ocrx_word' id='word_1_543' title='bbox 2473 5845 2691 5900; x_wconf 71' lang='lat' dir='ltr'><strong>seuera,</strong></span> <span class='ocrx_word' id='word_1_544' title='bbox 2721 5831 2966 5902; x_wconf 80' lang='lat' dir='ltr'><strong>exceptis</strong></span> <span class='ocrx_word' id='word_1_545' title='bbox 2989 5829 3184 5887; x_wconf 86' lang='lat' dir='ltr'><strong>vitibus</strong></span> <span class='ocrx_word' id='word_1_546' title='bbox 3202 5838 3255 5888; x_wconf 89' lang='lat' dir='ltr'><strong>et</strong></span> <span class='ocrx_word' id='word_1_547' title='bbox 3269 5829 3444 5897; x_wconf 81' lang='lat' dir='ltr'><strong>olivis,</strong></span> 
     </span>
    </p>
   </div>
  </div>
