4204 6570
798 433 902 488 791~

1995 434 2236 490 SANCTI
2279 431 2413 485 ΜΠ
2428 431 2589 488 llANl
2631 435 2918 490 ABBA'I‘IS
3951 439 4041 499 792

791 542 848 596 in
909 548 1091 597 monte
1137 539 1352 607 Oliveti,
1396 551 1452 594 ut
1507 544 1670 596 refert
1727 542 1992 610 Arculfus,
2050 560 2172 598 raro
2215 561 2371 614 repe-
2400 545 2447 602 Α
2477 541 2965 613 frequentatoribus
2997 549 3377 618 conspiciatur,
3413 561 3469 606 et
3517 551 3919 610 Dominicorum
3965 573 4040 612 vc-

787 634 882 687 riri
906 643 1131 702 possunt
1164 653 1176 687 :
1209 644 1416 702 segetes
1440 649 1568 688 vero
1617 636 1866 689 frumenti
1910 645 1965 690 et
1991 636 2175 690 hordei
2207 637 2259 690 in
2305 651 2372 690 eo

787 723 942 776 valde
996 723 1116 778 lmle
1167 733 1512 792 consurgunt.
1567 724 1683 778 Non
1748 725 1891 779 enim
1965 725 2218 790 brucosa,
2275 724 2370 778 sed

787 814 1017 867 hcrho.~a
1051 822 1105 868 et
1153 815 1340 868 llorida
1398 815 1540 868 illius
1582 825 1738 868 terra:
1769 815 1997 882 qualitas
2033 815 2370 870 demonstra-

785 911 894 957 tur.
945 904 1188 958 Altitudo
1247 915 1428 958 autem
1493 907 1608 971 ejus
1645 905 1868 972 mqualis
1925 919 2044 958 esse
2102 905 2368 957 altitudini

782 995 968 1050 Sionei
999 998 1199 1050 montis
1230 998 1460 1060 videtur,
1505 998 1750 1064 Quamvis
1781 1013 1933 1050 mons
1960 998 2087 1051 Sion
2117 998 2180 1050 ad
2213 1012 2367 1050 mou-

783 1087 852 1141 tis
894 1087 1085 1143 ()lgvcti
1116 1090 1573 1157 comparationem
1605 1091 1654 1142 in
1683 1091 2020 1159 geometrica:
2072 1089 2366 1143 dimensio-

780 1176 962 1242 nibus,
1017 1176 1297 1232 latitudine
1344 1178 1593 1232 videlicet
1628 1189 1684 1232 et
1740 1178 2091 1246 longitudine,
2173 1195 2368 1249 parvus

778 1278 836 1323 et
884 1280 1139 1338 angustus
1164 1285 1282 1324 esse
1334 1269 1560 1324 videtur.
1618 1270 1765 1325 inter
1831 1272 1928 1326 hos
1975 1272 2110 1326 duos
2158 1281 2366 1326 montes

779 1360 934 1414 vallis
983 1360 1260 1428 Josaphat,
1314 1362 1381 1416 de
1432 1379 1536 1431 qua
1575 1363 1818 1432 superius
1846 1364 2045 1416 dictum
2069 1371 2168 1424 est,
2192 1362 2362 1416 media

779 1451 1087 1519 interjacet,
1147 1468 1177 1505 a
1206 1453 1612 1524 septentrionali
1643 1455 1797 1522 plaga
1837 1455 1887 1506 in
1919 1453 2208 1506 australem
2241 1468 2364 1521 pur-

779 1549 930 1597 recta
967 1550 1199 1610 partem.

1341 1633 1570 1689 CAPUT
1631 1635 1789 1700 xxu.

897 1745 976 1801 De
1004 1748 1114 1803 loco
1149 1748 1432 1804 Dominicrv
1486 1751 1810 1802 ascensionis
1838 1759 1888 1802 et
1932 1751 1994 1804 de
2040 1753 2252 1805 ecclesia

1347 1822 1400 1872 in
1425 1837 1482 1873 eo
1512 1821 1792 1888 (ediﬁcala.

2476 633 2631 702 stigia
2679 636 2874 704 pedum
2898 638 2952 692 in
2998 639 3236 706 ejusdem
3265 641 3367 695 loci
3397 643 3616 711 pulwrc
3663 645 3877 716 depicta
3917 649 4040 702 clare

2475 724 2928 783 demonstrentur.
2952 727 3076 785 ihcc
3107 731 3249 784 enim
3283 731 3472 787 eadem
3501 733 3781 791 Dominica
3837 737 4040 806 vestigia

2476 814 2702 880 ingentis
2728 815 3046 874 claritudine
3067 820 3327 890 lampadis
3348 837 3508 891 supra
3541 825 3788 880 eamdem
3815 827 4042 886 rotamin

2474 905 2728 960 trochleis
2753 910 3032 976 pendentis
3057 911 3146 971 die
3157 922 3210 965 et
3231 923 3389 969 nocte
3408 915 3729 970 ﬂammantis
3751 917 4042 974 illuminan-

2474 1005 2574 1049 tur.
2611 996 2754 1052 Illius
2807 999 2987 1068 itaque
3010 1016 3172 1069 supra
3198 1017 3507 1059 memoratae
3533 1006 3775 1061 ecclesiae
3820 1009 4046 1064 rotunda:

2473 1084 2524 1137 ia
2569 1087 2888 1142 occidentali
2943 1101 3096 1159 parte
3143 1095 3589 1165 bisquaternales
3611 1113 3861 1167 superna:
3886 1097 4042 1154 fabre-

2470 1174 2623 1229 facta:
2664 1178 2929 1234 habentur
2979 1183 3246 1251 fenestrae,
3303 1187 3486 1242 valvas
3535 1187 3798 1244 habentes
3850 1191 4046 1258 vitreas,

2470 1269 2662 1336 quibus
2713 1273 2896 1341 utique
2936 1274 3181 1332 fenestris
3209 1279 3445 1347 ejusdem
3487 1282 4048 1338 numerivicinazlam-

2471 1358 2635 1424 pades
2681 1359 3001 1418 intrinsecus
3024 1379 3055 1418 e
3080 1367 3299 1434 regione
3346 1369 3536 1437 positae
3571 1371 3626 1424 iu
3673 1369 3890 1426 funibus
3928 1388 4048 1442 pen-

2469 1447 2658 1502 dentes
2685 1450 2911 1518 ardent;
2941 1469 3060 1523 qua:
3087 1457 3339 1514 videlicet
3366 1461 3645 1529 lampades
3673 1463 3752 1518 sic
3780 1465 4049 1519 collocata:

2469 1545 2614 1602 sunt,
2643 1547 2704 1590 ut
2733 1555 3067 1611 unaquzeque
3088 1543 3292 1614 lampas
3321 1561 3421 1602 nec
3440 1551 3691 1618 superius
3719 1567 3820 1608 nec
3842 1553 4051 1609 inferius

2472 1628 2720 1695 pendeat.
2743 1631 2838 1684 sed
2862 1635 3014 1700 quasi
3043 1637 3325 1694 adhaerens
3347 1639 3520 1694 eidem
3544 1641 3793 1698 fenestrzr.
3817 1644 4052 1701 videatur

2469 1719 2554 1770 cui
2607 1719 2831 1775 interius
2880 1737 2912 1778 e
2940 1725 3159 1793 regione
3208 1731 3508 1799 propinqua
3539 1736 3847 1803 specialiter
3890 1741 4054 1793 cemi-

2472 1819 2575 1866 tur.
2652 1814 2888 1878 Quarum
2957 1818 3140 1886 utique
3187 1821 3495 1891 lau‘tpadum
3548 1825 3604 1880 in
3644 1836 3856 1882 tantum
3905 1830 4054 1885 clari-

852 1928 912 1982 ln
985 1938 1099 1982 toto
1154 1929 1258 2000 [ΑΙ.
1313 1928 1439 1996 istd
1493 1941 1676 1984 monte
1739 1929 1929 1984 Oliveti
1991 1930 2166 1983 nullus
2223 1930 2358 1984 alius

2471 1913 2550 1958 tas
2604 1908 2860 1975 refulget,
2920 1921 2978 1964 ut
3049 1929 3233 1968 earum
3277 1917 3498 1982 lumine,
3563 1919 3719 1988 quasi
3774 1918 3842 1974 de
3895 1935 4051 1990 supe-

779 2016 933 2072 locus
986 2018 1147 2074 altior
1189 2034 1307 2074 esse
1357 2020 1564 2075 videtur
1595 2020 1705 2081 illo,
1761 2021 1827 2074 de
1855 2035 1962 2088 quo
1991 2020 2245 2074 Dournus
2294 2020 2359 2072 ad

780 2110 950 2163 cmlos
1006 2109 1313 2164 ascendisse
1345 2110 1588 2171 traditur,
1621 2111 1707 2164 ubi
1738 2111 1952 2177 grandis
1982 2111 2204 2164 ecclesii
2253 2119 2361 2164 stat

776 2200 1029 2264 rotunda,
1083 2211 1260 2253 ternas
1317 2214 1412 2268 per
1461 2199 1742 2253 circuitum
1803 2209 2102 2254 cameratas
2155 2200 2358 2254 habens

778 2291 1016 2357 porticus
1059 2290 1164 2360 [ΑΙ.
1224 2290 1480 2360 porticm]
1521 2289 1752 2358 desuper
1798 2298 1987 2344 tectas.
2069 2289 2230 2356 (Iujus
2276 2289 2350 2343 vi-

778 2379 974 2435 delicet
1024 2380 1265 2433 rotunda:
1296 2381 1536 2433 ecclesiis
1568 2380 1787 2433 interior
1818 2380 2006 2434 domus
2045 2379 2160 2433 sine
2217 2390 2359 2433 tecto

775 2479 833 2524 et
887 2471 1004 2524 sine
1052 2484 1286 2537 camara,
1335 2470 1399 2521 ad
1430 2469 1622 2523 emittm
1660 2471 1759 2524 sub
1813 2484 1936 2524 aere
1992 2469 2135 2523 nudo
2173 2479 2358 2539 aperta

777 2571 949 2631 patet,
1001 2563 1051 2615 in
1092 2564 1243 2626 cujus
1274 2562 1524 2615 orientali
1575 2570 1726 2628 parte
1773 2561 1941 2614 altare
1991 2562 2088 2616 sub
2133 2572 2359 2629 angusto

777 2661 1082 2719 protectqu
1133 2661 1276 2705 tecto
1316 2659 1684 2705 constructum
1754 2662 1949 2706 exstat.
2004 2653 2126 2707 Ideo
2179 2654 2360 2723 itaque

776 2745 1003 2796 interior
1033 2745 1118 2796 illa
1159 2745 1350 2798 domus
1393 2759 1660 2798 camaram
1704 2760 1865 2813 supra
1908 2744 2223 2798 collocatam
2251 2760 2357 2799 non

774 2835 962 2899 habet,
1014 2844 1072 2887 ut
1107 2833 1172 2886 de
1219 2835 1308 2886 illo
1353 2835 1472 2888 loco
1543 2836 1593 2888 in
1651 2850 1759 2903 quo
1808 2845 2132 2902 postremum
2179 2834 2356 2888 divina

772 2925 1078 2978 institerant
1101 2925 1344 2991 vestigia,
1380 2940 1501 2978 cum
1528 2925 1580 2978 in
1612 2926 1804 2980 caelum
1838 2927 2086 2981 Dominus
2114 2927 2166 2980 in
2220 2927 2358 2980 uubc

771 3013 1084 3068 sublcva'us
1127 3023 1228 3077 est,
1289 3015 1371 3067 via
1419 3029 1632 3083 semper
1684 3024 1869 3084 aperta
1937 3026 1992 3070 et
2043 3017 2110 3068 ad
2157 3017 2356 3069 aethera

774 3102 1037 3155 caelorum
1107 3103 1310 3156 direcm
1394 3105 1560 3157 oculis
1614 3104 1664 3157 in
1716 3103 1906 3159 eodem
1959 3105 2076 3158 luco
2131 3120 2356 3158 exoran-

771 3194 905 3249 tium
936 3205 1136 3265 pateat.
1157 3196 1284 3249 Nam
1313 3213 1432 3250 cum
1464 3199 1595 3262 hrc,
1620 3196 1688 3250 tle
1715 3213 1819 3265 qua
1851 3213 1992 3252 nunc
2021 3213 2188 3266 pauca
2209 3213 2358 3252 com-

2463 1996 2606 2052 riore
2636 2002 2834 2054 montis
2867 2001 3063 2059 Oliveti
3114 2007 3235 2060 loco
3268 2011 3694 2075 coruscantium,
3724 2026 3825 2080 per
3863 2013 4051 2066 vitrum

2464 2088 2798 2144 abundanter
2817 2093 3007 2161 effuso,
3039 2112 3145 2150 non
3190 2107 3394 2153 tantum
3453 2115 3517 2155 ea
3573 2102 3816 2171 ejusdem
3860 2106 4052 2158 montis

2463 2194 2603 2247 pars,
2672 2198 2788 2248 qua:
2840 2185 2906 2239 ad
2979 2202 3230 2243 occasum
3305 2207 3492 2247 versus
3565 2193 3738 2248 eidem
3818 2194 4054 2248 adharret

2462 2278 2703 2332 rotunda:
2760 2289 2816 2334 et
2869 2282 3094 2352 lapideae
3142 2285 3407 2352 basilicm,
3462 2286 3556 2342 sed
3605 2290 3767 2342 etiam
3825 2290 4052 2342 civitatis

2463 2365 2846 2439 iterosolymrc
2877 2373 2946 2426 dc
2990 2374 3128 2428 valle
3167 2375 3426 2446 Josaphat
3479 2393 3737 2433 ascensus
3767 2393 3865 2447 per
3893 2395 4049 2447 quos—

2462 2457 2582 2510 dam
2617 2462 2816 2526 gradus
2847 2463 2976 2533 [AL
3013 2467 3229 2536 gratiosi
3261 2471 3314 2522 iu
3358 2468 3524 2522 altum
3553 2469 3875 2524 sublimatus
3910 2472 4052 2525 clare

2461 2551 2755 2616 quamlibet
2787 2554 2839 2606 in
2868 2554 3163 2608 tenebrosis
3189 2557 3438 2612 similiter
3466 2559 3716 2614 noctibus
3740 2561 4053 2615 mirabiliter

2463 2638 2774 2705 illustrctur,
2806 2652 2859 2696 et
2907 2647 3076 2711 major
3099 2645 3336 2714 ejusdem
3369 2661 3492 2715 pars
3519 2648 3666 2702 urbis
3712 2650 3956 2703 anterior
4021 2663 4053 2703 e

2462 2731 2682 2796 regione
2710 2734 2897 2799 posita:
2934 2734 3123 2790 eadem
3154 2737 3483 2793 illuminetur
3507 2739 3772 2794 claritate.
3804 2738 3935 2794 Haec
3966 2739 4052 2794 ful-

2461 2822 2580 2887 gida
2603 2830 2657 2876 et
2678 2824 3030 2891 prmdicabilis
3059 2828 3388 2882 octonalium
3410 2842 3724 2897 magnarum
3747 2830 4052 2886 coruscatio

2461 2915 2820 2977 lucernarum,
2860 2915 2927 2969 de
2983 2930 3166 2972 monte
3212 2928 3398 2974 sancto
3427 2929 3482 2974 et
3509 2919 3578 2974 de
3603 2920 3724 2974 loco
3758 2920 4051 2976 Dominica

2461 3007 2789 3060 ascensionis
2818 3018 2975 3061 noctu
3002 3009 3400 3076 rel’ulgentium,
3426 3011 3684 3080 majorem
3719 3012 3739 3080 (
3767 3019 3826 3066 ut
3868 3012 4054 3068 Arcul-

2462 3095 2546 3150 fus
2574 3097 2768 3166 refert)
2795 3098 2956 3152 divini
2987 3101 3184 3154 amoris
3211 3101 3546 3155 alacritatem
3577 3103 3925 3158 credulorum
3971 3119 4053 3158 reo

2462 3190 2799 3257 spicientium
2826 3193 3075 3246 cordibus
3101 3193 3355 3260 intundit,
3378 3194 3773 3262 quemdamque
3797 3209 4054 3264 pavorem

771 3296 1126 3351 memoratur,
1181 3288 1398 3341 basi‘ica
1445 3286 1818 3352 fabricareinr,
1871 3288 2009 3341 idem
2070 3288 2220 3342 locus
2268 3247 2431 3342 νεῖ-Ο
2468 3281 2630 3333 menti
2663 3297 2781 3335 cum
2831 3283 3031 3350 ingenti
3080 3283 3289 3337 interna
3320 3285 3738 3353 compunctione
3768 3285 3989 3340 incutit.

769 3382 1051 3449 stigiorum
1089 3382 1315 3445 Domini,
1347 3389 1402 3434 ut
1448 3381 1570 3434 alibi
1628 3382 1884 3450 scriptun
1933 3390 2202 3449 repertmn
2257 3390 2357 3448 est,

771 3477 1074 3532 continuuri
1118 3477 1427 3546 pavimento
1477 3492 1598 3530 cum
1630 3476 1833 3543 reliqua
1889 3484 2179 3530 stratorum
2207 3485 2361 3544 parte

771 3582 879 3621 non
928 3567 1144 3637 .potuit.
1201 3565 1476 3636 Siquidem
1535 3580 1868 3634 quaecunque
1926 3565 2358 3634 applicabuntur,

772 3657 1011 3712 insolens
1070 3657 1301 3710 humana
1350 3657 1624 3726 suscipere
1647 3665 1788 3710 terra
1819 3664 2124 3725 respueret,
2181 3657 2234 3710 in
2264 3671 2359 3710 ora

770 3749 1156 3818 app-tuentium
1176 3747 1414 3801 excussis
1445 3747 1800 3799 marmoribus
1824 3745 2044 3817 [Grcts.,
2069 3762 2192 3798 mox
2212 3747 2360 3814 prio-

772 3836 962 3904 ribus].
990 3835 1126 3900 Quin
1154 3835 1318 3890 etiam
1348 3834 1538 3889 calcati
1565 3836 1674 3888 Deo
1697 3834 1931 3903 pulveris
1959 3835 2095 3888 adeo
2121 3850 2360 3903 perenne

769 3928 1155 3982 documentum
1187 3935 1289 3990 est,
1319 3934 1377 3980 ut
1404 3927 1624 3994 vestigia
1650 3935 1939 3980 cernantur
1970 3929 2262 3996 impressa;
2299 3937 2361 3981 et

771 4033 897 4072 cum
941 4018 1184 4085 quotidie
1239 4016 1626 4072 confluentium
1658 4016 1788 4072 liJes
1819 4032 1849 4068 a
1882 4017 2108 4072 Domino
2151 4017 2357 4070 calcata

767 4107 1010 4175 diripiat,
1041 4106 1292 4160 damnum
1325 4115 1500 4159 tamen
1529 4120 1654 4160 area
1687 4122 1792 4158 non
1815 4107 2001 4172 sentit,
2033 4114 2086 4159 ct
2113 4106 2358 4161 eamdem

773 4196 949 4249 adhuc
990 4196 1070 4248 sui
1120 4196 1357 4264 speciem
1403 4196 1565 4248 veluti
1609 4195 1884 4264 impressis
1932 4196 2136 4263 signata
2194 4197 2357 4250 vesti—

771 4289 872 4356 giis
919 4297 1060 4342 terra
1101 4288 1354 4342 custodit.
1404 4285 1459 4339 lu
1515 4287 1705 4341 eodem
1754 4287 1914 4354 igvtur
1961 4289 2104 4355 loco,
2159 4297 2215 4342 ut
2238 4305 2364 4342 san-

773 4390 896 4436 ctus
925 4380 1092 4434 refert
1122 4379 1392 4441 Arculfus,
1424 4380 1641 4434 sedulus
1673 4380 1912 4448 ejusdem
1964 4381 2361 4450 frequentator,

772 4487 913 4527 ιρι-ρει
968 4472 1184 4539 grandis
1241 4487 1336 4540 per
1383 4471 1663 4525 circuitum
1709 4483 1825 4526 rota
1901 4472 2130 4542 desuper
2173 4473 2359 4541 expla-

2541 3371 2646 3426 Scd
2696 3381 2749 3425 et
2798 3373 2901 3427 hoc
2957 3374 3110 3428 nobis
3149 3390 3256 3428 non
3305 3389 3426 3430 esse
3480 3376 3769 3430 tacendum
3819 3377 4054 3442 videtur,

2467 3464 2609 3527 quod
2641 3479 2782 3533 srcpe
2809 3473 3141 3520 memoratus
3166 3466 3413 3522 Arculfus
3438 3467 3505 3521 de
3524 3469 3626 3523 hac
3645 3468 3839 3522 eadem
3863 3477 4054 3525 rotun-

2465 3553 2532 3607 da
2561 3555 2790 3609 ecclesia
2821 3558 2950 3610 mihi
2981 3558 3290 3625 diligentius
3344 3559 3702 3628 interroganti
3756 3560 3947 3614 retulit
3975 3561 4054 3614 di-

2466 3661 2640 3700 cens:
2690 3645 2747 3699 ln
2798 3648 3167 3702 anniversaria
3217 3649 3322 3702 diei
3371 3649 3660 3704 Dominiczn
3701 3651 4054 3706 Ascensionis

2466 3737 2810 3792 solemnitate
2857 3753 2952 3806 per
2999 3754 3188 3794 omnes
3234 3755 3408 3796 annos
3459 3741 3770 3796 validissimi
3824 3744 4055 3798 flaminis

2467 3831 2702 3899 procella
2763 3831 3070 3886 meridianis
3125 3833 3286 3896 horis,
3319 3841 3441 3902 post
3486 3842 3702 3903 peracta
3763 3836 3816 3890 in
3864 3837 4056 3891 eadem

2467 3921 2685 3976 basilica
2709 3931 3055 3976 sacrosancta
3084 3924 3368 3977 missarum
3387 3923 3668 3987 solemnia,
3699 3924 3823 3978 forti
3853 3928 4057 3996 impetu

2466 4013 2675 4067 irruere
2705 4013 2760 4066 in
2806 4021 3013 4069 tantum
3064 4014 3223 4079 solet,
3254 4024 3313 4068 ut
3340 4015 3518 4069 nullus
3589 4015 3869 4072 hominum
3911 4028 4057 4071 stare

2465 4104 2549 4158 vel
2580 4105 2740 4158 etiam
2770 4104 2961 4159 sedere
3003 4106 3057 4158 in
3101 4105 3189 4158 illa
3238 4106 3466 4160 ecclesia
3497 4114 3554 4160 et
3601 4107 3790 4161 vicinis
3817 4109 3896 4161 eis
3928 4109 4060 4161 locis

2466 4213 2684 4267 quoquo
2734 4200 2902 4268 possit
2951 4199 3131 4264 modo,
3180 4198 3272 4252 sed
3322 4213 3512 4253 onmes
3564 4200 3752 4253 tandiu
3812 4203 3863 4253 in
3914 4211 4060 4254 terra

2468 4289 2751 4357 prostratis
2780 4288 3012 4343 vultibus
3040 4291 3360 4358 superstrati
3388 4290 3592 4357 jaceat,
3619 4289 3791 4345 donec
3821 4292 3911 4345 illa
3960 4302 4060 4346 ter-

2466 4378 2635 4432 ribilis
2685 4379 2920 4446 procella
2972 4387 3328 4448 pertranseat.
3381 4379 3552 4449 Hujus
3605 4380 3827 4436 terriﬁci
3896 4382 4062 4438 ﬂatus

2467 4485 2628 4523 causa
2651 4471 2779 4523 lacit
2809 4479 2865 4523 ut
2911 4471 2998 4525 illa
3031 4487 3153 4539 pars
3177 4472 3368 4526 domus
3396 4473 3598 4528 habere
3623 4489 3902 4528 camaram
3949 4491 4059 4530 non

772 4574 899 4617 nata
938 4564 1203 4617 collocata
1251 4574 1350 4627 est,
1409 4564 1560 4630 cujus
1614 4565 1843 4618 altitudo
1898 4581 2066 4635 usque
2116 4567 2182 4620 ad
2236 4583 2357 4621 vcr-

2473 4561 2643 4626 possit
2697 4576 2857 4628 supra
2909 4562 3087 4616 locum
3138 4563 3519 4632 impressorum
3552 4564 3762 4618 Domini
3797 4566 4059 4633 vestigio-

774 4655 936 4708 ticcm
982 4655 1167 4707 haberi
1212 4664 1543 4709 ntomtratur
1573 4665 1920 4710 mensurata:
1956 4657 2008 4710 in
2047 4656 2196 4724 cujus
2244 4673 2361 4710 mc-

772 4748 974 4802 dietate
1006 4763 1112 4801 non
1145 4763 1312 4817 parva
1347 4756 1493 4816 patet
1523 4759 1805 4818 pertusura
1836 4749 1966 4819 [Al.,
1999 4749 2359 4820 percussum],

775 4853 877 4907 per
907 4853 1066 4906 quam
1097 4838 1331 4906 desuper
1357 4848 1596 4906 apertam
1652 4840 1870 4906 vestigia
1927 4840 2118 4907 pedum
2155 4841 2362 4893 Domini

773 4927 933 4995 plane
962 4935 1017 4981 et
1047 4927 1220 4982 lucide
1251 4929 1507 4996 impressa
1558 4931 1609 4982 in
1647 4931 1865 4998 pulvere
1899 4931 2359 4984 demonstrantur.

774 5019 868 5071 Illa
920 5033 1137 5088 quoque
1177 5019 1228 5071 in
1270 5029 1387 5072 rota
1420 5022 1487 5074 ab
1509 5021 1834 5074 occidentali
1859 5031 2009 5088 parte
2038 5021 2189 5088 quasi
2219 5037 2364 5086 qum-

776 5108 902 5161 dam
965 5122 1182 5176 semper
1234 5117 1380 5176 patet
1423 5119 1602 5177 porta,
1660 5119 1718 5162 ut
1782 5125 1876 5178 per
1932 5126 2048 5163 eam
2104 5111 2364 5164 intrantes

774 5197 934 5252 facile
968 5198 1116 5251 adire
1166 5199 1345 5253 locum
1402 5201 1592 5254 sacrati
1623 5200 1857 5269 pulveris
1901 5203 2126 5270 possint,
2185 5211 2240 5254 et
2269 5216 2364 5269 per

778 5296 1026 5355 apertum
1068 5288 1302 5355 desuper
1341 5289 1586 5356 ejusdem
1630 5299 1762 5344 rota:
1818 5290 2060 5345 foramen
2112 5291 2177 5344 de.
2207 5306 2362 5346 sacro

777 5381 998 5446 pulvere
1055 5381 1319 5446 porrectis
1374 5380 1621 5433 manibus
1673 5381 1960 5446 particulas
2003 5389 2236 5436 sumant.
2270 5381 2363 5448 lgiv

775 5481 868 5523 tur
904 5471 1082 5523 nostri
1107 5470 1303 5524 Arculli
1327 5470 1392 5526 de
1415 5471 1536 5526 loco
1560 5473 1904 5538 vestigiorum
1939 5473 2148 5526 Domini
2173 5487 2362 5527 narra-

778 5564 855 5618 tio
909 5578 1031 5617 cum
1084 5564 1307 5617 aliorum
1368 5564 1580 5633 scriptis
1632 5574 1780 5619 recto
1835 5563 2148 5630 concordat,
2217 5560 2360 5631 quod

779 5670 881 5708 nec
928 5653 1161 5707 culmine
1212 5655 1444 5722 domus,
1499 5671 1599 5710 nec
1646 5653 1827 5724 aliquo
1879 5656 2094 5724 speciali
2145 5657 2362 5709 inferio-

782 5759 839 5797 re
885 5753 940 5798 et
987 5744 1246 5799 viciniore
1294 5746 1528 5811 tegmine
1568 5746 1677 5800 ullo
1718 5761 1933 5816 quoque
1961 5747 2120 5801 modo
2152 5747 2358 5815 protegi

782 5835 1034 5904 potuerit,
1087 5843 1140 5888 ut
1193 5851 1405 5904 seraper
1459 5834 1739 5892 mauiTeSEc
1795 5838 1859 5891 ab
1935 5836 2198 5890 universis
2247 5835 2358 5904 ejus

2468 4667 2604 4713 rum,
2637 4666 2756 4720 qua:
2807 4653 2947 4706 intra
2986 4653 3307 4722 supradicta:
3350 4661 3484 4708 rota:
3522 4654 3756 4709 medium
3810 4657 4061 4710 foramen

2467 4749 2654 4808 aperte
2702 4751 3088 4809 monstrantur,
3145 4744 3212 4797 ad
3263 4744 3459 4799 crelum
3519 4759 3738 4815 semper
3783 4750 4064 4816 patefacta

2469 4840 2747 4900 appareat.
2803 4833 2934 4886 Nam
2982 4849 3332 4904 quascunque
3384 4837 3644 4890 materias
3695 4839 3939 4907 desuper
3998 4841 4066 4893 ad

2468 4937 2735 4975 camaram
2781 4926 3208 4993 componendam
3251 4925 3296 4980 si
3325 4927 3542 4995 quando
3581 4927 3830 4981 humana:
3861 4945 4066 4984 manus

2467 5028 2554 5064 ars
2608 5015 2876 5068 :cdilicare
2903 5015 3224 5080 conabatur,
3269 5031 3431 5085 supra
3479 5018 3763 5070 memorati
3793 5018 4066 5073 divinitus

2467 5105 2662 5156 emissa
2721 5106 2862 5159 venti
2909 5107 3156 5160 validitas
3202 5106 3537 5161 destruebat.
3582 5108 3655 5161 lle
3710 5109 3818 5164 hac
3869 5111 4067 5179 itaque

2467 5191 2788 5249 formidabili
2838 5197 3074 5264 procella
3124 5204 3340 5251 sanctus
3387 5197 3640 5252 Arculfus
3675 5198 3860 5253 taliter
3904 5201 4068 5254 nobis

2467 5287 2759 5351 enarravit,
2811 5288 2902 5356 qui
2947 5288 3131 5342 eadem
3181 5289 3314 5344 hora
3368 5304 3471 5358 qua
3531 5290 3585 5343 in
3636 5289 3724 5344 die
3759 5290 4068 5346 Douiinica:

2467 5379 2798 5433 ascensionis
2850 5379 2940 5433 ille
2984 5380 3346 5435 validissimus
3401 5379 3556 5434 irruit
3602 5377 3784 5449 flatus,
3833 5391 3896 5436 et
3947 5383 4070 5451 ipse

2466 5484 2701 5536 prrcsens
2732 5470 2783 5523 in
2827 5471 3014 5524 eadem
3056 5472 3282 5528 ecclesia
3311 5470 3503 5526 Oliveti
3542 5471 3789 5528 interfuit
3827 5475 4066 5529 montis.

2465 5561 2630 5629 Cujus
2655 5563 2904 5618 videlicet
2951 5563 3190 5618 rotunda:
3245 5565 3488 5619 ecclesirc
3517 5563 3711 5634 ﬁgura,
3733 5567 3829 5620 vili
3860 5582 4069 5637 quam—

2467 5653 2544 5707 vis
2573 5653 2779 5721 pictura
2821 5654 2900 5708 sic
2928 5653 3159 5724 depicta,
3190 5655 3528 5721 declaratur;
3567 5671 3722 5710 aerea!
3754 5673 3982 5714 necnon
4012 5657 4067 5712 in

2462 5745 2580 5812 ejus
2619 5747 2909 5800 medietate
2951 5746 3227 5800 collocata:
3259 5755 3392 5800 rotae
3441 5746 3668 5800 formula
3699 5748 3807 5803 hac
3845 5749 4068 5805 descri-

2465 5837 2734 5906 ptiuncula
2760 5837 3156 5893 demonstratur
3182 5838 3427 5905 subjecta
3472 5843 3526 5905 ip
3565 5856 3615 5910 ῃ.
3649 5844 3812 5909 5:11.).
