4204 6536
195 423 300 481 795

1418 410 1505 464 DE
1545 405 1745 464 LOCIS
1787 404 2077 463 SANC'I'IS
2120 407 2249 463 LIB;
2293 408 2335 464 1.

3376 406 3488 464 794

1224 2117 1763 2513 v7

186 2680 292 2739 Sed
324 2688 383 2737 et
409 2680 519 2735 hoc
545 2677 709 2732 etiam
738 2673 909 2731 sancti
940 2670 1204 2727 relatione
1233 2666 1434 2723 Arculti
1464 2665 1769 2729 didicimus,
1804 2669 1853 2729 Α
1881 2660 2054 2716 bitare
2078 2658 2295 2725 poterit,
2326 2665 2379 2713 et
2403 2671 2470 2711 ue
2497 2654 2764 2711 sermonis
2786 2652 2956 2707 forma
2996 2647 3197 2721 [Corb.,
3264 2646 3466 2716 styma]

188 2771 333 2847 quod
393 2772 450 2825 in
509 2768 701 2825 eadem
766 2764 998 2821 rotunda
1078 2761 1303 2817 ecclesia
1357 2759 1423 2813 ad
1463 2766 1777 2813 consuetum

185 2845 275 2920 vin
339 2877 507 2933 supra
551 2866 966 2915 memoratarum
1026 2862 1186 2909 noctu
1242 2851 1564 2905 intrinsecus
1612 2845 1777 2901 reful-

186 2955 431 3025 gentium
482 2953 819 3006 lucernarum
875 2960 1045 3017 prope
1074 2941 1492 2999 innumerabiles
1521 2940 1573 2993 in
1618 2944 1779 2991 nocte

184 3044 377 3099 festiva
402 3039 697 3095 Dominica:
734 3035 1065 3092 ascensionis
1106 3034 1223 3088 alia:
1248 3030 1407 3101 adjici
1437 3029 1613 3084 solent
1644 3027 1778 3079 latn-

183 3137 351 3205 pades
403 3152 417 3187 :
472 3145 699 3202 quarum
753 3127 977 3183 terribili
1046 3134 1102 3180 et
1158 3122 1456 3179 admirabili
1519 3132 1774 3175 corusca-

184 3228 331 3281 tione
380 3237 483 3294 per
523 3221 720 3275 vitreas
776 3218 1134 3275 fenestrarum
1195 3215 1396 3278 valvas,
1441 3211 1774 3266 abundanter

184 3316 348 3372 ell'usa
380 3329 543 3368 mons
571 3312 766 3366 Oliveti
811 3326 918 3365 non
944 3310 1117 3365 solum
1149 3305 1454 3370 illuminari,
1477 3303 1571 3357 sed
1609 3303 1772 3358 etiam

184 3407 375 3460 ardere
425 3411 572 3458 totus
620 3400 850 3464 videtur,
893 3408 1115 3468 totaque
1184 3397 1369 3452 civitas
1418 3392 1672 3447 illustrari
1718 3391 1770 3444 in

185 3498 478 3553 humiliore
527 3503 583 3549 et
624 3493 797 3548 vicino
839 3492 940 3547 sita
982 3491 1125 3546 loco.

770 3644 997 3701 CAPUT
1050 3641 1234 3697 XXIll.

205 3763 285 3821 De.
304 3763 549 3835 sepulcro
569 3759 762 3835 Lazari
783 3767 831 3812 et
847 3758 1059 3835 ecclesia
1076 3752 1394 3835 superi/Iud
1419 3759 1739 3811 constructa,

448 3842 501 3886 et
543 3832 606 3885 de
658 3830 972 3883 monasterio
1004 3827 1169 3880 eidem
1196 3823 1518 3877 adhwrente.

250 3944 526 4007 Arcuit’us,
558 3948 864 3995 sanctorum
891 3950 1050 4007 supra
1079 3943 1498 3989 memoratornm
1522 3929 1773 3998 frequen-

185 4048 325 4093 tator
378 4037 651 4098 locorum,
701 4030 982 4101 quemdam
1010 4027 1281 4081 Dethaniue
1328 4023 1632 4093 campulum
1660 4037 1775 4075 ma-

183 4143 285 4196 gna
353 4126 635 4181 Olivarum
702 4123 835 4177 silva
909 4118 1296 4176 circumdatum
1366 4115 1639 4170 visitavit:
1684 4114 1774 4169 ubi

184 4218 384 4288 grande
413 4219 560 4273 inest
624 4214 1029 4278 monasterium,
1078 4219 1133 4265 et
1162 4209 1377 4279 grandis
1431 4208 1647 4262 basilica
1687 4221 1779 4260 su-

189 4325 284 4381 per
331 4310 488 4365 illam
539 4306 797 4363 :editicata
848 4304 1182 4373 speluncam,
1236 4301 1302 4355 de
1362 4316 1465 4370 qua
1520 4299 1778 4354 Dominus

187 4402 607 4471 quatriduanum
650 4405 919 4452 mortuum
958 4392 1248 4449 suscitavit
1272 4390 1557 4445 Lazarum.

782 4542 1006 4601 CAPUT
1030 4542 1220 4598 XXIV.

295 4666 375 4721 De
421 4663 642 4720 ecclesia
685 4660 755 4714 ad
816 4660 1082 4712 dexteram
1132 4655 1399 4711 Bethanitc
1453 4664 1651 4726 partem

828 4738 1140 4784 constructa.

253 4850 329 4905 De
374 4849 482 4902 alia
537 4844 834 4900 cclebriore
885 4840 1113 4897 ecclesia
1164 4839 1230 4893 ad
1260 4836 1550 4893 australem
1579 4836 1779 4891 Betha-

187 4942 283 4997 nize
323 4950 563 5010 partem,
594 4945 651 4992 et
678 4937 732 4990 in
763 4950 829 4990 eo
856 4933 1054 4989 montis
1071 4930 1263 4987 Oliveti
1294 4932 1414 4985 loco
1466 4929 1685 4984 fundata
1724 4929 1778 4983 in

184 5048 288 5100 quo
332 5034 600 5086 Dominus
684 5030 752 5082 ad
801 5025 1094 5095 discipulos
1168 5023 1421 5077 habuisse
1470 5035 1775 5076 sermonem

185 5123 400 5190 dicitur,
452 5120 697 5175 breviter
740 5114 1083 5173 scribendum
1109 5113 1453 5167 arbitramur.
1506 5110 1644 5164 Hinc
1666 5125 1775 5164 non

186 5213 523 5281 negligenter
579 5206 957 5277 inquirendum
1004 5212 1086 5259 est
1114 5203 1328 5273 qualem
1356 5216 1685 5266 sermonem,
1717 5209 1774 5255 et

181 5318 287 5373 quo
328 5314 605 5373 tempore,
643 5302 726 5355 vel
753 5299 820 5354 ad
871 5313 1008 5368 quas
1028 5296 1292 5366 speciales
1322 5308 1583 5363 personas
1612 5293 1769 5349 disci-

183 5396 428 5462 pulorum
474 5392 739 5447 Dominus
782 5391 854 5445 sit
902 5389 1137 5444 locutus.
1169 5387 1301 5454 Qua:
1358 5386 1483 5451 tria,
1517 5384 1562 5439 si
1608 5385 1767 5438 trium

183 5484 471 5557 Evangelia
518 5484 846 5554 scriptorum
897 5481 1107 5552 aperire
1126 5477 1478 5543 voluerimus,
1510 5475 1771 5538 Mattbcei,

182 5578 362 5645 Marci,
415 5579 604 5643 Luczc,
658 5576 815 5631 nobis
864 5573 1151 5629 manifeste
1205 5570 1507 5635 clarebunt,
1564 5569 1656 5637 qui
1702 5568 1768 5623 de

182 5672 439 5729 sermonis
487 5669 756 5743 qualitate
808 5665 1355 5739 concinnanter[Al.,
1384 5659 1757 5733 concinentes]

184 5758 489 5831 loquuntur,
539 5761 755 5819 deloco
799 5758 966 5832 ipsius
1034 5754 1416 5817 conventionis
1474 5766 1633 5810 nemo
1664 5749 1765 5808 du-

1884 2751 1973 2818 qui
1991 2749 2225 2804 Matthaei
2241 2747 2303 2801 Ei
2316 2747 2585 2815 angelium
2602 2744 2750 2813 legit,
2773 2742 2863 2796 ubi
2879 2739 2947 2795 de
2962 2737 3188 2793 Domino
3201 2735 3315 2805 ipse
3328 2749 3475 2789 com—

1885 2837 2497 2907 memoratevangclista
2527 2836 2744 2891 dicens:
2780 2831 3002 2887 Sedente
3034 2836 3205 2880 autem
3234 2840 3291 2879 eo
3310 2839 3467 2892 super

1883 2942 2104 2986 montem
2124 2931 2329 2992 Oliveti,
2347 2935 2670 2982 arcesserunl
2689 2925 2756 2979 ad
2768 2940 2882 2977 eum
2900 2918 3139 2990 discipuli
3153 2924 3371 2977 secreto,
3386 2914 3469 2968 di-

1882 3034 2051 3077 centes
2083 3038 2099 3074 :
2132 3021 2225 3075 Dic
2258 3020 2402 3076 nobis
2429 3020 2635 3091 quando
2667 3018 2774 3070 hazc
2804 3014 2997 3066 erant?
3027 3019 3075 3065 et
3103 3008 3238 3080 quod
3266 3007 3470 3073 signum

1881 3116 1961 3168 ad,
1981 3125 2126 3167 entus
2154 3114 2226 3166 tui
2250 3124 2296 3166 et
2321 3106 2782 3166 consummationis
2809 3104 3023 3159 seaculi?
3050 3099 3265 3172 (Matth.
3293 3096 3469 3166 XXIV.)

1886 3204 1962 3259 De
2000 3203 2247 3273 personis
2296 3200 2744 3268 intcrrogantium
2803 3196 2892 3250 hic
2942 3193 3225 3247 Mat'hteus
3282 3189 3472 3253 tacuit,

1882 3296 1975 3350 sed
2022 3294 2235 3349 Marcus
2283 3309 2391 3348 non
2431 3302 2598 3355 tacet,
2647 3290 2739 3358 qui
2785 3288 2859 3343 ita
2909 3285 3152 3341 scribens
3176 3282 3305 3338 dicit
3337 3299 3350 3336 :
3379 3280 3473 3335 ln-

1885 3385 2209 3455 terrogabant
2230 3401 2342 3437 eum
2363 3382 2645 3451 separatim
2673 3380 2876 3443 Petrus,
2901 3386 2949 3431 et
2969 3375 3214 3439 Jacobus,
3239 3384 3288 3428 et
3305 3370 3474 3429 Joan-

1884 3492 1991 3537 nes,
2054 3486 2101 3527 et
2158 3476 2394 3528 Andreas
2436 3472 2630 3542 (Marc.
2667 3472 2803 3540 xm).
2857 3470 3061 3535 Quibus
3088 3466 3473 3535 interroganti-

1882 3566 1984 3621 bus
2032 3565 2364 3635 respondens
2410 3564 2722 3632 qualitatem
2773 3560 2943 3616 habiti
2985 3558 3250 3614 sermonis
3315 3558 3471 3625 juxta

1883 3664 1992 3710 tres
2047 3656 2295 3725 superius
2345 3662 2802 3709 commemoratos
2858 3651 3222 3721 evangelistas
3290 3657 3474 3703 osten-

1878 3747 1955 3803 dit
2002 3747 2073 3799 ita
2123 3746 2394 3802 dicendo:
2438 3746 2617 3799 Videte
2670 3762 2735 3799 ne
2781 3746 2893 3816 quis
2936 3761 3021 3799 ros
3046 3744 3279 3798 seducat.
3313 3740 3470 3795 Multi

1878 3839 2013 3890 enim
2046 3839 2244 3890 venient
2296 3838 2349 3890 in
2397 3837 2604 3890 nomine
2650 3850 2762 3889 meo
2793 3836 3039 3897 dicentes,
3067 3834 3186 3904 quia
3234 3850 3327 3903 ego
3357 3848 3469 3887 sum

1881 3926 2115 3981 Christus
2149 3926 2379 3997 (lbid.),
2423 3938 2481 3982 et
2526 3934 2720 3981 caetera
2777 3926 3060 3995 sequentia
3117 3925 3185 3979 de
3240 3924 3470 3979 novissi-

1879 4018 1980 4071 mis
2037 4018 2371 4087 temporibus
2440 4027 2495 4071 et
2548 4014 2732 4071 saeculi
2786 4016 3300 4082 consummatione,
3350 4027 3470 4083 quae

1883 4109 2164 4164 Matthams
2216 4109 2427 4180 prolixo
2476 4123 2728 4165 sermone
2783 4110 3129 4178 prosequitur
3185 4121 3354 4176 usque
3403 4104 3472 4157 ad

1880 4215 2001 4256 eum
2055 4201 2251 4265 locum,
2305 4215 2415 4270 quo
2463 4210 2520 4256 et
2560 4209 2806 4269 tempore
2858 4198 2990 4271 [Al.,
3028 4193 3263 4266 tempus]
3308 4194 3470 4263 hujus

1881 4295 2165 4351 manifeste
2209 4293 2349 4349 idem
2400 4294 2731 4363 evangelista
2776 4308 2845 4347 ex
2874 4291 3054 4347 verbis
3084 4289 3293 4345 Domini
3344 4303 3472 4358 pro-

1882 4387 2037 4443 tracti
2080 4387 2351 4441 sermonis
2391 4384 2634 4441 ostendit
2677 4386 2751 4439 ita
2805 4383 3026 4439 dicens:
3062 4381 3132 4435 Et
3175 4384 3369 4451 factum
3396 4390 3472 4433 est

1881 4493 1999 4530 cum
2026 4485 2432 4531 consummasset
2481 4474 2635 4530 Jesus
2668 4490 2927 4530 sermones
2970 4474 3063 4526 hos
3097 4487 3293 4533 omnes,
3340 4470 3473 4522 dixit

1880 4566 2150 4635 discipulis
2194 4565 2302 4619 suis
2324 4581 2343 4618 :
2381 4564 2541 4621 Scitis
2568 4565 2689 4635 quia
2736 4573 2852 4634 post
2881 4563 3093 4616 biduum
3120 4560 3327 4614 Pascha
3356 4560 3463 4627 ﬁet,

1880 4664 1930 4709 et
1948 4654 2115 4708 Filius
2129 4656 2353 4710 hominis
2369 4657 2602 4711 tradetur
2621 4664 2674 4710 ut
2691 4657 3027 4726 cruciﬁgatur
3060 4652 3277 4723 (Matth.
3294 4666 3417 4705 xxvr
3429 4655 3468 4719 ).

1882 4754 1940 4800 et
1994 4754 2211 4801 caetera.
2260 4747 2462 4818 Aperte
2517 4760 2647 4815 ergo
2697 4746 3001 4802 ostenditur
3084 4744 3367 4799 Dominum
3417 4742 3469 4797 in

1881 4837 1970 4893 die
2015 4846 2221 4907 quartae
2273 4840 2441 4905 feriae,
2490 4839 2651 4894 biduo
2707 4847 2951 4894 restante
3005 4851 3175 4907 usque
3220 4836 3288 4891 ad
3360 4836 3470 4904 pri-

1882 4946 2024 4984 mam
2079 4946 2390 5002 azymorum
2444 4932 2587 4987 diem
2635 4933 2727 5003 qui
2772 4933 2970 4987 dicitur
3024 4930 3252 4992 Pascha,
3305 4944 3467 4998 supra

1883 5032 2366 5078 commemoratum
2421 5039 2728 5079 sermonem
2776 5024 3045 5094 prolixum
3113 5021 3181 5075 ad
3236 5021 3468 5075 interro-

1878 5118 2066 5178 gantes
2094 5110 2259 5167 fuisse
2288 5113 2524 5167 locutum
2540 5123 2774 5181 quatuor
2796 5113 3133 5183 supradictas
3161 5111 3463 5181 apostolos.

1880 5199 1934 5255 lu
1997 5202 2120 5256 loco
2146 5202 2328 5271 itaque
2356 5203 2521 5257 habiti
2553 5202 2695 5258 illius
2740 5202 3006 5258 sermonis
3054 5200 3304 5271 superius
3352 5214 3440 5255 me

1876 5291 2091 5357 morati,
2127 5291 2197 5347 ob
2220 5291 2651 5347 recordationem
2682 5290 2899 5346 fundata
2926 5290 3158 5347 ecclesia
3186 5291 3239 5346 in
3270 5302 3464 5357 magna

1876 5383 2106 5439 habetur
2162 5384 2594 5440 honoriﬁcentia.
2646 5383 2762 5440 lluc
2790 5399 2961 5455 usque
2985 5382 3053 5438 de
3083 5382 3217 5437 locis
3261 5378 3467 5436 sanctis

1873 5474 2377 5547 Hierosolymitanze
2428 5477 2659 5532 civitatis
2714 5485 2770 5531 tt
2820 5477 3017 5533 montis
3061 5474 3193 5533 Sion
3237 5472 3463 5529 montis-

1872 5579 1979 5634 que
2024 5563 2217 5620 Oliveti
2275 5573 2331 5620 et
2388 5567 2539 5621 vallis
2589 5567 2855 5638 Josaphat
2892 5566 3261 5635 interiacentis
3305 5565 3461 5631 juxta

1875 5660 2046 5715 sancti
2068 5660 2267 5716 Arculli
2292 5662 2602 5719 eorumdem
2628 5664 3045 5732 lrcquentatnris
3073 5662 3312 5721 locorum
3340 5675 3462 5718 cer-

1878 5762 1989 5809 tam
2046 5754 2412 5813 narrationem
2440 5755 2669 5815 suﬂiciat
2696 5754 3063 5826 descripsisse.
