4204 6536
782 398 889 454 795

1967 405 2209 463 SANC'II
2251 407 2553 462 AD.\.\IANI
2595 407 2884 463 ABBATIS

3927 411 4027 468 798

788 544 4019 575 ῌῄῂ--ι-η-ᾘ*

1950 680 2243 756 LIBER
2324 680 2884 757 SECUNDUS.

1288 925 1513 983 CAPUT
1553 926 1835 985 PRIMUM.

1186 1021 1265 1075 De
1298 1022 1587 1075 Bethlehem
1608 1024 1825 1077 civitatis
1853 1024 1974 1078 situ.

858 1114 915 1167 ln
963 1112 1122 1181 hujus
1164 1113 1332 1166 nostri
1380 1112 1601 1166 secundi
1650 1112 1813 1166 libelli
1860 1114 2081 1168 exordio
2135 1115 2203 1169 de
2249 1115 2351 1170 situ

783 1203 1096 1259 Bethlehem
1119 1202 1369 1267 civitatis,
1393 1201 1446 1255 in
1463 1218 1567 1271 qua
1590 1210 1772 1256 noster
1791 1200 2037 1257 Salvator
2057 1219 2123 1259 ex
2138 1204 2355 1273 Virgine

778 1308 966 1352 sancta
1012 1295 1157 1348 nasci
1186 1294 1434 1361 dignatus
1473 1303 1578 1361 est,
1610 1309 1780 1364 pauca
1822 1296 2058 1352 breviter
2086 1299 2352 1353 craxanda

777 1394 904 1443 sunt
930 1385 1130 1454 aliqua.
1150 1386 1279 1449 Cum
1310 1385 1518 1446 civitas.
1546 1399 1653 1439 non
1684 1394 1792 1439 tam
1819 1387 1923 1441 situ
1950 1387 2183 1455 grandis,
2200 1389 2353 1443 sicuti

782 1476 937 1529 nobis
980 1476 1232 1529 Areulfus
1264 1476 1445 1529 retulit
1471 1476 1564 1544 qui
1596 1490 1715 1530 eam
1761 1475 2152 1546 frequentavit,
2195 1495 2352 1549 quam

781 1568 921 1621 fama
953 1568 1307 1637 praedicabilis
1329 1584 1425 1637 per
1444 1570 1813 1625 universarum
1834 1572 2071 1639 gentium
2099 1573 2353 1628 ecclesias

778 1656 1070 1721 rlillamata,
1105 1659 1155 1712 in
1181 1658 1342 1714 dorso
1376 1658 1594 1731 [Supple
1623 1660 1844 1733 montis]
1874 1664 1973 1717 sita
1997 1671 2077 1717 est
2104 1673 2349 1732 angu~to,

783 1750 1017 1818 undique
1060 1765 1127 1805 ex
1167 1752 1312 1805 omni
1347 1760 1500 1817 parte
1546 1753 1774 1807 vallibus
1811 1754 2162 1816 circumdato,
2210 1757 2351 1823 quo-.l

782 1842 967 1909 utique
1008 1853 1165 1895 terras
1194 1844 1413 1897 dorsum
1443 1843 1511 1897 ab
1548 1843 1867 1899 occidentali
1899 1846 2053 1915 plaga
2084 1846 2137 1900 in
2172 1848 2351 1901 orien-

784 1932 943 1985 talem
978 1941 1180 2000 partem
1211 1934 1361 2001 quasi
1395 1934 1540 1987 mille
1564 1934 1808 2002 passibus
1833 1936 2140 2004 porrigitur.
2175 1936 2229 1989 In
2260 1952 2352 1991 cu-

776 2028 864 2091 jus
894 2026 1181 2093 campestri
1217 2025 1438 2093 planitie
1473 2027 1755 2093 superiore
1791 2027 2001 2080 humilis
2027 2027 2145 2081 sine
2188 2031 2349 2081 turri—

776 2115 874 2166 bus
898 2131 1078 2185 murus
1110 2115 1161 2167 in
1193 2115 1417 2168 circuitu
1449 2130 1543 2183 per
1573 2114 1815 2182 ejusdem
1856 2116 2131 2170 monticuli
2162 2127 2345 2172 extre-

777 2206 976 2260 mitatis
1022 2206 1367 2275 supercilium
1421 2214 1782 2270 constructus,
1823 2206 2081 2259 valliculis
2120 2207 2243 2262 hinc
2292 2218 2347 2262 et

2383 940 2426 995 Λ
2459 943 2512 988 et
2541 933 2633 988 Dei
2672 932 2955 1002 sapientia,
2987 932 3079 1001 qui
3112 933 3258 988 etde
3287 933 3725 990 Bethlehemitica
3756 933 3846 988 illa
3882 943 4023 1003 petra

2460 1038 2649 1092 aquam
2673 1023 2875 1087 eduxit,
2899 1024 3121 1092 ejusque
3144 1024 3387 1078 lacunam
3416 1025 3625 1094 plenam
3646 1040 3868 1093 semper
3894 1026 4027 1096 lym.

2458 1114 2575 1182 phis
2597 1123 2898 1169 conservat.
2934 1115 3101 1179 Quam
3134 1124 3316 1171 noster
3336 1114 3583 1170 Arculfus
3605 1116 3843 1185 propriis
3874 1117 4026 1171 obtu-

2458 1204 2596 1257 tibus
2625 1204 2873 1273 inspexit,
2905 1213 2960 1259 et
2985 1204 3037 1259 in
3067 1219 3131 1259 ea
3161 1204 3349 1260 faciem
3380 1205 3527 1260 lavit.

3055 1317 3279 1375 CAPUT
3324 1320 3407 1374 IV.

2492 1404 2569 1459 De
2594 1407 2685 1460 illa
2714 1408 2926 1461 ecclesia
2954 1408 3009 1461 in
3047 1426 3148 1478 qua
3182 1409 3313 1463 illud
3342 1408 3647 1463 Davidicum
3677 1411 3993 1479 conspicitur

3011 1488 3390 1533 monumentum
3415 1492 3462 1534 “.

2528 1566 2777 1624 Arcull'us
2804 1569 2872 1625 de
2903 1570 3152 1640 sepulcro
3181 1569 3347 1624 David
3374 1571 3514 1639 regis
3542 1586 3573 1625 a
3607 1586 3695 1627 me
3726 1571 4024 1642 interroga-

2457 1668 2541 1714 tus
2563 1660 2665 1714 hoc
2689 1660 2841 1715 nobis
2857 1675 3171 1730 responsum
3199 1661 3364 1728 dedit,
3391 1662 3635 1732 inquiens
3670 1681 3682 1713 :
3706 1662 4023 1732 Sepulcrum

2456 1752 2621 1805 David
2645 1752 2785 1820 regis
2807 1752 2860 1806 in
2890 1762 3033 1806 terra
3058 1752 3263 1806 bumati
3288 1767 3387 1822 ego
3415 1753 3530 1822 ipse
3555 1768 3662 1807 non
3696 1753 4025 1821 negligenter

2456 1844 2731 1911 inquirens
2760 1842 3183 1913 frequentabam,
3221 1845 3365 1912 quod
3395 1845 3448 1898 in
3486 1855 3636 1914 parte
3671 1846 3848 1899 media
3881 1844 4024 1913 pavi-

2454 1936 2618 1990 menti
2647 1935 2886 1989 ecclesiae
2906 1935 3025 1989 sine
3052 1935 3231 2002 aliquo
3255 1935 3485 1989 habetur
3505 1936 3849 2003 superposito
3869 1950 4024 1989 orna-

2456 2033 2658 2088 mento,
2705 2024 2961 2078 humilem
2992 2024 3255 2092 lapideam
3296 2024 3499 2078 habens
3527 2023 3861 2093 pyramidem
3894 2022 4023 2076 lam-

2453 2116 2751 2185 pademque
2780 2131 2993 2185 semper
3021 2116 3434 2185 superpositam.
3468 2115 3590 2168 Ilzec
3626 2128 3754 2181 ergo
3796 2114 4021 2167 ecclesia

2458 2217 2609 2261 extra
2640 2207 2876 2261 civitatis
2916 2222 3100 2261 muros
3127 2207 3180 2261 in
3220 2207 3357 2260 valle
3386 2207 3631 2273 contigua
3663 2214 3745 2260 est
3785 2204 4019 2265 fundata,

774 2298 899 2353 inde
934 2298 1440 2365 circumjacentihus
1478 2298 1843 2367 supereminet
1883 2316 1893 2350 :
1929 2298 2208 2366 mediaque
2264 2301 2339 2353 in-
2378 2309 2417 2366 [ι
2448 2313 2566 2367 qua:
2611 2296 3057 2351 Bethlehcmitico
3094 2298 3145 2350 in
3193 2304 3343 2365 parte
3391 2294 3679 2363 aquilonali
3724 2294 4021 2348 monticqu

775 2391 1105 2458 tercapidiim
1136 2390 1271 2442 intra
1306 2405 1486 2442 muro~'
1514 2406 1609 2457 per
1632 2390 1926 2458 longiorem
1952 2393 2218 2445 tramitem
2249 2392 2342 2446 ha-

776 2480 1009 2533 bitacula
1041 2480 1235 2535 civium
1264 2488 1594 2534 sternuntur.

1403 2589 1627 2645 CAPUT
1660 2591 1720 2645 Il.

1163 2684 1238 2736 De
1269 2684 1378 2738 loco
1410 2685 1691 2739 nativitatis
1722 2685 1955 2741 Domini.

842 2770 895 2826 In
929 2773 1166 2839 ejusdem
1198 2790 1323 2828 vero
1350 2776 1581 2830 civitatis
1611 2776 1859 2831 orientali
1897 2786 1951 2832 et
1977 2786 2220 2833 extremo
2247 2794 2345 2833 an-

772 2867 901 2930 gu‘o
929 2869 1077 2934 quasi
1110 2870 1351 2936 «ιυςυάίιιη
1384 2870 1640 2923 naturalis
1662 2870 1877 2925 dimidia
1907 2871 2048 2926 inest
2068 2874 2344 2943 spelunca,

766 2956 918 3023 cujus
951 2958 1171 3011 interior
1203 2959 1384 3012 ultima
1419 2975 1539 3027 pars
1568 2954 1807 3029 praesepe
1838 2961 2049 3016 Domini
2091 2966 2339 3018 nomina-

770 3059 874 3109 tur,
909 3048 960 3100 in
991 3063 1097 3115 quo
1130 3058 1311 3101 natum
1358 3065 1581 3117 puerum
1614 3051 1897 3105 reclinavit
1937 3052 2107 3107 Mater
2148 3072 2159 3105 :
2212 3055 2348 3111 alius

768 3150 899 3189 vero
947 3137 1258 3203 suyradictu
1306 3138 1586 3205 contiguus
1636 3140 1898 3208 prmsepio
1948 3141 2346 3200 introeuntibus

773 3230 1014 3297 propior.
1044 3230 1191 3283 locus
1224 3231 1439 3299 proprie
1470 3231 1767 3285 nativitatis
1798 3231 2087 3287 Dominicze
2120 3235 2347 3289 traditur

770 3322 953 3375 fuisse.
1002 3322 1088 3374 Illa
1135 3338 1262 3388 ergo
1313 3322 1759 3377 Bethlehemitica
1805 3323 2058 3391 spelutca
2094 3326 2347 3395 prmsepis

769 3413 1035 3468 Dominici
1069 3424 1179 3467 tota
1213 3414 1533 3468 intrinsecus
1562 3414 1631 3467 ob
1660 3414 1824 3482 ipsius
1857 3414 2151 3470 Salvatoris
2172 3416 2343 3471 hono-

764 3505 1086 3558 rificentiam
1118 3519 1388 3557 marmore
1416 3502 1678 3557 adornata
1705 3513 1787 3557 est
1816 3505 2051 3573 pretioso
2077 3524 2087 3557 :
2122 3507 2206 3561 cui
2236 3509 2341 3561 nti-

764 3610 872 3663 que
914 3594 1204 3649 semiantro
1256 3610 1417 3663 super
1457 3594 1722 3663 lapideum
1765 3596 2100 3649 cmnaculum
2141 3605 2339 3651 sancta:

766 3688 949 3740 Maria:
972 3686 1198 3742 ecclesia
1231 3702 1389 3755 supra
1416 3688 1591 3756 ipsum
1630 3687 1828 3750 locum,
1858 3687 1946 3740 ubi
1974 3687 2228 3742 Dominus
2253 3706 2345 3741 na-

766 3790 855 3834 tus
902 3780 1188 3848 specialius
1238 3780 1483 3845 traditur,
1534 3780 1724 3849 grandi
1773 3788 2040 3834 structura
2088 3779 2344 3835 fabricata

769 3873 985 3926 tundata
1013 3882 1113 3927 est.

1380 3940 1610 3998 CAPUT
1639 3942 1724 3996 III.

770 4032 850 4085 De
876 4034 967 4085 illa
992 4046 1134 4100 petra
1162 4041 1310 4083 extra
1342 4049 1513 4085 muros
1543 4036 1665 4096 sita,
1704 4049 1856 4099 super
1883 4050 2037 4102 quam
2069 4050 2203 4104 aqua
2234 4035 2341 4103 pri-

894 4119 994 4155 ma:
1013 4104 1287 4155 lavationis
1318 4104 1429 4171 ejus
1457 4114 1570 4171 post
1596 4106 1910 4156 nativitatem
1930 4104 2098 4171 eﬁ'usa
2123 4113 2219 4157 est.

842 4192 915 4245 De
958 4192 1045 4245 illa
1090 4201 1243 4259 petra
1282 4202 1431 4245 extra
1476 4209 1686 4247 murum
1733 4194 1926 4263 posita,
1976 4209 2140 4263 super
2186 4209 2345 4263 quam

770 4299 906 4352 aqua
933 4284 1117 4353 prima:
1138 4292 1259 4351 post
1278 4286 1609 4341 nativitatem
1634 4287 1893 4342 Dominici
1917 4286 2205 4343 ablutionis
2225 4302 2347 4341 cor-

772 4377 997 4446 pusculi,
1028 4378 1095 4433 de
1122 4381 1259 4432 muri
1287 4379 1594 4433 summitate
1618 4378 1898 4447 inclinato,
1926 4380 1978 4434 in
2009 4395 2116 4449 quo
2147 4380 2242 4433 fuit
2266 4379 2346 4433 ef-

770 4468 887 4519 fusa
912 4467 1147 4532 vasculo,
1170 4468 1406 4522 breviter
1425 4470 1952 4523 commemorandum
1965 4470 2191 4525 aestimo.
2212 4471 2341 4535 Qum

771 4557 913 4611 sacri
954 4556 1149 4611 lavacri
1195 4572 1332 4626 aqua
1359 4557 1426 4613 de
1456 4573 1611 4612 muro
1643 4558 1811 4614 eﬂ'usa
1843 4560 1896 4615 is
1945 4569 2094 4626 petra
2125 4562 2346 4616 inferius

770 4645 1006 4715 jacente,
1037 4648 1188 4717 quasi
1220 4648 1502 4717 quamdam
1530 4660 1719 4703 natura
1748 4658 1989 4705 cavatain
2014 4651 2215 4706 invenit
2240 4651 2347 4706 fos-

774 4752 890 4791 sam
918 4756 929 4789 :
955 4754 1073 4804 qua:
1099 4738 1283 4791 eadem
1312 4739 1509 4793 uudula
1541 4740 1592 4792 in
1616 4741 1791 4807 primo
1832 4739 2111 4797 Dominico
2137 4743 2343 4812 repleta

774 4829 1042 4889 natalitio,
1066 4844 1129 4883 ex
1154 4830 1339 4883 eadem
1370 4831 1456 4885 die
1483 4830 1548 4883 ad
1580 4842 1761 4886 nostra
1792 4848 1957 4902 usque
1988 4842 2226 4903 tempora
2251 4851 2346 4904 per

775 4919 972 4973 multos
1025 4921 1345 4975 saeculorum
1382 4924 1635 4980 circuitus
1674 4926 1953 4993 purissima
1989 4928 2149 4997 plena
2185 4944 2341 4982 mon—

2450 2390 2700 2444 colueret.

3071 2479 3292 2534 CAPUT
3326 2480 3386 2533 V.

2576 2569 2652 2624 De
2675 2572 2777 2623 alia
2809 2572 3019 2624 ecclesia
3049 2573 3101 2623 in
3138 2572 3282 2640 cujus
3314 2573 3544 2625 interiori
3575 2584 3719 2640 parte
3742 2576 3911 2626 sancti

2788 2641 3089 2710 Hieronymi
3128 2643 3417 2709 sepulcrum
3454 2641 3680 2695 trahetur.

2523 2730 2598 2784 De
2623 2731 2871 2799 sepulcro
2892 2744 3109 2800 quoque
3136 2732 3303 2785 sancti
3346 2730 3650 2801 Hieronymi
3678 2731 3841 2785 simili
3869 2727 4017 2786 sodi-

2451 2820 2686 2876 citudine
2714 2824 2868 2876 nobis
2892 2821 3283 2888 inquirentibus
3304 2820 3551 2875 Arculfus
3579 2821 3655 2875 sic
3681 2823 3755 2873 ait
3784 2839 3795 2875 :
3831 2821 4020 2891 Sepul-

2450 2928 2597 2967 crum
2638 2913 2809 2967 sancti
2850 2912 3157 2981 Ilieronymi
3194 2912 3260 2965 de
3289 2927 3396 2980 quo
3422 2912 3712 2980 inquiritis,
3756 2926 3859 2979 ego
3893 2928 4019 2966 con-

2450 3003 2621 3070 spexi,
2646 3002 2789 3071 quod
2818 3003 2870 3055 in
2892 3003 2995 3056 alia
3028 3002 3253 3056 habetur
3280 3003 3528 3065 ecclesia,
3552 3017 3670 3070 quae
3694 3012 3848 3055 extra
3876 3016 4021 3055 eam»

2450 3092 2570 3148 dem
2611 3094 2939 3148 civitatulam
2972 3095 3025 3148 in
3052 3094 3190 3147 valle
3214 3103 3297 3148 est
3325 3094 3604 3158 fabricata,
3634 3110 3751 3162 quae
3780 3095 3832 3147 in
3864 3095 4017 3148 meri-

2448 3184 2607 3238 diano
2635 3184 2798 3238 latere
2821 3184 2921 3237 sita
2945 3199 3104 3252 supra
3133 3184 3414 3237 memorati
3438 3183 3597 3237 dorso
3624 3184 3919 3237 monticelli
3940 3193 4019 3236 est

2448 3275 2779 3327 contermina
2829 3273 3273 3328 llethlehemitici.
3319 3273 3470 3338 Quod
3518 3274 3767 3329 videlicet
3824 3274 4015 3329 lliero-

2450 3366 2591 3434 nymi
2621 3364 2947 3432 sepulcrum,
2995 3365 3155 3419 simili
3185 3380 3351 3433 opere
3381 3374 3433 3418 ut
3475 3365 3785 3419 Davidicum
3830 3380 4019 3420 tuonu-

2448 3466 2685 3508 utentum
2716 3457 3091 3523 compositum,
3126 3456 3328 3509 nullum
3357 3464 3602 3509 ornatum
3635 3457 3819 3511 habet.

3064 3565 3287 3620 CAPUT
3318 3566 3403 3620 VI.

2374 3662 2417 3720 C
2454 3658 2530 3711 De
2557 3659 2896 3728 monumentis
2926 3659 3131 3710 illorum
3162 3658 3313 3710 trium
3341 3669 3601 3725 pastorum
3628 3676 3751 3728 quos
3782 3669 4023 3714 nascente

2686 3727 2906 3782 Domino
2933 3730 3148 3781 celestis
3175 3730 3512 3796 circnnijnlsit
3534 3727 3809 3784 claritudo.

2529 3818 2603 3871 De
2630 3818 2988 3871 monumentis
3016 3818 3226 3870 illorum
3259 3826 3532 3886 pastorum
3565 3834 3701 3887 quos
3728 3829 3888 3874 nocte
3916 3820 4022 3875 Do-

2453 3908 2663 3962 minicae
2708 3908 3005 3962 nativitatis
3051 3908 3286 3963 caelestis
3333 3910 3682 3964 circumfulsit
3730 3910 4027 3976 claritudo,

2452 3998 2702 4053 Arculfus
2751 4000 2903 4053 nobis
2943 4000 3165 4054 brevem
3204 4000 3433 4055 contulit
3468 4001 3901 4067 relatiunculam,
3949 4004 4029 4056 in-

2455 4092 2682 4159 quiens:
2714 4090 2897 4143 Trium
2930 4090 3141 4145 illorum
3173 4092 3225 4145 in
3249 4092 3473 4147 ecclesia
3499 4101 3773 4161 pastorum
3801 4094 3902 4146 tria
3926 4093 4028 4146 fre-

2456 4181 2711 4247 quentavi
2754 4190 3099 4235 monumenta
3126 4181 3279 4249 juxta
3311 4182 3538 4251 lapidem
3570 4181 3770 4252 [Corb.,
3801 4183 4027 4253 turrem]

2454 4272 2711 4340 grandem
2760 4274 3131 4337 bumatorum,
3182 4287 3299 4341 quce
3339 4274 3485 4327 mille
3530 4274 3743 4328 circiter
3784 4277 4031 4344 passibus

2455 4372 2642 4419 contra
2666 4365 2980 4419 orientalem
3007 4364 3208 4418 distant
3228 4364 3563 4420 Bethlehem.
3588 4364 3737 4431 Quos
3762 4368 3815 4419 in
3840 4369 4030 4421 eodem

2450 4457 2570 4512 loco
2601 4465 2854 4511 nascente
2879 4457 3128 4519 Domino,
3164 4458 3266 4512 hoc
3296 4466 3378 4512 est
3401 4463 3572 4527 prope
3601 4466 3799 4513 turrem
3831 4461 4026 4527 gregis,

2448 4550 2700 4619 angelica:
2745 4551 2875 4602 lucis
2918 4550 3133 4603 claritas
3172 4551 3556 4604 circumdedit:
3600 4551 3653 4604 in
3697 4565 3806 4619 quo
3838 4552 4028 4606 eadem

2452 4641 2677 4695 ecclesia
2706 4649 2788 4693 est
2817 4638 3034 4693 fundata
3073 4640 3385 4695 eorumdem
3428 4649 3705 4709 pastorum
3740 4641 4031 4695 continens

2447 4731 2709 4800 sepulcra.

3041 4822 3266 4879 CAPUT
3305 4822 3412 4879 VII.

2946 4916 3022 4972 De
3044 4920 3276 4989 sepulcro
3305 4918 3519 4972 Rachel.

773 5018 977 5063 stratur
1001 5011 1213 5079 lympha
1242 5013 1360 5066 sine
1384 5013 1489 5066 ulla
1518 5013 1820 5070 defectione
1848 5018 1931 5071 vel
1961 5018 2337 5083 diminutione,

2520 5006 2719 5062 Rachel
2749 5007 2802 5062 in
2832 5006 3085 5077 Ephrata,
3115 5010 3217 5063 hoc
3246 5017 3329 5063 cst
3358 5008 3409 5062 in
3440 5007 3659 5075 regione
3686 5006 4031 5072 Bethlehem,

777 5108 960 5154 nostro
986 5099 1263 5155 Salvatore
1283 5102 1386 5157 hoc
1405 5104 1721 5159 miraculum
1748 5120 1777 5159 a
1801 5106 1887 5161 die
1911 5108 2202 5163 nativitatis
2228 5124 2339 5163 sua:

774 5198 1085 5258 peragente,
1107 5190 1175 5246 de
1202 5206 1310 5260 quo
1332 5191 1601 5262 Propheta
1620 5195 1767 5249 canit
1793 5213 1807 5250 :
1832 5195 1931 5259 Qui
1951 5198 2131 5251 eduxit
2153 5215 2343 5268 aquam

776 5278 841 5332 de
893 5290 1038 5348 petra
1084 5281 1252 5349 (Psal.
1282 5282 1505 5350 Lxxvn).
1538 5282 1603 5337 Et
1641 5285 1916 5353 apostolus
1970 5285 2205 5342 Paulus:
2243 5289 2345 5343 Pe-

779 5376 859 5418 tra
888 5376 1057 5422 autem
1084 5379 1194 5422 erat
1216 5370 1445 5425 Christus
1470 5370 1543 5441 (1.
1578 5372 1697 5427 Cor.
1730 5376 1806 5443 ι),
1838 5376 1931 5443 qui
1960 5376 2028 5431 de
2056 5376 2343 5433 durissima

782 5464 971 5510 contra
999 5467 1245 5513 naturam
1270 5469 1419 5529 petra
1446 5462 1498 5515 in
1519 5462 1734 5518 deserto
1760 5464 1961 5519 sitienti
1992 5466 2189 5534 populo
2212 5481 2344 5521 con-

777 5545 1089 5602 solatoriam
1119 5551 1372 5619 produxit
1399 5552 1616 5608 undam.
1649 5552 1790 5609 Idem
1811 5555 1926 5625 ipse
1953 5564 2035 5610 est
2062 5554 2157 5612 Dei
2180 5558 2349 5614 virtus

848 5689 873 5717 ι
900 5681 1253 5758 Honorarium
1285 5684 1488 5758 scilicet
1514 5701 1610 5758 seu
1648 5688 2063 5758 cenotaphium;
2097 5706 2217 5743 nam
2250 5707 2344 5746 vc-

785 5766 904 5828 rrnn
933 5752 1141 5828 Davidis
1177 5756 1479 5828 sepulcrum
1511 5752 1891 5828 Hierosolymis
1931 5752 2092 5815 fuisse
2118 5761 2347 5828 probant

783 5821 1155 5881 Adrichumius
1200 5821 1252 5880 ct
1282 5824 1566 5883 Gretscrus
1600 5842 1664 5882 ex
1695 5821 1785 5883 lib.
1818 5827 1856 5882 ll
1888 5829 2066 5885 [ἐδύνω
2104 5821 2178 5895 ut,
2213 5835 2264 5898 8,
2294 5842 2340 5886 et

2448 5100 2609 5154 etiam
2651 5099 2790 5154 liber
2816 5100 3090 5155 Geneseos
3127 5100 3392 5169 sepultam
3419 5108 3633 5164 narrat;
3666 5100 3763 5154 sed
3796 5107 3852 5154 et
3880 5099 4031 5154 loco-

2449 5206 2567 5245 rum
2597 5190 2733 5245 liber
2759 5191 2813 5244 in
2838 5192 3031 5246 eadem
3056 5192 3276 5259 regione
3294 5191 3444 5259 juxta
3467 5190 3606 5245 viam
3629 5190 3910 5244 humatam
3946 5204 4035 5243 re-

2451 5280 2555 5336 fert
2584 5280 2803 5337 Rachel.
2850 5282 2928 5338 De
2956 5298 3061 5351 qua
3090 5284 3177 5337 via
3213 5283 3462 5338 Arculfus
3485 5282 3614 5337 mihi
3653 5281 4033 5350 percunctanti

2451 5374 2781 5442 respondens
2809 5374 2920 5429 ait:
2952 5372 3045 5428 Est
3071 5375 3311 5442 quaedam
3341 5374 3424 5427 via
3454 5374 3619 5443 regia,
3648 5389 3769 5443 qua:
3791 5374 3860 5427 ab
3886 5371 4036 5428 Elia

2452 5474 2638 5521 contra
2674 5466 3026 5521 meridianam
3056 5466 3263 5535 plagam
3292 5466 3539 5521 Chebron
3581 5465 3760 5529 ducit;
3805 5467 3892 5521 cui
3936 5464 4036 5517 via:

2453 5556 2765 5611 Bethlehem
2795 5557 2971 5613 vicina
3016 5572 3114 5612 sex
3142 5557 3378 5611 millibus
3417 5556 3621 5611 distans
3655 5556 3723 5610 ab
3775 5556 4036 5611 Hieroso—

2453 5690 2689 5761 Actuumi
2710 5706 2767 5757 ιι,
2798 5706 3101 5761 quanquam
3130 5689 3567 5761 Hieronymusin
3599 5690 3762 5759 epist.
3795 5690 3860 5742 l7
3893 5696 3951 5744 et
3979 5687 4032 5743 in

2450 5761 2542 5817 lib.
2575 5762 2642 5819 de
2670 5752 2832 5819 Locis
2860 5752 3134 5820 Hebraicis
3170 5777 3291 5816 cum
3324 5752 3539 5818 Arculfo
3581 5752 3879 5817 consentit.
