4204 6542
181 399 279 454 797

1359 398 1443 452 DE
1484 395 1680 454 LOClS
1718 392 2006 452 SANCTIS
2049 394 2176 447 LIB.
2224 391 2287 444 ll.

3353 393 3460 452 798

182 519 338 588 lyma,
384 519 452 571 ab
495 517 748 572 orientali
795 516 950 586 plaga
990 515 1125 569 adht
1144 523 1246 569 ret.
1283 514 1601 584 Sepulcrum
1633 528 1761 566 vero
1792 517 1838 572 Α
1869 507 2069 562 caloris
2113 515 2171 561 et
2201 505 2404 558 vilioris
2449 503 2635 574 operis,
2656 503 2980 575 protegitur.
3020 506 3203 562 Trium
3242 525 3461 580 quoque

185 611 376 665 ltaehel
400 610 450 664 in
475 611 664 664 eadem
689 610 786 664 vim
809 609 1151 663 extremitate
1169 607 1235 660 ab
1251 622 1317 660 oc
1354 605 1572 660 ideutali
1591 615 1761 672 parte,

182 703 279 756 hoc
299 712 382 756 est
404 703 457 756 in
481 704 673 756 dextro
699 702 870 756 latere
892 701 1121 755 habetur
1143 700 1490 769 pergentibus
1512 700 1764 754 Chebron

181 796 482 859 cnhzereus,
510 797 601 850 vili
632 797 950 865 operatione
970 795 1316 856 collocatum,
1353 802 1410 847 et
1435 794 1636 847 nullam
1667 794 1766 846 ha-

179 887 308 939 bens
335 886 768 951 adornationem,
804 885 1010 956 lapidea
1039 885 1428 941 circumdatum
1463 884 1761 954 pyramide.

183 980 381 1035 Ibidem
413 989 468 1034 et
490 982 723 1034 nominis
748 980 863 1047 ejus
896 981 1080 1035 titulus
1111 981 1379 1048 hodieque
1407 987 1764 1047 monstratur,

181 1088 338 1142 quem
367 1072 536 1128 Jacob
565 1074 788 1128 maritus
817 1088 980 1141 super
1006 1073 1134 1127 illud
1159 1073 1352 1128 erexit.

773 1184 998 1239 CAPUT
1039 1185 1171 1241 \‘lll.

787 1279 865 1332 De
891 1279 1142 1333 Chebron.

245 1370 522 1438 Chebron,
572 1387 691 1441 qua:
736 1379 791 1425 et
834 1371 1093 1436 Mambre,
1144 1372 1270 1425 olim
1320 1366 1760 1425 l’hilisthinorum

179 1464 495 1531 metropolis
534 1473 588 1518 et
636 1463 998 1518 habitaculum
1048 1463 1320 1534 gigantum
1367 1451 1562 1522 fuerat.
1611 1470 1664 1516 et
1709 1462 1761 1516 in

179 1569 274 1620 qna
309 1553 478 1607 David
524 1563 731 1625 septem
762 1555 1006 1624 regnavit
1053 1555 1236 1616 annis;
1270 1570 1432 1618 nunc,
1462 1554 1602 1608 sicut
1645 1571 1762 1608 san-

178 1656 289 1700 ctus
320 1647 491 1702 refert
519 1648 792 1713 Arculfus,
830 1663 1107 1702 murorum
1137 1663 1247 1702 non
1285 1647 1451 1701 habet
1476 1647 1758 1713 ambitum,

173 1748 220 1792 et
246 1739 490 1808 quaedam
529 1740 874 1794 solummodo
904 1738 1095 1792 diruta:
1123 1738 1252 1793 olim
1286 1737 1522 1792 civitatis
1552 1739 1603 1791 in
1635 1739 1761 1794 teli-

175 1832 309 1898 quiis
340 1831 565 1896 vestigia
612 1831 848 1887 ostendit
873 1830 1170 1893 ruinarum,
1202 1831 1349 1884 vicos
1379 1836 1560 1883 tamen
1594 1829 1757 1882 habet

173 1925 431 1991 quosdam
462 1924 553 1979 vili
585 1940 751 1994 opere
775 1932 1118 1980 constructos
1149 1931 1204 1977 et
1233 1923 1409 1984 villas,
1444 1921 1579 1975 alias
1617 1921 1756 1974 intra

171 2027 221 2067 et
268 2015 404 2070 alias
436 2025 590 2072 extra
637 2016 759 2070 illas
798 2015 1087 2070 muralium
1146 2013 1402 2082 reliquias
1444 2013 1760 2068 destructio-

175 2125 318 2175 nmn,
353 2124 453 2177 per
478 2117 836 2176 campestrem
875 2107 1172 2162 collocatas
1202 2104 1479 2175 planitiem
1509 2123 1522 2156 :
1555 2105 1606 2157 in
1649 2103 1761 2172 qui-

173 2201 264 2255 bus
281 2200 534 2256 videlicet
555 2201 687 2253 vicis
709 2207 763 2253 et
790 2199 928 2252 villis
946 2195 1230 2251 multitudo
1261 2195 1444 2267 populi
1470 2194 1755 2248 inhabitat.

775 2308 1002 2364 CAPL'T
1058 2307 1124 2360 IX

692 2403 769 2455 De
799 2404 928 2456 ralle
963 2400 1219 2454 Mambre.

237 2497 317 2550 Ab
362 2496 633 2550 orientali.
662 2510 793 2549 vero
835 2494 989 2563 plaga
1040 2492 1280 2561 ejusdem
1329 2492 1580 2546 Chebron
1629 2506 1757 2560 ager

171 2592 406 2645 occurrit
432 2590 701 2657 spelunca:
733 2588 959 2655 duplicis
983 2587 1278 2655 respiciens
1309 2585 1566 2649 Mambre,
1594 2599 1753 2652 quem

166 2683 291 2737 emit
339 2681 615 2736 Abraham
661 2681 726 2733 ab
767 2678 948 2734 Etl'rou
995 2678 1214 2732 ilcthmo
1251 2678 1304 2731 in
1350 2678 1750 2746 possessionem

164 2775 386 2844 duplicis
417 2771 675 2842 sepulcri.

792 2859 1018 2914 CAPUT
1059 2859 1122 2913 Χ.

405 2951 486 3006 De
525 2953 773 3022 sepulcris
814 2960 1031 3022 quatuor
1071 2950 1501 3018 patriarcharum.

231 3045 285 3098 ln
332 3043 498 3111 hujus
539 3043 676 3098 valle
713 3053 930 3096 sam-tus
960 3042 1212 3097 Arculfus
1257 3041 1435 3096 locum
1483 3041 1753 3110 sepulcro-

165 3152 309 3190 rrum
357 3136 540 3191 Arbec
591 3134 839 3195 visitavit,
873 3135 978 3187 hoc
1016 3142 1100 3188 est
1146 3143 1380 3203 quatuor
1425 3134 1752 3203 patriarcha-

1871 597 2192 654 feminarum
2228 596 2443 650 viliores
2473 603 2528 650 et
2551 596 2790 650 minores
2832 596 3122 653 Memorias
3154 598 3349 654 ibidem
3377 616 3458 656 as.

1871 689 2022 760 pexit
2056 690 2322 752 Arcnlfus,
2353 689 2498 743 Sarro
2529 688 2780 744 videlicet
2821 699 2877 746 et
2911 689 3171 751 Rebeccae
3221 699 3280 747 et
3325 692 3460 759 Lice,

1869 782 2209 836 humatarum
2243 781 2295 835 in
2329 787 2490 833 terra.
2529 780 2747 834 Illorum
2797 781 2980 851 itaque
3027 783 3458 853 patriarcharum

1868 872 2184 939 sejuleralis
2225 873 2431 942 agellus
2460 887 2488 923 a
2523 887 2678 925 muro
2701 871 2853 946 illius
2893 872 3280 943 antiquissima:
3323 873 3461 941 Che-

1870 967 2002 1020 bron
2034 965 2087 1020 in
2121 966 2273 1033 unius
2305 965 2481 1038 stadii
2505 967 2678 1032 spatio
2727 965 3009 1028 orientem
3039 982 3223 1033 versus
3241 967 3460 1033 .distare

1867 1057 2217 1123 dignoscitur.
2270 1057 2396 1120 Qua:
2442 1056 2626 1122 utique
2655 1056 3056 1130 .Chebron,.Ut
3103 1056 3290 1121 fcrtur,
3326 1066 3455 1111 ante

1869 1162 2058 1201 oumes
2084 1163 2188 1202 non
2218 1149 2390 1216 solum
2419 1147 2714 1218 Palaestina:
2740 1147 2987 1216 civitates
3009 1146 3230 1202 condita
3259 1147 3457 1213 fuerat,

1865 1239 1960 1293 sed
1991 1240 2152 1292 etiam
2201 1240 2480 1294 universas
2506 1237 2860 1310 (Egyptiacas
2891 1240 3054 1307 urbes
3075 1230 3152 1302 ,i'n.
3181 1253 3282 1316 sua
3311 1252 3459 1308 prte-

1867 1329 2031 1384 crssit
2061 1331 2372 1385 conditione
2403 1349 2416 1382 :
2450 1345 2569 1398 quae
2594 1347 2738 1385 nunc
2767 1332 2969 1396 misere
2995 1337 3329 1394 monstratur
3370 1329 3459 1386 de-

1865 1431 2092 1477 structa.
2124 1422 2241 1478 Huc
2267 1437 2440 1493 usque
2480 1422 2550 1478 de
2576 1422 2840 1499 sepulcris
2872 1423 3298 1498 patriarcharum
3319 1419 3460 1496 suffi-

1865 1512 1974 1568 ciat
2005 1527 2277 1567 craxasse.

2471 1579 2844 1664 carurvxu

2222 1674 2302 1730 De
2334 1685 2505 1730 monte
2535 1685 2582 1728 et
2613 1657 3090 1742 quercu'Matubre.
3177 1657 3181 1662 '

1937 1771 2174 1826 Mambre
2225 1769 2398 1834 collis,
2433 1767 2582 1823 mille
2610 1749 2919 1836 passibus'a
2966 1769 3330 1822 monumentis
3358 1751 3453 1823 su-

1791 1886 1836 1944 Β
1865 1879 1957 1934 pra
1988 1861 2278 1932 descriptis
2307 1862 2373 1916 ad
2402 1862 2622 1917 boream
2667 1847 2947 1934 separatus
2983 1842 3454 1927 distat,'herbosus

1865 1957 2020 2011 valde
2048 1965 2104 2011 et
2129 1955 2370 2020 floridus,
2414 1953 2710 2030 respiciens
2739 1952 2989 2007 Chebron
3033 1954 3099 2007 ab
3127 1953 3309 2008 Africo
3349 1953 3452 2009 sibi

1865 2059 2266 2119 occurrentem.
2300 2047 2442 2102 Idem
2473 2048 2657 2114 itaque
2688 2045 3052 2114 mouticellus,
3081 2045 3319 2102 Mambre
3350 2063 3451 2101 uo-

1864 2141 2121 2205 minatus,
2152 2137 2313 2193 habet
2348 2139 2399 2191 in
2429 2136 2707 2192 cacumine
2749 2145 3108 2205 campestrem
3141 2127 3449 2207 planitiem;

1866 2234 1955 2288 ubi
1983 2233 2048 2286 ad
2086 2231 2445 2301 aquilonalem
2475 2229 2715 2306 ejusdem
2747 2221 3284 2304 cacuminispartem
3317 2224 3450 2298 lapi-

1863 2325 1960 2378 dt-a
2009 2336 2202 2389 magna
2237 2317 2454 2375 fundata
2497 2311 2578 2375 est
2620 2319 2890 2375 ecclesia:
2924 2323 2974 2374 in
3022 2321 3175 2388 cujus
3217 2321 3448 2376 dextrali

1864 2425 2013 2483 jar-te
2063 2417 2203 2468 inter
2241 2413 2376 2466 duos
2405 2411 2621 2480 grandis
2667 2411 2905 2488 ejusdem
2939 2410 3174 2488 basilica:
3215 2401 3450 2481 parietes

1861 2509 2075 2577 (ultum
2102 2505 2244 2558 dictu
2266 2505 2303 2573 l)
2337 2518 2572 2571 quercus
2603 2503 2840 2557 Mambre
2881 2512 3060 2557 exstat
3090 2503 3140 2556 in
3180 2511 3323 2558 terra
3355 2519 3445 2557 ra-

1857 2599 2054 2659 dicata,
2086 2613 2204 2665 qua:
2230 2604 2307 2664 ,et
2349 2611 2580 2664 quercus
2625 2594 2892 2647 Abraham
2939 2595 3153 2660 dicitur,
3183 2611 3248 2666 eo
3298 2595 3446 2664 quod

1855 2687 1954 2737 mh
1996 2707 2038 2736 ι.
2097 2685 2366 2752 quondam
2412 2682 2630 2752 angelos
2669 2682 2905 2752 hospitio
2947 2684 3230 2753 receperit.
3262 2690 3436 2750 Unam

1855 2784 2074 2829 sanctus
2108 2777 2466 2845 Hieronymus
2496 2773 2622 2827 alibi
2660 2781 2842 2827 narrat
2874 2769 2957 2826 ab
3003 2775 3227 2829 exordio
3258 2775 3442 2829 mundi

1859 2880 2025 2932 usque
2057 2865 2122 2916 ad
2153 2863 2490 2917 Constantini
2525 2863 2665 2933 regis
2703 2864 2986 2934 imperium
3033 2867 3439 2934 permansisse;

1856 2964 1910 3007 et
1955 2954 2201 3009 fortassis
2251 2954 2373 3008 ideo
2403 2969 2512 3008 non
2560 2953 2694 3006 dixit
2742 2955 2955 3023 penitus
3002 2955 3281 3019 defecisse,
3316 2957 3440 3026 quia

1855 3044 2041 3100 eadem
2069 3054 2246 3109 artato,
2279 3045 2526 3115 quamvis
2552 3060 2656 3099 non
2686 3054 2793 3099 tota
2825 3046 2936 3110 illa,
2966 3046 3122 3101 sicuti
3154 3036 3437 3119 prius‘fue-

1855 3145 1956 3202 rat,
1992 3137 2343 3205 grandissima
2373 3151 2605 3206 quercus
2652 3137 3091 3199 monstrabatur;
3137 3135 3316 3193 tamen
3345 3139 3443 3193 ali-

167 3243 299 3291 rum,
333 3227 634 3288 Abraham,
669 3235 722 3278 et
751 3225 923 3290 Isaac,
952 3235 1006 3278 et
1051 3223 1242 3291 Jacob,
1292 3233 1346 3278 et
1384 3224 1553 3278 Adam
1591 3226 1747 3294 primi
1775 3255 1822 3314 Ο
1855 3247 1958 3302 qua
1999 3247 2124 3302 pars
2166 3228 2283 3299 ejus
2328 3230 2623 3300 permansit
2670 3231 2721 3285 in
2764 3247 2862 3284 suo
2909 3231 3144 3285 stabilita
3186 3229 3344 3298 loco;
3375 3248 3440 3286 (χ

162 3317 432 3382 hominis;
475 3331 704 3385 quorum
756 3315 970 3382 plautze,
1004 3329 1112 3368 non
1156 3314 1295 3368 sicut
1342 3314 1397 3367 in
1443 3311 1561 3368 aliis
1600 3315 1746 3368 orbis

166 3411 474 3478 regionibus
520 3409 585 3463 ad
617 3411 879 3463 orientem
913 3410 1255 3463 lmmatorum
1305 3409 1550 3463 converti
1581 3409 1748 3464 moris

159 3513 256 3567 est,
284 3503 379 3556 sed
411 3502 478 3554 ad
513 3501 789 3554 meridiem
820 3515 990 3555 versa:
1019 3510 1072 3554 et
1103 3501 1278 3568 capita
1310 3507 1496 3554 contra
1527 3511 1742 3569 septen-

159 3594 442 3648 trionalem
496 3592 706 3662 plagam
740 3606 1020 3645 conversa.
1057 3593 1256 3645 llorum
1287 3591 1438 3646 locus
1465 3592 1743 3661 sepulcro-

158 3703 268 3741 rum
298 3687 574 3756 quadrato
618 3685 802 3737 humili
845 3686 1265 3740 circumvenitur
1310 3700 1484 3737 muro.
1521 3695 1543 3720 ι
1570 3683 1743 3737 Adam

161 3779 530 3848 protaplastus
554 3776 638 3830 cui
671 3775 914 3845 peccanti
944 3775 1204 3830 continuo
1231 3783 1355 3844 post
1386 3783 1746 3843 perpetratum

158 3883 436 3940 peccatum
473 3885 502 3921 a
538 3869 651 3922 Deo
683 3877 928 3922 creatore
956 3868 1156 3922 dictum
1184 3877 1267 3922 est
1302 3887 1311 3921 :
1349 3867 1506 3921 Terra
1537 3885 1589 3922 es
1618 3881 1665 3920 ct
1696 3869 1747 3921 in

160 3975 346 4016 terram
387 3963 511 4026 ibis,
560 3969 848 4029 separatur
885 3977 915 4014 a
946 3960 1156 4014 cmteris
1201 3959 1372 4014 tribus
1406 3960 1546 4014 haud
1591 3961 1750 4028 longe

159 4057 219 4106 ad
265 4054 548 4109 borealem
581 4053 724 4107 illius
755 4062 1050 4108 extremam
1098 4053 1510 4122 quadrangulali
1553 4053 1747 4122 lapidei

160 4147 275 4200 valli
308 4157 546 4216 partem,
581 4162 689 4200 non
723 4145 776 4199 in
805 4162 970 4200 saxeo
1002 4149 1053 4199 in
1090 4155 1240 4216 petra
1271 4147 1457 4201 exciso
1496 4146 1748 4215 sepulcro

157 4256 312 4308 super
360 4248 595 4305 terram,
648 4246 708 4292 ut
753 4239 935 4293 (ωιθεὶ
986 4239 1053 4292 de
1084 4239 1291 4292 semine
1337 4237 1453 4306 ejus
1498 4237 1748 4293 honorati

159 4334 474 4399 quiescunt;
530 4331 624 4386 sed
671 4333 726 4384 in
781 4341 924 4385 terra
973 4329 1224 4384 humatus
1257 4331 1421 4384 humo
1452 4337 1650 4397 tectus,
1697 4339 1752 4385 et

159 4428 266 4494 ipse.
295 4425 475 4495 pulvis
517 4426 570 4477 in
617 4425 897 4494 pulverem
952 4439 1156 4488 versus,
1208 4433 1532 4493 exspectans
1579 4439 1751 4478 resur-

158 4516 452 4570 rectionem
485 4530 611 4569 cuzn
656 4516 909 4569 universo
953 4515 1162 4570 semine
1201 4529 1303 4570 suo
1333 4525 1545 4584 pausat.
1580 4514 1642 4567 Et
1672 4516 1749 4570 sic

1852 3339 1979 3393 qua,
2023 3331 2082 3376 ut
2111 3321 2274 3376 refert
2316 3319 2563 3375 Arculfus
2589 3321 2676 3389 qui
2723 3337 2841 3375 eam
2876 3322 3105 3390 propriis
3143 3322 3432 3392 conspexit

1853 3414 2044 3476 oculis,
2075 3412 2249 3466 adhuc
2298 3410 2564 3482 quoddam
2603 3421 2907 3465 truncatum
2954 3411 3170 3483 [Crets.,
3211 3413 3429 3481 quidam

1852 3506 2093 3578 truncus]
2133 3515 2378 3562 remanet
2418 3506 2660 3574 spurium
2702 3507 2997 3575 radicatqu
3043 3508 3094 3561 in
3140 3515 3306 3575 terra,
3347 3522 3435 3563 ec-

1850 3603 2026 3659 clesia:
2065 3613 2369 3670 protectum
2399 3603 2653 3669 tegmine,
2684 3616 2990 3655 mensuram
3027 3604 3180 3671 quasi
3209 3605 3437 3657 duorum

1850 3695 2196 3763 longitudinis
2217 3694 2455 3748 virorum
2480 3692 2686 3745 habens
2719 3709 2730 3744 :
2762 3692 2828 3746 de
2862 3707 2971 3761 quo
2995 3692 3248 3747 videlicet
3269 3707 3438 3746 couso

1851 3790 2070 3862 [Crets.,
2117 3787 2367 3856 corroso]
2418 3790 2602 3859 spurio
2653 3804 2718 3843 ex
2771 3787 2915 3841 omni
2964 3795 3118 3856 parte
3159 3785 3440 3840 securibus

1851 3880 2594 3946 circumciso,haslellarum
2637 3881 2703 3933 al
2747 3879 2987 3932 diversas
3028 3877 3173 3932 orbis
3214 3877 3437 3947 provin-

1850 3977 1959 4031 cias
1989 3975 2267 4046 particula:
2305 3983 2654 4044 asportantur
2685 3974 2753 4026 ob
2784 3972 3026 4039 ejusdem
3065 3986 3299 4039 querens
3346 3957 3439 4024 ve-

1851 4071 2188 4126 nerationem
2218 4077 2272 4124 et
2311 4069 2765 4131 recordatim‘iem,
2811 4067 2910 4120 sub
2941 4081 3043 4133 qua
3078 4066 3160 4133 (nt
3189 4065 3440 4142 superius

1851 4170 2332 4219 commemoratum
2365 4163 2472 4231 est)
2505 4160 2819 4226 angelorum
2844 4156 3114 4225 quondam
3145 4153 3438 4208 conventio

1852 4254 1915 4308 ad
1947 4254 2214 4308 Abraham
2244 4253 2603 4322 patriarcham
2630 4249 2836 4305 fautosa
2866 4257 2920 4304 et
2944 4246 3300 4318 prtedieabilis
3325 4245 3440 4300 fue-

1853 4360 1936 4402 rat
1959 4346 2282 4402 condonata.
2308 4345 2362 4399 ln
2387 4345 2615 4402 circuitu
2642 4343 2883 4412 ejusdem
2911 4340 3172 4402 ecclesim,
3200 4355 3318 4408 qum
3343 4338 3440 4392 ihi—

1852 4441 1974 4494 dem
2003 4439 2072 4494 ob
2105 4439 2208 4494 loci
2251 4438 2394 4493 illius
2438 4429 2906 4492 honorificentiam
2937 4453 2967 4490 υ
3007 4443 3246 4490 nstructa
3275 4434 3441 4488 habe-

1854 4539 1959 4597 tur,
1985 4546 2152 4600 pauca
2175 4530 2418 4598 qumdam
2443 4529 2813 4596 religiosorum
2839 4527 3148 4581 habitacula
3174 4524 3435 4579 fahriiata

156 4607 219 4659 "0
245 4607 334 4660 ‘3“
378 4606 642 4676 σερυιοτο
674 4605 790 4671 eius
837 4605 901 4659 ad
934 4607 1107 4698 Wfilin
1153 4607 1223 4660 de
1269 4619 1330 4662 σθ
1377 4607 1492 4675 ipso
1539 4606 1744 4698 Ρτοιῖιιίᾏ
1780 4638 1826 4698 ι)
1855 4628 2243 4675 monstrantur.
2281 4618 2391 4675 Sed
2433 4619 2500 4674 de
2539 4619 2622 4673 his
2668 4619 2767 4672 ista
2799 4606 3072 4672 sufficiant
3103 4614 3324 4680 dixisse,
3375 4614 3444 4670 ad

156 4698 397 4766 expletur
428 4698 618 4752 divina
649 4698 941 4751 sententia.
975 4695 1038 4750 Et
1064 4697 1219 4765 juxta
1248 4698 1554 4768 exemplum
1587 4697 1744 4767 primi

157 4789 389 4853 parentis
421 4803 502 4849 se,
527 4787 688 4852 ulcri,
720 4787 899 4841 (ueteri
936 4795 1042 4842 tres
1073 4787 1398 4856 patriarcha:
1426 4795 1482 4842 et
1511 4787 1609 4858 ipsi
1653 4787 1745 4840 vili

158 4878 368 4947 pulvere
418 4881 556 4934 tecti
587 4877 764 4932 dormi
787 4888 919 4933 entes
951 4887 1179 4946 pausant
1203 4895 1217 4931 :
1245 4894 1474 4947 quorum
1513 4887 1745 4947 quatuor

157 4971 392 5040 sepulcra
432 4971 645 5026 habent
686 4969 1032 5025 circumcisas
1078 4979 1133 5025 et
1180 4971 1390 5026 dolatas
1431 4971 1498 5025 de
1525 4970 1745 5039 singulis

155 5058 410 5131 lapidibus
462 5061 872 5130 superpositas,
921 5060 1076 5132 quasi
1125 5061 1193 5116 ad
1241 5061 1471 5117 formam
1516 5061 1744 5129 alicujus

157 5151 398 5219 basilicae,
430 5166 639 5224 parvas
664 5151 955 5208 Memorias
999 5151 1311 5217 fabricatas,
1341 5152 1495 5222 juxta
1524 5165 1746 5208 mensu-

156 5256 264 5298 ram
295 5243 663 5316 longitudinis
689 5251 745 5299 et
784 5243 1084 5301 latitudinis
1107 5244 1531 5314 uniuscujusque
1567 5243 1744 5316 sepul-

157 5335 228 5388 cri
255 5335 537 5392 formatas.
572 5335 848 5391 Abraham
880 5346 936 5391 et
964 5334 1116 5392 Isaac
1143 5345 1200 5392 et
1227 5334 1396 5392 Jacob
1441 5336 1541 5392 tria
1571 5336 1746 5407 sepul-

156 5439 239 5478 cra
285 5427 460 5483 vicina
493 5428 675 5482 tribus
719 5428 1076 5498 superpositis
1103 5427 1253 5483 duris
1292 5426 1524 5482 conditis
1563 5425 1748 5498 lapidi-

157 5514 264 5580 bus,
293 5517 359 5570 ad
388 5519 536 5574 hanc
561 5516 633 5571 de
662 5531 767 5586 qua
790 5517 1107 5587 scripsimus
1136 5515 1362 5587 ﬁguram
1392 5516 1657 5584 formatis,
1686 5526 1745 5573 ut

157 5608 390 5677 superius
435 5607 650 5663 dictum
699 5615 804 5672 est,
851 5616 1255 5678 proteguntur:
1288 5608 1460 5665 Adam
1493 5623 1622 5664 vero
1663 5624 1746 5665 se-

1853 4714 1956 4768 alia
1995 4727 2303 4784 pergamus.

2451 4801 2682 4859 CAPUT
2724 4799 2860 4856 ΧΠ(

1853 4896 1932 4951 De
1950 4898 2039 4952 illo
2053 4899 2222 4966 pineta
2239 4913 2301 4951 ea:
2319 4914 2418 4968 quo
2439 4897 2582 4966 ligna
2603 4899 2657 4949 in
2676 4912 2789 4968 ciam
2821 4896 2884 4968 lis
2907 4895 2976 4948 ad
2989 4891 3124 4968 ignis
3149 4891 3445 4948 ministeria

2096 4970 2148 5022 in
2173 4967 2553 5038 Hierosolymis
2582 4967 2896 5036 perﬁcienda
2923 4967 3192 5018 rchuumr.

1912 5058 2322 5129 Egredientibus
2351 5058 2418 5114 de
2445 5056 2699 5112 Chebron
2723 5057 2775 5112 in
2817 5057 2991 5128 campi
3017 5056 3305 5112 latitudine
3331 5056 3434 5112 sita

1852 5150 1918 5204 ad
1942 5149 2304 5219 aquilonalem
2334 5148 2567 5220 plagam,
2610 5147 2754 5204 haud
2794 5147 2987 5219 procul
3013 5162 3044 5202 a
3075 5147 3317 5216 margine
3339 5145 3438 5202 via:

1853 5243 1916 5297 ad
1941 5242 2238 5308 sinistram,
2283 5240 2523 5298 occurrit
2566 5239 2790 5311 pinosus
2834 5253 2941 5295 non
2988 5238 3207 5308 grandis
3255 5252 3435 5302 mons.

1853 5337 2023 5392 tribus
2064 5337 2300 5391 millibus
2335 5350 2364 5389 a
2402 5334 2653 5390 Chebron
2692 5333 2937 5389 distans:
2983 5347 3015 5387 a
3057 5329 3212 5400 cujus
3254 5329 3440 5400 pineto

1851 5429 2007 5500 pinea
2046 5429 2110 5483 ad
2142 5429 2567 5500 Hierosolymam
2611 5443 2781 5499 usque
2821 5427 2873 5481 in
2913 5423 3441 5481 camelis-vehuntur

1845 5520 1986 5588 ligna
2027 5519 2094 5574 ad
2134 5518 2282 5576 focos
2322 5517 2659 5575 nutriendos.
2691 5521 2743 5572 In
2766 5517 3007 5583 camelis,
3042 5516 3284 5588 inquam,
3308 5527 3438 5571 nam

1845 5611 1897 5666 in
1946 5611 2092 5666 omni
2141 5609 2322 5666 Judrea
2348 5650 2366 5678 ,
2413 5619 2471 5665 ut
2520 5610 2770 5666 Arcull‘us
2811 5607 3015 5673 refert,
3059 5607 3299 5678 plaustra
3341 5605 3434 5663 vel

161 5701 392 5768 pulcrum
421 5701 778 5774 superposito
805 5701 1044 5773 quidem,
1071 5700 1169 5760 sed
1194 5700 1522 5758 obscurioris
1559 5701 1740 5772 lapide
1841 5702 2002 5756 etiam
2043 5717 2235 5757 currus
2274 5716 2400 5758 raro
2443 5699 2665 5773 reperiri
2698 5711 2947 5772 possunt.

229 5876 242 5898 '
286 5868 412 5925 Vide
447 5872 550 5927 hac
577 5867 726 5926 dere
751 5869 1027 5924 homiliam
1052 5868 1328 5928 llaimonis
1354 5868 1592 5942 episcopi
1618 5865 1941 5923 llalerstadt.
1977 5869 2031 5926 in
2063 5868 2240 5939 vigilia
2271 5867 2500 5938 Pascha,
2537 5878 2591 5925 et
2617 5869 2815 5924 Bai-on.
2853 5865 2920 5923 ad
2951 5883 3037 5923 an.
3068 5866 3159 5924 δι.
3233 5915 3242 5928 ,
