4204 6560
1344 512 1571 569 CAPUT
1611 510 1746 567 XIII.

1378 605 1459 660 De
1487 606 1714 661 Iericho.

823 693 1041 753 Iericho
1087 696 1268 763 urbis,
1317 712 1478 767 quam
1521 697 1683 752 Iosue
1720 695 1957 754 Iordane
2008 699 2326 755 transmisso

754 788 1042 855 subvertit,
1080 803 1210 859 rege
1250 789 1392 846 illius
1422 792 1724 858 interfecto,
1765 801 1984 850 sanctus
2012 802 2198 850 noster
2221 798 2324 849 Ar-

751 877 929 933 culfus
966 881 1249 949 conspexit
1286 880 1486 946 locum,
1524 897 1622 952 pro
1660 898 1764 949 qua
1806 883 1915 939 Oza
1956 884 2025 939 de
2050 882 2239 939 Bethel
2266 900 2332 939 ex

749 968 898 1024 tribu
926 968 1179 1039 Ephraim
1220 972 1381 1027 aliam
1422 974 1707 1040 exstruxit,
1739 989 1898 1043 quam
1929 985 2116 1030 noster
2144 975 2336 1031 Salva-

752 1067 841 1114 tor
864 1074 960 1114 sua
988 1064 1274 1130 praesentia
1314 1064 1534 1121 visitare
1560 1064 1806 1135 dignatus
1831 1073 1935 1121 est.
1980 1067 2110 1133 Quze
2136 1067 2331 1123 eodem

752 1157 1018 1221 tempore,
1046 1167 1154 1221 quo
1187 1153 1516 1211 Hierusalem
1547 1156 1772 1213 Romani
1804 1158 2160 1223 obsedebant,
2208 1176 2335 1231 pro-

749 1251 874 1310 pter
913 1245 1108 1299 civium
1145 1248 1423 1318 perfidiam
1459 1259 1614 1319 capta
1656 1259 1711 1306 et
1751 1250 2023 1307 destructa
2062 1263 2184 1321 est,
2239 1269 2336 1325 pro

748 1349 857 1402 qua
889 1337 1043 1390 tertia
1076 1338 1293 1394 condita
1342 1348 1443 1406 est,
1494 1356 1612 1411 qua:
1641 1352 1767 1411 post
1812 1343 1978 1397 multa
2032 1352 2333 1414 temporum

750 1426 1035 1483 intervalla
1065 1437 1120 1483 et
1149 1430 1263 1499 ipsa
1294 1431 1555 1486 subversa
1580 1440 1664 1487 est
1693 1451 1705 1486 :
1738 1432 1891 1503 cujus
1919 1450 2059 1491 nunc
2086 1437 2332 1505 quaedam

751 1522 842 1593 (ut
874 1523 1120 1579 Areulfus
1152 1525 1337 1591 refert)
1368 1524 1653 1583 ruinarum
1673 1528 1897 1598 vestigia
1941 1539 2330 1584 monstrantur.

749 1613 938 1670 Mirum
969 1615 1113 1670 dictu
1141 1618 1153 1670 Ξ
1188 1616 1301 1671 sola
1333 1616 1525 1671 domus
1557 1619 1741 1673 Rabab
1772 1629 1894 1689 post.
1923 1630 2030 1676 tres
2059 1622 2109 1675 in
2141 1621 2333 1676 eodem

748 1704 877 1763 loco
903 1708 1208 1764 destructas
1237 1710 1485 1765 civitates
1526 1714 1803 1779 remansit,
1834 1728 1955 1782 qua:
1977 1720 2113 1769 duos
2144 1716 2336 1783 explo-

750 1806 964 1854 ratores
992 1816 1128 1868 quos
1157 1800 1572 1856 Iesu-ben-Nun
1602 1801 1690 1871 [Id
1718 1814 1795 1858 est
1832 1802 1996 1859 Iosue
2019 1805 2159 1860 filius
2191 1806 2332 1875 Nunl

1951 402 2195 458 SANCTI
2236 404 2550 461 ADAIIANI
2591 404 2880 461 ABBATIS

2366 518 2421 577 Δ

3922 411 4023 467 800

3029 512 3259 570 CAPUT
3302 514 3441 570 XVI.

2512 605 2592 661 De
2612 609 2708 663 isto
2737 607 2849 663 loco
2871 609 2925 662 in
2945 624 3043 675 quo
3070 606 3324 664 Dominus
3346 626 3379 663 a
3400 608 3608 665 Joanne
3632 609 3947 683 baptizuur.

2513 696 2609 753 Ille
2638 707 3013 754 sacrosanctus
3041 706 3098 754 et
3128 699 3465 757 honorabilis
3489 700 3663 768 locus,
3698 703 3751 757 in
3780 718 3891 772 quo
3921 705 4025 760 Do-

2442 790 2617 844 minus
2672 804 2702 843 a
2746 787 2955 844 Joanne
3003 790 3306 860 baptizatus
3344 801 3449 859 est,
3479 807 3695 861 semper
3735 794 3888 865 aquis
3931 795 4024 850 Ilu-

2442 880 2604 935 miuis
2634 881 2833 949 tegitur
2861 878 3114 937 Iordanis
3139 898 3153 934 :
3185 888 3265 948 et,
3292 881 3434 937 sicut
3459 883 3709 939 Arculfus
3740 886 3907 941 refert
3934 888 4019 955 qui

2440 973 2507 1025 ad
2537 973 2787 1027 eumdem
2819 980 3141 1041 pervenerat
3184 972 3384 1038 locum,
3414 975 3630 1043 hucque
3676 984 3732 1031 et
3774 977 3901 1032 illuc
3929 994 4022 1048 per

2441 1065 2685 1119 eumdem
2716 1067 3076 1120 transnatavit
3100 1065 3343 1129 ﬂuvium,
3370 1066 3425 1121 in
3452 1066 3644 1122 eodem
3666 1080 4020 1125 sacrosancto

2441 1156 2561 1211 loco
2595 1155 2767 1226 lignea
2796 1172 2929 1211 crux
2959 1171 3167 1212 summa
3191 1156 3353 1211 infixa
3378 1166 3483 1226 est,
3512 1158 3666 1227 juxta
3697 1175 3859 1229 quam
3884 1177 4021 1231 aqua

2446 1263 2618 1316 usque
2674 1248 2739 1302 ad
2768 1248 2967 1303 collum
3000 1248 3295 1316 longissimi
3340 1250 3487 1303 venit
3528 1250 3721 1305 stantis
3765 1252 3899 1317 viri;
3931 1260 4023 1307 aut

2444 1340 2551 1394 alio
2581 1340 2635 1393 in
2665 1348 2909 1409 tempore
2939 1339 3118 1394 nimiae
3154 1339 3413 1395 siccitatis
3442 1342 3599 1412 aquis
3626 1342 3926 1397 imminutis
3954 1344 4021 1396 ad

2441 1432 2703 1486 mamillas
2729 1447 2898 1501 usque
2928 1451 2939 1485 :
2971 1432 3324 1488 inundatione
3350 1449 3481 1489 vero
3510 1434 3650 1490 facta
3673 1435 3901 1505 majore.
3930 1436 4016 1491 illa

2440 1535 2551 1581 tota
2584 1541 2717 1581 crux
2744 1540 3004 1595 aquarum
3035 1525 3342 1594 adjectione
3366 1527 3687 1596 protegitur.
3717 1527 3893 1583 Locus
3918 1528 4020 1582 ita-

2439 1630 2545 1684 que
2573 1614 2814 1683 ejusdem
2846 1616 3041 1680 crucis,
3074 1615 3129 1669 in
3158 1629 3267 1684 quo
3296 1616 3377 1687 (ut
3406 1618 3653 1686 superius
3679 1618 3882 1673 dictum
3913 1620 4017 1685 est)

2441 1708 2697 1763 Dominus
2736 1708 3045 1777 baptizatus
3090 1715 3195 1776 est,
3242 1709 3377 1763 citra
3408 1709 3619 1764 alveum
3650 1707 3886 1765 fluminis
3924 1711 4023 1765 ha-

2438 1796 2593 1850 betur
2627 1814 2638 1848 :
2673 1812 2702 1849 a
2732 1812 2838 1867 quo
2875 1812 3042 1865 usque
3072 1797 3123 1851 in
3156 1798 3384 1853 alteram
3414 1800 3585 1869 ripam
3615 1801 3667 1853 in
3704 1809 3857 1868 parte
3884 1802 4025 1854 Ara~

749 1891 1065 1953 transmisit,
1121 1890 1173 1944 in
1222 1891 1423 1945 solario
1467 1893 1708 1960 ejusdem
1742 1893 1932 1949 domus
1970 1910 2078 1949 sua:
2108 1895 2200 1949 lini
2233 1896 2331 1951 sti-
2369 1882 2411 1938 Β
2441 1889 2539 1942 Μὶὲ
2572 1889 2733 1944 homo
2776 1888 2927 1943 fortis
2954 1889 3161 1957 jactare
3210 1890 3444 1960 lapidem
3490 1899 3667 1961 potest
3711 1890 3870 1946 funda
3917 1893 4024 1947 im-

748 1981 873 2050 pula
915 1980 1194 2037 abscondit
1222 2000 1232 2034 :
1263 1984 1415 2051 cujus
1446 1984 1639 2053 lapidei
1672 1988 1905 2055 parietes
1934 1988 2051 2041 sin-9
2092 1989 2328 2044 culmine

747 2084 1084 2141 permanent.
1120 2074 1295 2130 Locus
1323 2090 1449 2130 vero
1482 2076 1649 2130 totius
1678 2080 1829 2132 urbis
1862 2080 1927 2133 ab
1957 2080 2191 2133 humana
2228 2080 2327 2135 de-

747 2171 925 2217 sertus
951 2164 1303 2227 habitatione,
1334 2166 1532 2221 nullam
1556 2168 1771 2221 domum
1799 2168 2002 2224 habens
2026 2186 2333 2225 commora-

753 2254 940 2319 tionis,
971 2265 1180 2324 segetes
1212 2265 1267 2310 et
1305 2257 1484 2311 vineta
1527 2260 1738 2328 recipit.
1773 2260 1915 2313 Inter
1964 2261 2138 2315 locum
2190 2262 2335 2330 ejus-

746 2346 869 2401 dem
895 2348 1180 2403 (Ιοεϊυριω
1204 2348 1435 2404 civitatis
1457 2358 1510 2404 et
1529 2349 1822 2405 Iordanem
1849 2349 2067 2405 fluvium
2099 2352 2326 2421 grandia

749 2437 929 2491 insunt
958 2439 1209 2506 palmeta,
1257 2440 1308 2493 in
1341 2457 1567 2510 quorum
1600 2441 1778 2497 medio
1820 2443 2053 2513 campuli
2084 2444 2329 2514 interpo-

747 2529 835 2581 s‘ti
866 2529 1148 2594 habentur,
1182 2531 1234 2584 in
1264 2531 1458 2600 quibus
1488 2533 1840 2601 quorumdam
1871 2532 2174 2589 Chananeze
2197 2536 2326 2588 stir-

745 2620 831 2688 pis
862 2619 1279 2676 homuncionum
1319 2638 1487 2693 prope
1532 2616 1827 2679 innumera:
1873 2633 1998 2679 sunt
2044 2624 2321 2680 fabricata:

747 2706 1103 2767 habitantium
1132 2713 1344 2770 domus.

1341 2807 1569 2865 CAPUT
1609 2809 1742 2865 XIV.

1348 2900 1424 2955 De
1464 2901 1722 2973 Galgalis.

818 2991 1063 3047 Arculfus
1091 3008 1232 3061 sche
1272 3002 1600 3047 memoratus
1626 2992 1911 3061 quamdam
1941 2994 2197 3063 grandem
2230 3009 2325 3047 ec-

745 3081 963 3136 clesiam
987 3082 1039 3137 in
1051 3081 1285 3151 Galgalis
1307 3083 1583 3137 fundatam
1607 3082 1755 3151 vidit,
1776 3098 1841 3137 eo
1866 3084 1917 3137 in
1944 3085 2061 3139 loco
2079 3091 2333 3139 constru-

744 3182 889 3226 ctam
923 3173 974 3228 in
999 3188 1107 3243 quo
1138 3174 1227 3227 lilii
1272 3174 1453 3237 Israel,
1484 3173 1716 3229 Iordane
1763 3185 2116 3243 transgresso,
2149 3182 2329 3229 castra

2436 1979 2690 2048 pellente.
2742 1977 2906 2047 Igitur
2939 1994 2969 2032 a
3000 1980 3117 2034 loco
3145 1994 3307 2049 supra
3332 1991 3648 2036 memoratae
3676 1983 3855 2037 crucis
3886 1998 4025 2053 pons

2438 2071 2680 2140 lapideus
2716 2071 2948 2125 arcubus
2978 2068 3139 2125 fultus
3166 2070 3233 2124 ad
3264 2071 3469 2124 aridam
3497 2087 3665 2141 usque
3702 2073 4021 2141 porrigitur,

2438 2179 2534 2234 per
2559 2178 2719 2231 quem
2759 2163 2928 2232 ipsam
2960 2163 3221 2217 adeuntes
3266 2178 3504 2227 crucem,
3540 2180 3636 2232 per
3663 2164 3877 2219 clivium
3920 2165 4024 2219 ho-

2437 2257 2611 2311 mines
2641 2255 3000 2321 descendunt,
3034 2254 3100 2309 ad
3141 2256 3347 2310 aridam
3379 2256 3580 2310 reversi
3613 2257 3929 2312 ascendunt.
3960 2256 4024 2313 In

2437 2347 2779 2401 extremitate
2826 2361 2954 2399 Vero
3000 2345 3232 2401 fluminis
3275 2346 3524 2413 quzedam
3570 2346 3801 2401 habetur
3845 2362 4016 2415 parva

2436 2437 2698 2506 quadrata
2726 2436 2977 2504 ecclesia,
3006 2437 3058 2490 in
3084 2451 3151 2491 eo
3178 2436 3340 2505 (sicut
3367 2437 3613 2507 traditur)
3646 2437 3864 2492 fundata
3896 2438 4023 2493 loco

2440 2526 2530 2580 ubi
2557 2526 2835 2580 Dominica
2861 2529 3180 2581 vestimenta
3204 2528 3337 2581 hora
3364 2527 3451 2581 illa
3475 2527 3740 2582 custodita
3768 2537 3894 2582 sunt
3912 2545 4023 2597 qua

2438 2614 2740 2682 baptizatus
2765 2626 2847 2670 est
2878 2616 3155 2671 Dominus.
3209 2616 3336 2672 Ilmc
3361 2627 3596 2686 quatuor
3640 2618 3865 2688 lapideis
3906 2618 4025 2673 sui".

2437 2703 2571 2759 fulta
2613 2706 2844 2771 cancris,
2884 2716 2989 2760 stat
3038 2722 3200 2775 super
3238 2722 3408 2775 aquas
3458 2710 3851 2777 inhabitabilis,
3896 2712 4025 2781 quia

2436 2794 2536 2849 sub
2568 2794 2736 2863 ipsam
2769 2796 2892 2850 hinc
2918 2804 2973 2850 et
2999 2797 3122 2852 inde
3148 2798 3455 2852 subintrant
3480 2814 3655 2868 aqua.
3706 2803 3829 2856 llaec
3859 2802 4025 2856 desu~

2437 2900 2534 2956 per
2581 2887 2761 2940 coctili
2793 2888 3096 2955 protegitur
3143 2897 3331 2942 creta:
3368 2889 3593 2944 inferius
3624 2906 3776 2956 vero,
3820 2898 3883 2944 ut
3934 2891 4019 2946 di-

2436 2985 2581 3031 ctum
2602 2985 2704 3041 est,
2726 2978 2935 3032 cancris
2958 2986 3013 3032 et
3042 2979 3271 3033 arcubus
3293 2988 3612 3034 sustentata.
3639 2981 3764 3035 Haec
3790 2981 3913 3037 talis
3935 2997 4024 3037 ec-

2436 3068 2600 3123 clesia
2634 3068 2687 3122 in
2738 3067 2869 3123 locis
2916 3068 3258 3123 inferioribus
3308 3070 3449 3124 illius
3492 3070 3647 3125 vallis
3690 3078 3892 3135 exstat,
3924 3086 4024 3140 per

2434 3174 2597 3229 quam
2630 3158 2803 3213 influit
2849 3158 3100 3214 Iordanis
3131 3158 3343 3218 fluvius.
3382 3159 3441 3214 In
3481 3161 3848 3230 superioribus
3890 3178 4025 3217 vero

744 3265 931 3318 ntetati
947 3266 1173 3335 primam
1196 3266 1246 3321 in
1272 3270 1413 3319 terra
1430 3264 1686 3319 Chanaan
1709 3265 2039 3320 mansionem
2062 3265 2322 3321 habuere.

2437 3249 2572 3305 locis
2596 3248 2866 3318 quoddam
2911 3250 3053 3304 inest
3076 3249 3283 3319 grande
3321 3252 3709 3307 monachorum
3744 3263 4023 3308 monaste-

1349 3374 1575 3430 (ZAPU'I‘
1613 3375 1729 3431 XV.

745 3465 828 3523 De
859 3467 1128 3537 duodecim
1168 3468 1427 3533 lapidibus
1456 3486 1581 3537 quos
1612 3469 1711 3535 lilii
1763 3467 1952 3531 Israel,
1989 3473 2330 3524 transt'adalo

885 3535 1133 3591 Iordanis
1165 3539 1339 3607 [lui-io,
1365 3535 1554 3593 siccato
1583 3540 1870 3592 detulerunt
1898 3540 2180 3609 profundo.

814 3646 871 3703 In
901 3664 1007 3717 qua
1053 3649 1301 3704 videlicet
1344 3650 1573 3720 ecclesia
1625 3651 1762 3704 idem
1810 3661 2030 3707 sanctus
2075 3652 2327 3707 Arculfus

744 3740 865 3794 illos
907 3740 1270 3794 consideravit
1314 3740 1593 3795 duodenos
1636 3740 1862 3809 lapides,
1906 3743 1971 3795 de
2018 3742 2215 3810 quibus
2261 3742 2327 3796 ad
2410 3808 2413 3811 _

742 3830 907 3887 Iosue
931 3831 1189 3885 Dominus
1218 3840 1341 3900 post
1374 3833 1656 3886 transitum
1687 3830 1937 3886 Iordanis
1966 3832 2178 3887 locutus
2208 3842 2291 3887 est
2310 3874 2325 3899 ,

740 3923 929 3976 dicens
960 3940 971 3975 :
1015 3919 1164 3991 Elige
1200 3922 1469 3975 duodecim
1501 3923 1634 3975 viros
1671 3923 1900 3991 singulos
1950 3939 2041 3989 per
2089 3924 2322 3992 singulas

742 3995 937 4076 tribus,
956 4020 1003 4065 et
1030 4014 1252 4081 praecipe
1274 4014 1348 4066 eis
1371 4020 1424 4064 ut
1458 4014 1640 4066 Iollan!
1674 4014 1738 4064 de
1768 4013 1934 4066 medio
1958 4012 2210 4067 Iordanis
2240 4014 2325 4066 al-

739 4120 849 4166 veo,
881 4102 966 4156 ubi
989 4103 1311 4157 sacerdotum
1337 4113 1581 4157 steterunt
1603 4103 1777 4172 pedes,
1804 4104 2073 4156 duodecim
2103 4104 2325 4156 durissi-

739 4209 851 4247 mos
876 4193 1098 4261 lapides,
1121 4208 1247 4260 quos
1269 4194 1467 4262 ponetis
1497 4193 1552 4245 in
1587 4194 1698 4246 loco
1736 4201 2041 4256 castrorum,
2068 4192 2155 4245 ubi
2189 4194 2323 4261 ﬁxe-

739 4286 854 4337 rétis
878 4285 975 4338 hac
1014 4293 1162 4338 nocte
1198 4284 1418 4337 tentoria
1448 4282 1627 4354 (Iosue
1657 4284 1749 4354 tv).
1787 4282 1913 4348 Ilos,
1944 4284 2185 4352 inquam,
2216 4284 2320 4337 Ar-

741 4374 914 4432 culfus
952 4375 1155 4431 viderat
1186 4395 1199 4429 :
1233 4391 1263 4431 e
1305 4377 1498 4444 quibus
1542 4393 1701 4432 senos
1731 4378 1782 4431 in
1822 4378 2041 4432 dextera
2070 4378 2317 4433 ecclesia:

737 4476 892 4537 parte
920 4468 973 4522 in
1001 4468 1330 4537 pavimiento
1356 4468 1621 4537 jacentes,
1664 4479 1719 4524 et
1749 4471 1883 4525 alios
1922 4470 2164 4538 ejusdem
2220 4488 2321 4525 nu-

738 4558 874 4613 meri
904 4559 957 4613 in
1004 4558 1317 4628 aquilonali,
1346 4574 1535 4613 omne;
1577 4559 1853 4628 impolitos
1898 4567 1952 4613 et
1985 4560 2136 4623 viles,
2183 4576 2315 4613 con-

737 4652 953 4723 spexit:
987 4667 1216 4721 quorum
1248 4666 1682 4720 unumquemque
1730 4651 1813 4720 (ut
1856 4651 1970 4718 ipse
2018 4651 2182 4703 refert
2216 4649 2319 4703 Ar-

738 4744 941 4811 culfus)
992 4745 1150 4812 hujus
1183 4746 1441 4814 temporis
1468 4745 1575 4799 duo
1612 4743 1840 4812 juvenes
1886 4742 1983 4795 viri
2031 4740 2196 4796 fortes
2226 4741 2316 4795 vix

736 4844 969 4905 possunt
1014 4834 1081 4889 de
1124 4843 1267 4889 terra
1304 4835 1607 4890 sublevare.
1658 4833 1734 4887 Ex
1771 4833 1968 4901 quibus
2005 4848 2160 4895 unus,
2207 4848 2316 4901 quo

734 4942 864 4980 casu
892 4925 1176 4980 accidente
1205 4926 1463 4991 nescitur,
1507 4925 1560 4979 in
1603 4924 1736 4977 duas
1766 4923 2073 4977 confractus
2110 4931 2313 4989 partes,

732 5016 927 5070 iterum
962 5013 1109 5070 ferro
1135 5016 1519 5079 condensatus,
1558 5030 1719 5069 manu
1751 5014 1969 5067 artificis
1998 5013 2316 5081 conjunctus

731 5119 833 5161 est.
866 5106 1053 5177 Galgal
1084 5107 1287 5174 itaque,
1321 5106 1412 5161 ubi
1439 5121 1601 5176 supra
1630 5112 1929 5158 memorata
1963 5102 2184 5156 fundata
2229 5113 2313 5156 est

731 5196 979 5261 ecclesia,
1013 5196 1079 5250 ad
1108 5196 1429 5259 orientalem
1467 5195 1701 5264 antiquae
1734 5193 1946 5247 Iericho
1974 5192 2191 5260 plagam
2237 5193 2315 5246 cis

728 5285 1022 5340 Iordanem
1050 5296 1131 5341 est
1165 5288 1217 5341 in
1246 5294 1396 5343 sorte
1427 5287 1595 5341 tribus
1619 5285 1777 5349 Iuda,
1804 5285 1857 5338 in
1887 5284 2077 5354 quinto
2110 5284 2307 5337 millia-

729 5378 811 5431 rio
866 5394 896 5432 a
946 5376 1205 5432 Iericho:
1239 5377 1329 5431 ubi
1376 5385 1431 5431 et
1486 5376 1893 5431 tabernaculum
1942 5376 2107 5427 fixum
2140 5373 2309 5429 multo

730 5481 972 5539 tempore
999 5471 1119 5536 fuit,
1151 5470 1203 5524 in
1234 5471 1386 5539 cujus
1415 5470 1537 5524 loco
1569 5470 1652 5539 (ut
1679 5467 1928 5537 traditur)
1962 5476 2043 5521 est
2071 5465 2304 5521 ecclesia

727 5562 1034 5633 supradicta
1086 5570 1433 5625 constructa,
1486 5561 1539 5615 in
1587 5574 1690 5628 qua
1742 5558 1819 5612 illi
1867 5557 2099 5612 duodeni
2145 5570 2307 5625 supra

728 5654 1008 5707 memorati
1038 5653 1306 5707 habentur
1336 5652 1560 5721 lapides,
1606 5650 1673 5705 ab
1704 5650 1846 5705 illius
1880 5649 2115 5718 regionis
2155 5663 2302 5702 mor-

728 5746 922 5800 talibus
952 5746 1085 5801 iniro
1113 5746 1257 5802 cultu
1288 5753 1342 5802 et
1372 5744 1783 5802 honorificentia
1826 5742 2008 5799 habita
2044 5740 2307 5798 honoriﬁ-

726 5844 897 5891 catur.

2436 3344 2601 3408 rium,
2631 3343 2773 3412 quod
2805 3358 2968 3411 supra
2998 3342 3283 3412 descriptae
3304 3343 3668 3412 supereminet
3690 3344 3939 3400 ecclesia:
3966 3346 4024 3400 in

2435 3435 2725 3502 supercilio
2749 3433 3030 3489 monticuli
3058 3449 3088 3488 e
3117 3436 3339 3503 regione
3366 3445 3765 3503 constructum;
3799 3438 4022 3492 ibidem-

2433 3538 2538 3592 que
2571 3532 2630 3578 et
2672 3525 2899 3579 ecclesia
2931 3525 2984 3578 in
3025 3526 3231 3580 honore
3258 3527 3431 3582 sancti
3466 3526 3820 3598 baptizatoris
3856 3526 4020 3583 Ioan-

2433 3615 2516 3669 nis
2566 3615 2805 3681 fundata,
2848 3615 3042 3671 eodem
3080 3618 3395 3673 monasterii
3430 3618 3793 3675 circumdatur
3834 3636 4039 3688 muro,

2431 3707 2710 3776 quadratis
2736 3718 3054 3765 c0nstruclo
3085 3708 3373 3779 lapidbus.

2999 3822 3228 3879 CAPUT
3266 3823 3431 3879 XVII.

2930 3911 3009 3968 De
3037 3913 3291 3969 Iordanis
3322 3918 3510 3971 colore.

2500 4003 2772 4061 Iordaniei
2802 4006 2954 4061 color
2978 3994 3232 4072 fluminis,
3260 4006 3399 4062 sicut
3428 4008 3582 4063 nobis
3608 4008 3859 4064 Arculfus
3891 4010 4015 4067 inti-

2431 4098 2618 4162 mavit,
2652 4098 2861 4152 albidus
2889 4098 2943 4151 in
2974 4098 3258 4168 superficie
3283 4103 3435 4169 quasi
3464 4101 3548 4154 lac
3577 4102 3789 4156 videtur
3814 4123 3826 4156 :
3860 4103 4016 4174 cujus

2429 4190 2553 4247 talis
2582 4189 2735 4244 color
2760 4204 2909 4245 mare
2934 4191 3229 4246 salinarum
3260 4192 3510 4248 intrantis
3548 4194 3710 4264 longo
3739 4199 3958 4252 tramite
3981 4212 4015 4253 ι

2426 4280 2607 4336 colore
2637 4281 2803 4336 maris
2833 4283 3025 4338 Mortui
3057 4298 3155 4353 per
3195 4284 3408 4339 alveum
3436 4285 3553 4356 ejus
3590 4285 3746 4341 facile
3776 4287 4012 4345 discerni

2426 4382 2626 4444 potest.

2988 4445 3213 4501 CAPUT
3254 4446 3435 4501 XVIII.

2963 4538 3041 4594 De
3070 4543 3202 4593 mari
3234 4540 3465 4595 Mortuo.

2492 4632 2647 4697 Quod
2678 4632 2931 4687 videlicet
2972 4632 3240 4687 Mortuum
3283 4648 3432 4687 mare
3463 4634 3512 4687 in
3547 4635 3754 4701 magnis
3791 4642 4010 4706 tempe-

2420 4725 2647 4778 statibus
2675 4724 2931 4778 lluctuum
2962 4724 3243 4779 collisione
3282 4724 3349 4778 ad
3378 4732 3549 4778 terras
3595 4724 3673 4777 sal
3704 4724 3872 4778 efficit
3909 4740 4009 4795 per

2424 4813 2568 4867 illius
2599 4813 2883 4867 circuirum
2910 4815 3072 4867 maris
3102 4811 3442 4867 abundanter
3463 4811 3647 4866 haberi
3674 4830 3686 4864 :
3719 4815 3865 4880 quod
3894 4830 4006 4870 non

2419 4904 2593 4957 solum
2627 4903 2863 4970 undique
2894 4902 3106 4966 vicinis,
3139 4904 3232 4957 sed
3281 4904 3445 4958 etiam
3484 4903 3642 4971 longe
3684 4905 3877 4972 positis
3907 4920 4009 4959 na—

2421 4995 2653 5049 tionibus
2683 4994 2839 5048 valde
2876 5009 3126 5062 magnum
3157 4994 3459 5063 profectum
3486 4995 3707 5063 prabet,
3741 4996 3873 5050 solis
3911 5012 4007 5051 ea-

2421 5085 2531 5140 lore
2571 5086 2698 5139 satis
2736 5085 3065 5139 sufficienter
3106 5086 3387 5138 siccatum.
3434 5083 3604 5138 Aliter
3646 5100 3776 5139 vero
3826 5087 3906 5139 sal
3949 5087 4003 5140 in

2417 5176 2649 5245 quodam
2672 5175 2855 5230 Siculo
2886 5184 3071 5230 monte
3100 5174 3284 5228 haberi
3313 5173 3473 5227 solet.
3504 5173 3637 5226 Nam
3666 5175 3808 5229 illius
3838 5191 3999 5229 tuon-

2415 5268 2482 5321 tis
2514 5267 2714 5335 lapides
2736 5267 2802 5320 de
2833 5275 2975 5321 terra
2999 5266 3169 5320 evulsi
3197 5281 3385 5319 verum
3414 5267 3736 5320 naturaliter
3765 5268 4003 5322 salsissi-

2414 5375 2560 5413 mum
2608 5360 2687 5413 sal
2734 5375 2792 5415 es
2823 5375 2852 5413 e
2891 5370 3047 5427 gustu
3089 5359 3532 5429 comprobantur,
3582 5358 3727 5428 quod
3781 5361 4001 5431 proprie

2415 5453 2720 5507 nominatur
2774 5452 2854 5506 sal
2915 5462 3090 5507 terra).
3125 5451 3295 5505 Aliter
3336 5465 3465 5521 ergo
3496 5450 3575 5506 sal
3620 5453 3784 5505 maris
3832 5463 4000 5522 atque

2414 5543 2569 5598 aliter
2620 5543 2699 5598 sal
2756 5551 2913 5597 terrae
2977 5542 3204 5597 vocitari
3268 5543 3426 5597 solet.
3491 5540 3643 5597 Unde
3705 5551 3760 5595 et
3816 5542 4002 5597 Domi-

2414 5652 2513 5692 nus
2554 5637 2607 5690 in
2657 5636 2944 5704 Evangelio
2996 5650 3095 5706 per
3142 5633 3548 5689 similitudinem
3596 5634 3662 5686 ad
3706 5636 3993 5704 apostolos

2412 5731 2614 5785 dixisse
2642 5729 2879 5785 creditur
2904 5746 2915 5781 :
2950 5728 3050 5782 Vos
3073 5729 3191 5782 estis
3221 5728 3303 5781 sal
3332 5738 3503 5793 teme,
3527 5736 3633 5782 etc.
3664 5726 3884 5797 (Matth.
3915 5733 3995 5795 v.)

2414 5824 2487 5879 De
2517 5825 2621 5879 hoc
2666 5822 2843 5892 itaque
2891 5820 3005 5877 sale
3046 5827 3202 5875 terrm
3232 5820 3287 5875 in
3321 5818 3518 5874 Sicilia:
3546 5828 3733 5874 monte
3770 5830 3990 5889 reperto
