4204 6540
204 398 288 455 801
1397 406 1485 460 DE
1530 405 1726 462 LOClS
1766 404 1783 461 ξ

1886 402 2056 461 iCTlS
2098 404 2224 460 Mli.
2268 403 2331 459 ll.

204 514 352 570 nobis
378 522 602 571 sanctus
642 513 914 570 intimavit
967 516 1236 579 Arcuifus,
1268 516 1359 585 qui
1393 518 1517 571 illud
1560 532 1657 587 per
1685 518 1786 572 ali-
1818 521 1869 580 Α

202 614 328 676 quot
355 605 473 662 dies
502 606 557 662 in
584 606 766 664 Sicilia
790 621 1022 664 manens
1048 609 1164 664 visu
1193 618 1249 663 et
1268 619 1425 679 gustu
1452 620 1613 677 atque
1640 619 1787 665 tactu

201 696 576 768 comprobavit
602 712 723 755 esse
744 715 930 754 verum
956 699 1310 756 salsissimum
1337 702 1437 757 sal.
1468 702 1609 757 Idem
1635 703 1792 758 nobis

201 795 255 842 et
277 787 345 844 de
375 790 542 845 maris
568 788 768 846 Μοτιυί
796 792 910 847 sale
936 793 1175 847 narravit
1201 809 1213 845 :
1242 796 1385 863 quod
1416 795 1667 850 similiter
1699 796 1791 851 iis-

199 877 315 932 dem
363 878 536 934 tribus
562 881 889 951 supradictis
934 884 1184 937 sensibus
1213 898 1244 937 a
1284 899 1344 938 se
1372 888 1789 956 comprebatum

200 970 490 1036 nuntiavit;
525 972 618 1042 qui
649 974 813 1028 etiam
843 974 1082 1043 ejusdem
1113 977 1364 1045 superius
1394 980 1679 1032 memorati
1704 980 1786 1031 la-

200 1076 291 1115 cus
337 1063 665 1119 maritimam
698 1064 1060 1135 frequentavit
1099 1084 1271 1133 oram,
1317 1069 1471 1136 cujus
1510 1070 1790 1138 longitudo

200 1166 369 1220 usque
399 1153 467 1208 ad
499 1152 704 1209 Zoarns
749 1156 963 1211 Arabia:
1010 1158 1199 1213 stadiis
1243 1159 1555 1227 quingentis
1599 1170 1790 1214 octna-

201 1245 342 1314 ginta
372 1246 640 1315 dirigitur,
674 1247 903 1303 latitudo
929 1251 1118 1306 stadiis
1143 1261 1363 1308 centum
1397 1253 1787 1324 quinquaginta

200 1350 366 1407 usque
392 1338 459 1392 ad
486 1338 738 1394 viciniam
766 1340 1151 1398 Sodomorum.

775 1434 1002 1491 CAPUT
1042 1436 1182 1492 XIX.

674 1526 753 1581 De
780 1529 1006 1599 fontibus
1026 1530 1296 1585 Iordanis.

263 1616 522 1674 Arculfus
546 1632 734 1675 noster
761 1632 817 1675 et
842 1621 907 1674 ad
940 1623 1089 1676 illum
1114 1625 1359 1693 perienit
1383 1625 1556 1681 locum
1581 1626 1630 1681 in
1655 1642 1783 1695 pro-

197 1708 372 1764 vincia
416 1708 711 1779 Phoenicis,
741 1714 828 1767 ubi
855 1713 1106 1769 Jordanis
1146 1716 1213 1770 ad
1259 1716 1445 1771 Libani
1479 1719 1689 1774 radices
1717 1721 1785 1776 de

194 1804 405 1860 duobus
452 1807 645 1861 vicinis
693 1806 932 1863 fontibus
971 1824 1251 1880 emergere
1292 1812 1520 1880 videtur,
1554 1830 1783 1882 quorum

3380 418 3487 474 802

2502 514 2732 575 CAPUT
2776 518 2892 576 ΧΧ.

2432 608 2512 665 De
2542 611 2676 664 mari
2708 610 2959 668 Galila'a'.
3102 674 3105 675 ν

1967 699 2161 755 Noster
2208 713 2351 770 smpe
2397 710 2733 757 memoratus
2776 714 2997 759 sanctus
3039 705 3290 762 Arculfus
3339 724 3490 766 mare

1892 790 2148 855 Galilaeas,
2182 792 2329 861 quod
2360 802 2415 847 et
2454 793 2604 848 lacus
2635 794 2889 849 Cinereth
2920 805 2974 851 et
3012 812 3161 853 mare
3191 797 3490 858 Tiberiadis

1894 882 2231 948 nominatur,
2274 898 2344 937 ex
2382 882 2588 952 majore
2618 885 2925 940 circnmivit
2954 897 3126 955 parte,
3154 890 3243 944 cui
3281 904 3489 960 magna:

1895 975 2133 1030 ﬁnitimas
2159 973 2443 1029 adhaarent
2470 976 2637 1029 silvae.
2668 975 2847 1031 Lacus
2883 978 2981 1046 ipsi
3010 978 3207 1048 [Corb.,
3239 981 3378 1037 latus
3406 982 3489 1052 ip-

1892 1065 2026 1137 sius]
2058 1067 2220 1129 veluti
2244 1067 2519 1136 quoddam
2552 1084 2701 1123 mare
2730 1069 3075 1138 amplissimis
3105 1072 3157 1126 in
3198 1073 3488 1143 longitudi-

1893 1174 2015 1213 nem
2048 1173 2149 1212 ext.
2176 1159 2366 1213 stadiis
2386 1157 2715 1224 extenditur,
2743 1160 3028 1217 latitudine
3051 1180 3117 1218 XL
3140 1164 3481 1222 dillunditur:

1890 1266 2044 1318 crqus
2068 1266 2222 1320 aqua:
2248 1251 2432 1305 dulces
2454 1260 2513 1305 et
2540 1250 2607 1305 ad
2640 1253 2934 1321 potandum
2965 1264 3091 1309 sunt
3123 1255 3354 1325 habiles,
3401 1260 3476 1313 si-

1890 1344 2111 1412 quidem
2156 1358 2256 1398 nec
2305 1344 2563 1413 palustris
2606 1345 2820 1411 uliginis
2860 1360 3101 1400 crassum
3149 1348 3350 1417 aliquid
3390 1360 3484 1403 aut

1892 1435 2165 1489 turbidum
2212 1434 2428 1503 recipit,
2461 1435 2585 1503 quia
2617 1451 2849 1490 arcnoso
2882 1436 3119 1506 undique
3159 1437 3339 1495 littore
3368 1443 3483 1497 cir-

1890 1527 2253 1593 cumvenitur,
2284 1526 2429 1581 unde
2468 1535 2528 1581 et
2560 1529 2745 1595 purior
2777 1530 2999 1583 haustus
3030 1531 3147 1598 ejus
3188 1548 3251 1586 ac
3290 1535 3485 1591 melior

1891 1623 1975 1670 est
2001 1616 2068 1669 ad
2097 1620 2271 1670 usum.
2298 1615 2509 1671 Genera
2539 1632 2757 1686 quoque
2786 1618 3008 1687 piscium
3032 1631 3189 1687 gustu
3221 1632 3275 1677 et
3302 1626 3484 1693 specie

1891 1723 2158 1777 nusquam
2185 1710 2240 1764 in
2273 1710 2383 1764 alio
2412 1710 2535 1765 loco
2569 1712 2944 1782 prarstantiora
2975 1715 3201 1781 reperiri
3233 1730 3478 1785 possunt.

1892 1801 2017 1857 Hmc
2058 1802 2243 1857 brevia
2284 1803 2353 1857 de
2393 1800 2648 1856 Jordanis
2674 1803 2902 1857 exordio
2942 1812 2995 1857 et
3042 1805 3159 1859 lacu
3201 1807 3477 1873 Cineretli,

197 1910 365 1951 unum
401 1897 620 1954 nomine
645 1897 758 1964 Jor,
791 1909 843 1955 et
871 1902 1009 1956 alter
1030 1904 1141 1956 Dan
1172 1906 1465 1972 vocitatur,
1494 1909 1585 1977 qui
1624 1909 1781 1963 simul

1892 1897 2091 1966 partim
2122 1896 2189 1951 de
2215 1898 2377 1950 tertio
2399 1894 2633 1951 Judaicm
2658 1897 2987 1964 captivitatis
3010 1898 3167 1964 libro,
3198 1902 3388 1969 partim
3414 1904 3482 1957 de

193 1989 345 2044 mixti
394 1991 756 2058 compositum
802 1991 1052 2049 Jordanis
1096 1997 1371 2065 accipiunt
1415 2015 1630 2054 nomen.
1677 2000 1780 2055 Sed

192 2080 489 2134 notandum
520 2097 629 2135 non
656 2097 775 2136 esse
804 2083 854 2136 in
881 2082 1049 2139 Panio
1080 2088 1361 2141 exordium
1391 2088 1659 2156 Jordanis,
1688 2094 1779 2147 sed

190 2171 241 2225 in
271 2170 619 2227 Traconitide
653 2182 794 2228 terra
826 2190 930 2229 cxx
973 2177 1270 2245 iulerjectis
1296 2180 1485 2235 stadiis
1520 2200 1687 2252 usque
1712 2186 1779 2239 ad

190 2262 494 2318 Caesaream
529 2263 781 2335 Philippi,
813 2283 933 2337 qua:
958 2286 1099 2325 nunc
1122 2271 1318 2326 l’anias
1348 2290 1375 2325 ει
1404 2272 1569 2329 Panio
1600 2288 1780 2333 monte

187 2363 422 2409 tractum
468 2372 666 2411 nomen
705 2359 976 2429 accipiens
1022 2363 1308 2418 vocitatur.
1354 2365 1447 2420 Est
1476 2382 1604 2435 ergo
1636 2368 1779 2423 illius

182 2444 351 2501 lontis
380 2462 598 2513 nomen,
629 2450 719 2518 qui
761 2460 842 2505 cst
872 2451 923 2505 in
958 2450 1370 2517 Tracbonitide,
1406 2455 1573 2523 Fiala,
1614 2459 1772 2526 plena

186 2554 455 2608 aquarum
487 2556 725 2611 semper,
761 2545 903 2599 unde
931 2545 1181 2602 Jordanis
1206 2550 1570 2605 subterraneis
1593 2556 1780 2609 meati-

181 2629 283 2687 bus
312 2632 621 2703 derivatur,
653 2644 709 2690 et
735 2636 787 2691 in
814 2636 984 2694 Panio
1014 2639 1239 2708 divisus,
1269 2658 1529 2713 aquarmu
1559 2644 1777 2700 cll‘usio-

181 2725 343 2782 nibus
367 2727 560 2782 ebullit
588 2746 599 2781 :
633 2744 753 2799 qua:
787 2732 869 2802 (ut
897 2748 1058 2802 supra
1090 2734 1289 2789 dictum
1320 2737 1424 2806 est)
1450 2736 1544 2791 Jor
1581 2748 1635 2792 et
1667 2740 1777 2793 Dan

180 2817 456 2872 nominari
486 2819 684 2874 solent.
730 2818 886 2877 Unde
920 2838 1135 2893 quoque
1163 2836 1501 2894 emergentes
1528 2838 1582 2883 et
1613 2832 1775 2883 inter-

186 2908 341 2979 jecto
364 2912 605 2980 quodam
630 2913 915 2969 intervallo
937 2915 989 2968 in
1014 2932 1178 2970 unum
1209 2917 1541 2975 conﬂuentes
1558 2922 1776 2975 [luvium

184 3012 412 3068 coeunt,
436 3004 531 3073 qui
564 3005 759 3061 exinde
783 3022 937 3061 suum
963 3007 1197 3077 dirigens
1218 3026 1455 3079 cursum,
1478 3029 1578 3066 cxx
1602 3013 1773 3068 stadia

174 3092 297 3149 sine
329 3095 444 3150 ulla
477 3096 835 3153 interfusione
874 3114 1045 3168 usque
1089 3100 1156 3154 ad
1190 3102 1403 3167 urbem,
1447 3105 1529 3157 cui
1579 3121 1774 3159 nomen

174 3194 259 3242 est
292 3186 491 3255 Julias,
544 3190 910 3258 progreditur.
948 3190 1142 3246 Postea
1184 3193 1358 3248 lacum
1402 3196 1490 3265 qui
1532 3193 1773 3251 Geneznr

1887 1988 2062 2041 sancti
2085 1988 2287 2041 Arculli
2312 1988 2649 2055 experientia
2674 1996 2930 2057 excerpta
2958 1990 3255 2054 retulimus,
3282 1992 3391 2059 qui,
3420 2002 3480 2048 ut

1888 2079 2003 2149 ipse
2034 2079 2403 2134 indubitanter
2431 2079 2615 2144 refert,
2652 2080 2718 2132 ab
2749 2095 2814 2134 eo
2847 2080 2968 2134 loco
3000 2096 3107 2149 quo
3134 2081 3202 2137 de
3234 2082 3479 2140 faucibus

1886 2173 2049 2226 maris
2092 2170 2325 2226 οδιίιωω
2354 2170 2603 2226 Jordanis
2626 2172 2919 2241 egreditur,
2947 2188 3119 2243 usque
3147 2174 3211 2229 ad
3240 2189 3361 2229 eum
3394 2176 3475 2231 lo-

1885 2278 2007 2317 cum
2040 2263 2130 2317 ubi
2174 2264 2226 2316 in
2258 2278 2407 2318 mare
2451 2264 2717 2317 Mortunm
2759 2264 2940 2329 intrat,
2992 2280 3080 2318 vnt
3122 2263 3330 2319 dierum
3374 2266 3477 2320 iter

1884 2354 2108 2408 habuit:
2145 2354 2290 2421 quod
2320 2354 2527 2410 scilicet
2559 2356 2696 2409 idem
2740 2371 2890 2410 mare
2924 2354 3275 2409 salsissimum
3308 2365 3363 2411 et
3405 2358 3475 2413 de

1884 2446 2083 2500 montis
2126 2445 2318 2501 Oliveti
2368 2448 2587 2516 specula
2625 2450 2819 2517 saepius
2870 2447 3046 2515 (sicut
3088 2446 3203 2517 ipse
3248 2452 3476 2519 narrat)

1881 2553 2105 2600 sanctus
2126 2545 2403 2615 prospexit
2425 2543 2692 2599 Are-ultus.

2471 2656 2697 2713 CAPUT
2738 2636 2895 2711 χχι(

2384 2752 2464 2807 De
2492 2761 2643 2823 puteo
2674 2753 2856 2806 Summ
2870 2756 2953 2804 iw.

1951 2824 2201 2879 Arcull’us
2231 2824 2483 2879 sacerdos
2510 2833 2727 2878 sanctus
2756 2825 3032 2890 regionem
3060 2822 3318 2878 Samariie
3349 2840 3474 2895 per.

1880 2926 2117 2982 agrans,
2162 2914 2227 2969 ad
2274 2913 2516 2983 ejusdem
2557 2912 2850 2983 provincia:
2896 2914 3144 2982 pervenit
3193 2915 3470 2971 civitatem

1877 3021 1997 3077 qua:
2029 3007 2291 3063 Hebraice
2314 3006 2511 3062 dicitur
2537 3006 2778 3071 Sichem,
2810 3006 2996 3062 Grznca
3027 3024 3157 3063 vero
3193 3018 3250 3064 et
3278 3009 3469 3066 Latina

1877 3098 2277 3154 consuetudine
2297 3097 2497 3153 Sicima
2526 3098 2839 3152 nominatur
2864 3116 2875 3149 :
2904 3114 3041 3167 qum,
3070 3099 3367 3165 quamlibet
3386 3100 3467 3155 vi-

1879 3189 2034 3254 tiose,
2066 3189 2258 3244 Sichar
2286 3189 2509 3243 vocitari
2536 3189 2697 3243 solet.
2730 3188 2916 3257 ltaque
2954 3205 3123 3260 prope
3151 3192 3291 3246 banc
3312 3207 3469 3247 eam-

173 3278 397 3347 dicitur,
432 3280 618 3337 medio
651 3282 845 3336 transit
877 3282 1077 3339 lluento
1119 3302 1132 3339 :
1169 3285 1363 3355 quibus
1394 3302 1459 3342 ex
1490 3287 1621 3343 locis
1652 3290 1770 3359 plu-

1886 3280 2002 3333 dem
2034 3280 2328 3342 civitatem,
2372 3280 2662 3348 quamdam
2699 3289 2854 3334 extra
2897 3296 3109 3335 murum
3151 3281 3281 3335 vidit
3334 3298 3469 3338 con-

1878 3382 2137 3429 structam
2158 3373 2465 3438 ecclesiam,
2490 3387 2608 3443 quae
2629 3372 2925 3441 quadriﬁda
2955 3374 3007 3428 in
3032 3384 3266 3444 quatuor
3284 3376 3470 3432 mundi

1876 3467 2124 3523 cardines
2154 3465 2393 3522 formata
2420 3467 2750 3531 extenditur,
2780 3467 2934 3536 quasi
2966 3467 3019 3521 in
3059 3466 3465 3525 similitudinem

1875 3562 2072 3627 crucis,
2109 3559 2260 3630 cujus
2282 3560 2448 3629 ﬁgura
2481 3560 2705 3616 inferius
2732 3560 3072 3616 describitur.

173 3373 308 3429 rima
340 3374 786 3443 circumvagatus
805 3374 1040 3441 deserta,
1071 3378 1287 3432 Asl‘aleo
1312 3380 1599 3449 suscipitur
1630 3382 1767 3449 la.:n,

172 3470 335 3532 atque
388 3463 445 3517 in
493 3478 617 3518 eum
674 3464 945 3519 conditur.
990 3466 1179 3538 ltaque
1222 3467 1359 3525 duos
1404 3470 1553 3526 lacus
1599 3472 1771 3528 victor

171 3565 448 3623 egressus,
478 3554 533 3610 in
563 3554 724 3611 tertio
753 3554 942 3617 haeret.

1628 3769 1755 3778 "
1889 3718 2097 3975 LW

1562 3729 1579 4515 Γ
2032 3912 2043 4536 1

432 4882 3203 5527 ἐξά-Ιητέ

1552 5082 1979 5950 ψ
