4204 6536
741 421 846 483 805

1923 405 2168 464 SANCTI
2211 399 2518 460 ADMIANI
2559 393 2848 454 ABBA'I'IS

3899 380 4000 437 8οι

741 540 800 595 lu
832 535 987 606 cujus
1031 531 1324 589 medietate
1369 528 1489 582 fons
1530 524 1719 591 Jacob,
1759 523 1849 592 qui
1893 529 1949 576 et
1984 528 2175 590 puteus
2217 516 2321 572 diei
2349 518 2396 575 Α
2427 511 2575 565 adire
2596 508 2839 577 cupiunt,
2863 511 2923 558 ut
2946 501 3193 558 Arculfus
3221 499 3405 564 refert,
3429 512 3525 568 per
3551 496 3766 552 Tiberia
3785 495 3892 551 lem
3917 496 4000 549 via

742 629 902 693 solet,
933 625 1001 682 ad
1029 623 1144 694 ejus
1171 629 1404 692 quatuor
1439 615 1734 686 respiciens
1761 622 1941 684 partes
1958 653 1974 678 ,
2002 610 2323 664 intrinsecus

743 718 952 775 medius
974 716 1224 777 habetur,
1242 724 1404 780 super
1427 722 1589 778 quem
1606 705 1874 768 Salvator,
1904 701 2110 756 itineris
2140 698 2324 752 labore

745 810 1013 876 fatigatus,
1045 804 1326 871 cujusdam
1364 800 1470 854 diei
1515 799 1646 852 hora
1696 794 1922 850 sedebat
1962 799 2136 856 sexta,
2176 798 2230 844 et
2257 789 2324 843 ad

744 899 995 956 eumdem
1026 903 1252 966 puteum
1283 891 1370 945 illa
1402 887 1738 944 Samaritana
1766 884 1962 940 mulier
1990 880 2184 936 eodem
2213 894 2324 934 me-

746 989 961 1045 ridiano
992 995 1238 1055 tempore
1266 995 1458 1052 aquam
1489 977 1706 1034 haurire
1734 975 1899 1030 venit.
1931 972 2006 1028 De
2034 987 2143 1042 quo
2174 970 2323 1025 vide-

747 1084 873 1138 licet
915 1089 1078 1150 puteo
1108 1076 1295 1133 eadem
1340 1073 1534 1128 mulier
1561 1071 1700 1124 inter
1725 1075 1918 1123 extera
1949 1065 2015 1119 ad
2042 1063 2323 1119 Dominum

747 1171 1083 1245 respondens
1112 1169 1285 1224 dixit:
1320 1165 1559 1226 Domine,
1589 1177 1749 1229 neque
1779 1162 1831 1212 in
1852 1175 1949 1228 quo
1977 1158 2190 1209 haurias
2229 1155 2326 1207 Ita-

749 1269 857 1332 bes,
898 1275 946 1322 et
986 1275 1167 1335 puteus
1205 1261 1342 1314 altus
1385 1268 1459 1312 est
1492 1256 1671 1326 (Joan.
1721 1253 1819 1322 tv).
1853 1249 2104 1306 Arcuiqu
2148 1249 2328 1318 itaque

749 1363 844 1432 qui
872 1361 939 1414 de
968 1356 1208 1426 ejusdem
1239 1354 1383 1424 putei
1423 1351 1556 1405 bibit
1579 1363 1740 1418 aqua,
1777 1355 1830 1399 ιι
1865 1345 1936 1400 de
1976 1346 2116 1398 illius
2146 1343 2329 1397 altitu-

753 1457 878 1512 dine
904 1459 1122 1511 enarrat
1149 1450 1332 1504 dieens
1356 1464 1369 1500 :
1402 1444 1497 1499 llle
1524 1458 1686 1512 quem
1717 1439 1900 1509 aspexi
1931 1447 2123 1507 puteus
2145 1437 2328 1489 altitu-

753 1547 896 1604 dinis
940 1543 1105 1599 habet
1139 1540 1221 1594 bis
1263 1537 1482 1591 vicenas
1524 1533 1687 1594 orias,
1720 1530 1825 1584 hoc
1869 1536 1953 1582 est
1999 1543 2065 1580 xi.
2096 1525 2326 1580 cubitos.

751 1637 879 1696 Oria
909 1649 1038 1704 ergo
1075 1631 1190 1688 sive
1219 1629 1429 1685 cubitus
1458 1634 1542 1680 est
1572 1624 1851 1691 utriusque
1881 1635 2074 1673 manus
2103 1633 2132 1670 a
2165 1617 2331 1670 latere

752 1729 999 1788 extensio
1043 1733 1294 1791 utroque.
1339 1719 1552 1773 Sichem
1596 1728 1765 1782 ergo,
1820 1726 1940 1780 quae
1990 1719 2049 1764 et
2101 1707 2324 1768 Sicima,

754 1821 1023 1890 quondam
1055 1811 1404 1872 sacerdotalis
1432 1811 1624 1865 civitas
1670 1816 1725 1860 et
1757 1804 2126 1874 fugitivorum,
2160 1801 2325 1854 habe-

759 1867 1023 1890 '|-V--‘-v----
1055 1867 1173 1872 vr——
1218 1867 1223 1868 γ
1817 1867 1841 1874 ν

759 1923 843 1966 tur
872 1913 923 1964 in
955 1909 1096 1962 tribu
1135 1905 1380 1959 Manasse
1413 1908 1468 1954 ct
1504 1899 1556 1953 in
1600 1904 1783 1952 monte
1827 1893 2112 1964 Ephraim,
2149 1889 2239 1944 ubi
2275 1901 2329 1943 et
2364 1867 2403 1922 η

755 2017 876 2059 ossa
903 1998 1099 2069 Joseph
1125 2003 1244 2051 sunt
1277 1995 1516 2047 humata.

1348 2096 1576 2155 CAPUT
1603 2094 1768 2150 XXII.

1079 2200 1154 2254 De
1183 2198 1405 2266 quodam
1434 2193 1727 2248 solitudinis
1749 2189 2020 2264 fonticulo.

832 2314 1077 2373 Arculfus
1105 2328 1248 2383 smpe
1278 2317 1605 2365 memoratus
1626 2303 1910 2375 quemdam
1937 2303 1987 2355 in
2013 2301 2228 2354 deserto
2253 2299 2334 2353 lu-

759 2410 939 2465 ciduut
983 2405 1295 2461 fonticulum
1337 2400 1565 2471 aspexit,
1600 2397 1668 2453 de
1719 2411 1826 2465 quo
1865 2391 2334 2463 (quemadmodum

762 2498 1010 2568 traditur)
1059 2505 1278 2552 sanctus
1305 2493 1542 2548 Joannes
1573 2489 1792 2545 bibebat
1843 2485 2167 2556 baptizator,
2201 2482 2335 2552 lapi-

757 2593 862 2653 deo
889 2598 1191 2662 protectum
1221 2594 1386 2651 tecto,
1414 2583 1562 2637 calce
1585 2581 1802 2650 perlito.

1325 2695 1553 2753 CAPUT
1588 2692 1767 2749 XXIII.

1141 2793 1216 2848 De
1237 2791 1445 2847 locustis
1469 2797 1516 2842 et
1543 2787 1692 2841 melle
1715 2785 1954 2839 silvestri.

829 2916 908 2973 De
937 2914 1127 2970 eodem
1159 2922 1390 2976 namque
1426 2908 1636 2960 Joanne
1674 2901 2016 2969 evangelista:
2056 2898 2295 2957 scribunt
2324 2914 2333 2946 :

761 3007 901 3062 Esca
940 3013 1112 3058 autem
1140 3002 1251 3070 ejus
1283 3006 1429 3052 erant
1461 2997 1672 3050 locustte
1698 3001 1746 3046 et
1776 2991 1874 3044 mel
1911 2990 2161 3043 silvestre.
2196 2988 2336 3040 Idem

765 3107 952 3154 noster
980 3093 1228 3148 Arcuiqu
1257 3092 1307 3143 in
1339 3089 1426 3141 illa
1458 3085 1768 3143 solitudine,
1802 3082 1890 3137 ubi
1918 3079 2152 3134 Joannes
2183 3078 2336 3131 habi-

759 3192 933 3255 tabat,
962 3184 1234 3256 quoddam
1284 3182 1610 3235 locustarum
1655 3177 1785 3229 vidit
1833 3173 2111 3227 minimum
2143 3183 2334 3238 genus,

761 3297 989 3353 quarum
1020 3273 1335 3345 corpuscula
1369 3272 1419 3324 in
1464 3269 1680 3324 modum
1711 3265 1861 3333 digiti
1907 3276 2125 3325 manus,
2175 3260 2334 3314 exilia

761 3385 820 3434 et
846 3373 1030 3431 brevia
1054 3376 1214 3434 sunt;
1244 3375 1298 3420 et
1320 3365 1452 3433 quia
1483 3376 1670 3416 earum
1702 3358 1883 3413 brevis
1910 3364 1998 3410 est
2024 3353 2240 3409 volatus
2267 3353 2338 3408 si-

760 3465 906 3521 milis
934 3462 1132 3518 levium
1161 3457 1392 3514 saltibus
1430 3466 1706 3514 ranarum,
1740 3448 1894 3502 facile
1935 3447 1987 3501 in
2019 3444 2200 3499 herbis
2243 3458 2336 3498 ca—

760 3558 1002 3628 piuntur,
1027 3561 1083 3608 et
1120 3557 1291 3607 coctae
1319 3561 1417 3616 per
1442 3545 1642 3605 oleum,
1675 3553 1966 3612 pauperem
1993 3537 2231 3607 praebent
2255 3535 2338 3588 vi-

760 3627 930 3704 etum.
965 3644 1040 3698 De
1066 3640 1225 3696 melle
1251 3651 1383 3693 vero
1408 3634 1640 3691 silvestri
1669 3633 1810 3686 hanc
1837 3630 1904 3685 ab
1929 3627 2147 3684 Arculfo
2177 3640 2342 3696 expe-

761 3736 1010 3794 rientiam
1042 3731 1357 3792 didicimus,
1387 3728 1464 3782 ita
1501 3725 1719 3781 dicente
1749 3741 1762 3777 :
1806 3722 1865 3777 In
1893 3721 2092 3777 eodem
2124 3719 2341 3775 deserto

759 3827 1022 3900 quasdam
1049 3822 1288 3878 videram
1317 3819 1560 3882 arbores,
1589 3831 1816 3887 quarum
1863 3814 1992 3868 folia
2029 3813 2136 3867 lata
2169 3821 2223 3866 et
2252 3827 2344 3865 ro-

763 3917 930 3974 tunda
957 3922 1086 3970 sunt
1126 3910 1284 3966 lactei
1321 3907 1520 3965 coloris
1559 3914 1615 3962 et
1643 3903 1856 3975 saporis
1885 3903 2086 3969 mellei,
2112 3915 2341 3970 quorum

764 4008 952 4075 utique
982 4002 1232 4058 foliorum
1261 4009 1453 4056 natura
1492 3996 1698 4065 fragilis
1733 3995 1893 4049 valde
1920 4001 2041 4057 est;
2077 4000 2134 4047 et
2157 3991 2247 4061 qui
2278 4005 2341 4044 ea

766 4101 823 4156 in
863 4110 1043 4152 eseam
1079 4106 1294 4150 sumere
1319 4091 1560 4160 cupiunt,
1592 4089 1826 4158 primum
1866 4084 2114 4140 manibus
2143 4083 2344 4138 confri-

765 4197 915 4258 cant,
943 4185 1141 4244 deinde
1178 4183 1489 4247 comedunt,
1520 4187 1578 4237 et
1603 4180 1710 4238 hoc
1734 4187 1820 4236 est
1846 4174 2096 4234 silvestre
2121 4176 2249 4242 mel,
2288 4175 2341 4230 in

764 4279 914 4337 silvis
941 4278 1020 4334 sic
1041 4283 1334 4347 repertum.

1331 4383 1558 4440 C.\PUT
1583 4379 1774 4436 XXIV.

767 4482 848 4540 De
887 4483 980 4538 illo
1025 4481 1136 4536 loco
1165 4480 1220 4533 in
1249 4494 1346 4548 quo
1390 4475 1648 4548 Dominus
1677 4474 1900 4542 quinque
1937 4485 2096 4541 partes
2125 4477 2174 4523 et
2215 4469 2340 4522 duos

1318 4545 1576 4600 benedixit
1599 4545 1781 4612 pisces.

843 4643 922 4697 Ad
950 4655 1110 4710 quem
1153 4639 1326 4693 locum
1357 4645 1543 4691 noster
1571 4649 1714 4703 szrpe
1742 4640 2072 4687 memoratus
2099 4629 2343 4701 pervenit

771 4734 1018 4792 Arculfus
1053 4751 1063 4785 :
1111 4730 1263 4800 cujus
1302 4728 1562 4782 herbosus
1591 4734 1646 4781 et
1675 4726 1867 4795 planus
1889 4737 2113 4791 campus
2143 4737 2208 4776 ex
2237 4735 2341 4789 qua

771 4828 860 4881 die
886 4826 938 4878 in
965 4838 1029 4878 eo
1057 4821 1304 4876 Salvator
1344 4835 1376 4872 v
1414 4817 1577 4872 millia
1607 4816 1842 4885 quinque
1870 4814 2100 4884 panibus
2127 4820 2181 4867 et
2209 4813 2345 4866 duo-~

771 4921 869 4975 bus
907 4915 1140 4986 piscibus
1169 4911 1454 4975 saturavit,
1487 4923 1758 4977 nunquam
1790 4915 1972 4960 aratus
2001 4914 2102 4960 est.
2145 4905 2198 4958 In
2236 4918 2345 4972 quo

775 5010 918 5065 nulla
954 5011 1245 5060 cernuntur
1271 5001 1496 5055 :edilicia
1534 5017 1546 5052 :
1589 4997 1847 5067 quasdam
1891 4995 2227 5050 solummodo
2252 5009 2347 5047 co-

773 5103 983 5158 lumnas
1011 5111 1206 5166 paucas
1229 5091 1473 5148 Arcuifus
1494 5091 1704 5161 aspexit
1733 5089 1990 5159 lapideas,
2019 5102 2180 5157 super
2200 5101 2344 5139 mar-

774 5194 955 5260 ginem
987 5190 1131 5244 illius
1161 5186 1402 5242 fonticuii
1425 5185 1690 5253 jacentes,
1725 5183 1792 5236 de
1819 5197 1928 5252 quo
1953 5181 2027 5235 illi
2050 5180 2240 5234 eadem
2268 5177 2346 5231 hi-

775 5285 970 5338 berunt
1000 5284 1080 5350 (ut
1120 5279 1309 5347 fertur)
1355 5277 1440 5330 die
1467 5291 1570 5345 qua
1602 5274 1860 5328 Dominus
1909 5272 2206 5326 esurientes
2251 5285 2348 5324 eos

777 5377 870 5429 tali
914 5373 1205 5428 refectione
1251 5371 1534 5425 recreavit.
1575 5368 1678 5432 Qui
1721 5366 1974 5420 videlicet
2021 5364 2169 5418 locus
2214 5364 2348 5418 citra

779 5479 926 5516 mare
966 5461 1195 5516 Galilma:
1225 5469 1336 5524 est;
1369 5459 1664 5527 respiciens
1709 5458 1979 5511 civitatem
2011 5452 2348 5509 Tiberiadem

781 5554 848 5609 ab
877 5553 1092 5608 australi
1117 5552 1268 5623 plaga
1299 5550 1397 5605 sibi
1421 5557 1783 5604 occurentcm.

1366 5661 1590 5716 CAPUT
1618 5661 1782 5715 XXV.

1321 5754 1396 5807 De
1423 5753 1805 5822 Capharnaum.

855 5848 956 5916 Qui
995 5848 1062 5904 ab
1093 5845 1498 5918 'Ilierosolymis
1538 5845 1923 5903 descendentes
1973 5843 2348 5914 Capharnaum

2428 601 2635 656 vadunt
2663 608 2810 654 recta
2840 615 2852 649 :
2897 595 3092 650 deinde
3137 608 3295 648 secus
3335 593 3511 646 lacum
3543 589 3823 656 Cinereth,
3853 587 4001 656 quod

2425 701 2508 748 est
2544 701 2600 746 et
2637 704 2787 744 mare
2823 685 3118 742 Tiberiadis
3158 693 3213 738 et
3257 696 3406 736 mare
3431 679 3683 742 Galilteae,
3716 678 4006 745 locumque

2424 781 2671 851 superius
2709 785 3020 833 memoratae
3064 772 3457 830 benedictionis
3493 771 3736 840 pervium
3765 769 4003 822 habent:

2425 890 2456 928 a
2496 889 2603 945 quo
2644 887 2741 942 per
2780 869 3076 938 marginem
3123 866 3363 935 ejusdem
3407 879 3568 933 supra
3597 859 4006 918 commemorati

2425 963 2599 1030 stagni
2644 976 2749 1016 non
2795 960 2958 1029 longo
2998 958 3225 1012 circuitu
3268 955 3644 1024 Capharnaum
3688 952 4011 1021 perveniunt

2427 1054 2772 1113 maritimam,
2805 1052 2856 1104 in
2887 1050 3082 1103 linibtts
3104 1046 3352 1100 ‘Zabulon
3380 1054 3435 1098 et
3463 1042 3839 1112 Nephthalim;
3871 1054 4009 1108 qum,

2428 1156 2486 1200 ut
2533 1145 2778 1200 Arcull'us
2808 1144 2988 1204 rel'ert,
3022 1141 3114 1208 qui
3155 1155 3274 1194 eam
3315 1137 3381 1191 de
3430 1141 3615 1190 mo’nte
3660 1134 3843 1188 vicino
3891 1147 4013 1202 pro-

2428 1235 2621 1306 spexit,
2651 1249 2863 1290 mus-um
2895 1246 3001 1288 non
3023 1229 3248 1295 habens,
3272 1235 3496 1297 augusto
3518 1227 3660 1282 inter
3689 1231 3934 1278 montem
3964 1231 4018 1275 ct

2429 1339 2675 1396 stagnum
2701 1335 2978 1382 eoarctata
3001 1324 3201 1392 apatio,
3231 1335 3325 1390 per
3349 1319 3492 1372 illam
3516 1316 3847 1371 maritimam
3869 1327 4017 1366 orant

2432 1421 2590 1487 longe
2639 1419 2856 1472 tramite
2900 1414 3278 1486 protenditur,
3328 1418 3566 1465 montem
3611 1407 3678 1462 ab
3723 1403 4019 1474 aquilonali

2430 1515 2607 1582 plaga,
2644 1513 2816 1565 lacum
2850 1525 2978 1562 vero
3021 1509 3088 1562 ab
3119 1504 3339 1561 australi
3379 1503 3605 1565 habens,
3637 1501 3703 1555 ab
3735 1512 3944 1554 occasu
3972 1500 4022 1550 in

2433 1615 2608 1660 ortum
2637 1613 2860 1659 extensa
2882 1600 3147 1668 dirigitur.

3008 1729 3233 1786 CAPUT
3266 1728 3452 1782 XXVI.

2799 1827 2869 1880 De
2904 1824 3166 1880 Natat-eth
3193 1833 3242 1878 et
3270 1823 3481 1878 ecclesia
3511 1822 3642 1892 ejus.

2508 1941 2710 1995 Civitas
2736 1939 3017 2002 Nazareth,
3046 1947 3104 1991 ut
3132 1937 3398 2002 Arculfus,
3421 1937 3512 2006 qui
3544 1937 3595 1990 in
3627 1950 3690 1990 ea
3720 1935 4025 2005 hospilatus

2437 2046 2538 2097 est,
2573 2043 2772 2096 narrat,
2806 2043 2859 2086 et
2891 2032 3004 2098 ipsa
3037 2040 3094 2083 ut
3129 2028 3502 2099 Capharnaum
3535 2041 3818 2081 murorum
3853 2027 4024 2080 ambi-

2440 2137 2549 2181 tum
2575 2143 2678 2180 non
2706 2125 2889 2187 habet,
2915 2139 3076 2193 supra
3099 2131 3334 2177 montem
3361 2121 3564 2191 posita;
3588 2119 3815 2188 grandia
3846 2130 4023 2174 tamen

2441 2219 2646 2288 lapidea
2695 2217 2855 2270 habet
2897 2215 3142 2277 :editicia,
3194 2213 3504 2281 ibidemque
3543 2213 3660 2266 duce
3690 2211 4024 2281 pergrandes

2438 2314 2706 2368 habentur
2734 2321 3057 2366 cox'slrttclzc
3088 2309 3332 2364 ecclesiis
3365 2324 3380 2362 :
3412 2322 3516 2362 una
3548 2307 3599 2360 in
3629 2306 3807 2361 medio
3839 2306 4025 2361 civile.

2441 2406 2508 2458 tis
2552 2403 2672 2458 loco
2718 2417 2879 2471 super
2908 2400 3044 2454 duos
3088 2399 3306 2452 fundata
3345 2412 3589 2459 cancros,
3623 2396 3713 2450 ubi
3749 2395 4024 2464 quondam

2441 2494 2528 2548 illa
2562 2494 2734 2548 fuerat
2760 2491 3022 2546 :ntlilicata
3049 2489 3241 2544 domus
3273 2489 3324 2542 in
3347 2502 3452 2556 qua
3482 2495 3664 2541 noster
3687 2486 3925 2540 nutritus
3945 2497 4024 2541 est

2441 2587 2710 2643 Salvator.
2746 2585 2868 2638 Ilaec
2906 2584 3087 2651 itaque
3117 2581 3304 2637 eadem
3335 2579 3559 2635 ecclesia
3591 2577 3802 2633 duobus
3836 2579 3918 2649 (ut
3941 2594 4025 2633 su-

2442 2680 2622 2750 perius
2665 2678 2867 2733 dictum
2912 2681 3017 2742 est)
3059 2674 3278 2728 tumulis
3321 2681 3375 2726 et
3415 2671 3747 2740 interpositis
3788 2671 4026 2725 arcubus

2441 2770 2644 2845 [Corb.,
2671 2765 2904 2837 arcibus]
2932 2765 3186 2825 subfulta,
3211 2763 3373 2819 habet
3400 2761 3618 2818 inferius
3641 2763 3782 2817 inter
3804 2761 4024 2817 eosdem

2442 2859 2674 2913 tumulos
2715 2855 3097 2911 lucidissiutum
3131 2854 3329 2906 fontem
3361 2851 3705 2916 collocatum,
3738 2866 3902 2920 quem
3936 2859 4020 2904 to-

2444 2961 2527 3004 tus
2557 2950 2753 3004 civium
2800 2945 3108 3015 frequentat
3156 2943 3404 3013 populus,
3454 2943 3520 2996 de
3563 2941 3657 2996 illo
3696 2941 4024 2996 exhauriens

2442 3056 2656 3110 aquam,
2689 3048 2742 3094 et
2768 3038 2835 3092 de
2869 3037 3028 3091 latice
3058 3035 3248 3089 eodem
3293 3048 3504 3088 sursum
3535 3032 3588 3088 in
3621 3033 3907 3088 ecclesiam
3936 3047 4023 3086 su-

2443 3131 2852 3200 peraedilicatam
2882 3142 3018 3196 aqua
3051 3126 3102 3179 in
3131 3124 3359 3179 vasculis
3387 3139 3484 3193 per
3513 3123 3743 3178 trocleas
3779 3123 4026 3191 subregi-

2367 3221 2411 3281 C
2445 3234 2548 3278 tur.
2603 3223 2785 3276 Altera
2830 3232 2957 3274 vero
3005 3217 3233 3274 ecclesia
3282 3217 3333 3271 in
3378 3231 3444 3271 eo
3491 3216 3747 3270 fabricata
3794 3215 4025 3270 habetur

2442 3313 2583 3376 loco,
2610 3311 2697 3365 ubi
2727 3310 2813 3363 illa
2843 3309 3016 3362 fuerat
3043 3306 3234 3361 domus
3261 3315 3566 3361 constructa
3591 3306 3643 3360 in
3671 3320 3776 3374 qua
3803 3303 4026 3360 Gabriel

2441 3400 2795 3469 a'changelus
2842 3400 2907 3453 ad
2959 3399 3172 3452 beatam
3217 3396 3436 3450 Mariam
3478 3397 3767 3465 ingressus,
3819 3395 4020 3451 ibidem

2441 3495 2627 3547 eadem
2680 3493 2810 3545 hora
2849 3489 3020 3544 solam
3052 3496 3135 3542 est
3176 3486 3390 3541 locutus
3431 3486 3722 3540 inventam.
3775 3483 3929 3539 Hane
3960 3486 4024 3538 de

2443 3583 2704 3638 Nazareth
2736 3579 3123 3649 experientiam
3167 3592 3197 3631 a
3235 3586 3424 3632 sancto
3465 3575 3748 3631 didicimus
3777 3574 4024 3637 Arculfo,

2441 3676 2530 3746 qui
2563 3677 2615 3728 in
2648 3673 2736 3727 illa
2763 3671 2970 3726 duabus
2999 3669 3304 3739 hospitatus
3328 3677 3412 3722 est
3442 3667 3688 3722 noctibus
3717 3675 3772 3721 et
3798 3666 4022 3722 totidem

2441 3764 2660 3828 diebus;
2692 3769 2750 3816 et
2786 3761 2985 3816 idcirco
3026 3761 3078 3814 in
3109 3775 3172 3814 ea
3220 3757 3421 3815 diutius
3448 3757 3710 3827 hOSpitari
3741 3772 3850 3812 non
3880 3768 4027 3828 pote

2443 3863 2546 3919 rat,
2588 3854 2715 3923 quia
2770 3852 2943 3921 ipsum
2997 3849 3227 3918 cogebat
3273 3849 3514 3903 locorum
3572 3848 3780 3917 peritus
3827 3847 4023 3902 Christi

2443 3943 2598 3999 miles
2636 3942 2911 4005 festinare,
2951 3939 3021 3994 de
3068 3938 3372 4007 Burgundia
3413 3948 3580 4002 ortus,
3626 3937 3794 3991 vitam
3825 3937 4024 3992 ducens

2443 4035 2762 4100 solitariam,
2794 4032 2984 4089 Petrus
3017 4029 3250 4093 nomine,
3283 4029 3375 4097 qui
3403 4037 3526 4100 post
3553 4029 3804 4084 eumdem
3836 4030 4022 4085 circuio

2443 4133 2556 4179 tum
2585 4125 2651 4178 ad
2681 4124 2827 4177 illum
2859 4122 2910 4176 in
2940 4136 3046 4191 quo
3075 4121 3224 4190 prius
3249 4128 3614 4175 commoratus
3643 4133 3898 4174 reversus
3940 4124 4024 4172 est

2441 4216 2742 4272 solitarium
2772 4214 2967 4270 locum.

2984 4349 3208 4404 CAPUT
3244 4345 3454 4402 XXVII.

2963 4441 3040 4495 De
3067 4452 3236 4495 monte
3268 4441 3489 4494 Tltabor.

2375 4562 2424 4623 D
2518 4559 2669 4612 .‘llons
2693 4555 2908 4611 Thabor
2931 4555 2982 4608 in
3003 4551 3216 4606 Galila-a
3248 4552 3415 4606 tribus
3437 4549 3668 4604 millibus
3690 4565 3722 4604 a
3747 4550 3868 4606 lacu
3889 4553 4027 4608 Che-

2447 4651 2634 4705 nercth
2669 4649 2852 4714 di-tat,
2902 4647 3036 4700 mira
3083 4643 3409 4699 rotunditate
3439 4657 3504 4696 ex
3551 4643 3699 4695 omni
3731 4651 3884 4711 parte
3913 4643 4028 4698 col-

2445 4740 2639 4806 lectus,
2672 4755 2698 4792 a
2735 4746 2888 4807 parte
2937 4735 3142 4791 boreali
3187 4733 3486 4802 resliiciens
3515 4734 3883 4802 supradictutn
3915 4744 4025 4790 sta-

2445 4845 2642 4899 gnum;
2678 4831 2939 4883 herbosus
2967 4826 3122 4880 valde
3159 4835 3214 4880 et
3245 4824 3484 4878 floridus.
3526 4823 3580 4877 In
3622 4823 3775 4891 cujus
3815 4840 4028 4880 ammna

2445 4922 2753 4978 summitate
2783 4918 2958 4986 ampla
3002 4916 3277 4984 planities,
3307 4915 3438 4968 silva
3472 4913 3768 4982 prmgrandi
3799 4914 4028 4968 circum—

2446 5013 2620 5067 cincta
2654 5011 2881 5063 habetur
2906 5026 2917 5059 :
2959 5008 3112 5072 cujus
3140 5007 3192 5059 in
3221 5005 3395 5059 medio
3419 5020 3608 5075 campo
3636 5007 4029 5061 monachorum

2449 5104 2587 5158 inest
2628 5102 2830 5170 grande
2877 5099 3288 5162 monasterium,
3335 5105 3391 5150 et
3427 5096 3668 5165 plurima:
3713 5095 4028 5151 earumdem

2449 5194 2673 5250 cellula}.
2703 5191 2833 5246 Nam
2862 5191 3002 5245 illius
3029 5189 3228 5244 montis
3255 5187 3574 5255 campestris
3601 5195 3810 5251 vertex,
3841 5204 3952 5242 non
3977 5189 4028 5242 itt

2450 5295 2730 5354 angustum
2775 5291 3080 5338 coarctatur
3119 5295 3372 5336 cacumen
3399 5321 3413 5342 ,
3457 5279 3550 5332 sed
3593 5279 3645 5332 in
3685 5279 4022 5333 latitudinem

2451 5378 2705 5434 dilatatur
2731 5375 3024 5430 stadiorum
3072 5372 3258 5442 viginti
3303 5380 3553 5439 quatuor,
3584 5370 3815 5424 altitudo
3845 5381 4025 5424 autem

2452 5471 2566 5540 ejus
2595 5469 2810 5536 triginta
2837 5467 3024 5522 stadiis
3051 5465 3388 5519 sublimatur.

2527 5562 2581 5614 In
2612 5559 2796 5614 eadem
2826 5573 3042 5628 quoque,
3069 5557 3329 5626 superiori
3362 5555 3558 5624 platea,
3584 5568 3693 5608 non
3724 5555 3874 5620 parvi
3905 5556 4030 5609 acdi-

2455 5655 2557 5709 licii
2586 5663 2753 5707 ternae
2777 5650 3007 5704 fundata:
3027 5657 3152 5704 sunt
3173 5649 3410 5704 ecclesitn
3437 5646 3700 5712 celebres,
3728 5644 3884 5712 juxta
3917 5645 4031 5700 illo-

2454 5761 2572 5802 rum
2604 5742 3069 5799 tabernaculorum
3101 5757 3402 5804 numerum,
3435 5739 3502 5793 de
3526 5739 3717 5807 quibus
3757 5739 3810 5794 in
3842 5738 4026 5794 eodem

2456 5846 2642 5893 sancto
2690 5842 2873 5892 monte
2922 5833 3109 5890 Petrus
3146 5833 3350 5890 caelesti
3394 5829 3692 5885 lictificatus
3719 5829 3951 5896 visione,
3981 5838 4030 5881 et
