4204 6586
166 447 257 501 805
1337 441 1422 494 DE
1461 439 1653 496 LOCIS
1694 437 1981 497 SANCTIS
2025 435 2150 497 LIB.
2193 440 2252 494 Il.

3320 457 3424 514 806

165 558 309 613 valde
338 555 675 625 pavi-factus,
704 552 773 607 ad
806 550 1091 606 Dominum
1127 551 1357 618 loculus,
1389 553 1499 606 ait:
1535 551 1733 606 Bonum
1767 557 1808 611 Α
1842 547 2061 624 Εεγριὶ
2094 553 2286 621 fuerat,
2325 553 2585 609 llebraice
2615 555 2743 611 olim
2777 557 2856 614 No
2885 562 3221 622 vocitabatur
3253 589 3263 622 :
3296 574 3425 630 urbs

162 658 232 704 est
260 662 356 700 nos
385 646 466 699 hic
508 659 622 698 esse
644 683 660 709 ,
701 645 957 714 faciamus
987 644 1069 695 hic
1110 645 1212 696 tria
1251 643 1614 709 tabernacula,
1651 642 1741 696 tibi

168 753 342 802 unum,
374 745 422 789 et
451 733 627 804 Moysi
664 750 841 797 unum,
874 743 924 786 et
952 732 1087 788 Elia
1129 750 1286 786 unum
1328 733 1543 803 (Matth.
1583 734 1738 801 xvn).

164 829 342 898 Itaque
384 842 546 895 supra
578 827 859 881 memorati
904 825 1237 888 monasterii,
1269 836 1325 878 et
1366 827 1526 879 trium
1567 825 1741 880 eccle-

162 921 356 974 siarum
404 913 630 970 :ndiftcia
666 930 787 969 cum
834 915 1043 969 cellulis
1090 915 1499 980 monachorum,
1532 915 1740 984 lapideo

161 1009 333 1064 omnia
368 1006 866 1062 circumveniuntur
892 1019 1087 1058 muro:
1119 1004 1206 1057 ubi
1249 1013 1465 1058 sanctus
1496 1003 1743 1057 Arcullus

161 1115 255 1154 una
296 1098 597 1165 hospitalus
622 1103 705 1150 est
743 1103 904 1148 nocte
949 1095 1001 1147 in
1045 1094 1284 1161 ejusdem
1331 1093 1500 1147 sancti
1545 1092 1742 1147 montis

161 1189 497 1245 celsitudine.
540 1187 674 1241 Nam
721 1184 914 1242 Petrus
945 1185 1250 1255 Burgundio
1291 1185 1645 1251 Christicola,
1688 1187 1740 1241 in

163 1282 256 1336 illis
290 1279 447 1334 terris
475 1277 791 1333 semitarum
815 1277 932 1345 ejus
960 1277 1171 1343 ductor,
1204 1293 1309 1332 non
1335 1278 1505 1348 ipsum
1533 1280 1743 1332 sinebat

161 1375 206 1426 in
236 1387 343 1426 uno
375 1370 676 1439 eodemque
704 1369 941 1439 hospitio
967 1370 1168 1424 diutius
1196 1369 1494 1435 immorari,
1523 1369 1741 1425 festina-

161 1463 312 1518 tionis
341 1463 561 1515 intuitu.

224 1553 327 1608 Sed
361 1553 502 1606 inter
529 1551 643 1604 luce
672 1559 726 1605 et
757 1549 860 1604 hoc
887 1559 970 1604 est
1001 1549 1292 1604 notandum
1317 1548 1461 1617 quod
1489 1550 1631 1604 illius
1659 1549 1739 1603 fa-

163 1645 291 1699 mosi
325 1641 530 1697 montis
554 1656 751 1696 nomen
771 1639 972 1694 Grreeis
994 1640 1187 1694 litteris
1211 1641 1288 1695 sic
1310 1648 1558 1710 oporteat
1581 1641 1740 1695 scribi

163 1752 250 1808 per
276 1746 316 1792 Θ
347 1745 402 1791 et
443 1759 482 1789 ω
514 1735 755 1802 longum,
803 1735 1026 1806 Θαϐὼρ;
1076 1731 1277 1786 Latinis
1322 1747 1448 1786 vero
1497 1731 1741 1785 litterulis

159 1845 271 1886 cum
318 1826 651 1898 aSpiratione
692 1824 932 1890 Thabor,
965 1825 1224 1894 producta
1269 1826 1298 1876 ὀ
1346 1825 1540 1880 littera.
1577 1825 1740 1894 Ilujus

161 1895 539 1990 orthographia
561 1918 810 1974 vocabuli
833 1919 885 1972 in
908 1918 1055 1972 libris
1077 1917 1376 1972 Graecitatis
1396 1928 1478 1973 est
1496 1919 1733 1974 inventa.
1772 1895 1814 1952 Β

701 2031 930 2088 CAPUT
959 2031 1185 2086 XXVIII.

752 2124 831 2178 De
854 2124 1127 2178 Damasro.

225 2244 520 2296 Damascus
540 2240 729 2295 civitas
749 2239 945 2306 regalis
968 2252 1180 2305 magna,
1209 2246 1265 2291 ut
1288 2238 1534 2293 Arculfus
1552 2238 1733 2299 refert,

156 2335 242 2402 qui
275 2334 327 2386 in
359 2333 446 2386 illa
479 2347 576 2403 per
606 2331 811 2398 aliquot
842 2330 1142 2399 hospitalus
1173 2337 1253 2383 est
1281 2328 1416 2389 dies,
1459 2330 1509 2382 in
1542 2345 1733 2398 campo

157 2425 326 2491 posita
348 2424 478 2487 lato,
496 2421 677 2490 amplo
702 2435 978 2474 murorum
1001 2428 1083 2473 est
1105 2419 1307 2472 ambitu
1332 2419 1731 2482 circumcincta,

154 2517 367 2584 insuper
389 2527 440 2568 et
465 2512 672 2567 crebris
700 2512 936 2565 turribus
957 2512 1306 2574 communita,
1333 2510 1558 2578 plurima
1582 2520 1733 2563 extra

154 2622 333 2660 muros
363 2605 570 2658 habens
596 2603 811 2666 oliveta,
839 2617 999 2670 quam
1029 2609 1082 2656 et
1113 2617 1302 2670 magna
1345 2599 1558 2653 ﬂumina
1599 2614 1733 2668 qua-

155 2709 271 2753 tuor
300 2697 666 2752 interlluentia
699 2697 995 2764 gaudenter
1018 2693 1308 2749 laetificant.
1338 2695 1390 2748 ln
1420 2710 1521 2763 qua
1546 2693 1733 2747 Sarra-

151 2805 408 2846 cenorum
452 2805 549 2844 rex
591 2789 816 2857 adeptus
857 2796 938 2842 est
987 2788 1365 2856 principatum,
1415 2795 1468 2840 et
1516 2795 1732 2855 regnat;

148 2889 204 2936 et
223 2881 426 2937 ibidem
461 2882 512 2935 in
545 2881 752 2934 honore
772 2879 830 2934 S.
857 2878 1077 2933 Joannis
1106 2879 1356 2948 Baptista:
1382 2880 1595 2947 grandis
1620 2881 1733 2931 fun-

149 2974 270 3028 data
301 2983 386 3028 est
417 2973 668 3027 ecclesia.
711 2971 790 3036 Qu
809 2971 960 3023 edam
1004 2971 1164 3024 etiam
1196 2971 1615 3023 Sarracenorum
1647 2985 1736 3024 ec-

149 3064 306 3118 clesia
341 3063 745 3118 incredulorum
786 3072 840 3116 et
871 3063 981 3130 ipsa
1017 3063 1069 3115 in
1097 3061 1284 3116 eadem
1311 3062 1549 3128 civitate,
1577 3076 1733 3128 quam

147 3158 244 3226 ipsi
268 3158 640 3228 frequentant,
673 3167 754 3214 est
784 3161 1061 3214 fabricata.

717 3276 945 3333 CAPUT
986 3275 1074 3329 XX
1106 3276 1171 3330 X.

819 3368 898 3422 De
929 3367 1082 3437 Tyro.

214 3477 586 3534 Plurimarum
611 3490 925 3550 peragrator
946 3483 1224 3548 regionum
1257 3490 1440 3534 noster
1465 3480 1731 3546 Arculfus,

139 3571 302 3625 etiam
332 3571 539 3642 Tyrum
571 3571 837 3628 thuicis
871 3574 1158 3642 provincite
1189 3574 1528 3640 metropolim
1571 3574 1736 3625 intro~

140 3662 252 3729 ivit,
280 3679 408 3734 quae
435 3663 701 3718 Hebraico
728 3672 783 3718 et
803 3665 939 3734 Syro
969 3679 1220 3719 sermone
1248 3664 1381 3717 Soar
1411 3664 1733 3733 appellatur,

138 3768 257 3821 qua:
289 3755 506 3809 nullum
537 3754 789 3810 habuisse
815 3754 880 3809 de
904 3762 1043 3808 terra
1078 3755 1354 3808 introitum
1386 3754 1436 3806 in
1463 3751 1599 3806 Graii
1619 3755 1663 3808 is
1684 3763 1739 3807 et

139 3842 344 3901 Latinis
394 3845 760 3914 barbarisque
810 3845 1046 3898 historiis
1079 3844 1292 3912 legitur.
1341 3843 1446 3898 Sed
1476 3852 1665 3912 postea
1705 3857 1733 3895 a

137 3933 653 3990 Nabuchodonosor
691 3949 817 4004 rege
860 3935 1232 3989 Chaldzeorum
1271 3933 1444 4002 jaetos
1485 3948 1604 3987 esse
1645 3947 1737 3999 ag-

136 4041 292 4096 geres
320 4027 579 4082 nonnulli
609 4027 900 4090 aﬂirmant,
934 4036 990 4081 et
1031 4028 1098 4079 ab
1136 4032 1510 4094 oppugnatore
1543 4022 1736 4090 jaculis

135 4127 190 4170 et
218 4117 494 4172 arietibus
525 4117 702 4172 locum
735 4116 899 4171 fuisse
930 4124 1310 4187 prmparatum,
1341 4127 1406 4167 ac
1431 4111 1625 4167 deinde
1657 4113 1737 4166 in-

134 4207 308 4262 sulam
340 4206 554 4263 factam
586 4222 708 4262 esse
738 4216 793 4261 et
823 4208 998 4276 campi
1032 4205 1331 4275 planitiem.
1367 4204 1488 4256 llaec
1515 4201 1732 4272 pulchra

132 4305 190 4351 et
231 4298 440 4353 nobilis
485 4297 644 4352 valde
675 4307 814 4365 erat,
845 4313 966 4366 qua:
999 4313 1102 4350 non
1144 4295 1409 4350 immerito
1438 4294 1625 4347 Latine
1659 4295 1734 4345 in-

135 4395 479 4459 terpretatur
518 4388 784 4456 angustia,
818 4404 939 4440 nam
981 4387 1226 4441 eamdem
1257 4393 1413 4438 terra:
1443 4385 1734 4438 dimensio-

135 4494 255 4534 nem
299 4487 540 4551 angusta
587 4479 752 4534 habet
802 4479 976 4532 insula
1020 4485 1074 4532 et
1113 4478 1322 4531 civitas.
1354 4476 1477 4530 Ilznc
1508 4475 1558 4529 in
1591 4485 1731 4529 terra

1845 645 2002 701 valde
2031 647 2313 715 populosa,
2343 662 2461 715 quzc
2491 648 2557 701 ab
2583 649 2886 708 Alexandro
2915 668 3043 724 rege
3068 657 3424 721 Macedonum

1844 737 2085 806 ejusdem
2118 739 2395 794 conditore
2424 740 2652 807 famoso,
2675 743 3000 802 Alexandria
3029 761 3159 806 noto
3183 767 3279 822 per
3301 759 3424 812 uni-

1842 844 2030 885 versas
2054 840 2241 899 gentes
2271 833 2580 887 nominatur
2606 835 2888 903 vocabulo,
2920 847 2975 893 et
3005 845 3421 910 magnitudinem

1843 921 1990 976 urbis
2025 931 2080 976 et
2111 937 2305 977 nomen
2346 924 2615 993 accipiens
2656 926 2722 980 ab
2764 928 2956 984 eodem
3004 935 3415 993 remdificatore.

1842 1016 1919 1070 De
1948 1015 2100 1082 cujus
2130 1017 2234 1071 situ
2266 1018 2428 1071 etiam
2461 1018 2710 1074 Arculfus
2740 1035 3018 1089 enarrans,
3064 1028 3130 1081 ab
3179 1030 3260 1084 his
3303 1027 3428 1100 quae

1843 1107 1992 1175 prius
2024 1106 2257 1160 lectione
2285 1107 2592 1172 didicimus,
2627 1111 2774 1165 nullo
2806 1113 3078 1184 discrepat
3105 1121 3287 1176 modo.
3319 1121 3424 1191 Qui

1842 1197 1910 1250 ab
1956 1195 2343 1267 Hierosolymis
2383 1199 2732 1269 descendens,
2778 1212 2831 1259 et
2860 1205 2926 1260 ab
2956 1209 3126 1279 Joppe
3171 1214 3425 1282 navigare

1843 1287 2125 1356 incipiens,
2155 1305 2220 1342 xt.
2253 1291 2368 1358 (sic)
2400 1291 2603 1344 dierum
2639 1293 2740 1346 iter
2763 1310 2930 1364 usque
2951 1298 3017 1352 ad
3045 1300 3421 1356 Alexandriam

1845 1379 2057 1446 habuit,
2091 1379 2160 1433 de
2191 1396 2290 1446 qua
2329 1382 2564 1435 breviter
2592 1382 2761 1437 Naum
2794 1389 3068 1455 propheta:
3109 1407 3290 1447 sermo
3331 1394 3425 1447 ln-

1843 1469 2022 1537 belur,
2065 1470 2137 1524 ita
2167 1471 2434 1527 dicentis:
2467 1475 2611 1544 Aqua
2643 1478 2694 1529 in
2730 1479 2944 1532 circuitu
2978 1483 3108 1549 ejus.
3149 1483 3314 1552 Cujus
3344 1487 3423 1540 di-

1843 1563 2003 1625 vitiw,
2037 1577 2217 1626 mare;
2267 1579 2440 1633 aqur,
2474 1568 2612 1620 muri
2654 1568 2790 1636 ejus.
2825 1572 2904 1624 Ab
2945 1575 3166 1628 australi
3194 1592 3424 1647 namque

1843 1660 1995 1720 parte
2025 1653 2177 1707 ostiis
2206 1653 2307 1707 Nili
2338 1655 2573 1711 fluminis
2603 1659 2851 1728 cingitur,
2880 1663 2946 1717 ab
2969 1665 3261 1733 aquilonali
3292 1684 3423 1725 vero

1843 1740 2018 1809 plaga,
2069 1743 2187 1795 lacu
2225 1742 2537 1801 Mareotico.
2569 1747 2659 1802 Sic
2699 1750 2880 1818 itaque
2907 1753 3211 1826 descriptus
3238 1769 3425 1827 aperte

1843 1831 1978 1885 situs
2008 1841 2335 1886 monstratur
2365 1834 2498 1902 ejus,
2528 1837 2670 1904 quod
2693 1853 2855 1907 super
2877 1839 3049 1895 Nilum
3075 1853 3130 1897 et
3153 1862 3299 1902 mare
3327 1864 3426 1917 po-

1844 1921 1969 1989 sita,
2000 1923 2125 1977 hinc
2153 1932 2208 1978 et
2238 1923 2362 1978 inde
2392 1926 2543 1994 aquis
2569 1928 2874 1995 ambiatur;
2921 1947 3041 2000 quae
3070 1938 3224 2004 quasi
3251 1939 3425 1994 claus-

1843 2020 1983 2068 trum
2027 2015 2167 2068 inter
2197 2015 2487 2084 Aigyptum
2533 2027 2587 2072 et
2626 2035 2774 2074 mare
2818 2021 3065 2090 Magnum
3119 2026 3421 2098 interjacet,

1843 2104 2029 2160 civitas
2059 2105 2389 2173 importuosa
2422 2116 2475 2160 et
2521 2107 2588 2160 ab
2633 2119 2860 2165 externo
2908 2113 3138 2170 difficilis
3181 2133 3422 2174 accessu.

1844 2195 2006 2264 Cujus
2051 2206 2237 2265 portus
2283 2196 2492 2251 egi-teris
2539 2199 2832 2267 difficilior,
2883 2205 3036 2271 quasi
3085 2207 3152 2260 ad
3196 2209 3422 2264 formam

1844 2287 2063 2340 humani
2090 2290 2332 2356 corporis
2365 2289 2416 2341 in
2447 2290 2622 2358 capite
2653 2291 2770 2359 ipso
2802 2301 2854 2346 et
2884 2296 3120 2351 Statione
3151 2302 3421 2367 capacior,

1842 2380 1894 2433 in
1923 2380 2159 2434 faucibus
2186 2395 2314 2433 vero
2340 2383 2638 2448 angustior,
2673 2396 2777 2450 qua
2811 2396 3016 2440 meatus
3044 2389 3207 2442 maris
3233 2405 3298 2444 ae
3329 2407 3425 2444 na-

1839 2470 1982 2523 vium
2014 2470 2256 2539 suscipit,
2285 2471 2478 2539 quibus
2505 2472 2743 2539 qucedam
2773 2475 3006 2541 spirandi
3034 2478 3271 2534 subsidia
3298 2497 3423 2551 ροτ-

1844 2562 1915 2614 tui
1942 2563 2430 2615 subministrantur.
2457 2563 2554 2617 Ubi
2574 2564 2693 2631 quis
2714 2567 2984 2633 angustias
3007 2577 3166 2636 atque
3187 2587 3278 2625 ora
3297 2589 3426 2642 por-

1844 2660 1927 2704 tus
1967 2652 2222 2718 evaserit,
2271 2663 2525 2721 tanquatn
2575 2654 2780 2723 reliqua
2831 2658 3070 2724 corporis
3115 2657 3306 2728 forma,
3351 2663 3423 2716 ita

1841 2741 2051 2796 diﬂusin
2093 2744 2254 2797 maris
2295 2744 2452 2812 longe
2483 2745 2697 2814 lateque
2723 2749 3051 2803 extenditur.
3084 2751 3140 2804 lu
3182 2753 3421 2820 ejusdem

1841 2835 2062 2889 dextera
2094 2843 2245 2904 parte
2291 2845 2478 2904 portus
2507 2853 2668 2906 parva
2717 2838 3172 2907 insula.habetur,
3216 2845 3267 2898 in
3317 2861 3421 2913 qua

1842 2927 2073 2979 maxima
2103 2928 2264 2981 turris
2294 2934 2395 2992 est,
2433 2942 2594 2994 quam
2625 2928 2677 2981 in
2707 2943 2990 2983 commune
3021 2929 3193 2988 Graeci
3220 2949 3282 2990 ac
3319 2935 3420 2988 La-

1843 3017 1937 3070 tini
1969 3033 2032 3071 ex
2066 3018 2230 3086 ipsius
2258 3019 2335 3072 rei
2368 3033 2462 3072 usu
2493 3017 2723 3071 Pharum
2752 3020 3146 3088 vocitaverunt,
3187 3040 3252 3080 eo
3278 3029 3421 3095 quod

1844 3107 1998 3176 longe
2028 3125 2057 3161 a
2088 3110 2459 3177 navigantibus
2488 3109 2752 3176 videatur,
2787 3119 2843 3164 ut
2874 3113 3181 3181 priusquam
3215 3117 3266 3170 in
3297 3135 3420 3187 por-

1846 3209 1954 3251 tum
1995 3200 2427 3268 appropinquent
2468 3207 2735 3253 nocturno
2767 3209 3027 3268 tempore,
3061 3212 3255 3258 terram
3299 3207 3426 3261 lini-

1768 3256 1812 3318 Ο
1845 3289 2027 3341 tiumm
2060 3288 2159 3343 sibi
2191 3296 2246 3342 et
2280 3289 2638 3358 propinquam
2667 3305 2784 3343 esse
2816 3290 3145 3346 flatnmaruni
3176 3295 3425 3352 inccndio

1844 3390 2191 3449 cognoscant,
2219 3396 2284 3435 ne
2308 3381 2541 3435 tenebris
2564 3379 2774 3450 decepti
2808 3382 2859 3434 in
2887 3385 3136 3452 scopulos
3167 3386 3424 3452 incidant,

1844 3485 1935 3528 aut
1970 3491 2038 3528 ne
2080 3475 2332 3529 vestibuli
2373 3475 2596 3528 limitem
2638 3484 2906 3544 nequeant
2944 3478 3421 3545 comprehendere.

1842 3569 1978 3620 Sunt
2027 3567 2208 3636 itaque
2247 3566 2356 3620 illic
2396 3566 2825 3633 ministratores,
2856 3582 2954 3635 per
2983 3583 3119 3636 quos
3167 3570 3425 3639 subjectis

1841 3656 2047 3712 facibus
2073 3658 2389 3726 ueterisque
2419 3657 2683 3724 lignorum
2723 3659 2962 3713 struibus
2994 3659 3238 3715 adoletur
3267 3662 3421 3730 ignis,

1840 3748 1991 3817 quasi
2023 3755 2177 3803 terrm
2202 3756 2256 3802 et
2283 3747 2615 3816 praenuntius
2646 3756 2701 3802 et
2733 3748 2912 3814 index,
2941 3751 3274 3819 portensium
3303 3754 3424 3808 fau-

1841 3842 1980 3896 cium
2030 3841 2409 3896 demonstrans
2457 3842 2776 3908 ingredienti
2820 3844 3111 3910 angustias,
3159 3847 3425 3900 undarum

1840 3934 1989 3987 sinus
2017 3941 2073 3987 et
2103 3932 2352 3987 vestibuli
2397 3932 2673 3987 anfractus
2706 3950 2720 3986 :
2755 3948 2822 3987 ne
2870 3935 3046 3988 tenuis
3086 3937 3271 3990 carina
3302 3952 3425 4006 per-

1839 4024 2069 4091 stringat
2098 4031 2304 4086 cautes,
2329 4031 2384 4076 et
2414 4023 2465 4076 in
2498 4023 2615 4091 ipso
2642 4022 2884 4090 ingressu
2919 4023 3058 4077 inter
3079 4034 3299 4093 opertos
3331 4028 3426 4080 llu~

1841 4115 2020 4169 ctibus
2068 4113 2324 4183 scapulos
2362 4112 2615 4167 offendat.
2658 4114 2844 4182 Itaque
2890 4113 3156 4170 directum
3207 4132 3423 4171 cursum

1840 4206 2110 4276 paulisper
2151 4205 2351 4259 inﬂecti
2399 4213 2646 4274 oportet,
2681 4221 2747 4259 ne
2777 4206 2936 4262 etscis
2980 4206 3113 4261 illisa
3159 4208 3305 4262 saxis
3350 4209 3424 4262 ibi

1839 4298 2085 4351 incurrat
2125 4298 2275 4352 navis
2305 4297 2626 4366 periculum.
2668 4299 2957 4366 Angustior
2985 4301 3128 4354 enim
3164 4301 3338 4356 aditus
3369 4302 3420 4356 in

1839 4398 1995 4457 portu
2018 4399 2120 4453 est,
2144 4390 2234 4457 qui
2259 4404 2287 4443 a
2305 4390 2524 4444 dextera
2543 4398 2696 4458 parte
2719 4390 2924 4444 laterali
2947 4399 3218 4456 aretatur;
3242 4407 3271 4445 a
3292 4392 3421 4446 lmva

1837 4495 1968 4533 vero
1999 4480 2136 4533 latus
2167 4489 2249 4533 est
2285 4492 2491 4548 portus.
2523 4478 2679 4534 Circa
2717 4481 2944 4534 insulam
2975 4496 3103 4549 ergo
3147 4482 3421 4538 instructre

135 4571 414 4628 Cbanaam
448 4572 628 4645 posita
657 4580 778 4634 est,
810 4571 875 4629 de
905 4586 1010 4639 qua
1055 4571 1247 4624 mulier
1274 4569 1575 4624 Cbananma
1619 4571 1731 4624 sive
1765 4610 1813 4670 υ
1840 4569 2068 4637 ingentis
2095 4569 2476 4638 magnitudinis
2512 4570 2682 4624 moles
2713 4571 3058 4639 dejiciunlur,
3092 4587 3158 4627 ne
3203 4574 3421 4628 assiduo

135 4659 574 4732 Tyrophcenissa
605 4663 658 4716 in
693 4662 982 4729 Evangelio
1012 4660 1185 4715 fuerat
1213 4671 1655 4715 conuuemorata.

202 4750 530 4808 Notandum
561 4755 744 4823 itaque
791 4763 872 4806 est
899 4751 1044 4822 quod
1074 4752 1245 4806 sancti
1281 4752 1477 4806 Arculli
1519 4752 1586 4806 de
1628 4754 1732 4807 situ

135 4840 258 4912 Tyri
292 4845 501 4900 relatio
529 4859 627 4914 per
648 4846 827 4898 omnia
852 4843 1143 4898 concordat
1168 4859 1290 4897 cum
1321 4843 1402 4897 his
1428 4859 1546 4912 qua:
1575 4859 1735 4913 supe-

133 4933 245 4988 rius
273 4933 342 4989 de
374 4934 563 4988 sancti
596 4933 906 5003 Hieronymi
935 4934 1336 4988 commentariis
1367 4943 1619 5003 excerpta
1643 4935 1734 4988 de-

135 5025 376 5080 tulimus.
411 5024 684 5079 Similiier
707 5031 762 5078 et
785 5038 849 5078 ea
877 5038 997 5092 qua:
1023 5039 1183 5092 supra
1208 5025 1275 5078 de
1301 5025 1500 5079 montis
1519 5025 1736 5080 Thabor

133 5115 234 5170 situ
267 5125 322 5172 et
354 5117 540 5173 forma
581 5117 729 5186 juxta
789 5117 961 5169 sancti
1004 5116 1203 5170 Arculfi
1249 5119 1610 5172 narrationem
1643 5119 1736 5173 de-

135 5209 473 5278 scripsimus,
501 5208 654 5262 nullo
677 5207 981 5276 discrepant
1003 5209 1160 5262 modo
1190 5209 1257 5262 ab
1287 5209 1367 5262 his
1392 5224 1508 5277 qu;e
1537 5210 1603 5263 de
1632 5212 1735 5263 situ

135 5287 376 5368 ejusdem
414 5302 624 5354 montis
655 5310 710 5355 et
739 5300 871 5354 mira
919 5301 1250 5356 rotunditate
1291 5312 1506 5358 sanctus
1548 5301 1736 5356 Hiero-

137 5405 327 5458 nymus
357 5397 559 5445 narrat
586 5408 598 5442 :
633 5405 663 5444 a
699 5408 805 5458 quo
835 5392 1084 5448 videlicet
1113 5392 1330 5447 Thabor
1360 5403 1540 5447 monte
1568 5408 1737 5462 usque

137 5480 199 5534 ad
230 5482 571 5537 Damascum
621 5483 722 5537 iter
757 5494 964 5554 septem
1017 5485 1148 5557 [Al.,
1191 5485 1335 5556 octo]
1382 5485 1585 5539 dierum
1638 5486 1737 5538 Ar-

137 5572 306 5629 culfus
337 5574 562 5630 habuit.

737 5645 961 5700 CAPUT
995 5645 1156 5700 XXX.

206 5738 286 5794 De
305 5739 649 5794 Alexandria
671 5747 718 5791 et
752 5738 879 5792 Nilo
900 5741 1132 5808 ﬂumine,
1165 5749 1214 5793 et
1238 5741 1507 5796 crocodili:
1532 5741 1660 5811 ejus.

206 5853 445 5914 Grandis
494 5855 594 5912 illa
645 5854 872 5921 civitas,
935 5871 1052 5926 quae
1101 5858 1370 5927 quondam
1429 5858 1738 5928 metropolis

1838 4661 2168 4728 assurgentis
2200 4662 2400 4731 itnpetu
2427 4661 2610 4725 maris,
2646 4662 2830 4715 insulae
2861 4662 3047 4717 collisa
3073 4663 3266 4718 cedant
3298 4664 3420 4719 fun-

1836 4750 2111 4817 damenta,
2154 4763 2318 4821 atque
2365 4761 2649 4824 ventorum
2697 4753 2890 4820 injuria
2937 4753 3233 4808 solvantur.
3270 4754 3424 4810 Unde

1836 4841 2023 4910 procul
2060 4843 2221 4896 dubio
2253 4843 2311 4896 tit
2340 4851 2396 4896 ut
2427 4843 2480 4896 in
2525 4843 2755 4898 adverso
2799 4844 2938 4898 inter
2975 4859 3228 4914 scrupeas
3261 4862 3425 4916 rupes

1835 4932 2114 5002 molesque
2160 4932 2428 5002 disruptas
2472 4934 2676 4987 canalis
2720 4933 2809 4988 ille
2850 4933 3057 4987 medius
3098 4949 3313 5004 semper
3351 4937 3424 4990 sit

1837 5026 2106 5094 inquietus
2133 5035 2295 5094 atque
2317 5041 2666 5096 exasperatis,
2697 5037 2811 5080 toto
2837 5029 3064 5081 transitur
3088 5029 3423 5097 periculosus

1839 5116 1931 5171 fiat
1955 5118 2104 5172 navis
2133 5119 2430 5187 ingressus.
2463 5120 2772 5188 Amplitudo
2800 5129 2976 5174 autem
3012 5135 3198 5189 portus
3226 5123 3423 5176 stadio-

1837 5223 1954 5262 rum
1986 5207 2202 5274 triginta
2234 5216 2384 5277 patet
2419 5209 2769 5262 dimensione.
2821 5208 2886 5261 Et
2916 5210 3161 5283 quamvis
3188 5211 3422 5265 maxima

1840 5308 2131 5370 tempestas
2169 5299 2260 5364 sit,
2293 5300 2434 5353 intus
2467 5300 2770 5354 tutissimus
2798 5309 2878 5356 est
2912 5311 3100 5368 portus
3128 5316 3422 5355 conversa-

1841 5393 2004 5456 tione,
2050 5392 2140 5460 qui
2182 5407 2210 5445 a
2255 5405 2416 5459 supra
2457 5390 2770 5446 memoratis
2814 5390 3075 5459 angustiis
3118 5400 3281 5460 atque
3324 5392 3425 5456 ob-

1835 5486 1980 5555 jectu
2011 5484 2199 5540 insulae
2223 5501 2252 5540 a
2282 5501 2340 5540 se
2367 5486 2530 5541 maris
2557 5485 2770 5555 repellit
2797 5487 2968 5540 undas
2995 5506 3005 5539 :
3033 5502 3192 5555 quam
3216 5485 3422 5557 [Forte,

1839 5576 2118 5650 quoniam]
2150 5594 2247 5648 per
2291 5578 2508 5634 easdem
2552 5579 2858 5649 portuensis
2905 5579 3104 5634 littoris
3147 5579 3425 5647 angustias

1844 5673 2008 5728 totius
2039 5683 2228 5743 portus
2256 5674 2527 5729 distensus
2573 5674 2725 5729 sinus
2780 5675 3130 5730 submovetur
3157 5690 3187 5728 a
3219 5684 3429 5744 tempe-

1841 5763 2087 5828 statibus,
2121 5762 2418 5832 placidatnr
2445 5779 2476 5818 a
2508 5763 2816 5832 frigoribus,
2848 5780 2944 5834 per
2973 5779 3106 5835 quas
3150 5765 3428 5837 ingressus

1843 5863 2215 5924 exasperatur.
2252 5855 2360 5913 Nec
2391 5857 2660 5914 immerito
2690 5857 2776 5914 vel
2804 5865 3061 5921 tutamen,
3093 5857 3178 5914 vel
3220 5858 3424 5927 magni-
