4204 6538
659 399 665 405 ’
729 413 836 474 so‘t

1926 402 2171 463 SANCTI
2214 399 2524 458 ADAMANI
2566 398 2853 455 ABBATIS

3900 392 4003 449 808

724 528 853 585 tudo
883 526 1044 597 hujus
1071 532 1261 596 portus
1290 530 1373 581 est
1400 522 1666 593 ejusmodi
1693 540 1703 575 :
1732 536 1857 578 cum
1881 521 1935 577 in
1955 537 2078 577 eum
2100 535 2221 591 qua:
2241 518 2309 574 ad
2338 529 2388 586 Α
2417 518 2617 572 intrare
2665 518 2716 570 in
2758 516 3030 572 civitatem
3062 530 3247 572 mense
3296 513 3538 582 Octobri,
3570 528 3667 585 per
3714 513 4000 584 longitudi-

725 636 895 687 usum,
913 620 1076 687 totius
1105 618 1254 675 orbis
1280 615 1586 688 proliciant,
1616 615 1920 672 convectari
1950 613 2312 677 necessarium

724 714 818 770 sit.
847 712 980 769 Nam
995 719 1060 767 et
1084 710 1264 782 populi
1294 708 1712 764 innumerabiles
1731 707 2046 763 earumdem
2070 705 2314 761 locorum

725 805 805 867 ad,
822 820 979 859 usum
1008 804 1088 859 sui
1109 802 1277 857 totius
1303 801 1450 865 urbis
1467 799 1667 873 [Fort.,
1696 797 1863 869 orbis]
1884 804 2146 867 expetunt
2172 811 2315 851 com-

733 894 956 959 mercia,
999 890 1054 947 εἰ
1100 890 1502 960 frugumregio
1539 897 1625 944 est
1666 888 1836 953 ferax,
1880 895 2315 954 czetero‘rumque

728 993 888 1043 terra-
929 999 1212 1040 munerum
1243 984 1326 1037 vel
1360 981 1756 1050 negotiatorum
1788 979 2092 1045 abundans,
2135 986 2314 1032 totum

728 1077 1001 1135 frumento
1026 1076 1124 1131 alit
1143 1084 1305 1144 atque
1330 1073 1550 1128 instruit
1581 1071 1904 1127 necessariis
1933 1070 2204 1126 mercibus
2232 1083 2315 1123 or-

728 1171 851 1226 hem
887 1178 1173 1225 terrarum.
1205 1165 1306 1221 Cui
1336 1166 1546 1221 scilicet
1578 1165 1667 1219 tali
1700 1163 1929 1231 regioni,
1959 1177 2079 1232 quae
2123 1158 2315 1231 procul

725 1261 891 1318 dubio
915 1261 1217 1333 pluviarum
1248 1258 1463 1327 indigna
1496 1266 1597 1323 est,
1631 1256 1735 1311 Nili
1758 1256 1959 1324 irrigua
1983 1264 2315 1325 spontaneos

726 1352 927 1423 imbres
953 1352 1281 1413 min'strant;
1315 1350 1405 1404 ubi
1431 1356 1719 1417 utrumque
1749 1362 1875 1403 arva
1899 1354 2183 1416 temperat,
2213 1346 2316 1401 hoc

727 1452 819 1513 est,
842 1442 967 1509 cmli
995 1443 1214 1498 ubertas
1241 1451 1297 1496 et
1326 1448 1482 1494 terra:
1511 1438 1840 1500 fecunditas;
1871 1447 1926 1492 et
1953 1438 2047 1491 ubi
2073 1436 2318 1506 opimen-

727 1543 842 1589 tum
884 1535 1062 1588 nautis
1090 1541 1145 1589 et
1174 1531 1427 1601 agricolis
1468 1531 1644 1585 solum
1683 1528 2027 1585 commodum
2066 1528 2315 1583 habetur.

729 1625 794 1680 lli
824 1625 1095 1692 navigant,
1127 1623 1201 1676 illi
1233 1630 1452 1686 serunt;
1486 1622 1575 1675 isti
1596 1620 2018 1676 circumvehunt
2054 1619 2277 1687 navigiis
2299 1656 2313 1680 ,

730 1717 807 1772 illi
836 1716 1091 1775 excolunt
1113 1724 1311 1770 terram
1339 1715 1457 1769 sine
1478 1722 1663 1768 aratro
1680 1720 1947 1779 serentes,
1974 1712 2182 1765 viantes
2201 1712 2319 1765 sine

727 1811 1013 1874 carpento.
1064 1803 1381 1858 Distinctam
1433 1803 1648 1856 ﬂuentis
1689 1817 1885 1857 cernas
1928 1801 2223 1870 regionem,
2264 1809 2318 1854 et

2416 623 2539 664 nem
2588 608 2942 663 deambulans
2989 610 3168 675 urbis;
3225 619 3279 663 et
3326 609 3415 663 vix
3464 617 3590 664 ante
3635 609 4003 679 vespertinum

2416 708 2629 770 tempus
2658 699 2725 753 ad
2754 700 3158 755 extremitatem
3190 698 3542 768 longitudinis
3570 698 3688 767 ejus
3718 699 4004 768 pervenire

2415 798 2646 860 poterat.
2677 789 2803 846 Haec
2825 791 2986 860 longo
3008 807 3287 847 murorum
3317 791 3523 845 ambitu
3551 790 3757 846 crebris
3784 790 4004 860 insuper

2416 886 2653 941 turribus
2683 887 3168 949 communitorum,
3201 902 3300 956 per
3328 886 3625 955 marginem
3673 885 3907 940 ﬂuminis
3947 892 4003 939 et

2414 992 2566 1032 oram
2614 978 2766 1032 curvi
2816 978 2981 1032 maris
3022 979 3257 1032 ambitur
3292 978 3741 1047 compositorum.
3771 977 3904 1031 Item
3933 974 4003 1033 de

2413 1076 2568 1137 parte
2615 1066 2836 1139 IEgypti
2881 1068 3316 1134 adventantibus,
3359 1078 3415 1123 et
3444 1069 3634 1123 urbem
3678 1068 4004 1123 intrantibus

2416 1156 2855 1221 Alexandrinam,
2882 1159 2949 1212 ab
2978 1159 3269 1227 aquilonali
3295 1160 3599 1229 pr0pinquo
3621 1159 3791 1214 latere
3813 1174 4005 1215 occur-

2416 1248 2488 1303 rit
2518 1249 2737 1317 grandis
2770 1257 3055 1305 structura:
3084 1251 3333 1315 ecclesia,
3376 1252 3429 1306 in
3467 1266 3571 1320 qua
3602 1251 3812 1307 Marcus
3836 1266 4005 1307 evan—

2417 1340 2609 1409 gelista
2641 1342 2694 1396 in
2727 1351 2868 1397 terra
2896 1343 3147 1399 humatus
3172 1345 3343 1415 jacet,
3375 1344 3528 1414 cujus
3553 1347 3857 1416 sepulcrum
3881 1355 4007 1401 ante

2418 1434 2589 1487 altare
2620 1435 2671 1488 in
2705 1436 2953 1493 orientali
2999 1437 3240 1506 ejusdem
3270 1438 3649 1508 quadrangulaa
3679 1439 3802 1494 loco
3830 1439 4008 1494 eccle-

2418 1526 2509 1579 sia:
2548 1524 2804 1582 Memoria
2844 1531 3187 1599 superposita
3219 1533 3537 1587 marmoreis
3579 1532 3844 1603 lapidibus
3871 1546 4007 1587 con-

2419 1626 2623 1672 structa
2650 1630 3000 1675 monstratur.

2493 1718 2514 1743 ει
2542 1708 2666 1765 llaec
2709 1712 2892 1779 itaque
2925 1715 2992 1767 de
3041 1714 3388 1779 Alexandria,
3423 1729 3541 1785 quae
3581 1716 3894 1786 priusquam
3939 1716 4010 1771 ab

2422 1799 2728 1857 Alexandro
2773 1802 2965 1872 Magno
3011 1805 3063 1859 in
3108 1806 3285 1875 majus
3332 1816 3490 1863 aucta
3519 1807 3897 1874 :edificaretur,
3930 1809 4011 1863 No

727 1898 884 1965 quasi
914 1893 1233 1961 quibusdam
1275 1891 1487 1946 excelsa
1529 1891 1795 1946 mtenibus
1824 1891 2161 1959 navigiorum
2191 1892 2318 1945 totis
2352 1896 2394 1954 Β
2427 1892 2510 1961 (ιιι
2534 1906 2696 1960 supra
2728 1893 2931 1949 dictum
2976 1895 3082 1965 est)
3114 1897 3474 1952 vocitabatur.
3507 1898 3603 1954 Cui
3637 1902 3721 1970 (ut
3762 1899 4014 1971 superius

727 1988 1004 2043 domicilia
1034 1984 1211 2049 terris,
1237 1998 1357 2052 qua:
1388 1983 1491 2038 Nili
1522 1983 1764 2038 ﬂuminis
1796 1984 2030 2052 riparum
2065 1983 2321 2052 margini-

728 2082 834 2139 bus
858 2097 928 2137 ex
955 2090 1184 2150 utraque
1210 2079 1485 2134 conterent
1507 2086 1679 2148 parte.
1710 2077 2036 2145 Navigabilis
2065 2078 2211 2132 enim
2241 2084 2323 2133 est

734 2188 907 2242 usque
936 2172 1003 2227 ad
1041 2173 1231 2225 urbem
1258 2172 1342 2239 (ut
1363 2168 1659 2239 appellant)
1684 2167 2110 2239 Elephantorum
2138 2184 2152 2221 :
2183 2167 2322 2222 ulte-

737 2265 850 2321 rius
892 2278 1083 2321 navem
1115 2262 1415 2333 procedere
1442 2271 1746 2326 cataractae,
1782 2262 1885 2316 hoc
1913 2270 1996 2316 est
2026 2262 2325 2318 ﬂuminales

733 2369 999 2425 aquarum
1029 2353 1217 2417 colles,
1269 2369 1376 2408 non
1417 2352 1622 2417 sinunt,
1671 2369 1779 2407 non
1810 2352 2025 2409 defectu
2070 2354 2320 2423 gurgitis,

731 2447 830 2503 sed
875 2446 1041 2502 tatius
1072 2444 1307 2499 ﬂuminis
1336 2443 1627 2513 praecipitis
1654 2454 1708 2498 et
1737 2443 1968 2513 quadam
1998 2444 2154 2499 ruina
2199 2459 2324 2498 cur-

730 2539 969 2594 rentium
1015 2552 1303 2608 aquarum.
1347 2536 1534 2592 Sancti
1581 2536 1741 2604 igitur
1785 2535 1983 2592 Arculli
2032 2536 2225 2592 relatio
2256 2538 2326 2591 de

736 2626 1074 2683 Alexandria:
1100 2627 1210 2682 situ
1238 2634 1293 2682 et
1320 2624 1423 2680 Nili
1449 2641 1559 2681 non
1586 2626 1897 2696 discrepare
1936 2627 2325 2697 comprobatur

736 2721 806 2775 ab
835 2718 919 2773 his
946 2735 1065 2789 qua:
1096 2718 1149 2772 in
1189 2718 1416 2773 aliorum
1446 2717 1596 2773 libris
1621 2719 1822 2788 scripta
1861 2734 1930 2773 ex
1972 2719 2205 2775 lectione
2233 2736 2326 2774 co-

735 2811 1022 2879 gnovimus
1048 2827 1058 2861 :
1092 2809 1159 2863 de
1189 2809 1385 2878 quibus
1410 2807 1656 2878 quedam
1700 2809 1851 2865 brevi
1884 2818 2035 2864 textu
2064 2819 2322 2879 excerpta

738 2902 797 2957 iu
826 2902 928 2957 bac
956 2901 1210 2971 praesenti
1234 2899 1601 2970 descriptione
1630 2901 1948 2971 interposita
1976 2902 2319 2964 inseruimus,

739 2990 846 3046 hoc
886 3001 971 3045 est
995 2990 1066 3045 de
1108 2989 1249 3044 illius
1294 2990 1728 3060 importuositate
1757 2991 1905 3045 urbis
1931 2991 2015 3046 vel
2046 3000 2169 3060 port
2198 2993 2323 3047 .ensi

738 3080 1074 3146 difﬁcultate,
1106 3080 1175 3136 de
1216 3080 1388 3135 insula
1416 3087 1472 3134 et
1501 3088 1652 3134 turre
1692 3080 1743 3133 in
1786 3095 1850 3135 ea
1881 3089 2189 3136 constructa
2212 3123 2227 3147 ,
2256 3082 2325 3137 de

741 3172 1067 3228 Alexandria
1099 3171 1239 3227 inter
1268 3170 1496 3243 [Μαίη
1523 3170 1630 3240 vel]
1688 3186 1837 3226 mare
1866 3171 1950 3226 vel
1980 3173 2119 3226 ostia
2152 3172 2325 3227 ﬂumi-

2424 1983 2627 2037 dictum
2659 1990 2761 2054 est)
2786 1989 2982 2041 ostium
3015 1989 3119 2044 Nili
3150 1989 3386 2047 ﬂuminis
3408 1994 3707 2061 cohaerens,
3730 1994 3880 2063 quod
3901 1993 4015 2049 C0-

2424 2076 2677 2145 nopeium
2709 2079 3042 2144 nominantur,
3075 2082 3257 2137 Asiam
3289 2099 3410 2138 cum
3443 2084 3678 2155 Egypto
3705 2094 3760 2140 et
3788 2083 4016 2155 Libyam

2426 2168 2790 2227 disterminat.
2825 2170 2904 2227 Ob
2934 2174 3088 2242 cujus
3121 2177 3304 2246 itaque
3330 2178 3433 2232 Nili
3458 2181 3691 2235 ﬂuminis
3712 2182 4021 2238 inundatioo

2422 2276 2547 2314 nem
2588 2263 2821 2333 Az‘gyptii
2854 2266 3103 2321 excelsos
3134 2281 3360 2337 aggeres
3388 2270 3531 2326 circa
3557 2272 3699 2340 ripas
3727 2273 3846 2341 ejus
3878 2288 4017 2329 con-

2424 2358 2638 2404 struunt
2664 2370 2673 2401 :
2699 2352 2792 2420 qui
2820 2353 2863 2407 si
2888 2357 3172 2410 custodum
3197 2358 3522 2428 negligentia
3544 2360 3629 2415 vel
3658 2362 3825 2415 nimia
3858 2377 4020 2432 aqua-

2426 2457 2541 2496 rum
2589 2445 2879 2513 eruptione
2925 2448 3067 2516 rupti
3117 2449 3350 2512 fuerint,
3401 2451 3744 2520 subjacentes
3793 2468 4021 2522 campus

2428 2548 2766 2603 nequaquam
2796 2536 2994 2603 rigant,
3018 2537 3114 2592 sed
3142 2540 3453 2609 opprimunt
3481 2549 3535 2596 et
3562 2542 3911 2611 populantur.
3938 2543 4019 2598 Ub

2425 2638 2585 2692 quam
2616 2639 2833 2679 causam
2878 2626 3093 2695 plurimi
3140 2629 3232 2698 qui
3277 2629 3440 2699 plana
3472 2630 3692 2702 A‘ngpti
3738 2632 4017 2699 incolunt,

2427 2722 2485 2767 ut
2534 2724 2753 2769 sanctus
2784 2715 2953 2771 refert
2984 2719 3256 2787 Arcuil‘us,
3290 2721 3381 2789 qui
3409 2720 3663 2799 eumdem
3710 2723 3934 2778 ﬂuvium
3964 2724 4021 2779 in

2430 2804 2665 2877 Egypto
2693 2823 2880 2863 means
2903 2824 3046 2877 smpe
3076 2816 3448 2881 transmeavit,
3473 2814 3526 2868 in
3546 2813 3817 2881 domibus,
3843 2824 4022 2872 trans-

2426 2900 2599 2954 versis
2636 2901 2876 2957 trabibus
2901 2902 3152 2969 sulfultis,
3189 2919 3359 2975 aquas
3384 2921 3547 2976 supra
3569 2905 3900 2962 inhabitant.
3955 2944 3959 2947 -

2498 2991 2790 3061 Crocodili,
2815 3003 2873 3049 ut
2902 2996 3151 3052 Arculfus
3180 2996 3346 3054 refert
3369 2999 3641 3067 sacerdos,
3674 2999 3730 3055 in
3763 2998 3891 3056 Nilo
3922 3000 4022 3056 ﬂu-

2428 3085 2515 3140 vio
2546 3087 2809 3154 aquaticte
2840 3100 3249 3147 commorantur
3276 3092 3654 3163 quadrupedes
3679 3094 3885 3160 bestiae,
3908 3109 4023 3150 non

2428 3175 2675 3242 grandes,
2707 3177 2862 3232 valde
2892 3178 3105 3247 edaces,
3138 3189 3193 3237 et
3215 3181 3269 3237 in
3303 3191 3510 3237 tantum
3540 3184 3748 3249 validae,
3772 3194 3834 3239 ut
3856 3184 4021 3241 etiam

743 3264 828 3317 nis
871 3262 975 3317 Nili
1026 3263 1309 3317 terminata
1356 3262 1643 3331 positione,
1696 3271 1751 3316 et
1798 3263 1866 3317 de
1912 3264 2139 3318 caeteris.
2195 3263 2324 3331 Qum
2355 3273 2398 3335 ε
2431 3281 2535 3319 una
2567 3281 2632 3321 ex
2663 3268 2762 3332 eis,
2810 3269 2855 3323 si
2899 3269 3040 3326 forte
3085 3286 3284 3340 equum
3330 3273 3416 3329 vel
3445 3274 3656 3330 asinum
3698 3276 3785 3331 vel
3823 3275 4023 3331 bovem

739 3353 931 3425 procul
961 3352 1123 3411 dubio
1154 3368 1316 3419 causa
1357 3352 1486 3408 facit
1525 3361 1584 3407 ut
1618 3353 1859 3421 ejusdem
1890 3355 2123 3409 civitatis
2152 3354 2323 3420 locus,

744 3448 837 3518 qui
869 3448 940 3501 ita
970 3461 1039 3500 ex
1078 3446 1286 3500 duabus
1327 3454 1633 3501 coarctatus
1661 3447 1903 3516 partibus
1940 3448 2325 3515 strangulatur,

741 3538 907 3607 longo
931 3538 1088 3597 valde
1114 3546 1170 3592 et
1199 3546 1431 3606 angusto
1461 3537 1692 3593 tramitis
1734 3538 1915 3607 spatio
1944 3540 2012 3590 ab
2043 3552 2241 3593 occasu
2273 3539 2325 3593 in

747 3636 927 3695 ortum
958 3626 1321 3698 protenditur.
1350 3624 1506 3692 Quod
1536 3626 1699 3681 etiam
1737 3626 1938 3681 Arculli
1968 3629 2203 3683 narratio
2232 3629 2330 3682 de—

742 3729 1037 3787 monstrat,
1066 3720 1214 3789 uuia,
1236 3728 1305 3774 ut
1334 3720 1447 3789 ipse
1476 3719 1664 3787 refert,
1696 3720 1830 3775 hora
1856 3719 1961 3774 diei
1986 3721 2143 3775 tertia
2170 3722 2327 3791 erepit

870 3831 971 3888 llic
1001 3831 1260 3889 articulus
1283 3830 1436 3887 deest
1464 3831 1520 3886 in
1544 3830 1667 3887 cod.
1691 3830 1974 3887 Vaticano.

2426 3354 2579 3424 juxta
2610 3357 2781 3428 ripam
2807 3360 3039 3416 ﬂuminis
3066 3362 3287 3417 herbam
3310 3373 3621 3434 carpentem
3654 3366 3900 3422 invenire
3928 3380 4025 3437 po-

2433 3450 2577 3513 terit,
2628 3452 2807 3505 subita
2856 3454 3161 3524 irruptione
3201 3471 3484 3525 emergens
3534 3457 3786 3523 invadat,
3836 3465 3893 3513 et
3938 3458 4023 3513 vel

2432 3541 2593 3594 etiam
2621 3543 2908 3599 animantis
2938 3561 3099 3601 unum
3125 3547 3317 3617 pedem
3341 3549 3613 3614 mordens,
3647 3557 3702 3606 et
3727 3550 3830 3606 sub
3859 3565 4028 3621 aquas

2437 3632 2673 3698 trahens,
2704 3634 2921 3703 penitus
2952 3643 3123 3692 totum
3154 3637 3382 3694 devoret
3408 3639 3625 3698 animal.

740 3983 4014 4019 Μ

1978 4067 2277 4143 LIB}le
2323 4070 2796 4149 TERTIUS.

2309 4221 2481 4237 _

1242 4302 1473 4359 CAPUT
1530 4300 1817 4357 PRIMUM.

1072 4395 1151 4450 De
1176 4393 1759 4464 Constantinopolitana
1783 4394 2005 4447 civitate.

822 4487 1072 4545 Arculfus
1118 4501 1264 4557 smpe
1301 4494 1652 4550 memoratus,
1701 4484 2021 4538 Alexandria
2065 4492 2338 4551 reversus,

753 4595 850 4652 per
873 4579 1080 4647 aliquot
1106 4555 1222 4631 dies
1262 4576 1314 4629 in
1341 4574 1499 4630 Creta
1530 4574 1832 4643 hospitatus
1876 4572 2072 4639 insula,
2101 4583 2157 4627 ει
2185 4576 2251 4628 ab
2273 4589 2336 4628 ea
2372 4555 2421 4614 Ῐ)

753 4672 1014 4740 navigans
1034 4666 1559 4736 Constantinopolim
1583 4666 1860 4735 appetivit,
1897 4666 1948 4718 in
1980 4680 2085 4734 qua
2117 4682 2214 4736 per
2239 4667 2342 4719 ali-

757 4770 892 4832 quot
920 4762 1232 4815 demoratus
1262 4768 1345 4813 est
1374 4772 1605 4811 menses.
1641 4756 1770 4822 Quae
1800 4755 1988 4824 procul
2036 4756 2203 4811 dubio
2234 4756 2342 4811 Ro-

756 4853 901 4908 mani
933 4860 1018 4907 est
1062 4849 1378 4919 metropolis
1408 4848 1634 4916 imperii,
1670 4846 1901 4915 undique
1951 4849 2083 4900 mari
2113 4847 2343 4902 circum-

759 4944 908 5007 data,
941 4949 1169 5011 excepta
1199 4938 1491 5007 aquilonali
1532 4946 1685 5007 parte
1732 4937 1891 5001 illius,
1926 4937 2069 5005 quod
2100 4952 2246 4992 mare
2278 4952 2344 4990 ιι

756 5035 997 5091 millibus
1046 5047 1299 5104 passuum
1330 5046 1359 5085 a
1393 5032 1527 5084 mari
1560 5030 1748 5098 Magno
1780 5044 2087 5099 erumpens,
2133 5031 2198 5083 ad
2228 5045 2346 5083 mu-

759 5143 877 5182 rum
908 5139 1082 5194 usque
1114 5116 1349 5178 civitatis
1394 5121 1701 5176 extenditur
1730 5139 1740 5171 :
1784 5135 1813 5173 a
1857 5135 2014 5174 muro
2043 5136 2174 5175 vero
2203 5119 2345 5175 Con-

761 5216 1193 5285 stantinopoleos
1240 5228 1411 5283 usque
1459 5213 1525 5267 ad
1572 5214 1709 5267 ostia
1759 5212 1985 5267 Danubii
2016 5212 2253 5266 ﬂuminis
2279 5228 2346 5267 ιι.

764 5310 985 5385 [Grets.,
1044 5309 1130 5379 ιχ]
1161 5306 1399 5362 millibus
1446 5307 1549 5361 hoc
1594 5307 1733 5361 idem
1788 5306 2128 5376 protenditur
2175 5323 2344 5362 mare.

766 5400 891 5455 Hinc
923 5401 1107 5467 itaque
1137 5394 1489 5466 imperatoria
1518 5396 1706 5451 civitas
1736 5411 1844 5450 non
1871 5411 2044 5466 parvo
2070 5413 2349 5453 murorum

764 5490 967 5546 ambitu
996 5503 1093 5558 per
1134 5503 1210 5543 xu
1243 5488 1408 5541 millia
1452 5502 1707 5555 passuum
1739 5486 2145 5553 circumcincta,
2180 5502 2349 5558 angu-

764 5582 851 5637 los
877 5581 1030 5649 juxta
1084 5579 1248 5634 situm
1301 5578 1466 5634 maris
1516 5578 1721 5632 habens
1763 5593 1861 5646 per
1901 5580 2228 5634 maritimam
2269 5588 2352 5653 (ut

770 5673 1093 5729 Alexandria
1146 5671 1263 5727 sive
1292 5670 1584 5740 Carthago)
1621 5680 1964 5727 constructas
1995 5688 2169 5738 oram,
2199 5684 2255 5728 et
2284 5674 2351 5729 ad

766 5764 895 5837 Tyri
923 5763 1330 5819 similitudinem
1360 5761 1565 5816 crebris
1608 5762 1831 5831 insuper
1857 5762 2092 5817 turribus
2118 5778 2355 5817 commu-

769 5859 909 5914 nitos
936 5868 1140 5923 muros,
1166 5855 1361 5915 domus
1393 5854 1532 5911 intra
1566 5853 1799 5913 civitatis
1830 5857 2028 5913 nuenia
2056 5856 2219 5913 habet
2253 5872 2350 5911 nu-

2447 4321 2686 4363 merosas
2712 4325 2724 4359 τ
2758 4323 2825 4362 ex
2874 4308 3068 4377 quibus
3099 4310 3340 4381 plurimae
3371 4312 3519 4369 mira:
3545 4315 3933 4385 magnitudinis
3952 4319 4030 4378 ia-

2445 4398 2622 4469 pidete
2651 4402 2819 4457 instar
2846 4402 3027 4457 Romae
3062 4402 3495 4460 babitaculorttm
3527 4420 3883 4480 consurgunt.

3064 4531 3293 4588 CAPUT
3334 4534 3399 4589 Il.

2767 4623 2845 4678 De
2870 4624 3167 4678 conditione
3201 4626 3433 4694 ejusdem
3462 4626 3704 4681 civitatis.

2518 4742 2594 4797 De
2612 4758 2761 4810 cujus
2784 4744 3093 4798 conditione
3110 4745 3245 4798 hanc
3272 4746 3614 4800 traditionem
3631 4748 3778 4804 cives
3797 4765 3828 4803 a
3860 4752 4033 4821 majo-

2447 4833 2594 4888 ribus
2625 4836 3017 4902 promulgatam
3068 4845 3345 4901 enarrant,
3404 4837 3682 4893 dicentes:
3732 4840 4035 4912 Imperator

2448 4925 2838 4979 Constantinus
2880 4926 3083 4979 inliuita
3124 4926 3401 4980 hominum
3433 4929 3772 4986 multitudine
3801 4948 4033 5003 congre-

2450 5026 2594 5086 gata,
2626 5028 2681 5072 et
2717 5018 2952 5087 undique
2994 5018 3215 5092 inﬁnitis
3269 5020 3568 5090 sumptibus
3608 5036 3744 5090 pene
3791 5025 4038 5081 nuditate

2450 5108 2689 5162 omnium
2742 5110 3016 5163 civitatum
3066 5110 3330 5175 collectis,
3364 5111 3550 5165 urbem
3591 5109 3671 5165 sui
3716 5115 4037 5185 participem

2448 5198 2685 5252 nominis
2712 5199 2763 5252 in
2796 5200 2934 5253 Asia:
2964 5210 3141 5269 parte,
3173 5200 3278 5255 hoc
3310 5210 3392 5254 est
3418 5202 3473 5255 in
3508 5201 3716 5270 Cilicia,
3748 5204 4037 5274 intcrjecto

2452 5292 2610 5355 mari,
2639 5291 2784 5360 quod
2832 5294 2886 5346 in
2923 5292 3026 5346 illis
3068 5290 3262 5347 finibus
3303 5294 3440 5347 inter
3471 5294 3651 5349 Asiam
3685 5305 3737 5349 et
3766 5296 4039 5367 EurOpam

2453 5386 2812 5451 disterminat,
2861 5384 3129 5441 aedificare
3174 5388 3357 5455 erepit.
3402 5385 3642 5452 Quadam
3695 5405 3825 5443 vero
3880 5399 4042 5445 nocte

2455 5492 2578 5533 cum
2594 5478 3018 5532 innumerabiles
3040 5488 3385 5547 operator-um
3410 5480 3684 5533 exercitus
3707 5496 3806 5550 per
3822 5482 4043 5536 immen-

2455 5591 2569 5632 sam
2600 5584 2902 5631 castrorum
2933 5574 3320 5644 longitudinem
3355 5574 3408 5628 in
3449 5574 3814 5643 papilionibus
3844 5577 4043 5632 dormi-

2455 5676 2602 5737 rent,
2632 5667 2813 5723 omnia
2844 5666 3294 5721 ferramentorum
3324 5679 3544 5733 genera,
3574 5666 3771 5733 quibus
3801 5668 4040 5721 diversi)-

2458 5779 2578 5819 rum
2607 5776 2832 5832 Operum
2863 5758 3100 5813 artiﬁces
3130 5760 3205 5813 uti
3237 5767 3653 5826 consueverunt,
3688 5760 3870 5813 subito
3913 5776 4043 5827 quo-

2459 5856 2622 5914 modo
2676 5856 2785 5911 sint
2814 5852 3051 5917 sublata,
3086 5851 3446 5922 nesritur._De
3476 5867 3704 5920 quorum
3759 5854 3859 5905 sul»
3887 5860 4037 5905 lanea
