4204 6612
147 453 235 518 809

146 584 192 633 et
216 569 503 645 improvisa
524 562 830 622 sublatione
851 572 974 616 eum
1005 554 1176 626 primo
1201 566 1358 609 mane
1384 548 1450 603 ad
1474 549 1711 616 impera-

147 637 308 726 torem
350 660 761 721 Constantinum
812 651 1029 725 plurimi
1083 654 1397 717 operatores
1453 637 1710 694 maestitia

150 756 405 816 molestati
436 750 828 824 querimoniam
865 742 1200 802 detulissent,
1227 752 1321 792 rex
1375 744 1720 800 consequen-

152 860 221 905 ter
246 845 468 916 inquirit
489 842 709 897 dicens:
742 836 797 892 Si
847 835 979 889 alias
1008 846 1094 886 res
1149 828 1215 883 de
1260 825 1451 881 castris
1490 824 1710 877 subtra-

151 952 254 997 ctas
305 935 570 992 audistis?
606 930 809 993 Nullas,
855 924 1117 995 inquiunt,
1176 918 1417 987 exceptis
1469 910 1710 968 omnium

152 1049 366 1105 operum
397 1026 760 1086 ferramentis.
797 1020 934 1076 Tum
977 1016 1171 1073 deinde
1206 1028 1302 1067 rex
1348 1006 1603 1079 praecepit
1632 1004 1723 1057 in-

154 1095 333 1197 quiens
368 1123 436 1177 ad
458 1136 587 1177 eos:
620 1118 697 1172 lte
729 1114 906 1177 citius,
951 1120 1006 1165 et
1044 1108 1441 1165 circumeuntes
1468 1097 1607 1153 ultra
1638 1095 1726 1150 ci-

157 1229 337 1288 traque
366 1230 464 1287 per
485 1210 782 1267 maritimas
808 1207 1089 1275 regionum
1114 1214 1238 1255 oras
1259 1192 1719 1253 conterminarum

158 1284 393 1373 intrate,
427 1315 483 1362 et
527 1305 571 1359 si
603 1303 657 1357 in
706 1300 887 1367 alique
916 1306 1168 1363 agrorum
1216 1288 1336 1342 loco
1366 1284 1503 1338 forte
1546 1288 1723 1335 vestra

160 1399 461 1471 repereritis
490 1395 837 1453 ferramenta,
871 1385 1064 1441 ibidem
1097 1381 1311 1437 interim
1340 1392 1404 1432 ea
1434 1373 1724 1439 custodite,

163 1470 320 1549 etilla
349 1494 454 1547 huc
482 1503 593 1544 non
620 1481 945 1555 reportetis,
978 1477 1073 1532 sed
1101 1474 1166 1529 ad
1194 1487 1281 1527 me
1307 1470 1513 1538 aliquos
1536 1482 1603 1522 ex
1633 1480 1728 1519 vo-

161 1586 235 1642 bis
258 1583 457 1640 reverti
487 1580 671 1643 facite,
703 1585 761 1630 ut
785 1588 883 1645 pro
909 1579 1057 1625 certo
1087 1567 1226 1623 scire
1254 1561 1452 1634 possim
1475 1560 1539 1614 de
1562 1558 1737 1612 ferra-

163 1685 463 1733 mentorum
488 1669 812 1739 repertione.
842 1662 1045 1729 Quibus
1072 1658 1284 1721 auditis,
1314 1651 1546 1723 operarii
1576 1649 1737 1702 obse-

167 1774 399 1837 quuntur
434 1760 774 1818 sermonibus
802 1770 831 1809 a
862 1768 986 1823 rege
1030 1749 1314 1817 descriptis
1355 1744 1439 1798 vel
1468 1741 1656 1797 dictis:
1690 1746 1745 1792 et

167 1866 453 1919 exeuntes,
500 1851 657 1907 sicuti
686 1848 896 1902 fuerant
918 1844 1070 1912 jussi,
1100 1839 1335 1894 lustratis
1387 1835 1510 1888 hinc
1540 1840 1592 1885 et
1621 1829 1745 1883 inde

170 1956 354 2017 ponto,
395 1942 583 1998 vicinis
612 1952 860 2008 agrorum
894 1931 1133 1989 terminis
1161 1949 1173 1993 ;
1202 1939 1257 1983 et
1285 1942 1411 1983 ecce
1440 1926 1489 1978 in
1515 1923 1738 1991 Europa:

169 2048 318 2109 parte
364 2038 504 2091 ultra
558 2046 707 2087 mare
753 2030 1198 2084 ferramentorum
1241 2019 1543 2087 congeriem
1590 2029 1746 2082 repe—

170 2134 330 2195 riunt,
382 2138 439 2184 et
488 2128 628 2181 inter
665 2123 770 2178 duo
818 2120 985 2175 maria
1024 2119 1077 2172 in
1137 2130 1319 2185 unum
1349 2114 1748 2176 congregalam.

172 2222 312 2277 Loco
338 2227 555 2289 reperto
582 2217 648 2270 ad
675 2228 854 2282 regem
884 2227 951 2266 ex
979 2210 1057 2264 eis
1083 2206 1245 2274 aliqui
1274 2202 1496 2257 veniunt
1517 2196 1748 2261 remissi,

172 2325 223 2371 et
252 2318 470 2369 inventa
498 2309 746 2364 nuntiant
770 2306 1090 2359 ferramenta
1115 2299 1169 2353 in
1193 2296 1287 2350 tali
1309 2295 1444 2349 loco.
1470 2292 1586 2357 Quo
1608 2303 1755 2344 com-

171 2416 345 2477 perto,
370 2419 464 2457 rex
489 2400 743 2456 continuo
762 2395 1021 2450 tubicines
1040 2405 1134 2462 per
1155 2397 1451 2444 castrorum
1474 2382 1753 2439 circuitum

173 2499 313 2554 tubis
356 2496 507 2566 jubet
532 2506 732 2549 canere
762 2497 817 2544 ct
856 2486 1151 2542 exercitum
1203 2494 1419 2535 movere
1471 2483 1646 2530 castra
1675 2473 1757 2526 di-

173 2607 299 2647 cens
326 2608 341 2643 :
368 2587 793 2655 Commigremus
821 2582 944 2636 hinc
979 2580 1046 2634 ad
1078 2572 1444 2631 aediﬁcandam
1488 2570 1757 2624 civitatem

176 2686 383 2741 inloco
413 2682 566 2737 nobis
591 2679 847 2734 divinitus
886 2674 1199 2742 designato;
1242 2666 1507 2733 simulque
1552 2674 1759 2731 prmpa-

174 2778 306 2831 ratis
345 2790 471 2830 cum
513 2771 765 2826 universo
799 2764 1040 2821 exercitu
1069 2760 1312 2820 navibus,
1360 2755 1425 2809 ad
1457 2754 1630 2807 locum
1670 2764 1757 2804 re-

176 2877 458 2939 pertarum
506 2846 951 2917 ferramentorum
1006 2848 1389 2914 trausfretavit,
1420 2860 1581 2916 quem
1614 2841 1761 2895 vide-

174 2959 302 3014 licet
342 2956 520 3010 locum
551 2953 603 3006 in
632 2950 726 3004 tali
771 2962 957 3003 eorum
1000 2942 1349 2998 translatione
1378 2934 1628 3004 cognovit
1663 2932 1761 2986 sibi

176 3063 206 3101 a
262 3046 381 3101 Ι)εο
409 3049 761 3114 praeparatum
792 3035 1075 3104 designari.
1121 3031 1177 3086 ln
1204 3045 1311 3099 quo
1359 3034 1413 3082 et
1448 3027 1563 3095 ipse
1589 3022 1763 3078 conti~

176 3153 286 3194 nuo
342 3136 616 3191 civitatem
645 3127 901 3192 condidit,
931 3137 1046 3195 qua
1097 3119 1397 3190 composito
1453 3114 1670 3169 nomine
1699 3128 1767 3167 ex

178 3225 408 3299 proprio
437 3224 556 3290 ejus
581 3218 842 3275 vocabulo
882 3224 937 3271 et
962 3211 1278 3283 appellativa
1314 3207 1545 3264 civitatis
1583 3203 1768 3257 Grmca

178 3295 558 3379 nominatione
612 3306 1104 3378 Constantinopolis
1150 3303 1435 3366 vocitatur,
1485 3306 1544 3352 ut
1586 3295 1771 3352 condi-

179 3415 317 3468 toris
368 3423 631 3465 vocamen
660 3406 713 3460 in
758 3404 938 3475 priore
976 3401 1120 3454 ineat
1162 3392 1567 3464 compositionis
1594 3396 1766 3459 parte.

180 3502 309 3558 Haec
339 3501 412 3557 de
440 3502 547 3556 situ
574 3507 631 3555 et
656 3495 967 3555 conditione
993 3490 1134 3546 illius
1158 3487 1315 3557 regite
1334 3485 1480 3541 urbis
1502 3482 1771 3551 descripta

178 3594 480 3652 suﬂiciant.

813 3758 1040 3817 CAPUT
1078 3756 1168 3813 Ill.

325 3903 411 3961 De
438 3904 529 3958 illa
558 3901 771 3956 ecclesia
800 3901 853 3954 in
882 3913 981 3969 qua
1008 3909 1136 3949 crux
1158 3891 1369 3948 Domini
1399 3887 1636 3942 habetur.

259 4062 539 4116 Caeterum
557 4055 625 4112 de
639 4054 989 4110 cereberrima
1017 4048 1260 4121 ejusdem
1284 4045 1518 4102 civitatis
1548 4041 1778 4098 rotunda

184 4156 348 4209 mira:
376 4134 765 4218 magnitudinis
795 4143 1001 4213 lapidea
1032 4140 1261 4195 ecclesia
1292 4138 1454 4192 silere
1482 4150 1590 4189 non
1613 4134 1781 4188 debe-

184 4261 333 4307 mtts,
363 4255 507 4312 qum,
540 4247 598 4293 ut
621 4247 838 4293 sanctus
867 4233 1114 4289 Arculfus
1158 4230 1343 4295 refert,
1374 4230 1467 4298 qui
1521 4242 1638 4283 eam
1671 4241 1779 4280 non

186 4335 351 4391 brevi
377 4330 741 4402 frequentavit
767 4338 1030 4397 tempore,
1058 4326 1124 4379 ab
1166 4325 1273 4379 imo
1312 4321 1780 4376 fundamentorum

189 4428 247 4483 in
282 4427 469 4482 tribus
497 4436 828 4491 consurgens
859 4419 1180 4489 parietibus,
1229 4416 1424 4484 triplex
1455 4429 1617 4482 supra
1664 4413 1785 4467 illos

192 4522 364 4575 altius
396 4516 708 4581 sublimata,
741 4512 1121 4567 rotundissima
1145 4517 1199 4565 et
1222 4509 1380 4562 nimis
1412 4507 1629 4576 pulchra
1659 4505 1787 4560 sim-

193 4613 331 4684 plici
359 4614 773 4665 consummatur
800 4604 1089 4659 culminata
1118 4615 1351 4656 camera.
1406 4600 1529 4653 llare
1556 4598 1787 4653 arcubus

1314 430 1401 489 DE
1444 424 1639 488 LOCIS
1680 419 1969 484 SANCTIS
2007 419 2136 476 LIB.
2176 414 2265 475 111.

1745 538 1922 608 Αιιὶε.
1975 535 2031 589 In
2055 533 2241 596 ternis,
2298 530 2531 598 inquam,
2589 513 2964 581 tantummodo
3013 516 3396 572 anniversariis

1816 627 1915 684 sibi
1938 621 2340 679 succedentibus
2363 618 2551 673 diebus
2579 612 2847 667 dominica
2879 625 3008 664 crux
3039 621 3199 676 super
3228 606 3397 659 altare

1818 718 2024 773 elevata
2047 714 2279 785 ponitur,
2310 712 2408 765 hoc
2439 716 2519 762 cst
2545 706 2596 761 iu
2618 703 2783 759 Cinna
2813 699 3047 766 Domini,
3068 712 3172 767 qua
3194 697 3280 750 die
3306 697 3409 749 im-

1822 814 2039 879 perator
2060 813 2111 859 et
2132 800 2396 858 exercitus
2414 797 2637 851 militum
2662 792 2941 849 ecclesiam
2971 792 3254 854 intrantes,
3273 796 3325 843 et
3344 785 3411 842 ad

1823 897 1951 953 illud
1979 893 2295 949 accedentes
2323 890 2519 954 altare,
2568 893 2753 955 aperta
2802 882 2889 936 illa
2931 891 3274 936 sacrosancta
3316 894 3405 933 ca-

1825 986 2013 1060 psella,
2037 985 2327 1041 salutarem
2346 980 2653 1036 osculantur
2669 990 2905 1032 crucem.
2928 973 3134 1027 Primus
3150 982 3274 1027 ante
3294 986 3381 1025 om
3396 998 3416 1011 -

1829 1094 1925 1134 nes
1954 1079 2245 1149 imperator
2268 1075 2412 1130 orbis
2443 1073 2587 1127 illam
2639 1069 2894 1123 inclinato
2930 1066 3204 1121 osculatur
3234 1065 3416 1118 vultu:

1830 1170 2023 1225 deinde
2048 1170 2199 1237 juxta
2223 1165 2591 1221 conditionum
2622 1160 2704 1215 vel
2731 1168 2951 1213 relatum
2984 1157 3228 1213 ordinent
3283 1170 3419 1209 unus

1832 1273 1956 1334 post
1977 1278 2140 1318 unum
2167 1258 2450 1323 accedens,
2473 1251 2787 1309 honorabile
2802 1252 3073 1307 osculatur
3095 1248 3418 1319 patibulum.

1837 1354 2069 1411 Proinde
2110 1353 2345 1408 crastino
2372 1350 2479 1413 die,
2519 1348 2622 1402 hoc
2672 1356 2755 1403 est
2800 1352 2953 1401 sexta
3001 1342 3132 1398 feria
3160 1352 3285 1397 ante
3316 1340 3424 1395 Pa-

1838 1445 1990 1509 scha,
2022 1442 2243 1512 reginte,
2274 1448 2531 1493 matronae
2554 1476 2568 1502 ,
2598 1445 2652 1491 et
2694 1450 2881 1491 omnes
2923 1431 3103 1503 populi
3148 1432 3422 1495 mulieres,

1843 1555 2005 1609 supra
2055 1546 2354 1592 memorato
2379 1533 2570 1587 ordine
2616 1531 2903 1597 accedunt,
2935 1544 3055 1583 cum
3087 1527 3233 1582 omni
3263 1540 3426 1581 vene-

1848 1630 2062 1683 ratione
2093 1626 2419 1682 osculantes.
2452 1621 2634 1677 Tertia
2667 1621 2773 1682 die,
2805 1619 2910 1673 hoc
2948 1627 3031 1672 est
3071 1617 3297 1671 sabbato
3324 1630 3422 1685 pa-

1846 1721 2033 1785 schali,
2064 1720 2349 1788 episcopus
2380 1725 2435 1769 et
2462 1714 2740 1768 universus
2778 1718 2899 1781 post
2927 1724 3046 1764 eum
3088 1708 3260 1763 clerus
3306 1722 3429 1762 cum

3291 399 3398 458 8l0

1853 1816 2046 1869 timore
2074 1819 2128 1865 et
2158 1820 2392 1863 tremore
2438 1814 2493 1860 et
2520 1807 2664 1859 omni
2708 1800 3123 1857 honorificentia
3167 1799 3434 1854 accedunt

1778 1938 1827 1998 Β
1852 1903 2163 1967 ordinatim,
2190 1898 2469 1954 victoriale
2501 1895 2816 1951 osculantes
2844 1894 3045 1961 lignum
3088 1894 3139 1946 in
3170 1907 3264 1945 sua
3290 1890 3436 1960 posi-

1858 2007 1968 2051 tum
1998 2009 2157 2063 capsa
2187 2011 2198 2046 :
2246 1990 2515 2058 finitisque
2548 1987 2747 2042 sanctis
2777 1995 2830 2039 et
2861 1984 3084 2039 lzctilicis
3113 1982 3306 2036 talibus
3343 1996 3432 2033 sa-

1857 2094 2150 2143 erosaucta:
2204 2082 2379 2136 crucis
2437 2076 2879 2140 osculationibus,
2948 2074 3036 2129 illa
3110 2072 3433 2128 venerabilis

1857 2194 2016 2248 capsa
2046 2174 2494 2246 superclauditnr,
2529 2179 2581 2225 et
2612 2171 2678 2223 ad
2722 2185 2874 2224 suum
2918 2182 3040 2221 cum
3073 2175 3177 2218 tam
3219 2163 3443 2218 honori-

1860 2268 1960 2326 fico
1990 2270 2242 2322 thesauro
2270 2271 2579 2333 reportatur
2611 2261 2922 2314 armarium.
2961 2257 3069 2311 Sed
3100 2266 3155 2311 et
3184 2257 3289 2311 hoc
3330 2270 3438 2309 non

1859 2368 2193 2436 negligenter
2246 2358 2561 2416 intuendum
2590 2354 2734 2426 quod
2784 2370 2889 2408 non
2922 2352 3047 2414 duo,
3079 2350 3170 2405 sed
3202 2351 3302 2404 tria
3347 2349 3443 2403 ibi-

1864 2457 1985 2511 dem
2018 2456 2186 2508 instar
2209 2449 2384 2506 crucis
2431 2448 2732 2502 habeantur
2764 2442 2946 2497 brevia
2999 2442 3159 2508 ligna,
3213 2440 3316 2495 hoc
3360 2448 3443 2494 est

1865 2558 2229 2602 transversum
2269 2542 2489 2610 lignum,
2522 2548 2577 2593 et
2612 2538 2848 2603 longum,
2877 2534 3102 2587 incisum
3128 2540 3182 2585 et
3212 2533 3263 2585 in
3312 2531 3446 2585 duas

1862 2654 2041 2707 aequas
2069 2636 2292 2691 divisum
2332 2639 2539 2703 partes;
2565 2644 2596 2684 e
2647 2628 2838 2698 quibus
2869 2625 3150 2695 tripartitis
3185 2622 3443 2679 houorili-

1868 2729 2128 2785 cabilib.s
2177 2724 2352 2794 lignis,
2401 2721 2617 2790 quando
2661 2718 2753 2772 illa
2810 2716 3048 2786 aperitur
3092 2729 3272 2783 capsa,
3328 2712 3448 2765 miri

1868 2820 2049 2874 odoris
2066 2813 2357 2885 fragrantia
2389 2827 2452 2866 ac
2481 2811 2526 2865 si
2549 2809 2786 2864 omnium
2819 2807 3007 2860 florum
3038 2803 3163 2858 inibi
3190 2803 3446 2857 collecto-

1870 2926 1990 2965 rum
2022 2906 2253 2962 mirabili
2279 2903 2435 2974 plena
2477 2900 2742 2956 suavitate
2773 2896 3247 2959 exoritur,satiaus
3278 2902 3331 2946 et
3354 2892 3445 2945 la:-

1872 3002 2084 3056 tiﬁcans
2105 3012 2292 3054 omnes
2333 2996 2385 3048 in
2417 2989 2701 3063 propatulo
2734 2989 2871 3041 intra
2902 2987 3040 3040 illius
3069 2984 3309 3039 ecclesia:
3350 2997 3447 3051 pa-

1872 3092 2035 3146 rietes
2066 3088 2351 3144 interiores
2382 3084 2607 3154 positos,
2638 3080 2727 3149 qui
2758 3076 2948 3133 eodem
2981 3075 3241 3143 temporis
3270 3072 3447 3142 spatio

1876 3182 2141 3235 intrantes
2182 3185 2345 3233 stant.
2383 3174 2515 3228 Nam
2548 3171 2616 3226 de
2652 3170 2803 3225 nodis
2837 3166 3148 3224 eorumdem
3180 3164 3451 3237 trinalium

1878 3273 2140 3342 lignorum
2167 3271 2342 3339 liquor
2371 3266 2587 3335 quidam
2625 3260 2885 3324 odorifer,
2917 3258 3067 3327 quasi
3108 3256 3158 3310 in
3206 3255 3457 3310 similitu-

1799 3324 1847 3392 C
1879 3364 2058 3419 dinem
2089 3361 2194 3415 olei
2222 3372 2528 3428 expressus,
2563 3354 2720 3407 talem
2768 3352 2896 3404 facit
2935 3349 3213 3404 universos
3245 3348 3454 3401 intran-

1877 3466 1960 3513 tes
1988 3472 2055 3510 εχ
2086 3453 2312 3508 diversis
2358 3450 2605 3521 gentibus
2652 3451 2971 3514 aggregatos
2994 3456 3152 3511 supra
3190 3455 3460 3495 memora-

1878 3559 1986 3605 tam
2032 3547 2236 3602 sentire
2286 3540 2589 3598 suavissimi
2647 3537 2828 3593 odoris
2879 3535 3244 3604 fragrantiam.
3292 3532 3461 3603 Cujus

1878 3638 2130 3695 videlicet
2165 3635 2386 3704 liquoris
2436 3632 2481 3686 si
2523 3631 2682 3685 etiam
2716 3627 2934 3698 parvula
2968 3624 3211 3696 quaedam
3259 3623 3460 3679 stillula

1879 3747 2040 3803 super
2068 3738 2391 3797 mgrotautes
2436 3727 2762 3795 imponatur,
2796 3721 3156 3791 qualicunque
3201 3718 3461 3787 languore

1882 3824 1972 3878 vel
2011 3822 2202 3877 morbo
2231 3816 2520 3883 molestati,
2550 3816 2767 3886 plenam
2796 3820 3117 3882 recuperant
3143 3809 3455 3867 sanitatem.

1882 3914 1989 3972 Sed
2018 3915 2084 3970 de
2110 3914 2191 3970 his
2222 3913 2320 3969 ista
2360 3908 2630 3964 sufficiant
2657 3904 3030 3975 descripsisse.

2501 4061 2727 4119 CAPUT
2767 4060 2853 4115 IV.

2270 4198 2348 4252 De
2378 4206 2555 4251 sancto
2578 4195 2798 4266 Georgio
2827 4203 3073 4264 martyre.

1964 4341 2214 4398 Arculfus
2250 4339 2414 4394 homo
2456 4345 2694 4402 sanctus,
2726 4334 2817 4403 qui
2844 4333 2997 4387 nobis
3027 4330 3141 4385 hinc
3190 4328 3368 4384 omnia
3399 4325 3466 4382 de

1891 4434 2158 4490 dominica
2194 4446 2356 4487 cruce
2407 4428 2665 4491 narravit,
2696 4440 2858 4495 quam
2911 4425 3025 4493 ipse
3071 4421 3302 4491 propriis
3341 4435 3469 4474 eon-

1893 4525 2071 4594 spexit
2120 4522 2290 4576 oculis
2318 4530 2372 4574 et
2407 4520 2679 4573 osculatus
2715 4524 2819 4582 est,
2865 4515 3022 4567 aliam
3074 4512 3227 4565 nobis
3266 4510 3332 4564 de
3364 4510 3469 4565 alio

1895 4614 2226 4680 confessore,
2276 4610 2509 4679 Georgio
2567 4607 2802 4671 nomine,
2853 4604 3170 4659 relationem
3221 4600 3470 4665 contulit,

192 4703 429 4761 suffulta
470 4698 786 4769 grandibus,
819 4697 959 4751 inter
997 4695 1235 4763 singulos
1264 4708 1425 4763 supra
1461 4699 1776 4746 memoratos

1856 4720 1873 4775 ι
1898 4721 2057 4775 quam
2090 4705 2142 4758 in
2172 4699 2637 4767 Constantinopoli
2670 4697 2803 4751 urbe
2833 4710 2862 4747 a
2886 4693 3204 4761 quibusdam
3235 4690 3476 4758 expertis

194 4797 450 4869 parietes
478 4792 646 4845 latum
674 4790 833 4843 habet
860 4788 1091 4857 spatium
1131 4787 1212 4840 vel
1259 4784 1327 4838 ad
1366 4784 1792 4848 inhabitandum,

193 4889 286 4944 vel
308 4888 383 4943 ad
417 4882 751 4941 exorandum
802 4881 968 4936 Deum
1011 4888 1195 4949 aptum
1224 4887 1279 4933 et
1307 4878 1672 4932 commodum.
1708 4874 1797 4928 ln-

198 4981 438 5039 terioris
464 4978 658 5033 domus
686 4973 978 5045 aquilonali
1007 4973 1060 5027 in
1091 4980 1245 5042 parte
1272 4969 1569 5041 pergrande
1598 4975 1652 5022 et
1680 4966 1795 5020 val-

196 5074 269 5128 de
300 5070 599 5144 pulchrum
622 5073 949 5121 monstratur
968 5063 1280 5126 armarium,
1308 5063 1358 5115 iu
1381 5075 1486 5129 qua
1512 5074 1672 5127 capsa
1697 5059 1796 5111 ha-

197 5168 372 5224 betur
433 5163 629 5231 lignea,
678 5174 800 5230 qua:
845 5156 1089 5213 similiter
1139 5156 1316 5223 ligneo
1364 5151 1799 5222 superclauditur

200 5254 506 5329 operculo,
538 5253 591 5306 in
618 5265 725 5320 quo
745 5249 977 5305 salutare
1001 5248 1228 5301 habetur
1261 5244 1595 5299 reconditum
1622 5241 1800 5297 crucis

202 5351 450 5420 lignum,
486 5344 538 5398 iu
569 5358 677 5413 quo
702 5348 889 5397 noster
931 5339 1181 5395 Salvator
1220 5353 1319 5408 pro
1347 5336 1564 5389 immani
1591 5335 1805 5403 generis

203 5450 394 5499 salute
426 5450 723 5506 suspensus
752 5448 939 5505 passus
967 5439 1067 5487 cst.
1099 5431 1228 5496 Quae
1258 5428 1509 5484 videlicet
1540 5428 1809 5497 pandica-

206 5533 339 5589 bilis
372 5536 641 5599 capsa,ut
664 5532 881 5580 sanctus
909 5524 1075 5578 refert
1105 5521 1375 5585 Arculfus,
1402 5521 1455 5574 in
1481 5520 1647 5574 tribus
1673 5534 1809 5573 con-

210 5624 390 5679 tinnis
452 5619 643 5673 diebus
688 5624 812 5686 post
835 5616 1107 5684 expletum
1160 5628 1357 5666 annum
1388 5626 1551 5681 super
1582 5626 1808 5665 aureum

212 5714 401 5768 altare
434 5724 557 5764 cum
610 5706 704 5760 tali
752 5707 997 5760 elevatur
1047 5705 1284 5773 pretioso
1326 5704 1601 5758 thesauro.
1653 5702 1808 5770 Quod

214 5806 418 5872 utique
450 5798 700 5853 altarium
732 5796 783 5850 in
813 5795 1002 5850 eadem
1047 5796 1274 5849 habetur
1300 5796 1528 5849 rotunda
1558 5794 1806 5860 ecclesia,

216 5896 365 5953 duos
410 5886 763 5962 longitudinis
792 5886 996 5941 habens
1032 5887 1243 5943 cubitos
1270 5895 1324 5942 et
1360 5903 1521 5944 unum
1573 5888 1814 5945 latitudi-

564 6008 838 6068 Pariter...
885 6002 1298 6070 LXXXVIII.

1900 4798 2089 4854 didicit
2118 4795 2342 4859 civibus,
2373 4792 2463 4862 qui
2510 4791 2615 4845 hoc
2642 4787 2803 4843 modo
2844 4799 3065 4841 narrare
3109 4782 3253 4839 soliti
3300 4779 3474 4836 eidem

1899 4889 2166 4944 dicebant.

1974 4979 2029 5033 ln
2061 4975 2297 5046 Diospoli
2352 4975 2589 5041 civitate,
2635 4971 2909 5041 cujusdam
2954 4965 3277 5024 confessoris
3306 4962 3479 5019 Geor—

1907 5070 1978 5140 gii
2006 5070 2058 5123 in
2111 5068 2341 5138 qundam
2372 5068 2536 5121 domn
2563 5074 2738 5119 statua
2789 5075 3091 5117 marmorea
3126 5061 3178 5114 in
3209 5059 3478 5120 columna,

1905 5171 2093 5218 contra
2115 5176 2273 5228 quam
2307 5160 2551 5227 alligatus
2568 5153 2958 5225 persecutionis
2980 5162 3224 5222 tempore
3256 5149 3487 5216 ﬂagella-

1908 5266 1992 5311 tus
2020 5266 2122 5321 est,
2150 5254 2374 5309 formula
2400 5252 2609 5321 depicta
2641 5258 2753 5315 est;
2785 5249 2874 5318 qui
2899 5257 3077 5301 tamen
3106 5252 3229 5315 post
3254 5242 3487 5310 ﬂagella-

1908 5349 2109 5403 tionem
2150 5346 2359 5401 solutus
2406 5358 2436 5398 e
2466 5342 2712 5406 vinculis,
2745 5340 2927 5393 multis
2955 5338 3090 5391 vixit
3134 5336 3306 5389 annis.
3338 5334 3482 5398 Qua-

1910 5435 2033 5491 dam
2065 5451 2195 5490 vero
2216 5435 2321 5497 die,
2347 5447 2468 5488 cum
2491 5430 2707 5500 quidam
2738 5428 2855 5483 duri
2888 5426 3065 5481 cordis
3090 5433 3145 5479 et
3177 5422 3485 5479 incredulus

1914 5526 2204 5580 homuncio
2227 5524 2280 5577 in
2309 5538 2449 5591 equo
2476 5519 2672 5577 sedens
2694 5516 2939 5573 eamdem
2970 5517 3221 5569 intrasset
3243 5513 3483 5575 domum,

1916 5619 2160 5674 eamdem
2191 5618 2376 5671 videns
2405 5626 2763 5669 marmoream
2807 5611 3134 5671 columnam,
3169 5608 3235 5661 ab
3275 5604 3357 5659 his
3401 5618 3493 5670 qui

1919 5709 2115 5765 ibidem
2146 5708 2355 5762 inerant
2385 5703 2749 5771 interrogabat
2775 5700 2994 5756 dicens:
3027 5697 3188 5766 Cujus
3209 5704 3289 5750 est
3318 5695 3496 5760 imago

1924 5803 1977 5859 in
2009 5815 2307 5856 marmorea
2329 5798 2579 5853 columna
2610 5794 2876 5848 formata?
2909 5792 3110 5857 Quibus
3135 5785 3501 5857 respondenti-

1924 5896 2023 5952 bus
2044 5903 2098 5949 ct
2117 5891 2447 5951 dicentibus:
2474 5887 2688 5957 Georgii
2712 5884 3035 5943 confessoris
3066 5883 3179 5935 lucc
3209 5879 3373 5950 figura
3397 5886 3501 5947 est,

3086 6000 3164 6061 ‘20
