4204 6602
746 434 840 488 8H

1913 433 2153 486 SANLTI
2197 427 2507 486 ADAMANI
2553 434 2587 484 Α
2602 432 2838 486 ΒΒΛΤΙΒ

3891 431 3993 486 819.

745 547 833 615 qui
863 545 926 598 ad
956 547 1094 598 hanc
1125 543 1423 598 vinculatus
1462 552 1516 596 et
1545 541 1833 611 castigatus
1863 552 1944 597 est
1972 544 2305 597 columnam.
2339 541 2385 597 Α
2413 542 2477 593 ad
2505 543 2900 611 expeditionem
2928 542 3224 598 faciendam
3256 543 3423 596 multa
3479 543 3799 612 populorum
3829 541 3992 596 millia

748 640 861 703 Quo
890 639 1070 692 audito
1101 639 1185 692 ille
1228 636 1599 692 stolidissimus
1627 638 2000 701 homunculus,
2024 637 2178 689 valde
2203 637 2308 688 ira-

724 739 832 797 ,tns
859 739 1043 785 contra
1087 729 1449 783 insensibilem
1489 744 1622 792 rem,
1653 727 1823 781 sancti
1860 727 2180 782 coxifessoris
2213 727 2314 780 for-

747 822 967 884 mulam,
997 820 1282 885 instigante
1304 819 1538 884 diabolo,
1561 819 1745 872 lancea
1772 819 2052 887 percussit.
2083 817 2210 882 Quae
2239 818 2316 870 vi-

748 913 941 965 dclieet
971 911 1208 977 ejusdem
1241 908 1525 964 adversarii
1555 910 1767 978 lancea,
1790 911 1939 978 quasi
1969 925 2066 978 per
2093 910 2312 978 globum

748 1003 882 1054 nivis
912 1001 1123 1054 mollem
1155 1015 1346 1055 m-rum
1379 1001 1428 1052 in
1462 1000 1675 1053 modum
1706 1000 1861 1054 facile
1891 1007 2206 1070 penetrans,
2239 999 2316 1054 la-

748 1095 958 1162 pideam
1001 1091 1143 1144 illam
1193 1089 1481 1159 perforavit
1528 1091 1839 1145 columnam
1886 1091 2142 1144 exteriori
2167 1098 2317 1158 parte

747 1185 864 1248 eius
890 1203 900 1235 :
935 1182 1086 1252 cujus
1123 1183 1320 1234 ferrum
1369 1181 1591 1234 interius
1620 1181 1884 1236 inlimreus
1912 1190 2182 1235 retentum
2211 1188 2313 1246 est,

748 1294 850 1331 tice
891 1292 1120 1346 unquam
1160 1291 1379 1345 quoquo
1435 1275 1595 1329 modo
1644 1276 1844 1328 retr.~.bi
1891 1273 2082 1342 potuit.
2113 1271 2318 1326 llastile

750 1378 926 1422 autem
960 1367 1028 1421 ad
1075 1367 1246 1420 sancti
1295 1366 1540 1420 collisum
1582 1364 1906 1419 confessoris
1962 1377 2317 1417 marmoream

750 1457 1141 1528 iungunculam
1173 1459 1406 1513 exterius
1435 1458 1770 1511 confractum
1800 1465 1899 1510 est.
1934 1455 2078 1508 Illius
2102 1468 2318 1524 quoque

749 1552 941 1606 miselli
970 1550 1346 1604 bomuncionis
1375 1562 1544 1616 equus
1571 1563 1677 1616 quo
1712 1547 1954 1612 sedebat,
1987 1545 2175 1598 eodem
2207 1559 2320 1597 mo-

749 1651 931 1697 mento
959 1642 1056 1696 sub
1087 1658 1150 1695 eo
1181 1641 1230 1693 in
1271 1639 1577 1708 pavimento
1606 1638 1796 1691 domus
1825 1636 2021 1690 cecidit
2049 1642 2314 1688 mortuus.

751 1735 867 1804 Ipse
895 1742 1070 1786 autem
1109 1731 1268 1786 simul
1299 1729 1536 1784 misellus
1584 1730 1634 1782 itt
1667 1737 1862 1781 terram
1893 1726 2108 1789 cadens,
2132 1739 2322 1778 manus

752 1829 801 1880 in
828 1827 971 1880 illam
999 1838 1351 1878 marmoream
1383 1823 1525 1874 misit
1552 1820 1877 1885 columnam,
1906 1821 2130 1888 ejusque
2150 1817 2320 1885 digiti,

2418 633 2650 701 undique
2688 633 3080 687 conveniebant
3120 634 3372 697 collecta,
3427 635 3573 688 illam
3603 635 3868 690 accedens
3912 635 3992 690 in-

2420 725 2580 776 travit
2623 725 2673 777 in
2729 723 2946 776 domttm
2973 724 3023 776 in
3047 738 3151 792 qua
3179 739 3338 792 supra
3374 734 3673 779 memorata
3694 740 3995 780 marmorea

2417 823 2590 868 exstat
2639 815 2886 869 columna
2946 815 3001 868 in
3049 829 3110 870 se
3165 815 3335 870 sancti
3383 814 3708 871 confessoris
3778 813 3995 884 Georgii

2417 907 2623 961 habens
2673 908 2940 977 depictam
3007 906 3316 976 imaginem,
3387 907 3454 962 ad
3507 922 3670 977 quam
3721 909 3879 977 quasi
3925 910 3996 960 ad

2417 1009 2732 1066 prtesentem
2783 996 3072 1066 Georgium
3129 998 3274 1066 loqui
3317 999 3481 1067 coepit
3525 998 3853 1054 dicenszlle
3901 1000 3997 1055 tibi

2419 1085 2652 1153 Georgio
2678 1086 2976 1143 confessori
2996 1095 3050 1141 et
3070 1103 3251 1142 meum
3280 1089 3602 1144 commendo
3623 1104 3842 1158 equum,
3865 1098 3919 1144 et
3940 1098 3999 1145 ut

2420 1193 2516 1246 per
2533 1176 2830 1231 orationem
2847 1177 3101 1231 vit-tutum
3123 1186 3334 1231 tuarum
3357 1178 3425 1233 ab
3445 1179 3706 1236 universis
3733 1181 3998 1236 bellorum

2420 1279 2582 1337 atque
2629 1268 2960 1333 morborum,
3019 1282 3388 1339 aquarumque
3433 1271 3686 1339 periculis
3762 1272 3997 1335 liberati,

2420 1363 2579 1414 ambo
2628 1361 2767 1416 hanc
2828 1375 3002 1428 usque
3053 1360 3239 1414 urbem
3295 1368 3419 1430 post
3473 1361 3831 1430 expeditionis
3868 1373 4003 1418 tem-

2419 1469 2520 1524 pus
2585 1455 2878 1509 incolumes
2927 1453 3131 1508 reversi
3176 1452 3551 1522 perveniamus
3583 1473 3598 1521 ;
3627 1464 3681 1508 et
3733 1454 3779 1509 si
3811 1456 3906 1510 tibi
3929 1457 4006 1510 ita

2427 1547 2562 1598 Deus
2622 1545 2930 1599 misericors
2987 1553 3224 1599 nostram
3291 1544 3657 1600 reversionem
3722 1545 4007 1603 donaverit

2421 1651 2742 1705 prosperare
2780 1635 3072 1690 secundum
3129 1636 3404 1704 optionem
3459 1645 3656 1690 nostra:
3700 1638 4004 1706 parvitatis,

2423 1743 2522 1796 ego
2568 1729 2706 1781 hunc
2736 1743 2947 1792 meum,
2991 1742 3150 1795 quem
3198 1725 3353 1780 valde
3388 1739 3539 1790 amo,
3568 1739 3786 1796 equum,
3831 1729 4008 1798 ipsum

2426 1819 2519 1873 tibi
2550 1835 2645 1888 pre
2687 1833 2913 1873 munere
2963 1817 3274 1872 d0nandum
3320 1816 3542 1874 offeram
3606 1818 3659 1870 in
3708 1829 4010 1890 conspectu

753 1921 904 1987 quasi
936 1920 987 1972 in
1018 1919 1193 1987 palme
1220 1929 1237 1948 -'
1272 1915 1352 1969 vel
1377 1915 1488 1968 luto
1512 1916 1808 1980 intrantes,
1841 1914 1893 1966 in
1926 1912 2170 1967 eamdem
2223 1913 2320 1964 im-
2351 1920 2398 1981 Β
2427 1920 2528 1964 tua:
2584 1911 2954 1977 assignaturus
2983 1911 3247 1965 formulae.
3293 1911 3395 1978 Qui
3438 1913 3796 1968 sermunculis
3856 1912 4010 1968 ocius

751 2011 918 2080 pressi
942 2009 1244 2064 colutu:.aui
1275 2008 1618 2060 iubarserunt.
1644 2005 1796 2070 Quod
1815 2003 2002 2058 videns
2023 2003 2206 2069 miser,
2228 2002 2320 2069 qui

749 2101 1024 2154 retrahere
1044 2098 1268 2153 duarum
1293 2097 1485 2164 digitos
1513 2110 1762 2147 manuttm
1785 2094 1850 2146 ad
1875 2108 1932 2146 se
1958 2107 2063 2147 non
2088 2100 2319 2160 poterat,

749 2192 880 2246 etin
916 2205 1216 2244 marmorea
1256 2188 1426 2240 saneti
1473 2184 1796 2239 confessoris
1845 2183 2170 2236 inhazrentes
2218 2182 2322 2236 for-

750 2282 891 2335 mula
939 2281 1216 2347 collig..t..s
1245 2291 1298 2331 rt
1350 2279 1598 2339 insertos,
1646 2291 1844 2330 nomen
1897 2276 1988 2329 Dei
2032 2275 2219 2328 aeterni
2266 2283 2322 2329 et

749 2374 988 2442 ejusdem
1018 2371 1345 2426 confessoris
1388 2383 1551 2436 agens
1595 2366 1966 2436 paenitentiam
1996 2366 2229 2430 invocat,
2267 2372 2323 2419 et

751 2474 808 2518 ut
837 2464 903 2518 ab
929 2463 1115 2518 eodem
1148 2461 1517 2515 absolveretur
1550 2458 1760 2512 vinculo
1807 2457 2172 2525 illacrymatus
2201 2469 2322 2524 pre-

749 2569 919 2612 catur.
951 2558 1120 2622 Quam
1160 2555 1273 2620 ejus
1305 2554 1657 2621 lucrymosattt
1693 2549 2078 2619 pmnitudinem
2109 2547 2320 2601 miseri-

750 2665 871 2704 cors
901 2647 1157 2701 Dominus
1206 2643 1520 2712 suscipiens,
1575 2642 1665 2710 qui
1708 2657 1814 2694 non
1864 2639 1978 2692 vult
2023 2639 2324 2708 peccatoris

748 2747 998 2804 mortem,
1024 2737 1118 2791 sed
1149 2745 1206 2789 ut
1229 2740 1575 2790 convertatur
1614 2741 1669 2784 et
1699 2730 1875 2795 vivat;
1906 2742 2014 2782 nou
2048 2728 2222 2781 solum
2254 2728 2323 2781 ab

748 2834 841 2886 illo
865 2830 1114 2900 praesenti
1141 2840 1444 2882 marmoreo
1469 2822 1662 2877 visibili
1706 2823 1937 2878 absolvit
1966 2822 2201 2886 vinculo,
2225 2820 2322 2874 sed

751 2924 913 2976 etiam
965 2935 995 2973 a
1051 2927 1392 2989 peccatorum
1437 2913 1790 2968 invisibilibus
1828 2913 2185 2982 alligamentis
2220 2911 2323 2965 lide

749 3014 1010 3066 salvatutu
1060 3009 1382 3065 subveniens
1422 3007 1842 3061 misericorditer
1889 3006 2154 3059 liberavit.
2188 3004 2325 3060 Hinc

751 3106 934 3173 itaque
963 3103 1243 3157 manifeste
1264 3100 1564 3154 ostenditur
1589 3108 1802 3167 quanta:
1823 3106 1878 3152 et
1898 3097 2072 3167 qualis
2103 3096 2322 3152 honori-

750 3199 977 3252 licentia:
1020 3194 1180 3247 fuerit
1207 3193 1347 3263 apud
1375 3192 1540 3246 Deum
1584 3191 1846 3259 Georgius
1896 3205 2025 3244 suus
2054 3190 2194 3243 inter
2219 3197 2321 3243 tor-

2429 2001 2729 2054 terminatis
2756 2000 2975 2054 domum
3027 2013 3296 2068 egressus,
3331 2005 3470 2056 inter
3521 2005 3788 2057 exercitus
3827 2003 4012 2056 multi-

2426 2092 2663 2146 tudinem
2709 2107 2829 2146 cum
2881 2092 3089 2145 etnteris
3155 2094 3630 2150 contubernalibus
3695 2111 4012 2152 commeans

2423 2182 2561 2236 idem
2583 2185 2892 2248 homuncio,
2916 2185 2966 2235 in
2987 2183 3345 2254 expeditionis
3366 2186 3623 2240 comitatu
3644 2187 3896 2255 emigrat,
3919 2188 4011 2256 qui

2423 2274 2568 2344 prius
2581 2274 2745 2328 multa
2768 2273 3041 2328 etdiversa
3064 2275 3252 2330 bellica
3280 2277 3513 2346 pericula
3538 2277 3785 2346 interque
3801 2280 4012 2334 misella

2425 2363 2773 2430 plurimorqu
2833 2363 3001 2416 millia
3056 2364 3530 2435 bomunculorum,
3581 2381 3702 2436 quae
3729 2377 4013 2423 constrata

2423 2457 2796 2525 disperierant,
2849 2457 2961 2525 ipse
2990 2458 3042 2510 in
3081 2459 3270 2512 eodem
3295 2475 3392 2514 suo
3417 2461 3610 2515 sedens
3635 2461 3836 2516 dilecto
3865 2478 4012 2531 equo

2423 2549 2490 2601 ab
2537 2549 2782 2602 oumibus
2830 2548 3035 2602 infestis
3085 2551 3297 2603 casibus
3323 2550 3477 2619 juxta
3517 2565 3677 2620 supra
3737 2565 4015 2605 memora-

2427 2647 2531 2690 tam
2588 2639 2745 2692 talem
2777 2649 3059 2707 exemptus
3086 2640 3629 2707 commendationem,
3668 2643 4012 2697 Christicolze

2425 2730 2682 2796 Georgio,
2715 2732 2822 2784 Deo
2844 2732 3206 2797 eondonaute,
3230 2734 3294 2785 ad
3325 2733 3614 2802 Diospolim
3641 2749 3904 2802 prospere
3926 2748 4012 2787 re-

2423 2823 2651 2875 vertitur
2684 2861 2699 2887 ,
2757 2823 3008 2891 illamque
3053 2825 3270 2879 domum
3298 2825 3352 2879 in
3401 2840 3505 2894 qua
3543 2825 3785 2895 ejusdem
3835 2828 4014 2881 sancti

2424 2911 2746 2967 confessoris
2774 2912 3070 2968 habebatur
3099 2917 3294 2983 imago,
3338 2931 3521 2971 secum
3542 2915 3792 2972 deferens
3819 2933 4014 2972 aurum

2426 3003 2478 3057 in
2531 3004 2652 3072 equi
2708 3007 2938 3073 pretium
2969 3007 3074 3072 sui,
3104 3010 3395 3075 gaudenter
3417 3009 3603 3074 intrat,
3649 3020 4014 3078 sanctumque

2424 3097 2711 3164 Georgium
2735 3113 2798 3152 ac
2820 3099 2862 3151 si
2888 3110 3206 3168 praesentem
3231 3102 3540 3170 alloquitur,
3565 3104 3786 3158 dicens:
3812 3105 4014 3162 Sancte

2424 3189 2722 3256 confessor,
2786 3192 2892 3245 Deo
2946 3203 3150 3246 aeterno
3195 3201 3376 3260 grates
3427 3197 3625 3261 refero,
3653 3197 3745 3264 qui
3799 3213 3887 3251 tne
3915 3213 4015 3267 per

748 3298 930 3344 menta
960 3287 1258 3350 confessor,
1290 3286 1443 3352 cujus
1473 3281 1801 3337 tboracleam
1833 3281 2054 3354 [ϐπ-εει,
2085 3278 2321 3335 thoraci-
2349 3292 2398 3357 ρ
2432 3285 2532 3329 tuac
2557 3274 2887 3330 celsitudinis
2909 3275 3287 3332 firmitudinem
3321 3280 3581 3337 orationis
3609 3281 3872 3349 sospitem
3924 3299 4014 3337 re-

746 3381 895 3452 data]
925 3383 978 3436 in
1003 3395 1061 3434 re
1084 3390 1273 3434 natura
1302 3377 1694 3448 impenetrabili
1719 3377 2107 3446 penetrabilem
2134 3384 2318 3446 poteti-

750 3473 916 3527 tentia
961 3470 1107 3535 fecit,
1134 3471 1428 3536 lanceaque
1483 3467 1775 3522 adversarii
1805 3482 1960 3538 mque
1999 3469 2320 3521 naturaliter

747 3561 1208 3631 impenetrabiletu
1241 3559 1559 3613 mirabiliter
1595 3557 1775 3613 eﬂ'ecit
1803 3558 2208 3628 penetrabilem,
2235 3558 2318 3612 di—

748 3657 996 3724 gitosque
1026 3651 1263 3719 ejusdem
1305 3647 1611 3704 homunculi
1643 3647 1882 3704 infirmos
1910 3650 1963 3702 in
2010 3649 2195 3702 eadem
2225 3663 2320 3702 na-

747 3757 865 3800 tura
899 3741 1329 3812 impenetrabiles
1361 3748 1610 3810 potenter
1626 3739 1986 3808 penetrabiles
2008 3739 2154 3806 fecit,
2183 3755 2321 3807 quos

749 3843 798 3894 ii
829 3849 1099 3893 manuore
1128 3834 1424 3891 vinculatos
1455 3834 1626 3905 primo
1656 3842 1712 3888 et
1733 3835 1844 3904 ipse
1861 3833 2026 3888 durus
2046 3834 2322 3889 retrahere

750 3951 854 3986 noti
910 3930 1111 3999 potuit:
1144 3928 1234 3982 sed
1281 3928 1470 3982 eodem
1520 3937 1794 3982 momento
1824 3927 1978 3980 valde
2009 3927 2321 3994 perterritus

749 4033 801 4075 et
825 4022 1019 4077 exinde
1040 4021 1345 4088 mitigatus,
1378 4021 1644 4088 pmuitens
1683 4019 1794 4073 Deo
1821 4019 2053 4073 donante
2077 4021 2316 4074 retraxit.

751 4112 942 4166 Mirum
971 4111 1144 4165 dictu!
1179 4125 1347 4179 usque
1392 4112 1444 4163 in
1477 4110 1797 4164 hodiernum
1846 4111 1986 4164 diem
2019 4112 2206 4164 eadem
2239 4113 2321 4165 bis

747 4205 1032 4274 quinorum
1061 4201 1178 4272 ejus
1197 4202 1420 4269 vestigia
1451 4202 1737 4269 digitorum
1767 4213 2028 4271 apparent
2059 4219 2226 4270 usque
2255 4203 2321 4257 ad

747 4297 971 4356 radices,
1005 4295 1058 4346 in
1097 4307 1395 4347 marmorea
1430 4293 1746 4346 insertorum
1787 4293 2032 4348 colutnua
2067 4312 2080 4345 :
2110 4299 2158 4347 in
2186 4311 2321 4363 quo-

749 4402 865 4441 rttm
896 4386 1016 4438 loco
1043 4394 1257 4438 sanctus
1305 4384 1553 4437 Arcull‘tts
1599 4399 1727 4438 suos
1755 4385 1922 4439 denos
1951 4386 2196 4453 proprios
2240 4387 2320 4438 iu-

749 4477 915 4530 scrtut
955 4475 1169 4543 digitos,
1201 4474 1447 4528 similiter
1475 4474 1541 4527 ad
1583 4474 1791 4528 radices
1844 4491 2010 4543 usque
2039 4476 2318 4530 intrantes.

747 4564 994 4628 E;usdem
1020 4579 1236 4635 quoque
1264 4565 1569 4620 homunculi
1600 4567 1813 4634 sanguis
1841 4568 1984 4636 equi,
2009 4568 2161 4636 cujus
2187 4583 2322 4622 coxa

2427 3365 2595 3419 duxit.
2633 3365 2923 3435 Pr0pterea
2953 3367 3051 3422 bos
3091 3368 3184 3421 tibi
3229 3369 3415 3437 viginti
3449 3371 3652 3426 solidos
3675 3372 3793 3426 auri
3818 3372 4010 3442 aﬂero,

2421 3459 2546 3527 equi
2591 3459 2823 3528 pretium
2876 3461 3000 3526 mei,
3045 3475 3204 3530 quem
3249 3463 3341 3516 tibi
3397 3463 3623 3532 primule
3663 3465 4012 3520 commenda-

2423 3560 2533 3605 tutn
2595 3552 2725 3606 mihi
2780 3569 2949 3622 usque
3010 3555 3062 3608 in
3113 3555 3427 3610 hodiernum
3479 3559 3812 3614 conservasti
3841 3560 4008 3614 diem.

2422 3645 2547 3699 Haec
2598 3643 2802 3710 dicens,
2855 3662 3016 3715 supra
3056 3647 3384 3716 descriptum
3433 3652 3551 3704 auri
3604 3655 3816 3720 pondus
3883 3664 4012 3708 ante

2423 3738 2582 3808 pedes
2604 3739 2774 3793 sancti
2793 3738 3031 3792 formula.-
3051 3739 3374 3794 confessoris
3397 3739 3640 3811 deponit,
3661 3745 3784 3813 plus
3805 3760 4008 3818 equum

2422 3849 2605 3889 amans
2657 3848 2815 3906 quam
2865 3848 3095 3886 aurum:
3129 3840 3181 3888 ct
3238 3847 3488 3903 egressus
3541 3836 3684 3890 foras
3724 3839 4010 3909 ingenicu-

2423 3926 2619 3978 latione
2669 3924 2904 3992 expleta,
2950 3924 3054 3978 tale
3097 3924 3396 3993 jumentum
3453 3940 3612 3994 supra
3659 3927 3882 3996 sedens,
3937 3933 4007 3986 ad

2423 4015 2790 4084 emigrandum
2819 4015 3035 4084 instigat
3065 4015 3306 4083 quidem,
3339 4016 3432 4071 sed
3463 4019 3609 4072 nullo
3667 4019 3828 4075 modo
3886 4037 4009 4078 mo-

2422 4110 2534 4164 veri
2581 4110 2774 4178 potuit.
2802 4108 2953 4174 Quod
2975 4109 3064 4162 ille
3091 4109 3444 4164 homunculus
3471 4109 3678 4179 videns,
3723 4114 4008 4170 descendit

2422 4202 2487 4256 de
2509 4217 2667 4270 equo,
2699 4216 3046 4268 reversusque
3075 4201 3292 4254 domum
3323 4201 3507 4265 intrat,
3533 4201 3778 4272 aliosque
3804 4204 4000 4261 decem

2421 4293 2574 4346 affert
2630 4292 2852 4358 solidos,
2908 4294 3195 4360 inquiens:
3227 4292 3424 4346 Sancte
3473 4292 3772 4358 confessor,
3843 4312 4003 4350 man-

2420 4398 2602 4442 suetus
2655 4387 2868 4455 quidem
2929 4377 3060 4440 mihi
3108 4387 3272 4454 equiti
3337 4396 3478 4440 tutor
3532 4386 3587 4439 in
3656 4387 4004 4457 expeditione

2421 4479 2559 4532 inter
2604 4479 2842 4547 pericula
2897 4479 3077 4543 fuisti;
3125 4478 3220 4532 sed
3263 4487 3461 4544 tamen,
3507 4487 3564 4531 ιιι
3593 4479 3774 4546 video,
3834 4483 4003 4537 durus

2421 4580 2474 4623 et
2513 4584 2704 4623 avarus
2745 4585 2804 4624 es
2849 4569 2902 4623 in
2930 4569 3255 4623 commercio
3285 4569 3426 4637 equi.
3459 4569 3581 4623 llaec
3606 4569 3796 4625 dicens
3843 4587 3876 4623 ι
3906 4587 4000 4625 su-

749 4658 798 4710 iu
833 4657 1142 4726 pavimento
1184 4655 1381 4710 mortui
1414 4656 1656 4709 cadentis
1684 4657 1736 4708 in
1777 4656 1908 4710 duas
1936 4658 2207 4712 confracta
2235 4667 2318 4713 est
2345 4683 2400 4744 Β
2423 4679 2518 4732 per
2554 4679 2624 4716 xx
2671 4662 2871 4717 solidos
2911 4662 3190 4731 adjiciens,
3216 4661 3284 4715 ad
3326 4670 3568 4716 sanctum
3617 4663 3751 4717 dicit
3791 4663 4001 4718 confes-

748 4760 949 4818 pnrtes,
973 4749 1118 4805 nullo
1142 4748 1302 4804 modo
1323 4747 1466 4802 ablui
1496 4756 1587 4801 aut
1615 4748 1782 4802 deleri
1808 4750 1999 4818 potuit,
2031 4750 2125 4804 sed
2164 4751 2317 4804 intle-

748 4842 919 4895 lebilis
950 4843 1000 4895 in
1033 4842 1341 4910 pavimento
1381 4839 1571 4894 donms
1599 4856 1768 4909 usque
1796 4841 1862 4894 ad
1892 4851 2076 4896 nostra
2106 4857 2317 4912 perma-

747 4944 836 4987 net
870 4945 1109 5002 tempora
1143 4933 1282 4988 idem
1321 4932 1550 5002 equinus
1577 4947 1751 4986 cruor.

818 5024 994 5076 Aliam
1051 5036 1266 5091 quoque
1349 5022 1414 5075 de
1471 5021 1659 5075 eodem
1713 5019 1942 5089 Georgio
2011 5021 2317 5077 confessore

746 5122 947 5167 certam
990 5111 1305 5167 relationem
1355 5113 1509 5167 nobis
1563 5122 1781 5166 sanctus
1813 5115 2060 5169 Arculfus
2105 5116 2318 5169 intima-

749 5206 842 5267 vit,
893 5216 1056 5271 quam
1083 5201 1150 5254 ab
1174 5201 1411 5270 expertis
1438 5201 1754 5270 quibusdam
1803 5202 1932 5255 satis
1960 5202 2164 5256 idoneis
2195 5218 2318 5256 nar-

747 5297 1018 5351 ratoribus
1073 5296 1128 5350 in
1183 5310 1346 5365 supra
1403 5305 1697 5350 memorata
1724 5296 2316 5365 Constantiuopolitaua

751 5391 882 5442 urbe
930 5385 1292 5442 indubitanter
1341 5386 1543 5449 didicit,
1584 5387 1676 5454 qui
1728 5387 1830 5441 hoc
1882 5389 2042 5442 modo
2105 5388 2171 5442 de
2226 5389 2317 5443 illo

748 5489 936 5534 sancto
993 5475 1301 5532 confessore
1350 5480 1696 5546 pronuntiare
1747 5479 1890 5533 soliti
1919 5489 2090 5543 erant,
2138 5481 2316 5534 dicen-

749 5579 848 5622 tes.
899 5569 1121 5635 Quidam
1149 5569 1505 5626 homunculus
1547 5571 1815 5626 saecularis
1846 5573 2131 5641 Diespolim
2187 5573 2316 5626 civi-

750 5667 912 5712 tatem
959 5660 1010 5712 in
1041 5674 1181 5728 equo
1227 5659 1418 5714 sedens
1439 5661 1705 5730 ingressus
1735 5677 1802 5717 eo
1832 5662 1884 5715 in
1913 5671 2153 5732 tempore
2206 5678 2315 5733 quo

825 5825 846 5847 σε
877 5812 1161 5870 Grotserus
1188 5814 1316 5884 legit
1343 5815 1569 5884 politicc,
1600 5820 1833 5874 correxit
1860 5820 2092 5876 mollitie.

2426 4769 2639 4809 sorem:
2682 4752 2747 4807 Et
2773 4754 2870 4807 hos
2915 4754 3010 4807 tibi
3066 4752 3204 4808 addo
3251 4752 3472 4818 solidos,
3522 4762 3580 4806 ut
3635 4755 3765 4808 mihi
3819 4755 4001 4824 placa-

2424 4847 2544 4901 bilis
2567 4847 2681 4908 tias,
2715 4857 2768 4899 et
2798 4833 2974 4899 meum
2993 4845 3062 4898 ad
3093 4845 3472 4898 ambulandum
3499 4844 3739 4899 resolvas
3777 4859 3995 4912 equum.

2425 4937 2536 4991 Hoc
2573 4939 2719 4993 dicto
2779 4951 3025 5004 egressus
3073 4937 3266 4990 iterum
3331 4934 3624 4989 ascendens
3670 4949 3890 5003 equum,
3932 4935 3996 4987 ad

2422 5030 2706 5084 meandum
2752 5029 2938 5082 incitat
2973 5045 2986 5078 :
3017 5028 3110 5096 qui
3157 5027 3309 5094 quasi
3340 5026 3533 5079 inﬁxus
3562 5025 3615 5079 in
3657 5025 3854 5081 eodem
3887 5036 3997 5080 sta-

2422 5123 2512 5176 bat
2557 5122 2697 5182 loco,
2755 5134 2855 5173 uec
2881 5119 3041 5172 etiam
3092 5132 3255 5172 unum
3299 5125 3508 5186 poterat
3535 5131 3754 5172 movere
3776 5118 3992 5186 pedem.

2419 5211 2555 5277 Quid
2605 5211 2798 5279 plura?
2839 5219 2958 5278 post
2987 5224 3182 5276 equum
3240 5223 3521 5263 ascensum
3569 5210 3999 5279 descensumque

2419 5320 2515 5374 per
2585 5313 2815 5372 quatuor
2871 5302 3103 5370 singulas
3155 5302 3317 5367 vices,
3380 5302 3585 5355 intrans
3633 5301 3877 5369 domum,
3897 5304 3996 5358 dc-

2417 5412 2533 5450 cem
2587 5409 2768 5449 secum
2826 5394 3029 5448 solidos
3073 5391 3320 5455 allerens,
3364 5400 3420 5446 et
3448 5393 3514 5445 ad
3539 5393 3868 5448 immobilem
3911 5411 3999 5449 re-

2421 5501 2607 5540 versus
2657 5499 2889 5553 equum;
2941 5484 3131 5538 iterum
3180 5484 3231 5536 in
3287 5483 3502 5537 domum
3553 5497 3834 5551 regressus
3891 5487 3997 5540 huc

2420 5588 2582 5647 atque
2632 5578 2756 5631 illuc
2806 5577 3176 5631 currebatzet
3219 5576 3402 5630 tandiu
3453 5575 3603 5632 illum
3642 5577 3788 5631 nulla
3845 5579 3997 5632 insu-

2419 5669 2638 5737 gatione
2665 5682 2942 5723 removere
2973 5675 3203 5737 poterat,
3255 5681 3529 5738 usquequo
3575 5682 3834 5724 numerus
3862 5668 3996 5724 soli-
