4204 6580
156 431 250 490 8l3

1301 425 1392 484 DE
1428 425 1629 483 LOCIS
1665 424 1954 483 SANCTIS
1990 426 2125 482 UB.
2170 426 2263 483 Ill.

3330 428 3440 492 δη

155 546 338 601 dorum
367 559 440 602 ιι
467 541 852 615 adimpleretur
871 547 1343 611 congregatarum.
1378 539 1513 595 Tum
1539 540 1738 596 deinde
1764 548 1817 604 Α
1841 542 2047 598 ventris
2068 542 2443 612 purgationem
2465 539 2554 597 ille
2569 538 2977 598 infelicissimus
2991 542 3235 600 discessit
3250 548 3442 605 homo.

153 654 308 710 supra
333 646 822 694 commemoratum
853 643 1108 705 repetens
1130 649 1437 690 sermonem
1472 635 1539 689 de
1565 634 1739 691 sancti

156 730 477 786 confessoris
526 737 803 783 mansueta
864 727 1204 782 humanitate
1246 736 1300 780 et
1356 735 1467 781 tuta
1496 727 1550 781 in
1578 742 1742 797 expe-

156 823 351 878 ditione
411 822 677 886 custodia,
734 829 789 875 et
815 820 881 874 de
907 820 1024 887 ejus
1052 819 1205 889 quasi
1236 818 1430 873 duritia
1465 819 1547 874 vel
1576 819 1740 873 etiam

157 918 202 973 in
231 916 574 973 commerciis
589 915 831 975 avaritia,
852 927 1391 980 commemoransqne
1408 911 1535 965 talia
1554 912 1740 982 verba,

154 1019 205 1063 ut
230 1010 418 1073 fertur,
450 1022 547 1078 per
575 1007 924 1077 quaternales
963 1005 1202 1073 singulas
1231 1004 1397 1072 vices,
1438 1006 1490 1059 in
1522 1006 1741 1060 domum

154 1116 398 1156 reversus
454 1099 767 1168 repetebat;
825 1097 893 1151 ad
946 1097 1191 1151 ultimum
1252 1098 1356 1150 hoc
1418 1097 1579 1151 modo
1621 1112 1743 1152 san-

154 1199 291 1247 ctum
326 1189 621 1259 alloquitur
645 1188 936 1257 Georgium
957 1188 1142 1243 dicens
1169 1208 1179 1241 :
1211 1189 1410 1243 Sancte
1440 1188 1739 1255 confessor,

154 1298 289 1338 nunc
340 1290 491 1336 tuam
540 1296 638 1351 pro
702 1288 855 1335 certo
908 1294 1183 1349 cognosco
1214 1279 1573 1335 voluntatem.
1626 1278 1745 1334 lloc

155 1374 330 1445 itaque
382 1375 535 1444 juxta
587 1373 639 1427 id
694 1372 838 1442 quod
896 1372 1190 1437 desideras,
1250 1367 1420 1425 totum
1453 1372 1569 1427 auri
1604 1388 1744 1439 pon-

158 1468 272 1536 dus,
330 1468 586 1523 videlicet
614 1483 681 1521 LX
732 1465 935 1521 solidos
976 1466 1069 1520 tibi
1102 1482 1297 1519 munus
1327 1464 1519 1534 offero,
1572 1466 1744 1535 ipsum

156 1576 368 1633 quoque
404 1575 583 1614 meum
614 1574 837 1628 equum,
866 1574 1025 1627 quem
1070 1559 1163 1611 tibi
1215 1557 1365 1628 prius
1392 1557 1748 1627 promiseram

157 1661 270 1723 post
296 1649 701 1721 expeditionem
747 1649 1189 1715 condonandum,
1231 1662 1373 1703 nunc
1396 1648 1488 1701 tibi
1520 1648 1646 1702 licet
1669 1647 1749 1701 in-

156 1742 451 1797 vis‘rbilibus
465 1741 824 1811 alligamentis
842 1740 1175 1793 vinculatum
1194 1740 1467 1803 condono,
1488 1738 1583 1793 sed
1600 1754 1747 1807 tuox,

156 1841 209 1885 ut
233 1832 418 1897 credo,
438 1831 819 1886 resolvendum
839 1845 934 1900 per
958 1839 1101 1885 tuam
1127 1830 1236 1885 Deo
1260 1829 1746 1885 lionoriticmtiam.

1845 634 1983 701 Quid
2026 650 2157 690 vero
2207 645 2392 704 postea
2448 633 2636 704 gessit,
2689 643 2781 689 aut
2828 635 3104 705 quomodo
3142 637 3299 704 vixit,
3353 641 3443 697 vel

1845 726 2060 796 qualem
2100 725 2224 782 vitre
2265 727 2551 781 terminum
2592 725 2798 790 habuit,
2833 726 3226 797 incompertum
3276 730 3444 787 habe-

1848 827 1954 874 tur.
2012 819 2178 889 Igitur
2238 829 2360 890 post
2416 820 2557 876 illius
2605 819 2903 875 discessum
2935 822 3179 893 maligni,
3217 824 3355 881 alius
3374 826 3447 883 de

1845 912 2281 968 Christianorum
2331 911 2489 982 plebe
2528 914 2863 983 supervenit,
2915 913 3041 968 felix
3090 914 3272 982 homo,
3300 918 3449 974 zelo—

1849 1012 2005 1074 typus
2024 1002 2417 1058 dominii-arum
2444 1018 2647 1068 rerum,
2693 1004 2873 1060 sciens
2898 1004 3043 1073 quod
3090 1006 3293 1063 factum
3337 1008 3451 1066 fue-

1847 1103 1950 1159 rat,
2016 1095 2306 1164 imaginem
2364 1101 2566 1151 sancta:
2621 1095 2797 1151 Mariae
2853 1098 3158 1168 requisivit,
3201 1108 3255 1155 et
3303 1102 3448 1158 inter

1848 1190 2081 1245 humana
2139 1198 2380 1244 stercora
2431 1188 2808 1244 absconditam
2860 1190 3142 1247 inveniens
3193 1192 3448 1249 subleva-

1851 1285 1943 1350 vit,
1987 1295 2042 1340 et
2085 1284 2371 1353 diligenter
2389 1285 2706 1353 abstergens
2751 1292 2807 1340 et
2836 1285 3022 1343 lavans
3076 1288 3231 1356 aquis
3253 1268 3448 1347 emun-

1849 1378 1997 1433 davit
2017 1378 2402 1439 mundissimis.
2422 1392 2713 1447 secumque
2740 1378 2792 1432 in
2808 1377 2973 1435 domo
2996 1379 3297 1437 honoriﬁce
3333 1383 3450 1438 col-

1852 1469 2083 1523 locatam
2135 1469 2338 1524 habuit.
2370 1469 2563 1523 Mirum
2591 1470 2771 1525 dictu!
2797 1488 2865 1526 ex
2880 1472 3069 1527 eadem
3084 1474 3254 1529 beatae
3270 1475 3451 1530 Maria:

1852 1562 2098 1630 imaginis
2153 1561 2335 1616 tabula
2384 1577 2568 1617 verum
2617 1562 2886 1619 ebulliens
2946 1564 3170 1620 distillat
3234 1582 3452 1638 semper

1854 1659 2053 1725 oleum,
2077 1658 2219 1728 quod
2246 1657 2494 1714 Arculfus
2514 1701 2529 1725 ,
2561 1668 2619 1714 ut
2645 1659 2850 1717 referre
2878 1661 3035 1728 solet,
3068 1664 3298 1734 propriis
3319 1680 3452 1721 con-

1854 1754 2030 1820 spexit
2076 1750 2266 1806 oculis.
2322 1749 2435 1807 Hoc
2478 1752 2721 1807 mirabile
2766 1753 2947 1808 oleum
3000 1754 3263 1811 honorem
3324 1772 3454 1827 pro-

1858 1851 2085 1898 testatur
2122 1843 2301 1898 Mariae
2356 1846 2543 1899 matris
2603 1845 2813 1900 Domini
2844 1847 2991 1915 Jesu,
3019 1846 3086 1903 de
3142 1864 3251 1919 quo
3293 1848 3455 1906 Pater

158 1921 266 1979 Hoc
296 1924 591 1979 terminalo
631 1939 912 1989 sermone.
964 1938 1213 1992 68785305
1269 1923 1510 1989 domum.
1560 1924 1750 1978 1’0de
1785 1945 1831 2006 Β
1860 1938 1933 1991 ait
1965 1956 1975 1990 :
2018 1936 2079 1991 In
2102 1938 2214 1992 oleo
2253 1948 2432 1993 sancto
2485 1955 2597 1994 meo
2636 1939 2921 1995 Iint'vieum
2950 1941 3126 2012 (l’saf.
3170 1946 3452 2013 Lxxxviu).

155 2014 297 2070 honze
328 2023 609 2071 momento
633 2014 937 2069 absolutum
961 2017 1185 2085 reperit,
1234 2014 1445 2085 ipsumq
1473 2031 1518 2069 re
1572 2029 1753 2071 secum

159 2100 434 2156 deducens
491 2101 542 2156 in
598 2103 838 2164 domum,
881 2109 1073 2155 sancto
1129 2100 1390 2156 donatum
1463 2102 1757 2170 assrguavit

157 2189 454 2245 confessori
513 2191 565 2245 in
613 2199 907 2260 conspectu
958 2190 1205 2259 imaginis
1276 2192 1472 2259 ipsius;
1527 2192 1757 2262 llldt'tlue

160 2281 493 2337 lartabuudus
517 2281 789 2337 Christum
816 2281 1164 2350 magnificans
1192 2280 1455 2336 discessit.
1491 2281 1625 2337 llinc
1643 2299 1755 2338 ma-

158 2374 352 2431 nifeste
401 2374 672 2445 colligitur
712 2373 861 2445 quod
917 2390 1078 2429 omne
1128 2374 1492 2445 quodcunque
1526 2376 1754 2431 DullllﬂO

160 2475 543 2531 consecratur,
601 2468 716 2523 sive
765 2468 929 2521 homo
979 2469 1112 2528 erit.
1162 2468 1275 2523 sive
1328 2469 1554 2533 animal,
1602 2469 1755 2535 juxta

158 2558 210 2613 id
256 2560 407 2631 quod
440 2560 493 2614 in
522 2558 761 2615 Levitico
783 2562 1038 2631 scriptum
1066 2572 1150 2616 est
1181 2562 1317 2616 libro
1376 2562 1524 2633 (Cap.
1586 2565 1753 2632 xxvzt)

159 2650 304 2705 nullo
340 2652 501 2705 modo
532 2650 722 2706 redimi
777 2653 946 2722 possit
986 2662 1080 2707 aut
1120 2653 1351 2719 molari;
1396 2670 1521 2708 nam
1547 2655 1591 2708 si
1639 2656 1759 2725 quis

156 2743 473 2811 mutaverit,
505 2754 561 2798 et
582 2743 726 2814 quod
757 2752 1020 2799 mutatum
1052 2754 1135 2801 est
1188 2754 1244 2800 et
1298 2761 1396 2816 pro
1425 2761 1534 2817 quo
1586 2756 1761 2802 mola-

160 2843 293 2902 tum,
387 2834 815 2892 sanctiﬁcabitur
843 2851 875 2891 α
906 2834 1156 2903 Domino,
1228 2844 1288 2893 et
1340 2852 1447 2893 non
1524 2838 1759 2896 redime-

158 2936 266 2983 tur.

789 3112 1018 3168 CAPUT
1083 3112 1149 3168 V.

600 3221 680 3279 De
726 3225 953 3297 imagine
1000 3223 1063 3279 S.
1116 3221 1325 3279 Maria.

1862 2031 1993 2087 Item
2048 2030 2485 2101 Psalmigraphus
2534 2034 2599 2087 ad
2633 2034 2807 2103 ipsum
2838 2033 3033 2090 Filium
3089 2035 3183 2091 Dei
3218 2037 3457 2107 loquitur

1860 2126 2045 2179 dicens
2082 2146 2091 2177 :
2128 2125 2288 2180 Unxit
2320 2136 2367 2180 te
2407 2125 2567 2192 Deus,
2612 2126 2749 2182 Deus
2780 2137 2925 2193 tuus,
2960 2131 3070 2185 oleo
3103 2131 3300 2187 (milia
3347 2146 3458 2204 pra:

1864 2217 2204 2287 participibus
2255 2218 2356 2271 tuis
2389 2217 2613 2287 (Psalrn.
2652 2219 2816 2281 xuv).
2850 2219 2976 2276 Haec
3006 2222 3190 2291 itaque
3215 2237 3334 2292 qam
3363 2240 3455 2278 su-

1861 2310 2043 2379 perius
2088 2310 2157 2364 de
2177 2308 2731 2381 Constantinopoleos
2769 2313 2876 2368 situ
2899 2322 2955 2367 et
2976 2314 3306 2381 conditione,
3357 2330 3459 2373 uec

1862 2419 1971 2457 non
2021 2412 2076 2458 et
2119 2404 2186 2458 de
2238 2404 2327 2458 illa
2382 2404 2611 2460 rotunda
2673 2406 2902 2462 ecclesia
2950 2407 3004 2461 in
3050 2422 3156 2477 qua
3221 2408 3462 2467 salutare

1864 2494 2066 2566 lignum
2096 2496 2433 2552 reconditum
2465 2498 2718 2565 habetur,
2744 2508 2799 2554 et
2829 2508 3027 2556 caetera
3055 2501 3124 2555 ab
3150 2516 3247 2557 ore
3285 2504 3462 2558 sancti

1863 2588 2160 2645 sacerdotis
2199 2590 2395 2644 Arculll
2460 2590 2669 2647 intente
2706 2590 3027 2658 didicimus,
3060 2593 3152 2663 qui
3186 2593 3237 2648 in
3268 2594 3460 2650 eadem

1865 2680 2120 2749 primani
2169 2679 2398 2735 Romani
2429 2680 2640 2751 imperii
2664 2681 2881 2738 civitate
2921 2698 2951 2737 a
2992 2683 3227 2753 paschali
3259 2683 3461 2740 solem-

1869 2774 2036 2826 nitate
2090 2786 2261 2840 usque
2300 2772 2368 2826 ad
2424 2772 2754 2829 dominicum
2804 2776 3098 2844 permansit
3136 2774 3464 2847 natalitium,

1867 2874 2054 2937 postea
2103 2866 2297 2922 exinde
2345 2865 2571 2922 Romam
2612 2877 2872 2939 appetens
2916 2869 3240 2941 enavigavit.

2491 3000 2719 3058 CAPUT
2745 3000 2833 3057 Vl.

2084 3116 2165 3171 De
2188 3124 2360 3171 monte
2388 3113 2642 3169 Vulcania
2672 3114 2757 3185 qui
2792 3130 2993 3187 semper
3017 3116 3241 3170 intonat.

1941 3230 2196 3299 Quaedam
2228 3229 2401 3285 insula
2425 3228 2479 3284 in
2508 3228 2644 3283 mari
2675 3227 2868 3299 Magno
2912 3228 3144 3284 habetur
3170 3229 3234 3284 ad
3285 3229 3469 3288 orien-

230 3341 485 3398 Ατοιιιίυε
513 3354 659 3412 sape
688 3348 1019 3395 memoratus
1047 3346 1102 3393 er
1126 3337 1195 3392 de
1220 3343 1422 3392 sancta;
1440 3335 1621 3393 Maria».
1649 3334 1761 3391 ua-
1788 3343 1833 3408 ο
1870 3325 2032 3379 talem
2065 3324 2299 3393 plagam,
2329 3338 2401 3376 xu
2448 3320 2687 3375 millibus
2715 3336 2744 3374 a
2776 3320 2957 3376 Siciiia
2992 3320 3217 3388 distans,
3262 3322 3313 3378 in
3356 3339 3465 3394 qua

158 3434 255 3490 tris
286 3434 504 3489 Domini
538 3433 817 3489 thoracida
840 3431 1056 3505 [Grets.,
1081 3429 1402 3503 thoraciola]
1433 3418 1634 3485 certam
1667 3443 1765 3483 no-

154 3528 240 3582 bis
270 3528 623 3592 relationem,
681 3542 843 3596 quam
899 3527 952 3580 in
993 3524 1600 3595 Constantinopolitana
1633 3523 1764 3577 urbe

156 3622 224 3677 ab
274 3623 520 3694 expertis
559 3620 880 3693 quibusdam
941 3620 1164 3675 testibus
1211 3619 1428 3687 didicit,
1460 3616 1765 3671 indubitan-

155 3725 239 3771 ter
296 3716 580 3772 enarravit
618 3714 889 3783 inquiens.
922 3710 982 3767 In
1028 3711 1215 3767 eadem
1242 3710 1661 3781 metrupolitana
1684 3710 1763 3764 ci-

156 3811 337 3866 vitate
393 3811 575 3879 imago
621 3810 793 3863 beatre
839 3807 1020 3861 Maria:
1052 3806 1106 3861 in
1134 3806 1285 3861 brevi
1335 3805 1510 3860 tabula
1536 3803 1763 3874 ligurata

153 3902 342 3971 lignea
399 3902 455 3956 in
486 3901 694 3972 pariete
739 3898 1025 3967 cujusdam
1050 3897 1243 3951 domus
1277 3909 1538 3964 suspensa
1569 3894 1765 3965 pende-

150 3994 249 4051 bat
282 4014 295 4049 :
322 3996 399 4050 de
441 4010 547 4064 qua
570 4010 693 4050 cum
736 3992 955 4063 quidam
986 3990 1216 4047 stolidus
1234 3998 1294 4045 et
1317 3990 1560 4045 duricors
1602 3989 1766 4043 homo

149 4093 625 4157 percunctaretur
669 4084 823 4151 cujus
848 4093 995 4138 esset
1030 4081 1273 4152 propria,
1318 4094 1349 4134 a
1393 4077 1629 4149 quodam
1689 4092 1768 4132 re-

152 4178 473 4249 spondente
514 4176 703 4232 didicit
747 4177 892 4246 quod
921 4182 1066 4231 esset
1100 4183 1302 4230 sanctae
1334 4172 1513 4228 Mariae
1557 4188 1771 4242 semper

151 4272 395 4342 virginis
436 4268 607 4339 ﬁgura
649 4268 827 4325 faciei.
876 4268 1030 4335 Quod
1095 4266 1322 4322 audiens
1396 4266 1488 4320 ille
1551 4265 1770 4320 Judmus

150 4363 501 4428 incredulus,
537 4363 753 4418 diabolo
809 4362 1117 4429 instigante,
1158 4359 1405 4415 eamdem
1433 4357 1501 4413 de
1565 4359 1771 4429 pariete

150 4460 317 4515 valde
362 4460 538 4513 iratus
585 4454 707 4510 tulit
734 4454 1042 4523 imaginem,
1093 4460 1149 4507 et
1202 4452 1270 4506 ad
1299 4452 1531 4505 vicinam
1579 4466 1770 4507 cucur-

152 4554 227 4609 rit
286 4551 544 4611 domum,
604 4547 694 4601 ubi
738 4547 971 4601 humana
995 4554 1234 4600 stercora
1260 4560 1357 4614 per
1383 4543 1665 4613 longarum
1691 4543 1771 4595 {o-

149 4644 373 4698 ramina
429 4638 733 4693 tabularum
769 4645 951 4706 egesta
983 4651 1143 4706 supra
1174 4636 1475 4690 sedentium
1498 4636 1772 4690 ventribus

1868 3416 2138 3473 Vulcanus
2158 3431 2312 3471 mons
2339 3414 2493 3484 quasi
2524 3415 2818 3469 tonitruum
2847 3415 2973 3470 totis
3000 3414 3189 3472 diebus
3213 3426 3269 3471 et
3297 3420 3471 3474 nocti-

1866 3512 1967 3567 bus
1989 3511 2041 3565 iu
2061 3518 2268 3565 tantum
2288 3510 2517 3572 intonat,
2560 3516 2619 3562 ut
2654 3506 2852 3564 Sicilia:
2872 3517 3013 3564 terra
3037 3510 3252 3581 longius
3272 3514 3464 3583 positas

1866 3604 2122 3660 horrifico
2151 3614 2386 3657 tremore
2408 3600 2719 3655 submoveri
2742 3609 2981 3670 putetur.
2997 3599 3105 3657 Sed
3122 3604 3296 3672 majus
3309 3613 3466 3661 sexta

1868 3697 2001 3752 feria
2030 3684 2115 3750 ἐι
2163 3696 2388 3750 sabbato
2436 3696 2685 3748 intonare
2713 3694 2955 3761 videtur;
3006 3696 3097 3766 qui
3148 3698 3296 3751 omni
3328 3705 3468 3753 tem-

1868 3808 2001 3865 pore
2030 3792 2281 3846 noctibus
2329 3788 2609 3844 ﬂammare
2660 3798 3013 3857 monstratur,
3078 3790 3271 3848 diebus
3337 3810 3469 3849 vero

1867 3883 2093 3939 fumare.
2117 3882 2241 3938 Haec
2264 3882 2392 3936 mihi
2420 3877 2670 3937 Arculfus
2697 3881 2956 3938 scribenti
2980 3883 3047 3939 de
3074 3885 3264 3939 eodem
3296 3885 3469 3941 dicta-

1870 3981 1947 4035 vit
1978 3986 2161 4034 monte
2191 3978 2283 4047 qui
2317 3977 2550 4048 prOpriis
2595 3977 2747 4031 illum
2783 3978 3064 4032 oculorum
3111 3981 3325 4049 aspexit
3368 3982 3468 4036 ob-

1872 4066 2097 4132 tutibus,
2151 4073 2311 4119 nocte
2353 4062 2672 4132 ignitosum,
2703 4062 2792 4117 die
2841 4077 2970 4118 vero
3019 4062 3306 4119 fumosum.
3341 4064 3471 4135 Ejus

1871 4174 2089 4231 quoque
2128 4156 2473 4212 tonitrualem
2522 4156 2760 4211 sonitum
2787 4154 3021 4226 propriis
3059 4157 3268 4213 aurium
3317 4156 3470 4213 audi-

1873 4255 1950 4309 vit
1978 4252 2267 4316 auditibus,
2295 4250 2349 4305 iu
2373 4248 2557 4310 Sicilia
2590 4263 2685 4319 per
2717 4248 2923 4318 aliquot
2946 4249 3249 4318 hospitatus
3271 4249 3388 4306 dies
3418 4262 3468 4307 υ.

1943 4348 2182 4406 Obsecro
2225 4348 2407 4416 itaque
2436 4360 2532 4401 eos
2560 4345 2872 4415 quicunque
2900 4343 3094 4399 breves
3141 4344 3371 4414 legerint
3406 4346 3471 4399 li-

1874 4443 2070 4509 bellus,
2104 4449 2164 4496 ut
2188 4454 2288 4512 pro
2317 4438 2509 4494 eodem
2547 4444 2739 4492 sancto
2798 4435 3080 4491 sacerdote
3135 4433 3355 4491 Arculfo
3383 4436 3468 4491 di-

1875 4539 2053 4593 vinam
2108 4541 2398 4607 precentur
2449 4530 2817 4594 clementiam,
2875 4528 2965 4598 qui
3008 4528 3125 4582 haec
3172 4527 3243 4584 de
3266 4529 3469 4586 sanctis

1877 4629 2248 4698 espeiimenta
2298 4624 2434 4680 locis
2476 4637 2668 4679 eorum
2700 4620 3074 4690 frequentatur
3115 4619 3470 4678 libentissime

150 4736 305 4804 egeri
366 4736 551 4786 so'ent
580 4748 594 4798 ;
628 4730 933 4800 ibidemque
981 4728 1051 4784 ob
1095 4728 1289 4783 Christi
1343 4743 1409 4783 ex
1458 4726 1621 4781 Maria
1657 4728 1765 4781 nati
1796 4728 1847 4789 υ
1874 4725 2028 4781 nobis
2077 4719 2317 4776 dictavit.
2380 4716 2510 4785 Quae
2548 4723 2605 4770 et
2646 4728 2777 4783 ergo
2807 4711 3103 4784 quamlibet
3154 4712 3298 4804 inter
3319 4710 3473 4768 labo-

150 4824 685 4890 dehonorationem,
739 4822 1029 4892 imaginem
1078 4819 1265 4875 Matris
1322 4823 1440 4888 ejus
1485 4834 1585 4889 per;
1627 4817 1768 4873 fura-

152 4934 281 4973 meu
334 4931 511 4987 super
558 4918 851 4971 humanum
909 4924 1118 4970 stercus
1162 4912 1381 4968 inferius
1434 4913 1618 4981 jacens
1646 4928 1770 4982 pro-

145 5012 309 5081 jecit,
362 5017 427 5063 et
478 5008 594 5078 ipse
630 5006 995 5073 supersedens
1017 5020 1113 5076 per
1142 5004 1288 5060 idem
1320 5003 1565 5060 foramen
1591 5006 1767 5059 alvum

150 5118 429 5175 purgans,
483 5103 686 5173 proprii
744 5110 951 5157 stercus
1000 5101 1203 5156 ventris
1242 5113 1406 5170 super
1434 5098 1769 5155 thoracidam

150 5196 338 5252 beatae
370 5195 562 5250 Maria:
589 5194 748 5265 paulo
789 5203 915 5249 ante
950 5194 1079 5249 inibi
1128 5192 1431 5264 depositam
1473 5192 1768 5260 dimittens,

149 5287 532 5351 “(uidissime
559 5304 725 5360 agens
753 5286 956 5353 eﬂ'udit,
1002 5294 1057 5342 et
1080 5294 1203 5356 post
1229 5285 1591 5358 turpissimam
1619 5282 1765 5339 illam

228 5458 257 5488 ι
314 5446 449 5505 Huc
476 5460 650 5517 usque
687 5445 865 5504 codex
892 5444 1203 5503 Vaticanus.

1874 4818 2044 4871 riosas
2068 4821 2125 4868 et
2149 4825 2317 4883 prope
2345 4805 2784 4864 insustentabiles
2815 4813 2929 4859 tota
2954 4804 3040 4859 die
3071 4802 3307 4873 undique
3334 4819 3469 4860 con-

1873 4910 2115 4983 globatas
2136 4901 2531 4961 ecclesiasticas
2561 4896 2958 4954 sollicitudines
2987 4896 3336 4960 constitutus,
3367 4894 3465 4951 vili

1875 5001 2120 5076 quamvis
2154 5012 2404 5056 sermone
2434 4993 2749 5050 describens
2776 4989 3070 5046 declaravi.
3099 4988 3301 5044 llorum
3331 5002 3464 5058 ergo

1878 5097 2136 5153 lectorem
2152 5091 2418 5148 admoneo
2434 5086 2951 5157 experimentorum,
2973 5094 3028 5137 ut
3045 5097 3143 5153 pro
3160 5096 3246 5137 me
3258 5079 3470 5137 misello

1877 5196 2164 5262 peccatore
2208 5183 2526 5241 eorumdem
2555 5187 2841 5236 craxatore
2862 5176 3170 5249 [scriptore]
3195 5175 3469 5231 Christum

1869 5280 2103 5355 iudicem
2151 5276 2471 5336 saeculorum
2496 5284 2724 5331 exorare
2779 5282 2883 5323 non
2924 5267 3181 5338 negligat.
