  <div class='ocr_page' id='page_1' title='image "/cluster/home/n/w/nwhite01/storage/ocr_20150623/88-89/uc1.31175000868714/411.png"; bbox 0 0 4204 6540; ppageno 0'>
   <div class='ocr_carea' id='block_1_1' title="bbox 746 407 4025 497">
    <p class='ocr_par' dir='ltr' id='par_1_1' title="bbox 746 407 4025 497">
     <span class='ocr_line' id='line_1_1' title="bbox 746 407 4025 497; baseline -0.008 -1"><span class='ocrx_word' id='word_1_1' title='bbox 746 435 853 497; x_wconf 68' lang='grc'><strong>813</strong></span> <span class='ocrx_word' id='word_1_2' title='bbox 1553 430 1799 492; x_wconf 78' lang='lat' dir='ltr'><strong>SANCTI</strong></span> <span class='ocrx_word' id='word_1_3' title='bbox 1840 429 2150 490; x_wconf 75' lang='lat' dir='ltr'><strong>ADAMANI</strong></span> <span class='ocrx_word' id='word_1_4' title='bbox 2191 426 2479 486; x_wconf 73' lang='lat' dir='ltr'><strong>ABBATIS</strong></span> <span class='ocrx_word' id='word_1_5' title='bbox 2520 425 2608 482; x_wconf 79' lang='lat' dir='ltr'><strong>DE</strong></span> <span class='ocrx_word' id='word_1_6' title='bbox 2646 421 2845 482; x_wconf 82' lang='lat' dir='ltr'><strong>LOCIS</strong></span> <span class='ocrx_word' id='word_1_7' title='bbox 2881 418 3191 480; x_wconf 78' lang='lat' dir='ltr'><strong>SANCTIS.</strong></span> <span class='ocrx_word' id='word_1_8' title='bbox 3912 407 4025 469; x_wconf 67' lang='grc'><strong>816</strong></span> 
     </span>
    </p>
   </div>
   <div class='ocr_carea' id='block_1_2' title="bbox 750 558 4006 608">
    <p class='ocr_par' dir='ltr' id='par_1_2' title="bbox 750 558 4006 608">
     <span class='ocr_line' id='line_1_2' title="bbox 750 558 4006 608; baseline -0.004 -16"><span class='ocrx_word' id='word_1_9' title='bbox 750 558 4006 608; x_wconf 81' lang='lat'><strong>__________________________________________</strong></span> 
     </span>
    </p>
   </div>
   <div class='ocr_carea' id='block_1_3' title="bbox 1830 697 2913 786">
    <p class='ocr_par' dir='ltr' id='par_1_3' title="bbox 1830 697 2913 786">
     <span class='ocr_line' id='line_1_3' title="bbox 1830 697 2913 786; baseline -0.009 0"><span class='ocrx_word' id='word_1_10' title='bbox 1830 702 2292 786; x_wconf 85' lang='lat' dir='ltr'><strong>CANONES</strong></span> <span class='ocrx_word' id='word_1_11' title='bbox 2346 697 2913 778; x_wconf 81' lang='lat' dir='ltr'><strong>ADAMNANI.</strong></span> 
     </span>
    </p>
   </div>
   <div class='ocr_carea' id='block_1_4' title="bbox 1924 912 2849 984">
    <p class='ocr_par' dir='ltr' id='par_1_4' title="bbox 1924 912 2849 984">
     <span class='ocr_line' id='line_1_4' title="bbox 1924 912 2849 984; baseline -0.013 -10"><span class='ocrx_word' id='word_1_12' title='bbox 1924 920 2136 984; x_wconf 72' lang='lat' dir='ltr'><strong>(ﬂansi,</strong></span> <span class='ocrx_word' id='word_1_13' title='bbox 2161 917 2343 972; x_wconf 88' lang='lat' dir='ltr'><strong>Concil.</strong></span> <span class='ocrx_word' id='word_1_14' title='bbox 2366 923 2483 969; x_wconf 87' lang='lat' dir='ltr'><strong>tom.</strong></span> <span class='ocrx_word' id='word_1_15' title='bbox 2507 913 2617 976; x_wconf 81' lang='lat' dir='ltr'><strong>XII,</strong></span> <span class='ocrx_word' id='word_1_16' title='bbox 2641 927 2688 979; x_wconf 86' lang='lat' dir='ltr'><strong>p.</strong></span> <span class='ocrx_word' id='word_1_17' title='bbox 2712 912 2849 978; x_wconf 72' lang='grc' dir='ltr'>ιδι.)</span> 
     </span>
    </p>
   </div>
   <div class='ocr_carea' id='block_1_5' title="bbox 1516 1110 4033 1189">
    <p class='ocr_par' dir='ltr' id='par_1_5' title="bbox 1516 1110 4033 1189">
     <span class='ocr_line' id='line_1_5' title="bbox 1516 1110 4033 1189; baseline -0.007 -11"><span class='ocrx_word' id='word_1_18' title='bbox 1516 1122 1558 1178; x_wconf 87' lang='lat' dir='ltr'><strong>l.</strong></span> <span class='ocrx_word' id='word_1_19' title='bbox 2330 1110 2335 1115; x_wconf 68' lang='grc'><strong>’</strong></span> <span class='ocrx_word' id='word_1_20' title='bbox 2349 1127 2403 1186; x_wconf 78' lang='grc' dir='ltr'><strong>Α</strong></span> <span class='ocrx_word' id='word_1_21' title='bbox 2426 1117 2513 1174; x_wconf 84' lang='lat' dir='ltr'><strong>vel</strong></span> <span class='ocrx_word' id='word_1_22' title='bbox 2542 1116 2757 1189; x_wconf 75' lang='lat' dir='ltr'><strong>pinguis</strong></span> <span class='ocrx_word' id='word_1_23' title='bbox 2786 1122 2845 1170; x_wconf 88' lang='lat' dir='ltr'><strong>ut</strong></span> <span class='ocrx_word' id='word_1_24' title='bbox 2868 1112 3209 1169; x_wconf 90' lang='lat' dir='ltr'><strong>morticinum</strong></span> <span class='ocrx_word' id='word_1_25' title='bbox 3230 1124 3340 1182; x_wconf 90' lang='lat' dir='ltr'><strong>quo</strong></span> <span class='ocrx_word' id='word_1_26' title='bbox 3379 1112 3739 1182; x_wconf 76' lang='lat' dir='ltr'><strong>pinguescunt</strong></span> <span class='ocrx_word' id='word_1_27' title='bbox 3771 1118 3902 1161; x_wconf 89' lang='lat' dir='ltr'><strong>sues</strong></span> <span class='ocrx_word' id='word_1_28' title='bbox 3945 1117 4033 1160; x_wconf 67' lang='lat' dir='ltr'><strong>reo</strong></span> 
     </span>
    </p>
   </div>
   <div class='ocr_carea' id='block_1_6' title="bbox 813 1193 4030 1284">
    <p class='ocr_par' dir='ltr' id='par_1_6' title="bbox 813 1193 4030 1284">
     <span class='ocr_line' id='line_1_6' title="bbox 813 1193 4030 1284; baseline -0.01 -3"><span class='ocrx_word' id='word_1_29' title='bbox 813 1220 1015 1281; x_wconf 78' lang='lat' dir='ltr'><strong>Ilarina</strong></span> <span class='ocrx_word' id='word_1_30' title='bbox 1050 1217 1300 1276; x_wconf 83' lang='lat' dir='ltr'><strong>animalia</strong></span> <span class='ocrx_word' id='word_1_31' title='bbox 1323 1214 1392 1272; x_wconf 88' lang='lat' dir='ltr'><strong>ad</strong></span> <span class='ocrx_word' id='word_1_32' title='bbox 1418 1222 1599 1271; x_wconf 80' lang='lat' dir='ltr'><strong>littora</strong></span> <span class='ocrx_word' id='word_1_33' title='bbox 1620 1213 1820 1281; x_wconf 87' lang='lat' dir='ltr'><strong>delata,</strong></span> <span class='ocrx_word' id='word_1_34' title='bbox 1853 1227 2081 1284; x_wconf 89' lang='lat' dir='ltr'><strong>quorum</strong></span> <span class='ocrx_word' id='word_1_35' title='bbox 2115 1221 2321 1270; x_wconf 90' lang='lat' dir='ltr'><strong>mortes</strong></span> <span class='ocrx_word' id='word_1_36' title='bbox 2420 1208 2705 1265; x_wconf 79' lang='lat' dir='ltr'><strong>fundendae</strong></span> <span class='ocrx_word' id='word_1_37' title='bbox 2732 1214 2876 1265; x_wconf 88' lang='lat' dir='ltr'><strong>sunt.</strong></span> <span class='ocrx_word' id='word_1_38' title='bbox 2939 1204 3072 1261; x_wconf 88' lang='lat' dir='ltr'><strong>Cum</strong></span> <span class='ocrx_word' id='word_1_39' title='bbox 3102 1219 3233 1260; x_wconf 83' lang='lat' dir='ltr'><strong>vero</strong></span> <span class='ocrx_word' id='word_1_40' title='bbox 3280 1199 3656 1269; x_wconf 88' lang='lat' dir='ltr'><strong>decreverint,</strong></span> <span class='ocrx_word' id='word_1_41' title='bbox 3710 1204 3766 1255; x_wconf 93' lang='lat' dir='ltr'><strong>et</strong></span> <span class='ocrx_word' id='word_1_42' title='bbox 3796 1193 3868 1252; x_wconf 82' lang='lat' dir='ltr'><strong>ad</strong></span> <span class='ocrx_word' id='word_1_43' title='bbox 3919 1193 4030 1266; x_wconf 69' lang='lat' dir='ltr'><strong>prio</strong></span> 
     </span>
    </p>
   </div>
   <div class='ocr_carea' id='block_1_7' title="bbox 740 1300 3344 1385">
    <p class='ocr_par' dir='ltr' id='par_1_7' title="bbox 740 1300 3344 1385">
     <span class='ocr_line' id='line_1_7' title="bbox 740 1300 3344 1385; baseline -0.01 -11"><span class='ocrx_word' id='word_1_44' title='bbox 740 1316 1029 1385; x_wconf 76' lang='lat' dir='ltr'><strong>nescimus,</strong></span> <span class='ocrx_word' id='word_1_45' title='bbox 1057 1308 1318 1370; x_wconf 90' lang='lat' dir='ltr'><strong>sumenda</strong></span> <span class='ocrx_word' id='word_1_46' title='bbox 1339 1317 1464 1367; x_wconf 90' lang='lat' dir='ltr'><strong>sunt</strong></span> <span class='ocrx_word' id='word_1_47' title='bbox 1489 1320 1621 1365; x_wconf 88' lang='lat' dir='ltr'><strong>sana</strong></span> <span class='ocrx_word' id='word_1_48' title='bbox 1650 1305 1773 1369; x_wconf 83' lang='lat' dir='ltr'><strong>ﬁde.</strong></span> <span class='ocrx_word' id='word_1_49' title='bbox 1814 1306 1915 1363; x_wconf 88' lang='lat' dir='ltr'><strong>nisi</strong></span> <span class='ocrx_word' id='word_1_50' title='bbox 1943 1306 2177 1378; x_wconf 88' lang='lat' dir='ltr'><strong>putrida.</strong></span> <span class='ocrx_word' id='word_1_51' title='bbox 2421 1304 2618 1359; x_wconf 89' lang='lat' dir='ltr'><strong>stinam</strong></span> <span class='ocrx_word' id='word_1_52' title='bbox 2646 1300 2873 1356; x_wconf 86' lang='lat' dir='ltr'><strong>maciem</strong></span> <span class='ocrx_word' id='word_1_53' title='bbox 2909 1311 3147 1353; x_wconf 80' lang='lat' dir='ltr'><strong>reversa:</strong></span> <span class='ocrx_word' id='word_1_54' title='bbox 3191 1303 3344 1352; x_wconf 92' lang='lat' dir='ltr'><strong>sunt.</strong></span> 
     </span>
    </p>
   </div>
   <div class='ocr_carea' id='block_1_8' title="bbox 1514 1388 3278 1474">
    <p class='ocr_par' dir='ltr' id='par_1_8' title="bbox 1514 1388 3278 1474">
     <span class='ocr_line' id='line_1_8' title="bbox 1514 1388 3278 1474; baseline -0.005 -23"><span class='ocrx_word' id='word_1_55' title='bbox 1514 1417 1578 1474; x_wconf 50' lang='grc' dir='ltr'><strong>η.</strong></span> <span class='ocrx_word' id='word_1_56' title='bbox 3181 1388 3278 1445; x_wconf 69' lang='grc' dir='ltr'><strong>γι.</strong></span> 
     </span>
    </p>
   </div>
   <div class='ocr_carea' id='block_1_9' title="bbox 812 1474 4036 1587">
    <p class='ocr_par' dir='ltr' id='par_1_9' title="bbox 812 1474 4036 1587">
     <span class='ocr_line' id='line_1_9' title="bbox 812 1474 4036 1587; baseline -0.007 -36"><span class='ocrx_word' id='word_1_57' title='bbox 812 1517 1019 1576; x_wconf 59' lang='lat' dir='ltr'><strong>pecora</strong></span> <span class='ocrx_word' id='word_1_58' title='bbox 1061 1516 1129 1573; x_wconf 67' lang='lat' dir='ltr'><strong>de</strong></span> <span class='ocrx_word' id='word_1_59' title='bbox 1175 1530 1310 1587; x_wconf 62' lang='lat' dir='ltr'><strong>rupe</strong></span> <span class='ocrx_word' id='word_1_60' title='bbox 1336 1515 1604 1582; x_wconf 52' lang='lat' dir='ltr'><strong>“deum,</strong></span> <span class='ocrx_word' id='word_1_61' title='bbox 1633 1515 1675 1571; x_wconf 65' lang='lat' dir='ltr'><strong>si</strong></span> <span class='ocrx_word' id='word_1_62' title='bbox 1703 1516 1916 1583; x_wconf 60' lang='lat' dir='ltr'><strong>sanguis</strong></span> <span class='ocrx_word' id='word_1_63' title='bbox 1955 1528 2143 1570; x_wconf 73' lang='lat' dir='ltr'><strong>comm</strong></span> <span class='ocrx_word' id='word_1_64' title='bbox 2186 1510 2323 1567; x_wconf 65' lang='lat' dir='ltr'><strong>en“-</strong></span> <span class='ocrx_word' id='word_1_65' title='bbox 2493 1488 2550 1544; x_wconf 91' lang='lat' dir='ltr'><strong>Si</strong></span> <span class='ocrx_word' id='word_1_66' title='bbox 2590 1502 2718 1543; x_wconf 81' lang='lat' dir='ltr'><strong>vero</strong></span> <span class='ocrx_word' id='word_1_67' title='bbox 2767 1501 2871 1541; x_wconf 92' lang='lat' dir='ltr'><strong>una</strong></span> <span class='ocrx_word' id='word_1_68' title='bbox 2902 1485 3017 1542; x_wconf 87' lang='lat' dir='ltr'><strong>vice</strong></span> <span class='ocrx_word' id='word_1_69' title='bbox 3038 1483 3124 1540; x_wconf 83' lang='lat' dir='ltr'><strong>vel</strong></span> <span class='ocrx_word' id='word_1_70' title='bbox 3187 1498 3245 1538; x_wconf 90' lang='grc' dir='ltr'><strong>ιιι</strong></span> <span class='ocrx_word' id='word_1_71' title='bbox 3284 1479 3627 1587; x_wconf 75' lang='lat' dir='ltr'><strong>morticinum</strong></span> <span class='ocrx_word' id='word_1_72' title='bbox 3665 1474 4036 1532; x_wconf 79' lang='lat' dir='ltr'><strong>manducave-</strong></span> 
     </span>
    </p>
   </div>
   <div class='ocr_carea' id='block_1_10' title="bbox 739 1570 2399 1678">
    <p class='ocr_par' dir='ltr' id='par_1_10' title="bbox 739 1603 2323 1678">
     <span class='ocr_line' id='line_1_10' title="bbox 739 1603 2323 1678; baseline -0.008 -10"><span class='ocrx_word' id='word_1_73' title='bbox 739 1625 834 1668; x_wconf 82' lang='lat' dir='ltr'><strong>sus</strong></span> <span class='ocrx_word' id='word_1_74' title='bbox 859 1609 948 1677; x_wconf 91' lang='lat' dir='ltr'><strong>sit,</strong></span> <span class='ocrx_word' id='word_1_75' title='bbox 977 1607 1321 1678; x_wconf 84' lang='lat' dir='ltr'><strong>recipienda;</strong></span> <span class='ocrx_word' id='word_1_76' title='bbox 1372 1606 1455 1661; x_wconf 93' lang='lat' dir='ltr'><strong>sin</strong></span> <span class='ocrx_word' id='word_1_77' title='bbox 1486 1620 1639 1676; x_wconf 78' lang='lat' dir='ltr'><strong>vero,</strong></span> <span class='ocrx_word' id='word_1_78' title='bbox 1681 1603 1773 1660; x_wconf 92' lang='lat' dir='ltr'><strong>sed</strong></span> <span class='ocrx_word' id='word_1_79' title='bbox 1814 1604 1983 1659; x_wconf 81' lang='lat' dir='ltr'><strong>fracta</strong></span> <span class='ocrx_word' id='word_1_80' title='bbox 2029 1612 2156 1659; x_wconf 90' lang='lat' dir='ltr'><strong>sunt</strong></span> <span class='ocrx_word' id='word_1_81' title='bbox 2201 1617 2323 1656; x_wconf 89' lang='lat' dir='ltr'><strong>ossa</strong></span> 
     </span>
    </p>
   </div>
   <div class='ocr_carea' id='block_1_11' title="bbox 2374 1570 4034 1678">
    <p class='ocr_par' dir='ltr' id='par_1_11' title="bbox 2425 1570 4034 1648">
     <span class='ocr_line' id='line_1_11' title="bbox 2425 1570 4034 1648; baseline -0.009 -14"><span class='ocrx_word' id='word_1_82' title='bbox 2425 1578 2556 1644; x_wconf 82' lang='lat' dir='ltr'><strong>riut,</strong></span> <span class='ocrx_word' id='word_1_83' title='bbox 2585 1587 2706 1648; x_wconf 91' lang='lat' dir='ltr'><strong>post</strong></span> <span class='ocrx_word' id='word_1_84' title='bbox 2753 1575 2915 1645; x_wconf 85' lang='lat' dir='ltr'><strong>hujus</strong></span> <span class='ocrx_word' id='word_1_85' title='bbox 2962 1589 3244 1631; x_wconf 84' lang='lat' dir='ltr'><strong>excessum</strong></span> <span class='ocrx_word' id='word_1_86' title='bbox 3293 1570 3361 1629; x_wconf 87' lang='lat' dir='ltr'><strong>de</strong></span> <span class='ocrx_word' id='word_1_87' title='bbox 3414 1580 3604 1629; x_wconf 87' lang='lat' dir='ltr'><strong>ventre</strong></span> <span class='ocrx_word' id='word_1_88' title='bbox 3656 1582 3849 1626; x_wconf 88' lang='lat' dir='ltr'><strong>eorum</strong></span> <span class='ocrx_word' id='word_1_89' title='bbox 3903 1577 4034 1624; x_wconf 82' lang='lat' dir='ltr'><strong>sana</strong></span> 
     </span>
    </p>
   </div>
   <div class='ocr_carea' id='block_1_12' title="bbox 740 1668 3012 1768">
    <p class='ocr_par' dir='ltr' id='par_1_12' title="bbox 740 1668 3012 1768">
     <span class='ocr_line' id='line_1_12' title="bbox 740 1668 3012 1768; baseline -0.006 -11"><span class='ocrx_word' id='word_1_90' title='bbox 740 1714 933 1757; x_wconf 84' lang='lat' dir='ltr'><strong>eorum</strong></span> <span class='ocrx_word' id='word_1_91' title='bbox 979 1706 1035 1756; x_wconf 91' lang='lat' dir='ltr'><strong>et</strong></span> <span class='ocrx_word' id='word_1_92' title='bbox 1072 1668 1288 1768; x_wconf 68' lang='lat' dir='ltr'><strong>sanguis</strong></span> <span class='ocrx_word' id='word_1_93' title='bbox 1317 1696 1461 1753; x_wconf 72' lang='lat' dir='ltr'><strong>foras</strong></span> <span class='ocrx_word' id='word_1_94' title='bbox 1491 1672 1816 1764; x_wconf 76' lang='lat' dir='ltr'><strong>nontluxit,</strong></span> <span class='ocrx_word' id='word_1_95' title='bbox 1864 1694 2147 1751; x_wconf 84' lang='lat' dir='ltr'><strong>refutanda</strong></span> <span class='ocrx_word' id='word_1_96' title='bbox 2176 1703 2322 1749; x_wconf 89' lang='lat' dir='ltr'><strong>sunt.</strong></span> <span class='ocrx_word' id='word_1_97' title='bbox 2425 1668 2531 1727; x_wconf 64' lang='lat' dir='ltr'><strong>“de</strong></span> <span class='ocrx_word' id='word_1_98' title='bbox 2566 1668 2839 1725; x_wconf 59' lang='grc' dir='ltr'><strong>δυιηθυάπ</strong></span> <span class='ocrx_word' id='word_1_99' title='bbox 2866 1676 3012 1722; x_wconf 70' lang='lat' dir='ltr'><strong>5m&quot;-</strong></span> 
     </span>
    </p>
   </div>
   <div class='ocr_carea' id='block_1_13' title="bbox 1492 1783 3281 1864">
    <p class='ocr_par' dir='ltr' id='par_1_13' title="bbox 1492 1783 3281 1864">
     <span class='ocr_line' id='line_1_13' title="bbox 1492 1783 3281 1864; baseline -0.004 -17"><span class='ocrx_word' id='word_1_100' title='bbox 1492 1808 1579 1864; x_wconf 77' lang='grc' dir='ltr'><strong>ιιι⁸</strong></span> <span class='ocrx_word' id='word_1_101' title='bbox 3168 1783 3281 1840; x_wconf 75' lang='lat' dir='ltr'><strong>VII.</strong></span> 
     </span>
    </p>
   </div>
   <div class='ocr_carea' id='block_1_14' title="bbox 830 1893 4036 1971">
    <p class='ocr_par' dir='ltr' id='par_1_14' title="bbox 830 1893 4036 1971">
     <span class='ocr_line' id='line_1_14' title="bbox 830 1893 4036 1971; baseline -0.005 -13"><span class='ocrx_word' id='word_1_102' title='bbox 830 1900 905 1959; x_wconf 83' lang='lat' dir='ltr'><strong>Ut</strong></span> <span class='ocrx_word' id='word_1_103' title='bbox 928 1901 1209 1958; x_wconf 90' lang='lat' dir='ltr'><strong>morticina</strong></span> <span class='ocrx_word' id='word_1_104' title='bbox 1239 1910 1365 1957; x_wconf 90' lang='lat' dir='ltr'><strong>sunt</strong></span> <span class='ocrx_word' id='word_1_105' title='bbox 1390 1900 1442 1956; x_wconf 92' lang='lat' dir='ltr'><strong>in</strong></span> <span class='ocrx_word' id='word_1_106' title='bbox 1468 1902 1622 1971; x_wconf 84' lang='lat' dir='ltr'><strong>aquis</strong></span> <span class='ocrx_word' id='word_1_107' title='bbox 1640 1906 2184 1971; x_wconf 81' lang='lat' dir='ltr'><strong>exstincta,quorum</strong></span> <span class='ocrx_word' id='word_1_108' title='bbox 2205 1915 2328 1955; x_wconf 85' lang='lat' dir='ltr'><strong>san-</strong></span> <span class='ocrx_word' id='word_1_109' title='bbox 2502 1899 2642 1957; x_wconf 84' lang='lat' dir='ltr'><strong>Sues</strong></span> <span class='ocrx_word' id='word_1_110' title='bbox 2691 1914 2913 1956; x_wconf 88' lang='lat' dir='ltr'><strong>carnem</strong></span> <span class='ocrx_word' id='word_1_111' title='bbox 2958 1899 3046 1955; x_wconf 78' lang='lat' dir='ltr'><strong>vel</strong></span> <span class='ocrx_word' id='word_1_112' title='bbox 3086 1896 3404 1968; x_wconf 85' lang='lat' dir='ltr'><strong>sanguinem</strong></span> <span class='ocrx_word' id='word_1_113' title='bbox 3461 1893 3699 1951; x_wconf 85' lang='lat' dir='ltr'><strong>hominis</strong></span> <span class='ocrx_word' id='word_1_114' title='bbox 3746 1897 4036 1962; x_wconf 84' lang='lat' dir='ltr'><strong>gustantes</strong></span> 
     </span>
    </p>
   </div>
   <div class='ocr_carea' id='block_1_15' title="bbox 742 1975 4036 2065">
    <p class='ocr_par' dir='ltr' id='par_1_15' title="bbox 742 1975 4036 2065">
     <span class='ocr_line' id='line_1_15' title="bbox 742 1975 4036 2065; baseline -0.006 -15"><span class='ocrx_word' id='word_1_115' title='bbox 742 1995 864 2065; x_wconf 83' lang='lat' dir='ltr'><strong>guis</strong></span> <span class='ocrx_word' id='word_1_116' title='bbox 890 1993 1210 2050; x_wconf 88' lang='lat' dir='ltr'><strong>intrinsecus</strong></span> <span class='ocrx_word' id='word_1_117' title='bbox 1239 1992 1396 2058; x_wconf 90' lang='lat' dir='ltr'><strong>latet,</strong></span> <span class='ocrx_word' id='word_1_118' title='bbox 1430 1991 1674 2049; x_wconf 90' lang='lat' dir='ltr'><strong>abestiis</strong></span> <span class='ocrx_word' id='word_1_119' title='bbox 1695 2001 1851 2064; x_wconf 88' lang='lat' dir='ltr'><strong>capta</strong></span> <span class='ocrx_word' id='word_1_120' title='bbox 1886 1992 2139 2048; x_wconf 83' lang='lat' dir='ltr'><strong>animalia</strong></span> <span class='ocrx_word' id='word_1_121' title='bbox 2160 2003 2211 2048; x_wconf 91' lang='lat' dir='ltr'><strong>et</strong></span> <span class='ocrx_word' id='word_1_122' title='bbox 2236 2006 2325 2049; x_wconf 88' lang='lat' dir='ltr'><strong>se-</strong></span> <span class='ocrx_word' id='word_1_123' title='bbox 2428 1992 2599 2047; x_wconf 91' lang='lat' dir='ltr'><strong>incliti</strong></span> <span class='ocrx_word' id='word_1_124' title='bbox 2651 1990 2774 2061; x_wconf 74' lang='lat' dir='ltr'><strong>(sic)</strong></span> <span class='ocrx_word' id='word_1_125' title='bbox 2845 1997 2974 2047; x_wconf 86' lang='lat' dir='ltr'><strong>sunt</strong></span> <span class='ocrx_word' id='word_1_126' title='bbox 3037 2004 3273 2061; x_wconf 82' lang='lat' dir='ltr'><strong>semper.</strong></span> <span class='ocrx_word' id='word_1_127' title='bbox 3334 1987 3392 2043; x_wconf 85' lang='lat' dir='ltr'><strong>In</strong></span> <span class='ocrx_word' id='word_1_128' title='bbox 3449 1987 3569 2056; x_wconf 90' lang='lat' dir='ltr'><strong>lege</strong></span> <span class='ocrx_word' id='word_1_129' title='bbox 3624 1985 3772 2041; x_wconf 89' lang='lat' dir='ltr'><strong>enim</strong></span> <span class='ocrx_word' id='word_1_130' title='bbox 3829 1975 4036 2036; x_wconf 83' lang='lat' dir='ltr'><strong>animal</strong></span> 
     </span>
    </p>
   </div>
   <div class='ocr_carea' id='block_1_16' title="bbox 742 2077 3927 2154">
    <p class='ocr_par' dir='ltr' id='par_1_16' title="bbox 742 2077 3927 2154">
     <span class='ocr_line' id='line_1_16' title="bbox 742 2077 3927 2154; baseline -0.005 -11"><span class='ocrx_word' id='word_1_131' title='bbox 742 2086 941 2143; x_wconf 82' lang='lat' dir='ltr'><strong>miviva</strong></span> <span class='ocrx_word' id='word_1_132' title='bbox 972 2087 1286 2145; x_wconf 89' lang='lat' dir='ltr'><strong>bestialibus</strong></span> <span class='ocrx_word' id='word_1_133' title='bbox 1313 2086 1623 2143; x_wconf 87' lang='lat' dir='ltr'><strong>hominibus</strong></span> <span class='ocrx_word' id='word_1_134' title='bbox 1648 2086 1906 2143; x_wconf 78' lang='lat' dir='ltr'><strong>sumenda</strong></span> <span class='ocrx_word' id='word_1_135' title='bbox 1933 2095 2076 2143; x_wconf 92' lang='lat' dir='ltr'><strong>sunt.</strong></span> <span class='ocrx_word' id='word_1_136' title='bbox 2429 2091 2810 2154; x_wconf 85' lang='lat' dir='ltr'><strong>cornupetum,</strong></span> <span class='ocrx_word' id='word_1_137' title='bbox 2842 2082 2889 2138; x_wconf 94' lang='lat' dir='ltr'><strong>si</strong></span> <span class='ocrx_word' id='word_1_138' title='bbox 2917 2081 3191 2137; x_wconf 84' lang='lat' dir='ltr'><strong>hominem</strong></span> <span class='ocrx_word' id='word_1_139' title='bbox 3215 2079 3498 2145; x_wconf 88' lang='lat' dir='ltr'><strong>occiderit,</strong></span> <span class='ocrx_word' id='word_1_140' title='bbox 3525 2077 3792 2133; x_wconf 87' lang='lat' dir='ltr'><strong>inlicitum</strong></span> <span class='ocrx_word' id='word_1_141' title='bbox 3821 2081 3927 2130; x_wconf 57' lang='lat' dir='ltr'><strong>e.t.</strong></span> 
     </span>
    </p>
   </div>
   <div class='ocr_carea' id='block_1_17' title="bbox 1490 2190 3304 2254">
    <p class='ocr_par' dir='ltr' id='par_1_17' title="bbox 1490 2190 3304 2254">
     <span class='ocr_line' id='line_1_17' title="bbox 1490 2190 3304 2254; baseline -0.003 -1"><span class='ocrx_word' id='word_1_142' title='bbox 1490 2196 1579 2254; x_wconf 81' lang='lat' dir='ltr'><strong>IV.</strong></span> <span class='ocrx_word' id='word_1_143' title='bbox 3170 2190 3304 2248; x_wconf 79' lang='lat' dir='ltr'><strong>Vill.</strong></span> 
     </span>
    </p>
   </div>
   <div class='ocr_carea' id='block_1_18' title="bbox 818 2285 2478 2392">
    <p class='ocr_par' dir='ltr' id='par_1_18' title="bbox 820 2285 2331 2360">
     <span class='ocr_line' id='line_1_18' title="bbox 820 2285 2331 2360; baseline -0.002 -15"><span class='ocrx_word' id='word_1_144' title='bbox 820 2286 1031 2346; x_wconf 82' lang='lat' dir='ltr'><strong>Animal</strong></span> <span class='ocrx_word' id='word_1_145' title='bbox 1072 2290 1385 2346; x_wconf 70' lang='lat' dir='ltr'><strong>semivivum</strong></span> <span class='ocrx_word' id='word_1_146' title='bbox 1427 2288 1605 2345; x_wconf 88' lang='lat' dir='ltr'><strong>subita</strong></span> <span class='ocrx_word' id='word_1_147' title='bbox 1630 2298 1806 2345; x_wconf 88' lang='lat' dir='ltr'><strong>morte</strong></span> <span class='ocrx_word' id='word_1_148' title='bbox 1831 2299 2190 2360; x_wconf 66' lang='lat' dir='ltr'><strong>prceparatum</strong></span> <span class='ocrx_word' id='word_1_149' title='bbox 2232 2285 2331 2343; x_wconf 86' lang='lat' dir='ltr'><strong>ab-</strong></span> 
     </span>
    </p>
   </div>
   <div class='ocr_carea' id='block_1_19' title="bbox 2379 2285 4039 2392">
    <p class='ocr_par' dir='ltr' id='par_1_19' title="bbox 2507 2299 4039 2378">
     <span class='ocr_line' id='line_1_19' title="bbox 2507 2299 4039 2378; baseline -0.008 -14"><span class='ocrx_word' id='word_1_150' title='bbox 2507 2309 2687 2378; x_wconf 78' lang='lat' dir='ltr'><strong>Equus</strong></span> <span class='ocrx_word' id='word_1_151' title='bbox 2721 2322 2786 2363; x_wconf 87' lang='lat' dir='ltr'><strong>ac</strong></span> <span class='ocrx_word' id='word_1_152' title='bbox 2825 2321 2995 2378; x_wconf 90' lang='lat' dir='ltr'><strong>pecus</strong></span> <span class='ocrx_word' id='word_1_153' title='bbox 3039 2305 3086 2361; x_wconf 88' lang='lat' dir='ltr'><strong>si</strong></span> <span class='ocrx_word' id='word_1_154' title='bbox 3127 2303 3458 2376; x_wconf 81' lang='lat' dir='ltr'><strong>percusserit</strong></span> <span class='ocrx_word' id='word_1_155' title='bbox 3499 2301 3777 2359; x_wconf 88' lang='lat' dir='ltr'><strong>hominem</strong></span> <span class='ocrx_word' id='word_1_156' title='bbox 3809 2299 3862 2355; x_wconf 92' lang='lat' dir='ltr'><strong>in</strong></span> <span class='ocrx_word' id='word_1_157' title='bbox 3907 2313 4039 2368; x_wconf 83' lang='lat' dir='ltr'><strong>agro</strong></span> 
     </span>
    </p>
   </div>
   <div class='ocr_carea' id='block_1_20' title="bbox 751 2380 4036 2465">
    <p class='ocr_par' dir='ltr' id='par_1_20' title="bbox 751 2380 4036 2465">
     <span class='ocr_line' id='line_1_20' title="bbox 751 2380 4036 2465; baseline -0.005 -5"><span class='ocrx_word' id='word_1_158' title='bbox 751 2380 924 2439; x_wconf 60' lang='lat' dir='ltr'><strong>“is”</strong></span> <span class='ocrx_word' id='word_1_159' title='bbox 952 2395 1083 2439; x_wconf 63' lang='lat' dir='ltr'><strong>“me</strong></span> <span class='ocrx_word' id='word_1_160' title='bbox 1109 2380 1194 2437; x_wconf 67' lang='lat' dir='ltr'><strong>&quot;Cl</strong></span> <span class='ocrx_word' id='word_1_161' title='bbox 1226 2381 1329 2437; x_wconf 75' lang='grc' dir='ltr'><strong>³¹ί³</strong></span> <span class='ocrx_word' id='word_1_162' title='bbox 1358 2388 1532 2451; x_wconf 58' lang='lat' dir='ltr'><strong>Pauci</strong></span> <span class='ocrx_word' id='word_1_163' title='bbox 1573 2380 1912 2437; x_wconf 72' lang='grc' dir='ltr'><strong>¹¹¹⁰¹⁵ιίθίη¹¹¹¹¹</strong></span> <span class='ocrx_word' id='word_1_164' title='bbox 1942 2390 2041 2435; x_wconf 70' lang='grc' dir='ltr'>εει·</span> <span class='ocrx_word' id='word_1_165' title='bbox 2435 2398 2674 2455; x_wconf 81' lang='lat' dir='ltr'><strong>civitatis</strong></span> <span class='ocrx_word' id='word_1_166' title='bbox 2696 2412 2828 2465; x_wconf 72' lang='lat' dir='ltr'><strong>sum,</strong></span> <span class='ocrx_word' id='word_1_167' title='bbox 2870 2395 3151 2451; x_wconf 86' lang='lat' dir='ltr'><strong>dimidium</strong></span> <span class='ocrx_word' id='word_1_168' title='bbox 3174 2393 3347 2450; x_wconf 72' lang='lat' dir='ltr'><strong>uncia:</strong></span> <span class='ocrx_word' id='word_1_169' title='bbox 3372 2391 3562 2448; x_wconf 85' lang='lat' dir='ltr'><strong>reddet</strong></span> <span class='ocrx_word' id='word_1_170' title='bbox 3599 2407 3700 2464; x_wconf 86' lang='lat' dir='ltr'><strong>pro</strong></span> <span class='ocrx_word' id='word_1_171' title='bbox 3729 2405 3799 2445; x_wconf 88' lang='lat' dir='ltr'><strong>eo</strong></span> <span class='ocrx_word' id='word_1_172' title='bbox 3827 2387 4036 2444; x_wconf 89' lang='lat' dir='ltr'><strong>homini</strong></span> 
     </span>
    </p>
   </div>
   <div class='ocr_carea' id='block_1_21' title="bbox 1515 2480 4043 2564">
    <p class='ocr_par' dir='ltr' id='par_1_21' title="bbox 1515 2480 4043 2564">
     <span class='ocr_line' id='line_1_21' title="bbox 1515 2480 4043 2564; baseline -0.006 -17"><span class='ocrx_word' id='word_1_173' title='bbox 1515 2491 1579 2547; x_wconf 84' lang='lat' dir='ltr'><strong>V.</strong></span> <span class='ocrx_word' id='word_1_174' title='bbox 2363 2503 2413 2564; x_wconf 72' lang='grc' dir='ltr'><strong>Β</strong></span> <span class='ocrx_word' id='word_1_175' title='bbox 2443 2492 2599 2559; x_wconf 82' lang='lat' dir='ltr'><strong>cujus</strong></span> <span class='ocrx_word' id='word_1_176' title='bbox 2627 2487 2842 2559; x_wconf 78' lang='lat' dir='ltr'><strong>sanguis</strong></span> <span class='ocrx_word' id='word_1_177' title='bbox 2870 2486 3069 2544; x_wconf 80' lang='lat' dir='ltr'><strong>eﬂ&#39;usus</strong></span> <span class='ocrx_word' id='word_1_178' title='bbox 3097 2494 3198 2543; x_wconf 90' lang='lat' dir='ltr'><strong>est.</strong></span> <span class='ocrx_word' id='word_1_179' title='bbox 3256 2484 3313 2541; x_wconf 91' lang='lat' dir='ltr'><strong>Si</strong></span> <span class='ocrx_word' id='word_1_180' title='bbox 3341 2485 3668 2557; x_wconf 83' lang='lat' dir='ltr'><strong>percusserit</strong></span> <span class='ocrx_word' id='word_1_181' title='bbox 3705 2483 3874 2538; x_wconf 90' lang='lat' dir='ltr'><strong>homo</strong></span> <span class='ocrx_word' id='word_1_182' title='bbox 3921 2480 4043 2535; x_wconf 84' lang='lat' dir='ltr'><strong>aui-</strong></span> 
     </span>
    </p>
   </div>
   <div class='ocr_carea' id='block_1_22' title="bbox 811 2575 3593 2652">
    <p class='ocr_par' dir='ltr' id='par_1_22' title="bbox 811 2575 3593 2652">
     <span class='ocr_line' id='line_1_22' title="bbox 811 2575 3593 2652; baseline -0.005 -10"><span class='ocrx_word' id='word_1_183' title='bbox 811 2582 1015 2645; x_wconf 84' lang='lat' dir='ltr'><strong>Carnes</strong></span> <span class='ocrx_word' id='word_1_184' title='bbox 1061 2586 1231 2644; x_wconf 75' lang='lat' dir='ltr'><strong>suilla:</strong></span> <span class='ocrx_word' id='word_1_185' title='bbox 1272 2585 1320 2642; x_wconf 87' lang='lat' dir='ltr'><strong>si</strong></span> <span class='ocrx_word' id='word_1_186' title='bbox 1373 2584 1715 2641; x_wconf 91' lang='lat' dir='ltr'><strong>morticiuum</strong></span> <span class='ocrx_word' id='word_1_187' title='bbox 1760 2583 2047 2640; x_wconf 79' lang='lat' dir='ltr'><strong>comedent</strong></span> <span class='ocrx_word' id='word_1_188' title='bbox 2070 2625 2085 2652; x_wconf 90' lang='lat'><strong>,</strong></span> <span class='ocrx_word' id='word_1_189' title='bbox 2134 2596 2317 2638; x_wconf 74' lang='lat' dir='ltr'><strong>crassa</strong></span> <span class='ocrx_word' id='word_1_190' title='bbox 2428 2581 2534 2635; x_wconf 90' lang='lat' dir='ltr'><strong>mal</strong></span> <span class='ocrx_word' id='word_1_191' title='bbox 2564 2580 2619 2635; x_wconf 92' lang='lat' dir='ltr'><strong>iu</strong></span> <span class='ocrx_word' id='word_1_192' title='bbox 2648 2594 2777 2650; x_wconf 86' lang='lat' dir='ltr'><strong>agro</strong></span> <span class='ocrx_word' id='word_1_193' title='bbox 2800 2594 2921 2648; x_wconf 90' lang='lat' dir='ltr'><strong>suo,</strong></span> <span class='ocrx_word' id='word_1_194' title='bbox 2959 2593 3069 2635; x_wconf 93' lang='lat' dir='ltr'><strong>uon</strong></span> <span class='ocrx_word' id='word_1_195' title='bbox 3098 2575 3354 2633; x_wconf 87' lang='lat' dir='ltr'><strong>redditur</strong></span> <span class='ocrx_word' id='word_1_196' title='bbox 3386 2591 3484 2647; x_wconf 87' lang='lat' dir='ltr'><strong>pro</strong></span> <span class='ocrx_word' id='word_1_197' title='bbox 3507 2590 3593 2632; x_wconf 88' lang='lat' dir='ltr'><strong>eo.</strong></span> 
     </span>
    </p>
   </div>
   <div class='ocr_carea' id='block_1_23' title="bbox 736 2718 4028 2796">
    <p class='ocr_par' dir='ltr' id='par_1_23' title="bbox 742 2722 4024 2764">
     <span class='ocr_line' id='line_1_23' title="bbox 742 2722 4024 2764; baseline -0.005 -18"><span class='ocrx_word' id='word_1_198' title='bbox 742 2739 971 2753; x_wconf 53' lang='lat'><strong>,____.-...</strong></span> <span class='ocrx_word' id='word_1_199' title='bbox 1049 2740 1123 2747; x_wconf 77' lang='lat'><strong>..-.</strong></span> <span class='ocrx_word' id='word_1_200' title='bbox 1162 2737 1579 2746; x_wconf 73' lang='lat'><strong>.._._____._-_._...</strong></span> <span class='ocrx_word' id='word_1_201' title='bbox 1600 2737 1621 2743; x_wconf 83' lang='grc'><strong>-</strong></span> <span class='ocrx_word' id='word_1_202' title='bbox 1651 2736 1881 2742; x_wconf 42' lang='grc' dir='ltr'><strong>...η---νην</strong></span> <span class='ocrx_word' id='word_1_203' title='bbox 1932 2736 2005 2741; x_wconf 82' lang='grc'><strong>-.--</strong></span> <span class='ocrx_word' id='word_1_204' title='bbox 2030 2736 2081 2739; x_wconf 49' lang='grc' dir='ltr'><strong>η-</strong></span> <span class='ocrx_word' id='word_1_205' title='bbox 2100 2728 2889 2740; x_wconf 46' lang='grc' dir='ltr'><strong>--------»ρ-.---...-μ</strong></span> <span class='ocrx_word' id='word_1_206' title='bbox 2913 2722 4024 2764; x_wconf 39' lang='grc' dir='ltr'><strong>,π</strong></span> 
     </span>
    </p>
   </div>
   <div class='ocr_carea' id='block_1_24' title="bbox 1982 2865 2794 2911">
    <p class='ocr_par' dir='ltr' id='par_1_24' title="bbox 1982 2865 2794 2911">
     <span class='ocr_line' id='line_1_24' title="bbox 1982 2865 2794 2911; baseline -0.005 -1"><span class='ocrx_word' id='word_1_207' title='bbox 1982 2867 2121 2911; x_wconf 70' lang='lat' dir='ltr'><strong>ANNO</strong></span> <span class='ocrx_word' id='word_1_208' title='bbox 2160 2866 2366 2908; x_wconf 68' lang='lat' dir='ltr'><strong>SECULI</strong></span> <span class='ocrx_word' id='word_1_209' title='bbox 2405 2866 2501 2907; x_wconf 79' lang='grc' dir='ltr'>νιιι</span> <span class='ocrx_word' id='word_1_210' title='bbox 2540 2865 2794 2906; x_wconf 73' lang='lat' dir='ltr'><strong>INCER’I&#39;O.</strong></span> 
     </span>
    </p>
   </div>
   <div class='ocr_carea' id='block_1_25' title="bbox 1450 3001 3330 3241">
    <p class='ocr_par' dir='ltr' id='par_1_25' title="bbox 1450 3001 3330 3241">
     <span class='ocr_line' id='line_1_25' title="bbox 1450 3001 3330 3241; baseline -0.007 2"><span class='ocrx_word' id='word_1_211' title='bbox 1450 3001 3330 3241; x_wconf 75' lang='lat' dir='ltr'><strong>CRISCONIUS</strong></span> 
     </span>
    </p>
   </div>
   <div class='ocr_carea' id='block_1_26' title="bbox 1914 3352 2855 3422">
    <p class='ocr_par' dir='ltr' id='par_1_26' title="bbox 1914 3352 2855 3422">
     <span class='ocr_line' id='line_1_26' title="bbox 1914 3352 2855 3422; baseline -0.007 0"><span class='ocrx_word' id='word_1_212' title='bbox 1914 3354 2366 3422; x_wconf 80' lang='lat' dir='ltr'><strong>AFRICANUS</strong></span> <span class='ocrx_word' id='word_1_213' title='bbox 2407 3352 2855 3418; x_wconf 79' lang='lat' dir='ltr'><strong>EPISCOPUS.</strong></span> 
     </span>
    </p>
   </div>
   <div class='ocr_carea' id='block_1_27' title="bbox 1416 3606 3360 3700">
    <p class='ocr_par' dir='ltr' id='par_1_27' title="bbox 1416 3606 3360 3700">
     <span class='ocr_line' id='line_1_27' title="bbox 1416 3606 3360 3700; baseline -0.006 -2"><span class='ocrx_word' id='word_1_214' title='bbox 1416 3610 1855 3700; x_wconf 83' lang='lat' dir='ltr'><strong>NOTITIA</strong></span> <span class='ocrx_word' id='word_1_215' title='bbox 1912 3610 2469 3692; x_wconf 83' lang='lat' dir='ltr'><strong>HISTOBICA</strong></span> <span class='ocrx_word' id='word_1_216' title='bbox 2530 3610 2642 3692; x_wconf 90' lang='lat' dir='ltr'><strong>IN</strong></span> <span class='ocrx_word' id='word_1_217' title='bbox 2699 3606 3360 3691; x_wconf 80' lang='lat' dir='ltr'><strong>CRISCONIUM.</strong></span> 
     </span>
    </p>
   </div>
   <div class='ocr_carea' id='block_1_28' title="bbox 1923 3822 2851 3889">
    <p class='ocr_par' dir='ltr' id='par_1_28' title="bbox 1923 3822 2851 3889">
     <span class='ocr_line' id='line_1_28' title="bbox 1923 3822 2851 3889; baseline 0.002 -15"><span class='ocrx_word' id='word_1_218' title='bbox 1923 3822 2143 3887; x_wconf 80' lang='lat' dir='ltr'><strong>(Fabric.</strong></span> <span class='ocrx_word' id='word_1_219' title='bbox 2164 3822 2297 3876; x_wconf 84' lang='lat' dir='ltr'><strong>Bibl.</strong></span> <span class='ocrx_word' id='word_1_220' title='bbox 2319 3825 2452 3876; x_wconf 87' lang='lat' dir='ltr'><strong>med.</strong></span> <span class='ocrx_word' id='word_1_221' title='bbox 2470 3830 2524 3876; x_wconf 87' lang='lat' dir='ltr'><strong>et</strong></span> <span class='ocrx_word' id='word_1_222' title='bbox 2541 3822 2631 3878; x_wconf 82' lang='lat' dir='ltr'><strong>inf.</strong></span> <span class='ocrx_word' id='word_1_223' title='bbox 2648 3823 2851 3889; x_wconf 66' lang='lat' dir='ltr'><strong>etatis.)</strong></span> 
     </span>
    </p>
   </div>
   <div class='ocr_carea' id='block_1_29' title="bbox 818 4022 4037 4096">
    <p class='ocr_par' dir='ltr' id='par_1_29' title="bbox 818 4022 4037 4096">
     <span class='ocr_line' id='line_1_29' title="bbox 818 4022 4037 4096; baseline -0.003 -2"><span class='ocrx_word' id='word_1_224' title='bbox 818 4036 1121 4096; x_wconf 68' lang='lat' dir='ltr'><strong>Cresconius</strong></span> <span class='ocrx_word' id='word_1_225' title='bbox 1178 4030 1293 4089; x_wconf 79' lang='lat' dir='ltr'><strong>sive</strong></span> <span class='ocrx_word' id='word_1_226' title='bbox 1339 4027 1671 4094; x_wconf 72' lang='lat' dir='ltr'><strong>Crisconius,</strong></span> <span class='ocrx_word' id='word_1_227' title='bbox 1716 4024 2002 4095; x_wconf 89' lang='lat' dir='ltr'><strong>episcopus</strong></span> <span class='ocrx_word' id='word_1_228' title='bbox 2048 4022 2409 4088; x_wconf 81' lang='lat' dir='ltr'><strong>At‘n’canusC</strong></span> <span class='ocrx_word' id='word_1_229' title='bbox 2436 4026 2564 4082; x_wconf 92' lang='lat' dir='ltr'><strong>cisci</strong></span> <span class='ocrx_word' id='word_1_230' title='bbox 2603 4028 2673 4083; x_wconf 87' lang='lat' dir='ltr'><strong>de</strong></span> <span class='ocrx_word' id='word_1_231' title='bbox 2716 4026 3042 4082; x_wconf 86' lang='lat' dir='ltr'><strong>Hauteserre</strong></span> <span class='ocrx_word' id='word_1_232' title='bbox 3089 4043 3119 4081; x_wconf 91' lang='lat' dir='ltr'><strong>a</strong></span> <span class='ocrx_word' id='word_1_233' title='bbox 3167 4026 3474 4095; x_wconf 82' lang='lat' dir='ltr'><strong>Salvaizon)</strong></span> <span class='ocrx_word' id='word_1_234' title='bbox 3523 4023 3860 4093; x_wconf 86' lang='lat' dir='ltr'><strong>editionem,</strong></span> <span class='ocrx_word' id='word_1_235' title='bbox 3915 4042 4037 4085; x_wconf 85' lang='lat' dir='ltr'><strong>cum</strong></span> 
     </span>
    </p>
   </div>
   <div class='ocr_carea' id='block_1_30' title="bbox 743 4112 4042 4192">
    <p class='ocr_par' dir='ltr' id='par_1_30' title="bbox 743 4112 4042 4192">
     <span class='ocr_line' id='line_1_30' title="bbox 743 4112 4042 4192; baseline -0.003 -4"><span class='ocrx_word' id='word_1_236' title='bbox 743 4130 890 4188; x_wconf 83' lang='lat' dir='ltr'><strong>circa</strong></span> <span class='ocrx_word' id='word_1_237' title='bbox 912 4142 1001 4182; x_wconf 89' lang='lat' dir='ltr'><strong>an.</strong></span> <span class='ocrx_word' id='word_1_238' title='bbox 1029 4122 1131 4179; x_wconf 78' lang='lat'><strong>570</strong></span> <span class='ocrx_word' id='word_1_239' title='bbox 1155 4162 1173 4191; x_wconf 93' lang='lat'><strong>,</strong></span> <span class='ocrx_word' id='word_1_240' title='bbox 1219 4120 1437 4192; x_wconf 88' lang='lat' dir='ltr'><strong>scripsit</strong></span> <span class='ocrx_word' id='word_1_241' title='bbox 1460 4118 1775 4173; x_wconf 79' lang='lat' dir='ltr'><strong>Breciarium</strong></span> <span class='ocrx_word' id='word_1_242' title='bbox 1805 4112 2072 4170; x_wconf 86' lang='lat' dir='ltr'><strong>Canonum</strong></span> <span class='ocrx_word' id='word_1_243' title='bbox 2098 4114 2164 4169; x_wconf 90' lang='lat' dir='ltr'><strong>ad</strong></span> <span class='ocrx_word' id='word_1_244' title='bbox 2209 4114 2326 4185; x_wconf 87' lang='lat' dir='ltr'><strong>epi-</strong></span> <span class='ocrx_word' id='word_1_245' title='bbox 2433 4119 2578 4174; x_wconf 88' lang='lat' dir='ltr'><strong>notis</strong></span> <span class='ocrx_word' id='word_1_246' title='bbox 2606 4126 2663 4174; x_wconf 89' lang='lat' dir='ltr'><strong>et</strong></span> <span class='ocrx_word' id='word_1_247' title='bbox 2708 4118 2973 4189; x_wconf 81' lang='lat' dir='ltr'><strong>Fulgeuu&#39;i</strong></span> <span class='ocrx_word' id='word_1_248' title='bbox 3004 4117 3265 4174; x_wconf 84' lang='lat' dir='ltr'><strong>Ferrandi</strong></span> <span class='ocrx_word' id='word_1_249' title='bbox 3296 4116 3657 4187; x_wconf 74' lang='lat' dir='ltr'><strong>brevia&#39;ione,</strong></span> <span class='ocrx_word' id='word_1_250' title='bbox 3704 4120 4042 4189; x_wconf 81' lang='lat' dir='ltr'><strong>Augustoriti</strong></span> 
     </span>
    </p>
   </div>
   <div class='ocr_carea' id='block_1_31' title="bbox 744 4206 4037 4291">
    <p class='ocr_par' dir='ltr' id='par_1_31' title="bbox 744 4206 4037 4291">
     <span class='ocr_line' id='line_1_31' title="bbox 744 4206 4037 4291; baseline -0.003 -13"><span class='ocrx_word' id='word_1_251' title='bbox 744 4215 1300 4291; x_wconf 80' lang='lat' dir='ltr'><strong>scopumLibei-inum</strong></span> <span class='ocrx_word' id='word_1_252' title='bbox 1321 4226 1418 4283; x_wconf 84' lang='lat' dir='ltr'><strong>per</strong></span> <span class='ocrx_word' id='word_1_253' title='bbox 1447 4210 1737 4266; x_wconf 50' lang='lat' dir='ltr'><strong>titulosncc</strong></span> <span class='ocrx_word' id='word_1_254' title='bbox 1760 4208 1834 4279; x_wconf 84' lang='lat' dir='ltr'><strong>(iu</strong></span> <span class='ocrx_word' id='word_1_255' title='bbox 1857 4206 2329 4263; x_wconf 83' lang='lat' dir='ltr'><strong>codicellelmsta-</strong></span> <span class='ocrx_word' id='word_1_256' title='bbox 2430 4210 2736 4276; x_wconf 80' lang='lat' dir='ltr'><strong>Pictonum.</strong></span> <span class='ocrx_word' id='word_1_257' title='bbox 2786 4211 2942 4273; x_wconf 73' lang='lat'><strong>1630.</strong></span> <span class='ocrx_word' id='word_1_258' title='bbox 3001 4212 3080 4277; x_wconf 63' lang='grc' dir='ltr'><strong>ιε’,</strong></span> <span class='ocrx_word' id='word_1_259' title='bbox 3136 4213 3187 4265; x_wconf 92' lang='lat' dir='ltr'><strong>in</strong></span> <span class='ocrx_word' id='word_1_260' title='bbox 3243 4226 3348 4279; x_wconf 80' lang='lat' dir='ltr'><strong>qua</strong></span> <span class='ocrx_word' id='word_1_261' title='bbox 3395 4210 3657 4265; x_wconf 77' lang='lat' dir='ltr'><strong>indiculus</strong></span> <span class='ocrx_word' id='word_1_262' title='bbox 3706 4210 4037 4268; x_wconf 82' lang='lat' dir='ltr'><strong>breviationi</strong></span> 
     </span>
    </p>
   </div>
   <div class='ocr_carea' id='block_1_32' title="bbox 743 4300 4039 4384">
    <p class='ocr_par' dir='ltr' id='par_1_32' title="bbox 743 4300 4039 4384">
     <span class='ocr_line' id='line_1_32' title="bbox 743 4300 4039 4384; baseline -0.003 -15"><span class='ocrx_word' id='word_1_263' title='bbox 743 4312 921 4370; x_wconf 81' lang='lat' dir='ltr'><strong>diensi</strong></span> <span class='ocrx_word' id='word_1_264' title='bbox 952 4308 1032 4384; x_wconf 83' lang='grc' dir='ltr'><strong>[α]</strong></span> <span class='ocrx_word' id='word_1_265' title='bbox 1072 4307 1249 4374; x_wconf 82' lang='lat' dir='ltr'><strong>cccui)</strong></span> <span class='ocrx_word' id='word_1_266' title='bbox 1286 4305 1547 4375; x_wconf 77' lang='lat' dir='ltr'><strong>digestum</strong></span> <span class='ocrx_word' id='word_1_267' title='bbox 1598 4318 1663 4357; x_wconf 79' lang='lat' dir='ltr'><strong>ex</strong></span> <span class='ocrx_word' id='word_1_268' title='bbox 1707 4304 2001 4357; x_wconf 74' lang='lat' dir='ltr'><strong>canonilius</strong></span> <span class='ocrx_word' id='word_1_269' title='bbox 2050 4300 2329 4367; x_wconf 76' lang='lat' dir='ltr'><strong>apostolo-</strong></span> <span class='ocrx_word' id='word_1_270' title='bbox 2432 4305 2684 4374; x_wconf 76' lang='lat' dir='ltr'><strong>antiquus</strong></span> <span class='ocrx_word' id='word_1_271' title='bbox 2719 4319 2841 4360; x_wconf 90' lang='lat' dir='ltr'><strong>cum</strong></span> <span class='ocrx_word' id='word_1_272' title='bbox 2891 4304 3031 4359; x_wconf 86' lang='lat' dir='ltr'><strong>notis</strong></span> <span class='ocrx_word' id='word_1_273' title='bbox 3075 4304 3385 4359; x_wconf 86' lang='lat' dir='ltr'><strong>annectitur</strong></span> <span class='ocrx_word' id='word_1_274' title='bbox 3424 4319 3439 4357; x_wconf 88' lang='lat'><strong>:</strong></span> <span class='ocrx_word' id='word_1_275' title='bbox 3494 4312 3548 4357; x_wconf 89' lang='lat' dir='ltr'><strong>ct</strong></span> <span class='ocrx_word' id='word_1_276' title='bbox 3584 4310 3708 4373; x_wconf 89' lang='lat' dir='ltr'><strong>post</strong></span> <span class='ocrx_word' id='word_1_277' title='bbox 3740 4303 4039 4360; x_wconf 88' lang='lat' dir='ltr'><strong>editionem</strong></span> 
     </span>
    </p>
   </div>
   <div class='ocr_carea' id='block_1_33' title="bbox 747 4392 4042 4470">
    <p class='ocr_par' dir='ltr' id='par_1_33' title="bbox 747 4392 4042 4470">
     <span class='ocr_line' id='line_1_33' title="bbox 747 4392 4042 4470; baseline -0.004 -8"><span class='ocrx_word' id='word_1_278' title='bbox 747 4422 901 4470; x_wconf 86' lang='lat' dir='ltr'><strong>rum,</strong></span> <span class='ocrx_word' id='word_1_279' title='bbox 960 4412 1017 4458; x_wconf 93' lang='lat' dir='ltr'><strong>et</strong></span> <span class='ocrx_word' id='word_1_280' title='bbox 1089 4400 1350 4464; x_wconf 72' lang='lat' dir='ltr'><strong>Niczenis,</strong></span> <span class='ocrx_word' id='word_1_281' title='bbox 1405 4395 1732 4468; x_wconf 84' lang='lat' dir='ltr'><strong>Ancyranis,</strong></span> <span class='ocrx_word' id='word_1_282' title='bbox 1786 4393 2329 4459; x_wconf 69' lang='lat' dir='ltr'><strong>Neoeasariensibus.</strong></span> <span class='ocrx_word' id='word_1_283' title='bbox 2433 4392 2580 4450; x_wconf 86' lang='lat' dir='ltr'><strong>Petri</strong></span> <span class='ocrx_word' id='word_1_284' title='bbox 2631 4393 2908 4450; x_wconf 71' lang='lat' dir='ltr'><strong>Fraucisci</strong></span> <span class='ocrx_word' id='word_1_285' title='bbox 2959 4392 3197 4449; x_wconf 83' lang='lat' dir='ltr'><strong>Chilletii</strong></span> <span class='ocrx_word' id='word_1_286' title='bbox 3270 4393 3402 4450; x_wconf 86' lang='lat' dir='ltr'><strong>S.J.</strong></span> <span class='ocrx_word' id='word_1_287' title='bbox 3458 4394 3678 4451; x_wconf 79' lang='lat' dir='ltr'><strong>Divione</strong></span> <span class='ocrx_word' id='word_1_288' title='bbox 3737 4394 3915 4461; x_wconf 70' lang='lat' dir='ltr'><strong>1M9,</strong></span> <span class='ocrx_word' id='word_1_289' title='bbox 3979 4395 4042 4449; x_wconf 65' lang='grc' dir='ltr'><strong>4ο</strong></span> 
     </span>
    </p>
   </div>
   <div class='ocr_carea' id='block_1_34' title="bbox 744 4485 4041 4566">
    <p class='ocr_par' dir='ltr' id='par_1_34' title="bbox 744 4485 4041 4566">
     <span class='ocr_line' id='line_1_34' title="bbox 744 4485 4041 4566; baseline -0.003 -14"><span class='ocrx_word' id='word_1_290' title='bbox 744 4494 1169 4566; x_wconf 82' lang='lat' dir='ltr'><strong>Gangrensihus,</strong></span> <span class='ocrx_word' id='word_1_291' title='bbox 1190 4489 1557 4553; x_wconf 80' lang='lat' dir='ltr'><strong>Antiocheuis,</strong></span> <span class='ocrx_word' id='word_1_292' title='bbox 1578 4485 2334 4552; x_wconf 82' lang='lat' dir='ltr'><strong>Laodicensibus,Chalcedo—</strong></span> <span class='ocrx_word' id='word_1_293' title='bbox 2435 4487 2770 4543; x_wconf 85' lang='lat' dir='ltr'><strong>emendatius</strong></span> <span class='ocrx_word' id='word_1_294' title='bbox 2804 4502 3051 4542; x_wconf 59' lang='lat' dir='ltr'><strong>recusum</strong></span> <span class='ocrx_word' id='word_1_295' title='bbox 3074 4496 3155 4541; x_wconf 89' lang='lat' dir='ltr'><strong>est</strong></span> <span class='ocrx_word' id='word_1_296' title='bbox 3187 4486 3261 4557; x_wconf 89' lang='lat' dir='ltr'><strong>(b)</strong></span> <span class='ocrx_word' id='word_1_297' title='bbox 3290 4485 3675 4543; x_wconf 81' lang='lat' dir='ltr'><strong>liocCrescouii</strong></span> <span class='ocrx_word' id='word_1_298' title='bbox 3701 4487 4041 4543; x_wconf 78' lang='lat' dir='ltr'><strong>Breviarium</strong></span> 
     </span>
    </p>
   </div>
   <div class='ocr_carea' id='block_1_35' title="bbox 744 4578 4042 4653">
    <p class='ocr_par' dir='ltr' id='par_1_35' title="bbox 744 4578 4042 4653">
     <span class='ocr_line' id='line_1_35' title="bbox 744 4578 4042 4653; baseline -0.003 -9"><span class='ocrx_word' id='word_1_299' title='bbox 744 4583 1464 4652; x_wconf 80' lang='lat' dir='ltr'><strong>nensibus,Sardiceusibus,</strong></span> <span class='ocrx_word' id='word_1_300' title='bbox 1499 4581 2048 4653; x_wconf 79' lang='lat' dir='ltr'><strong>Crthaginiensibus.</strong></span> <span class='ocrx_word' id='word_1_301' title='bbox 2093 4596 2191 4637; x_wconf 84' lang='lat' dir='ltr'><strong>nec</strong></span> <span class='ocrx_word' id='word_1_302' title='bbox 2226 4596 2333 4635; x_wconf 90' lang='lat' dir='ltr'><strong>non</strong></span> <span class='ocrx_word' id='word_1_303' title='bbox 2434 4580 2488 4634; x_wconf 89' lang='lat' dir='ltr'><strong>in</strong></span> <span class='ocrx_word' id='word_1_304' title='bbox 2543 4590 2692 4635; x_wconf 88' lang='lat' dir='ltr'><strong>tomo</strong></span> <span class='ocrx_word' id='word_1_305' title='bbox 2744 4579 2764 4633; x_wconf 92' lang='lat' dir='ltr'><strong>l</strong></span> <span class='ocrx_word' id='word_1_306' title='bbox 2815 4578 3156 4634; x_wconf 68' lang='lat' dir='ltr'><strong>Bibliotheca:</strong></span> <span class='ocrx_word' id='word_1_307' title='bbox 3210 4578 3498 4635; x_wconf 71' lang='lat' dir='ltr'><strong>Canonica:</strong></span> <span class='ocrx_word' id='word_1_308' title='bbox 3549 4579 3689 4636; x_wconf 83' lang='lat' dir='ltr'><strong>Gul.</strong></span> <span class='ocrx_word' id='word_1_309' title='bbox 3738 4579 3922 4635; x_wconf 82' lang='lat' dir='ltr'><strong>Vuelli</strong></span> <span class='ocrx_word' id='word_1_310' title='bbox 3984 4586 4042 4636; x_wconf 92' lang='lat' dir='ltr'><strong>et</strong></span> 
     </span>
    </p>
   </div>
   <div class='ocr_carea' id='block_1_36' title="bbox 743 4668 4040 4749">
    <p class='ocr_par' dir='ltr' id='par_1_36' title="bbox 743 4668 4040 4749">
     <span class='ocr_line' id='line_1_36' title="bbox 743 4668 4040 4749; baseline -0.003 -13"><span class='ocrx_word' id='word_1_311' title='bbox 743 4694 812 4736; x_wconf 85' lang='lat' dir='ltr'><strong>ex</strong></span> <span class='ocrx_word' id='word_1_312' title='bbox 828 4679 1059 4737; x_wconf 89' lang='lat' dir='ltr'><strong>decretis</strong></span> <span class='ocrx_word' id='word_1_313' title='bbox 1081 4676 1366 4749; x_wconf 74' lang='lat' dir='ltr'><strong>prmsulum</strong></span> <span class='ocrx_word' id='word_1_314' title='bbox 1387 4675 1777 4741; x_wconf 78' lang='lat' dir='ltr'><strong>Romanorum,</strong></span> <span class='ocrx_word' id='word_1_315' title='bbox 1802 4690 1919 4743; x_wconf 72' lang='lat' dir='ltr'><strong>qum</strong></span> <span class='ocrx_word' id='word_1_316' title='bbox 1941 4674 2145 4742; x_wconf 79' lang='lat' dir='ltr'><strong>primus</strong></span> <span class='ocrx_word' id='word_1_317' title='bbox 2166 4673 2336 4729; x_wconf 84' lang='lat' dir='ltr'><strong>Cano-</strong></span> <span class='ocrx_word' id='word_1_318' title='bbox 2440 4670 2606 4726; x_wconf 81' lang='lat' dir='ltr'><strong>llenr.</strong></span> <span class='ocrx_word' id='word_1_319' title='bbox 2638 4669 2870 4738; x_wconf 84' lang='lat' dir='ltr'><strong>.lustelli,</strong></span> <span class='ocrx_word' id='word_1_320' title='bbox 2902 4683 3022 4739; x_wconf 79' lang='lat' dir='ltr'><strong>pag.</strong></span> <span class='ocrx_word' id='word_1_321' title='bbox 3054 4668 3179 4736; x_wconf 67' lang='lat'><strong>458,</strong></span> <span class='ocrx_word' id='word_1_322' title='bbox 3214 4668 3380 4726; x_wconf 81' lang='lat' dir='ltr'><strong>Paris.</strong></span> <span class='ocrx_word' id='word_1_323' title='bbox 3408 4669 3565 4739; x_wconf 78' lang='lat' dir='ltr'><strong>ltitit,</strong></span> <span class='ocrx_word' id='word_1_324' title='bbox 3598 4671 3715 4737; x_wconf 81' lang='lat' dir='ltr'><strong>ful.,</strong></span> <span class='ocrx_word' id='word_1_325' title='bbox 3748 4671 3842 4727; x_wconf 91' lang='lat' dir='ltr'><strong>ubi</strong></span> <span class='ocrx_word' id='word_1_326' title='bbox 3873 4671 4040 4727; x_wconf 86' lang='lat' dir='ltr'><strong>etiam</strong></span> 
     </span>
    </p>
   </div>
   <div class='ocr_carea' id='block_1_37' title="bbox 744 4762 4044 4835">
    <p class='ocr_par' dir='ltr' id='par_1_37' title="bbox 744 4762 4044 4835">
     <span class='ocr_line' id='line_1_37' title="bbox 744 4762 4044 4835; baseline -0.001 -12"><span class='ocrx_word' id='word_1_327' title='bbox 744 4770 903 4825; x_wconf 88' lang='lat' dir='ltr'><strong>nibus</strong></span> <span class='ocrx_word' id='word_1_328' title='bbox 940 4768 1168 4824; x_wconf 83' lang='lat' dir='ltr'><strong>sociavit</strong></span> <span class='ocrx_word' id='word_1_329' title='bbox 1189 4766 1570 4822; x_wconf 74' lang='lat' dir='ltr'><strong>ecclesiasticis</strong></span> <span class='ocrx_word' id='word_1_330' title='bbox 1600 4765 1866 4835; x_wconf 81' lang='lat' dir='ltr'><strong>primique</strong></span> <span class='ocrx_word' id='word_1_331' title='bbox 1894 4781 1957 4819; x_wconf 83' lang='lat' dir='ltr'><strong>ex</strong></span> <span class='ocrx_word' id='word_1_332' title='bbox 1994 4766 2098 4819; x_wconf 88' lang='lat' dir='ltr'><strong>illis</strong></span> <span class='ocrx_word' id='word_1_333' title='bbox 2130 4765 2332 4830; x_wconf 84' lang='lat' dir='ltr'><strong>Siricii,</strong></span> <span class='ocrx_word' id='word_1_334' title='bbox 2441 4765 2682 4834; x_wconf 68' lang='lat' dir='ltr'><strong>duplices</strong></span> <span class='ocrx_word' id='word_1_335' title='bbox 2711 4764 2912 4819; x_wconf 84' lang='lat' dir='ltr'><strong>indices</strong></span> <span class='ocrx_word' id='word_1_336' title='bbox 2940 4763 3239 4819; x_wconf 87' lang='lat' dir='ltr'><strong>harmoniei</strong></span> <span class='ocrx_word' id='word_1_337' title='bbox 3263 4764 3315 4818; x_wconf 91' lang='lat' dir='ltr'><strong>in</strong></span> <span class='ocrx_word' id='word_1_338' title='bbox 3345 4762 3385 4818; x_wconf 88' lang='lat' dir='ltr'><strong>F</strong></span> <span class='ocrx_word' id='word_1_339' title='bbox 3389 4763 3678 4819; x_wconf 88' lang='lat' dir='ltr'><strong>errandum</strong></span> <span class='ocrx_word' id='word_1_340' title='bbox 3711 4774 3768 4819; x_wconf 90' lang='lat' dir='ltr'><strong>et</strong></span> <span class='ocrx_word' id='word_1_341' title='bbox 3811 4763 4044 4821; x_wconf 88' lang='lat' dir='ltr'><strong>Cresco-</strong></span> 
     </span>
    </p>
   </div>
   <div class='ocr_carea' id='block_1_38' title="bbox 748 4854 4038 4925">
    <p class='ocr_par' dir='ltr' id='par_1_38' title="bbox 748 4854 4038 4925">
     <span class='ocr_line' id='line_1_38' title="bbox 748 4854 4038 4925; baseline -0.002 -10"><span class='ocrx_word' id='word_1_342' title='bbox 748 4870 865 4915; x_wconf 88' lang='lat' dir='ltr'><strong>tum</strong></span> <span class='ocrx_word' id='word_1_343' title='bbox 908 4859 1223 4924; x_wconf 88' lang='lat' dir='ltr'><strong>Innocentii,</strong></span> <span class='ocrx_word' id='word_1_344' title='bbox 1252 4859 1470 4925; x_wconf 84' lang='lat' dir='ltr'><strong>Zosimi,</strong></span> <span class='ocrx_word' id='word_1_345' title='bbox 1493 4858 1792 4925; x_wconf 72' lang='lat' dir='ltr'><strong>leestiui,</strong></span> <span class='ocrx_word' id='word_1_346' title='bbox 1814 4857 2009 4914; x_wconf 77' lang='lat' dir='ltr'><strong>Leonis</strong></span> <span class='ocrx_word' id='word_1_347' title='bbox 2030 4866 2085 4912; x_wconf 94' lang='lat' dir='ltr'><strong>et</strong></span> <span class='ocrx_word' id='word_1_348' title='bbox 2109 4856 2331 4914; x_wconf 82' lang='lat' dir='ltr'><strong>Gelasii.</strong></span> <span class='ocrx_word' id='word_1_349' title='bbox 2443 4859 2841 4918; x_wconf 75' lang='lat' dir='ltr'><strong>niutuexstant,</strong></span> <span class='ocrx_word' id='word_1_350' title='bbox 2872 4854 3001 4909; x_wconf 82' lang='lat' dir='ltr'><strong>etin</strong></span> <span class='ocrx_word' id='word_1_351' title='bbox 3032 4854 3327 4924; x_wconf 77' lang='lat' dir='ltr'><strong>appendice</strong></span> <span class='ocrx_word' id='word_1_352' title='bbox 3354 4863 3637 4925; x_wconf 61' lang='lat' dir='ltr'><strong>praeterea,</strong></span> <span class='ocrx_word' id='word_1_353' title='bbox 3662 4868 3786 4924; x_wconf 83' lang='lat' dir='ltr'><strong>pag.</strong></span> <span class='ocrx_word' id='word_1_354' title='bbox 3814 4854 4038 4923; x_wconf 67' lang='lat'><strong>54,112,</strong></span> 
     </span>
    </p>
   </div>
   <div class='ocr_carea' id='block_1_39' title="bbox 741 4944 4034 5020">
    <p class='ocr_par' dir='ltr' id='par_1_39' title="bbox 741 4944 4034 5020">
     <span class='ocr_line' id='line_1_39' title="bbox 741 4944 4034 5020; baseline -0.001 -15"><span class='ocrx_word' id='word_1_355' title='bbox 741 4951 957 5005; x_wconf 85' lang='lat' dir='ltr'><strong>Editum</strong></span> <span class='ocrx_word' id='word_1_356' title='bbox 982 4952 1211 5020; x_wconf 86' lang='lat' dir='ltr'><strong>primum</strong></span> <span class='ocrx_word' id='word_1_357' title='bbox 1233 4957 1316 5006; x_wconf 90' lang='lat' dir='ltr'><strong>est</strong></span> <span class='ocrx_word' id='word_1_358' title='bbox 1337 4952 1441 5005; x_wconf 82' lang='lat' dir='ltr'><strong>hoc</strong></span> <span class='ocrx_word' id='word_1_359' title='bbox 1465 4949 1790 5004; x_wconf 80' lang='lat' dir='ltr'><strong>Breviarium</strong></span> <span class='ocrx_word' id='word_1_360' title='bbox 1811 4964 1841 5002; x_wconf 91' lang='lat' dir='ltr'><strong>a</strong></span> <span class='ocrx_word' id='word_1_361' title='bbox 1866 4949 2022 5003; x_wconf 84' lang='lat' dir='ltr'><strong>Petro</strong></span> <span class='ocrx_word' id='word_1_362' title='bbox 2044 4948 2245 5003; x_wconf 70' lang='lat' dir='ltr'><strong>I’ithmo</strong></span> <span class='ocrx_word' id='word_1_363' title='bbox 2268 4963 2336 5002; x_wconf 81' lang='lat' dir='ltr'><strong>ex</strong></span> <span class='ocrx_word' id='word_1_364' title='bbox 2443 4947 2683 5015; x_wconf 88' lang='lat' dir='ltr'><strong>ejusdem</strong></span> <span class='ocrx_word' id='word_1_365' title='bbox 2734 4945 3008 5001; x_wconf 80' lang='lat' dir='ltr'><strong>Cresconii</strong></span> <span class='ocrx_word' id='word_1_366' title='bbox 3060 4946 3360 5000; x_wconf 79' lang='lat' dir='ltr'><strong>Concordia</strong></span> <span class='ocrx_word' id='word_1_367' title='bbox 3412 4944 3690 5001; x_wconf 88' lang='lat' dir='ltr'><strong>Canonum</strong></span> <span class='ocrx_word' id='word_1_368' title='bbox 3712 4985 3727 5009; x_wconf 90' lang='lat'><strong>,</strong></span> <span class='ocrx_word' id='word_1_369' title='bbox 3777 4945 4034 5003; x_wconf 85' lang='lat' dir='ltr'><strong>Canones</strong></span> 
     </span>
    </p>
   </div>
   <div class='ocr_carea' id='block_1_40' title="bbox 743 5036 4042 5111">
    <p class='ocr_par' dir='ltr' id='par_1_40' title="bbox 743 5036 4042 5111">
     <span class='ocr_line' id='line_1_40' title="bbox 743 5036 4042 5111; baseline -0.001 -14"><span class='ocrx_word' id='word_1_370' title='bbox 743 5043 932 5097; x_wconf 84' lang='lat' dir='ltr'><strong>codice</strong></span> <span class='ocrx_word' id='word_1_371' title='bbox 956 5058 1056 5096; x_wconf 87' lang='lat' dir='ltr'><strong>lIlS.</strong></span> <span class='ocrx_word' id='word_1_372' title='bbox 1088 5040 1328 5095; x_wconf 75' lang='lat' dir='ltr'><strong>ecclesia:</strong></span> <span class='ocrx_word' id='word_1_373' title='bbox 1358 5039 1640 5095; x_wconf 81' lang='lat' dir='ltr'><strong>Trecensis</strong></span> <span class='ocrx_word' id='word_1_374' title='bbox 1660 5082 1677 5108; x_wconf 96' lang='lat'><strong>,</strong></span> <span class='ocrx_word' id='word_1_375' title='bbox 1710 5040 1823 5094; x_wconf 52' lang='lat' dir='ltr'><strong>site</strong></span> <span class='ocrx_word' id='word_1_376' title='bbox 1854 5037 2193 5103; x_wconf 75' lang='lat' dir='ltr'><strong>Tricassinze,</strong></span> <span class='ocrx_word' id='word_1_377' title='bbox 2232 5053 2338 5092; x_wconf 89' lang='lat' dir='ltr'><strong>una</strong></span> <span class='ocrx_word' id='word_1_378' title='bbox 2444 5041 2590 5111; x_wconf 79' lang='lat' dir='ltr'><strong>ip~os</strong></span> <span class='ocrx_word' id='word_1_379' title='bbox 2621 5048 2676 5094; x_wconf 87' lang='lat' dir='ltr'><strong>et</strong></span> <span class='ocrx_word' id='word_1_380' title='bbox 2702 5039 2919 5094; x_wconf 88' lang='lat' dir='ltr'><strong>decreta</strong></span> <span class='ocrx_word' id='word_1_381' title='bbox 2971 5039 3161 5094; x_wconf 86' lang='lat' dir='ltr'><strong>eodem</strong></span> <span class='ocrx_word' id='word_1_382' title='bbox 3203 5036 3391 5094; x_wconf 81' lang='lat' dir='ltr'><strong>ordine</strong></span> <span class='ocrx_word' id='word_1_383' title='bbox 3420 5053 3516 5107; x_wconf 88' lang='lat' dir='ltr'><strong>per</strong></span> <span class='ocrx_word' id='word_1_384' title='bbox 3546 5037 3736 5093; x_wconf 90' lang='lat' dir='ltr'><strong>titulos</strong></span> <span class='ocrx_word' id='word_1_385' title='bbox 3763 5047 4042 5095; x_wconf 83' lang='lat' dir='ltr'><strong>trecentos</strong></span> 
     </span>
    </p>
   </div>
   <div class='ocr_carea' id='block_1_41' title="bbox 744 5125 4043 5202">
    <p class='ocr_par' dir='ltr' id='par_1_41' title="bbox 744 5125 4043 5202">
     <span class='ocr_line' id='line_1_41' title="bbox 744 5125 4043 5202; baseline -0.001 -16"><span class='ocrx_word' id='word_1_386' title='bbox 744 5146 868 5187; x_wconf 90' lang='lat' dir='ltr'><strong>cum</strong></span> <span class='ocrx_word' id='word_1_387' title='bbox 899 5131 1161 5202; x_wconf 82' lang='lat' dir='ltr'><strong>Futgenlii</strong></span> <span class='ocrx_word' id='word_1_388' title='bbox 1190 5129 1472 5196; x_wconf 80' lang='lat' dir='ltr'><strong>Ferraudi,</strong></span> <span class='ocrx_word' id='word_1_389' title='bbox 1522 5130 1722 5185; x_wconf 75' lang='lat' dir='ltr'><strong>laudati</strong></span> <span class='ocrx_word' id='word_1_390' title='bbox 1762 5129 2083 5193; x_wconf 82' lang='lat' dir='ltr'><strong>Cresconio,</strong></span> <span class='ocrx_word' id='word_1_391' title='bbox 2124 5128 2339 5184; x_wconf 88' lang='lat' dir='ltr'><strong>concin-</strong></span> <span class='ocrx_word' id='word_1_392' title='bbox 2444 5131 2714 5200; x_wconf 79' lang='lat' dir='ltr'><strong>descripta</strong></span> <span class='ocrx_word' id='word_1_393' title='bbox 2758 5129 3017 5183; x_wconf 79' lang='lat' dir='ltr'><strong>exhibens</strong></span> <span class='ocrx_word' id='word_1_394' title='bbox 3060 5143 3127 5183; x_wconf 78' lang='lat' dir='ltr'><strong>ex</strong></span> <span class='ocrx_word' id='word_1_395' title='bbox 3170 5127 3355 5183; x_wconf 87' lang='lat' dir='ltr'><strong>codice</strong></span> <span class='ocrx_word' id='word_1_396' title='bbox 3402 5144 3505 5183; x_wconf 91' lang='lat' dir='ltr'><strong>ms.</strong></span> <span class='ocrx_word' id='word_1_397' title='bbox 3539 5126 3673 5182; x_wconf 83' lang='lat' dir='ltr'><strong>Bibl.</strong></span> <span class='ocrx_word' id='word_1_398' title='bbox 3716 5125 4043 5184; x_wconf 87' lang='lat' dir='ltr'><strong>Claromon-</strong></span> 
     </span>
    </p>
   </div>
   <div class='ocr_carea' id='block_1_42' title="bbox 746 5218 4040 5290">
    <p class='ocr_par' dir='ltr' id='par_1_42' title="bbox 746 5218 4040 5290">
     <span class='ocr_line' id='line_1_42' title="bbox 746 5218 4040 5290; baseline -0.001 -13"><span class='ocrx_word' id='word_1_399' title='bbox 746 5230 871 5277; x_wconf 71' lang='lat' dir='ltr'><strong>nata</strong></span> <span class='ocrx_word' id='word_1_400' title='bbox 903 5224 1046 5277; x_wconf 87' lang='lat' dir='ltr'><strong>circa</strong></span> <span class='ocrx_word' id='word_1_401' title='bbox 1079 5238 1275 5275; x_wconf 82' lang='lat' dir='ltr'><strong>auuum</strong></span> <span class='ocrx_word' id='word_1_402' title='bbox 1315 5220 1419 5275; x_wconf 67' lang='grc'><strong>450</strong></span> <span class='ocrx_word' id='word_1_403' title='bbox 1470 5220 1807 5276; x_wconf 79' lang='lat' dir='ltr'><strong>breviatioue</strong></span> <span class='ocrx_word' id='word_1_404' title='bbox 1833 5222 2144 5285; x_wconf 74' lang='lat' dir='ltr'><strong>(lauonum,</strong></span> <span class='ocrx_word' id='word_1_405' title='bbox 2185 5218 2338 5273; x_wconf 81' lang='lat' dir='ltr'><strong>Pari-</strong></span> <span class='ocrx_word' id='word_1_406' title='bbox 2446 5232 2585 5278; x_wconf 61' lang='lat' dir='ltr'><strong>tanta</strong></span> <span class='ocrx_word' id='word_1_407' title='bbox 2623 5226 2683 5277; x_wconf 76' lang='lat' dir='ltr'><strong>S.</strong></span> <span class='ocrx_word' id='word_1_408' title='bbox 2725 5221 2772 5276; x_wconf 87' lang='lat' dir='ltr'><strong>J.</strong></span> <span class='ocrx_word' id='word_1_409' title='bbox 2809 5221 3074 5275; x_wconf 85' lang='lat' dir='ltr'><strong>Recusum</strong></span> <span class='ocrx_word' id='word_1_410' title='bbox 3113 5219 3308 5276; x_wconf 86' lang='lat' dir='ltr'><strong>deinde</strong></span> <span class='ocrx_word' id='word_1_411' title='bbox 3362 5218 3692 5275; x_wconf 81' lang='lat' dir='ltr'><strong>Breviarium</strong></span> <span class='ocrx_word' id='word_1_412' title='bbox 3732 5233 3955 5290; x_wconf 85' lang='lat' dir='ltr'><strong>quoque</strong></span> <span class='ocrx_word' id='word_1_413' title='bbox 3983 5221 4040 5276; x_wconf 90' lang='lat' dir='ltr'><strong>in</strong></span> 
     </span>
    </p>
   </div>
   <div class='ocr_carea' id='block_1_43' title="bbox 744 5308 4039 5382">
    <p class='ocr_par' dir='ltr' id='par_1_43' title="bbox 744 5308 4039 5382">
     <span class='ocr_line' id='line_1_43' title="bbox 744 5308 4039 5382; baseline 0.001 -17"><span class='ocrx_word' id='word_1_414' title='bbox 744 5314 839 5367; x_wconf 86' lang='lat' dir='ltr'><strong>siis</strong></span> <span class='ocrx_word' id='word_1_415' title='bbox 897 5313 1057 5382; x_wconf 71' lang='lat'><strong>1588,</strong></span> <span class='ocrx_word' id='word_1_416' title='bbox 1079 5314 1137 5368; x_wconf 82' lang='lat'><strong>8&quot;</strong></span> <span class='ocrx_word' id='word_1_417' title='bbox 1158 5355 1172 5377; x_wconf 88' lang='lat'><strong>,</strong></span> <span class='ocrx_word' id='word_1_418' title='bbox 1206 5315 1398 5369; x_wconf 87' lang='lat' dir='ltr'><strong>deinde</strong></span> <span class='ocrx_word' id='word_1_419' title='bbox 1440 5316 1506 5370; x_wconf 86' lang='lat' dir='ltr'><strong>ad</strong></span> <span class='ocrx_word' id='word_1_420' title='bbox 1560 5316 1761 5370; x_wconf 77' lang='lat' dir='ltr'><strong>calcem</strong></span> <span class='ocrx_word' id='word_1_421' title='bbox 1801 5314 2015 5371; x_wconf 80' lang='lat' dir='ltr'><strong>Codicis</strong></span> <span class='ocrx_word' id='word_1_422' title='bbox 2066 5331 2333 5371; x_wconf 86' lang='lat' dir='ltr'><strong>canonum</strong></span> <span class='ocrx_word' id='word_1_423' title='bbox 2362 5376 2401 5382; x_wconf 79' lang='lat'><strong>__</strong></span> <span class='ocrx_word' id='word_1_424' title='bbox 2448 5312 2776 5368; x_wconf 84' lang='lat' dir='ltr'><strong>Bibliotheca</strong></span> <span class='ocrx_word' id='word_1_425' title='bbox 2808 5310 3027 5365; x_wconf 86' lang='lat' dir='ltr'><strong>Patrum</strong></span> <span class='ocrx_word' id='word_1_426' title='bbox 3055 5311 3181 5365; x_wconf 89' lang='lat' dir='ltr'><strong>cdil.</strong></span> <span class='ocrx_word' id='word_1_427' title='bbox 3214 5310 3384 5381; x_wconf 80' lang='lat' dir='ltr'><strong>Lugd.</strong></span> <span class='ocrx_word' id='word_1_428' title='bbox 3411 5308 3679 5375; x_wconf 81' lang='lat' dir='ltr'><strong>tomolX,</strong></span> <span class='ocrx_word' id='word_1_429' title='bbox 3712 5326 3776 5366; x_wconf 71' lang='lat' dir='ltr'><strong>ex</strong></span> <span class='ocrx_word' id='word_1_430' title='bbox 3800 5308 4039 5369; x_wconf 83' lang='lat' dir='ltr'><strong>Chiﬂetii</strong></span> 
     </span>
    </p>
   </div>
   <div class='ocr_carea' id='block_1_44' title="bbox 745 5376 4041 5476">
    <p class='ocr_par' dir='ltr' id='par_1_44' title="bbox 745 5376 4041 5476">
     <span class='ocr_line' id='line_1_44' title="bbox 745 5376 4041 5476; baseline 0 -20"><span class='ocrx_word' id='word_1_431' title='bbox 745 5402 1001 5461; x_wconf 66' lang='lat' dir='ltr'><strong>Ecclesia:</strong></span> <span class='ocrx_word' id='word_1_432' title='bbox 1033 5376 1310 5473; x_wconf 61' lang='lat' dir='ltr'><strong>ltomanm,</strong></span> <span class='ocrx_word' id='word_1_433' title='bbox 1346 5407 1469 5461; x_wconf 78' lang='lat' dir='ltr'><strong>ibid.</strong></span> <span class='ocrx_word' id='word_1_434' title='bbox 1507 5407 1673 5473; x_wconf 66' lang='lat'><strong>160‘),</strong></span> <span class='ocrx_word' id='word_1_435' title='bbox 1694 5408 1750 5460; x_wconf 81' lang='lat'><strong>8°</strong></span> <span class='ocrx_word' id='word_1_436' title='bbox 1776 5448 1790 5461; x_wconf 95' lang='lat'><strong>.</strong></span> <span class='ocrx_word' id='word_1_437' title='bbox 1824 5409 1949 5462; x_wconf 89' lang='lat' dir='ltr'><strong>lude</strong></span> <span class='ocrx_word' id='word_1_438' title='bbox 1978 5422 2099 5461; x_wconf 87' lang='lat' dir='ltr'><strong>cum</strong></span> <span class='ocrx_word' id='word_1_439' title='bbox 2140 5405 2333 5476; x_wconf 71' lang='lat' dir='ltr'><strong>Dgoui-</strong></span> <span class='ocrx_word' id='word_1_440' title='bbox 2361 5376 2414 5435; x_wconf 80' lang='grc' dir='ltr'><strong>Ῑ)</strong></span> <span class='ocrx_word' id='word_1_441' title='bbox 2443 5404 2721 5460; x_wconf 81' lang='lat' dir='ltr'><strong>editione:</strong></span> <span class='ocrx_word' id='word_1_442' title='bbox 2752 5409 2808 5458; x_wconf 86' lang='lat' dir='ltr'><strong>et</strong></span> <span class='ocrx_word' id='word_1_443' title='bbox 2843 5416 2911 5457; x_wconf 82' lang='lat' dir='ltr'><strong>ex</strong></span> <span class='ocrx_word' id='word_1_444' title='bbox 2965 5400 3150 5456; x_wconf 74' lang='lat' dir='ltr'><strong>Pithmi</strong></span> <span class='ocrx_word' id='word_1_445' title='bbox 3192 5376 3428 5456; x_wconf 68' lang='lat' dir='ltr'><strong>editione</strong></span> <span class='ocrx_word' id='word_1_446' title='bbox 3470 5416 3590 5455; x_wconf 87' lang='lat' dir='ltr'><strong>cum</strong></span> <span class='ocrx_word' id='word_1_447' title='bbox 3640 5399 3832 5457; x_wconf 89' lang='lat' dir='ltr'><strong>codice</strong></span> <span class='ocrx_word' id='word_1_448' title='bbox 3860 5401 4041 5458; x_wconf 85' lang='lat' dir='ltr'><strong>Cano-</strong></span> 
     </span>
    </p>
   </div>
   <div class='ocr_carea' id='block_1_45' title="bbox 741 5491 4039 5571">
    <p class='ocr_par' dir='ltr' id='par_1_45' title="bbox 741 5491 4039 5571">
     <span class='ocr_line' id='line_1_45' title="bbox 741 5491 4039 5571; baseline -0 -19"><span class='ocrx_word' id='word_1_449' title='bbox 741 5498 807 5552; x_wconf 69' lang='lat' dir='ltr'><strong>sii</strong></span> <span class='ocrx_word' id='word_1_450' title='bbox 837 5499 1024 5571; x_wconf 69' lang='lat' dir='ltr'><strong>Exigua</strong></span> <span class='ocrx_word' id='word_1_451' title='bbox 1050 5502 1211 5571; x_wconf 88' lang='lat' dir='ltr'><strong>(circa</strong></span> <span class='ocrx_word' id='word_1_452' title='bbox 1233 5517 1319 5554; x_wconf 86' lang='lat' dir='ltr'><strong>an.</strong></span> <span class='ocrx_word' id='word_1_453' title='bbox 1342 5500 1467 5569; x_wconf 83' lang='grc'><strong>500)</strong></span> <span class='ocrx_word' id='word_1_454' title='bbox 1487 5501 1685 5557; x_wconf 86' lang='lat' dir='ltr'><strong>Codice</strong></span> <span class='ocrx_word' id='word_1_455' title='bbox 1713 5516 1982 5557; x_wconf 86' lang='lat' dir='ltr'><strong>canonum</strong></span> <span class='ocrx_word' id='word_1_456' title='bbox 2010 5499 2334 5555; x_wconf 76' lang='lat' dir='ltr'><strong>ecclesiasti-</strong></span> <span class='ocrx_word' id='word_1_457' title='bbox 2444 5514 2571 5553; x_wconf 90' lang='lat' dir='ltr'><strong>num</strong></span> <span class='ocrx_word' id='word_1_458' title='bbox 2616 5495 2869 5550; x_wconf 70' lang='lat' dir='ltr'><strong>Ecclesiae</strong></span> <span class='ocrx_word' id='word_1_459' title='bbox 2904 5492 3155 5550; x_wconf 74' lang='lat' dir='ltr'><strong>Romana:</strong></span> <span class='ocrx_word' id='word_1_460' title='bbox 3202 5505 3255 5547; x_wconf 81' lang='lat' dir='ltr'><strong>et</strong></span> <span class='ocrx_word' id='word_1_461' title='bbox 3290 5492 3429 5548; x_wconf 80' lang='lat' dir='ltr'><strong>l’etri</strong></span> <span class='ocrx_word' id='word_1_462' title='bbox 3460 5491 3644 5548; x_wconf 67' lang='lat' dir='ltr'><strong>Pitlitei</strong></span> <span class='ocrx_word' id='word_1_463' title='bbox 3673 5492 4039 5551; x_wconf 78' lang='lat' dir='ltr'><strong>Miscellaneis</strong></span> 
     </span>
    </p>
   </div>
   <div class='ocr_carea' id='block_1_46' title="bbox 744 5582 4039 5660">
    <p class='ocr_par' dir='ltr' id='par_1_46' title="bbox 744 5582 4039 5660">
     <span class='ocr_line' id='line_1_46' title="bbox 744 5582 4039 5660; baseline 0.001 -21"><span class='ocrx_word' id='word_1_464' title='bbox 744 5603 931 5645; x_wconf 84' lang='lat' dir='ltr'><strong>eorum</strong></span> <span class='ocrx_word' id='word_1_465' title='bbox 976 5590 1394 5660; x_wconf 82' lang='lat' dir='ltr'><strong>Cltristophorus</strong></span> <span class='ocrx_word' id='word_1_466' title='bbox 1438 5590 1716 5647; x_wconf 81' lang='lat' dir='ltr'><strong>Justellus.</strong></span> <span class='ocrx_word' id='word_1_467' title='bbox 1782 5591 1956 5647; x_wconf 88' lang='lat' dir='ltr'><strong>Paris.</strong></span> <span class='ocrx_word' id='word_1_468' title='bbox 2032 5589 2188 5651; x_wconf 72' lang='lat'><strong>1628,</strong></span> <span class='ocrx_word' id='word_1_469' title='bbox 2246 5590 2330 5643; x_wconf 67' lang='lat'><strong>8&quot;.</strong></span> <span class='ocrx_word' id='word_1_470' title='bbox 2443 5586 2842 5652; x_wconf 81' lang='lat' dir='ltr'><strong>ecclesiasticis,</strong></span> <span class='ocrx_word' id='word_1_471' title='bbox 2871 5599 2996 5657; x_wconf 88' lang='lat' dir='ltr'><strong>pag.</strong></span> <span class='ocrx_word' id='word_1_472' title='bbox 3042 5583 3176 5648; x_wconf 80' lang='grc'><strong>516.</strong></span> <span class='ocrx_word' id='word_1_473' title='bbox 3211 5582 3380 5644; x_wconf 80' lang='lat' dir='ltr'><strong>Paris.</strong></span> <span class='ocrx_word' id='word_1_474' title='bbox 3425 5582 3598 5652; x_wconf 80' lang='grc'><strong>1687,</strong></span> <span class='ocrx_word' id='word_1_475' title='bbox 3631 5584 3724 5640; x_wconf 79' lang='lat' dir='ltr'><strong>fol.</strong></span> <span class='ocrx_word' id='word_1_476' title='bbox 3756 5585 3816 5640; x_wconf 82' lang='lat' dir='ltr'><strong>in</strong></span> <span class='ocrx_word' id='word_1_477' title='bbox 3844 5585 4039 5643; x_wconf 82' lang='lat' dir='ltr'><strong>codice</strong></span> 
     </span>
    </p>
   </div>
   <div class='ocr_carea' id='block_1_47' title="bbox 744 5674 4038 5756">
    <p class='ocr_par' dir='ltr' id='par_1_47' title="bbox 744 5674 4038 5756">
     <span class='ocr_line' id='line_1_47' title="bbox 744 5674 4038 5756; baseline 0.001 -23"><span class='ocrx_word' id='word_1_478' title='bbox 744 5676 879 5738; x_wconf 80' lang='lat' dir='ltr'><strong>Hinc</strong></span> <span class='ocrx_word' id='word_1_479' title='bbox 925 5690 1049 5753; x_wconf 90' lang='lat' dir='ltr'><strong>post</strong></span> <span class='ocrx_word' id='word_1_480' title='bbox 1093 5683 1314 5737; x_wconf 82' lang='lat' dir='ltr'><strong>Antonii</strong></span> <span class='ocrx_word' id='word_1_481' title='bbox 1358 5683 1586 5739; x_wconf 87' lang='lat' dir='ltr'><strong>Dandini</strong></span> <span class='ocrx_word' id='word_1_482' title='bbox 1616 5683 1903 5740; x_wconf 71' lang='lat' dir='ltr'><strong>Alteserrm</strong></span> <span class='ocrx_word' id='word_1_483' title='bbox 1949 5682 2135 5756; x_wconf 62' lang='lat' dir='ltr'><strong>[Flavii</strong></span> <span class='ocrx_word' id='word_1_484' title='bbox 2165 5681 2333 5736; x_wconf 81' lang='lat' dir='ltr'><strong>Fran-</strong></span> <span class='ocrx_word' id='word_1_485' title='bbox 2443 5696 2546 5735; x_wconf 88' lang='lat' dir='ltr'><strong>ms.</strong></span> <span class='ocrx_word' id='word_1_486' title='bbox 2596 5678 2813 5734; x_wconf 79' lang='lat' dir='ltr'><strong>Patrum</strong></span> <span class='ocrx_word' id='word_1_487' title='bbox 2857 5675 3088 5732; x_wconf 86' lang='lat' dir='ltr'><strong>Oraturii</strong></span> <span class='ocrx_word' id='word_1_488' title='bbox 3139 5676 3387 5732; x_wconf 80' lang='lat' dir='ltr'><strong>Romani.</strong></span> <span class='ocrx_word' id='word_1_489' title='bbox 3462 5675 3574 5732; x_wconf 82' lang='lat' dir='ltr'><strong>Bibl</strong></span> <span class='ocrx_word' id='word_1_490' title='bbox 3648 5674 4038 5736; x_wconf 73' lang='lat' dir='ltr'><strong>Valliscellana</strong></span> 
     </span>
    </p>
   </div>
   <div class='ocr_carea' id='block_1_48' title="bbox 817 5811 3743 5885">
    <p class='ocr_par' dir='ltr' id='par_1_48' title="bbox 817 5811 3743 5885">
     <span class='ocr_line' id='line_1_48' title="bbox 817 5811 3743 5885; baseline 0.002 -18"><span class='ocrx_word' id='word_1_491' title='bbox 817 5816 895 5885; x_wconf 81' lang='grc' dir='ltr'><strong>(η)</strong></span> <span class='ocrx_word' id='word_1_492' title='bbox 928 5817 1058 5872; x_wconf 81' lang='lat' dir='ltr'><strong>Vide</strong></span> <span class='ocrx_word' id='word_1_493' title='bbox 1087 5816 1148 5870; x_wconf 89' lang='lat' dir='ltr'><strong>B.</strong></span> <span class='ocrx_word' id='word_1_494' title='bbox 1180 5816 1450 5872; x_wconf 83' lang='lat' dir='ltr'><strong>Gebhardi</strong></span> <span class='ocrx_word' id='word_1_495' title='bbox 1476 5816 1751 5873; x_wconf 86' lang='lat' dir='ltr'><strong>Theodori</strong></span> <span class='ocrx_word' id='word_1_496' title='bbox 1783 5818 1966 5873; x_wconf 85' lang='lat' dir='ltr'><strong>Meieri</strong></span> <span class='ocrx_word' id='word_1_497' title='bbox 1992 5816 2301 5876; x_wconf 88' lang='lat' dir='ltr'><strong>historicam</strong></span> <span class='ocrx_word' id='word_1_498' title='bbox 2328 5815 2655 5875; x_wconf 88' lang='lat' dir='ltr'><strong>relationem</strong></span> <span class='ocrx_word' id='word_1_499' title='bbox 2678 5813 2746 5872; x_wconf 86' lang='lat' dir='ltr'><strong>de</strong></span> <span class='ocrx_word' id='word_1_500' title='bbox 2775 5812 3200 5872; x_wconf 84' lang='lat' dir='ltr'><strong>Collectionibus</strong></span> <span class='ocrx_word' id='word_1_501' title='bbox 3220 5811 3519 5884; x_wconf 83' lang='lat' dir='ltr'><strong>Canonum,</strong></span> <span class='ocrx_word' id='word_1_502' title='bbox 3558 5812 3584 5867; x_wconf 76' lang='grc'><strong>8</strong></span> <span class='ocrx_word' id='word_1_503' title='bbox 3612 5828 3743 5872; x_wconf 79' lang='lat' dir='ltr'><strong>xm.</strong></span> 
     </span>
    </p>
   </div>
   <div class='ocr_carea' id='block_1_49' title="bbox 814 5886 1932 5962">
    <p class='ocr_par' dir='ltr' id='par_1_49' title="bbox 814 5886 1932 5962">
     <span class='ocr_line' id='line_1_49' title="bbox 814 5886 1932 5962; baseline 0.004 -24"><span class='ocrx_word' id='word_1_504' title='bbox 814 5888 887 5962; x_wconf 73' lang='lat' dir='ltr'><strong>(b)</strong></span> <span class='ocrx_word' id='word_1_505' title='bbox 921 5887 1051 5944; x_wconf 80' lang='lat' dir='ltr'><strong>Vide</strong></span> <span class='ocrx_word' id='word_1_506' title='bbox 1074 5886 1364 5957; x_wconf 83' lang='lat' dir='ltr'><strong>Oudiuum,</strong></span> <span class='ocrx_word' id='word_1_507' title='bbox 1396 5899 1530 5947; x_wconf 86' lang='lat' dir='ltr'><strong>tom.</strong></span> <span class='ocrx_word' id='word_1_508' title='bbox 1553 5888 1594 5959; x_wconf 83' lang='grc' dir='ltr'>ι,</span> <span class='ocrx_word' id='word_1_509' title='bbox 1624 5902 1747 5961; x_wconf 80' lang='lat' dir='ltr'><strong>pag.</strong></span> <span class='ocrx_word' id='word_1_510' title='bbox 1771 5889 1932 5946; x_wconf 73' lang='grc'>1668.</span> 
     </span>
    </p>
   </div>
  </div>
