4204 6538
741 440 844 496 810

1423 432 1514 489 AD
1551 427 1885 487 CRISCONII
1932 414 2364 480 BllEVlAllIUM
2405 413 2734 471 CANONUH
2781 416 3322 476 PROLEGOMENA.

3907 412 4013 469 820

735 553 1024 627 presbyter
1048 551 1245 617 fuerat,
1274 556 1530 617 tanquam
1559 545 1842 616 presbvter
1871 539 2077 597 sedeat.
2104 535 2315 592 Concil.
2348 531 2539 590 Amat
2586 533 2876 602 pertinere,
2935 535 3190 598 tenuerit,
3241 548 3464 589 causam
3520 532 3754 590 amittat.
3802 530 4013 589 Concil.

734 647 933 717 Anquit
946 647 1115 708 itane,
1150 642 1232 697 tit.
1268 639 1357 699 18.

807 740 860 795 9.
903 736 975 796 Ut
1003 739 1262 809 episcopo
1300 734 1548 791 ordinato
1577 737 1782 787 statuta
1812 726 2169 783 conciliorum
2203 722 2318 793 pri-

735 835 900 889 mitus
930 831 1282 887 inculcentxzr.
1311 825 1518 882 Concil.
1543 822 1821 891 Carthag.,
1847 820 1931 873 tit.
1964 817 2052 871 l0.

810 928 898 982 10.
940 928 1009 982 L't
1035 925 1321 994 episcopus
1346 920 1625 976 ordinatus
1650 918 1719 970 ab
1748 914 2066 969 ordinatore
2089 926 2189 966 suo
2233 908 2322 962 lit-

740 1030 885 1077 teras
931 1019 1266 1084 subscriptas
1308 1014 1577 1084 accipiat,
1624 1008 1984 1065 ordinationis
2014 1006 2132 1073 ejus
2175 1004 2321 1059 diem

737 1111 893 1169 siuml
922 1120 978 1167 et
1015 1109 1294 1167 consulem
1341 1106 1703 1162 continentes.
1738 1100 1948 1156 Concil.
1985 1097 2317 1160 Milevitana,

738 1206 824 1260 lil.
856 1204 908 1259 ι.

811 1296 901 1352 ll.
945 1294 1017 1351 Ut
1042 1295 1108 1349 ad
1137 1291 1437 1363 eligendum
1468 1289 1782 1361 episcopum
1812 1283 2042 1342 sufficiat
2076 1281 2322 1338 tnatricis

738 1388 1041 1443 arbitrium.
1075 1384 1283 1441 Concil.
1333 1379 1808 1455 Septimunicensi.
1844 1376 2052 1434 Concil.
2087 1375 2318 1430 Macria-

738 1482 911 1536 ncusi.

811 1572 896 1626 12.
945 1571 1011 1626 Ut
1041 1571 1327 1641 episccipus
1368 1570 1419 1623 in
1450 1568 1575 1621 villa
1602 1565 1690 1621 vel
1720 1564 1840 1620 vico
1876 1579 1985 1619 non
2015 1561 2317 1617 ordinetur.

737 1664 943 1720 Concil.
980 1663 1318 1727 Laodicensi,
1352 1662 1431 1715 tit.
1469 1657 1552 1712 335.

809 1756 897 1811 15.
941 1754 1014 1811 Ut
1056 1758 1338 1825 episcopus
1370 1768 1476 1806 non
1526 1748 1805 1805 ordinetur
1846 1746 1899 1800 in
1944 1743 2170 1800 dimcesi
2197 1758 2321 1813 qute

736 1852 1049 1921 episcopqu
1089 1861 1361 1915 nunquam
1392 1842 1599 1905 habuit,
1634 1840 1732 1894 nisi
1760 1854 1879 1894 cum
1907 1836 2194 1891 voluntate
2218 1834 2323 1902 epi-

2424 624 2701 693 Cartltag.,
2733 626 2815 679 tit.
2848 626 2935 679 12.

2492 719 2581 773 26.
2629 719 2695 772 Ut
2742 719 2794 773 in
2826 720 2983 789 plebe
3019 720 3192 776 aliena
3226 721 3407 779 nullus
3433 721 3535 777 sibi
3576 721 3866 793 episcopus
3913 735 4016 776 au-

2423 810 2550 865 deat
2575 810 2869 866 vindicare.
2898 813 3068 868 Cone.
3102 811 3383 869 Juneensi.

2496 908 2588 961 27.
2638 907 2706 961 Ut
2734 908 3022 977 cpiscopus
3051 908 3287 963 alienum
3312 908 3567 964 clericum
3593 922 3701 963 non
3727 906 4016 977 suscipiat,

2425 1014 2604 1067 neque
2630 998 2870 1054 ordinet.
2899 998 3109 1054 Concil.
3141 999 3370 1066 Νίκαια..
3406 1000 3488 1054 tit.
3521 1000 3612 1054 12.
3642 999 3858 1055 Concil.
3885 999 4018 1054 Sar-

2422 1091 2553 1156 die,
2593 1091 2677 1144 tit.
2735 1091 2835 1157 lli;
2879 1092 3029 1157 item,
3079 1091 3170 1146 20.
3217 1092 3426 1148 Concil.
3476 1093 3753 1159 Antioch,
3798 1093 3884 1147 tit.
3917 1091 4006 1145 23.

2423 1182 2629 1238 Concil.
2672 1182 2930 1251 Carthag.
2962 1184 3062 1239 sub
3092 1183 3149 1240 S.
3201 1183 3391 1251 Grato,
3424 1184 3506 1240 tit.
3541 1183 3597 1240 4.
3628 1184 3782 1250 Item,
3813 1182 4011 1241 conci].

2423 1274 2701 1341 Carthag.,
2738 1278 2822 1330 tit.
2854 1276 2964 1341 ‘28;
2996 1276 3146 1342 item,
3178 1275 3267 1331 55.

2493 1368 2584 1421 23.
2627 1366 2696 1422 Ut
2726 1368 2903 1422 nullus
2947 1369 3235 1440 episcopus
3283 1367 3516 1425 alienum
3555 1369 3883 1425 monachum
3925 1368 4017 1426 vel

2426 1460 2479 1514 in
2508 1458 2748 1514 Ecclesia
2778 1458 3012 1523 ordinet,
3048 1461 3132 1515 vel
3162 1461 3213 1515 in
3250 1461 3580 1518 monasterio
3608 1477 3709 1520 suo
3737 1462 4016 1534 praeposi-

2427 1560 2538 1607 tum
2564 1552 2747 1607 faciat.
2779 1550 2986 1606 Concil.
3016 1550 3294 1622 Carthag.,
3326 1556 3410 1609 tit.
3452 1554 3539 1610 14.

2495 1645 2585 1700 29.
2630 1646 2701 1701 Ut
2723 1645 3010 1714 episcopus
3038 1647 3398 1716 prmseutibus
3426 1651 3837 1707 catechumenis
3864 1650 4017 1708 ordi—

2428 1741 2701 1793 nationem
2732 1756 2837 1793 non
2862 1740 3038 1794 faciat.
3069 1739 3275 1795 Concil.
3309 1741 3625 1809 Laodicen.,
3660 1744 3742 1797 tit.
3777 1746 3831 1799 4.

2497 1834 2586 1888 50.
2630 1834 2698 1890 Ut
2725 1834 3012 1905 episcopus
3042 1836 3133 1905 qui
3164 1837 3483 1892 necessitate
3504 1840 3867 1908 compellente
3889 1845 4020 1894 ante

737 1945 887 2015 scopi
916 1942 983 1998 ad
1012 1956 1170 2009 quem
1221 1938 1336 2009 ipsa
1385 1934 1634 1991 dimcesis
1679 1932 1934 2003 pertinet,
1982 1946 2048 1983 ex
2082 1929 2318 1985 conrilio
2352 1907 2403 1969 Β
2428 1925 2612 1993 viginti
2662 1925 2900 1995 quinque
2948 1940 3122 1982 annos
3158 1927 3417 1995 virginem
3458 1907 3736 1995 velaverit,
3783 1929 3925 1984 nihil
3966 1929 4019 1983 ei

738 2045 918 2090 tamen
950 2033 1191 2101 pleuario
1217 2039 1272 2086 et
1302 2028 1545 2100 primatis
1574 2024 1920 2080 attctoritate.
1948 2021 2155 2077 Concil.
2189 2021 2326 2075 Car-

737 2129 911 2196 thag.,
947 2127 1029 2181 tit.
1084 2123 1171 2177 52.
1207 2123 1337 2177 Item
1381 2115 1831 2190 quinquagesimo
1881 2122 2078 2183 quarto
2122 2112 2324 2169 concil.

739 2221 997 2288 Cartliag.
1030 2217 1086 2273 In
1117 2215 1362 2280 Basilica,
1397 2213 1479 2267 tit.
1512 2212 1563 2266 εἰ.

811 2314 900 2370 14.
944 2311 1017 2369 Ut
1043 2313 1329 2383 episcopus
1349 2309 1403 2364 in
1428 2306 1703 2363 dioecesim
1732 2304 2012 2359 ordinatus
2040 2303 2211 2374 ipsam
2235 2316 2327 2358 so-

742 2406 847 2459 lam
879 2412 1082 2459 teneat.
1115 2402 1323 2456 Concil.
1353 2397 1633 2464 αξη-11188..
1669 2396 1750 2450 tit.
1783 2394 1872 2451 51.

815 2495 905 2552 15.
951 2495 1017 2550 l't
1039 2493 1280 2566 episcOpi
1310 2500 1366 2548 et
1392 2488 1691 2560 presbyteri
1718 2495 1775 2544 et
1799 2487 2015 2543 diaconi
2044 2502 2151 2542 non
2175 2486 2326 2544 ordi-

738 2599 961 2656 nentur,
993 2588 1094 2643 nisi
1124 2601 1315 2642 omnes
1357 2598 1487 2641 suos
1534 2582 1873 2638 Christianos
1897 2580 2146 2638 fecerint.
2188 2582 2328 2637 Con-

738 2681 827 2738 cil.
854 2680 1132 2750 Cartltag.,
1162 2679 1246 2733 tit.
1275 2676 1329 2732 ’5.

817 2774 906 2830 16.
955 2776 1022 2832 Ut
1059 2774 1325 2845 episcOpi,
1370 2771 1671 2845 presbyteri
1720 2779 1776 2827 et
1805 2770 2019 2825 diaconi
2050 2767 2118 2823 ab
2145 2766 2329 2822 uxori-

744 2868 848 2924 bus
879 2868 1203 2924 abstineant.
1234 2866 1438 2923 Concil.
1463 2866 1741 2935 Carthag.,
1761 2865 1845 2919 tit.
1877 2863 1930 2918 1.
1960 2862 2169 2919 Concil.
2204 2861 2329 2916 Zel-

739 2959 875 3016 leusi
886 3003 898 3015 .

815 3053 904 3110 17.
948 3052 1016 3109 Ut
1047 3052 1224 3107 nullus
1270 3052 1552 3122 episcopus
1595 3050 1811 3106 dimissa
1859 3049 2083 3103 matrice
2114 3046 2166 3102 in
2194 3045 2328 3102 dia:-

739 3149 854 3205 cesi
883 3145 1175 3202 constituat
1207 3156 1250 3198 υ.
1283 3142 1486 3199 Concil.
1518 3140 1800 3209 Carthag.,
1831 3142 1916 3195 tit.
1951 3141 2006 3195 0.

816 3238 906 3293 18.
950 3236 1019 3292 Ut
1063 3236 1304 3306 episcopi
1334 3234 1421 3289 vel
1466 3233 1645 3288 clerici
1689 3233 1758 3287 de
1799 3231 2013 3285 civitate
2043 3228 2109 3284 ad
2138 3229 2329 3283 civita-

741 3341 854 3387 tem
886 3347 993 3385 non
1020 3335 1316 3393 transeant,
1362 3339 1537 3394 neque
1584 3323 1652 3379 de
1685 3322 1966 3393 provincia
2013 3321 2078 3375 ad
2108 3321 2328 3391 provin-

745 3425 909 3481 ciam.
957 3420 1165 3477 Concil.
1202 3419 1402 3474 Nicmn.
1457 3416 1539 3471 tit.
1588 3417 1672 3470 ll.
1714 3415 1956 3470 Concilio
1996 3413 2325 3479 Sardicensi,

746 3519 813 3572 tit
845 3516 911 3581 2;
946 3516 1074 3570 item
1125 3512 1181 3569 5.
1232 3510 1475 3568 Concilio
1518 3507 1879 3570 Antioclieno,
1929 3506 2011 3560 tit.
2054 3505 2127 3571 5;
2177 3505 2330 3573 item,

745 3615 829 3669 tit.
861 3613 953 3667 21.
998 3607 1240 3665 Concilio
1285 3601 1909 3674 Constantinopolitano,
1942 3600 2025 3654 tit.
2050 3598 2124 3665 2;
2173 3597 2327 3663 item,

746 3707 833 3761 tit.
864 3704 919 3759 3.

828 3793 910 3851 t9.
954 3791 1025 3848 Ut
1046 3790 1284 3862 episcOpi
1310 3789 1361 3843 in
1386 3786 1561 3842 aliena
1584 3784 1803 3840 civitate
1825 3792 1935 3836 tres
1957 3776 2332 3834 tantummodo

748 3889 950 3944 faciant
975 3886 1322 3957 septimanas.
1359 3879 1563 3936 Concil.
1593 3876 1896 3939 Sardicen.,
1927 3875 2009 3927 tit.
2048 3872 2137 3927 15.

823 3977 912 4034 20.
956 3977 1024 4033 Ut
1054 3977 1145 4047 qui
1175 3982 1322 4028 metu
1367 3968 1765 4043 persecutionis
1796 3966 1848 4021 in
1895 3965 2069 4020 aliena
2114 3962 2333 4017 civitate

751 4072 1022 4125 demorari
1053 4067 1344 4130 voluerint,
1387 4079 1494 4118 non
1530 4060 1939 4133 prohibeantur.
1969 4055 2175 4111 Concil.
2208 4053 2337 4108 Sar-

749 4163 879 4225 dic.,
909 4162 990 4214 tit.
1022 4160 1107 4212 ‘21.

836 4253 922 4306 2|.
968 4252 1033 4305 Ut
1068 4250 1247 4306 nullus
1277 4249 1584 4318 episcopus,
1617 4242 1826 4299 etiamsi
1851 4257 1877 4295 a
1904 4240 2060 4311 plebe
2087 4239 2333 4306 eligatur,

758 4354 1037 4399 \at'allltllll
1091 4342 1373 4397 ecclesiam
1425 4338 1698 4400 obtineat,
1750 4335 1848 4387 nisi
1904 4349 1970 4387 ex
2020 4331 2339 4385 auctoritate

762 4437 985 4507 plvnarii
1016 4435 1253 4489 concilii.
1287 4430 1494 4486 Concil.
1528 4428 1889 4491 AhllOtillCllﬂ,
1924 4426 2004 4478 tit.
2037 4422 2122 4475 16.

831 4524 921 4578 22.
967 4524 1035 4578 Ut
1063 4524 1243 4578 nullus
1272 4522 1556 4592 episcopus
1579 4517 1889 4573 cathedram
1923 4517 2004 4570 cui
2037 4515 2195 4570 datus
2224 4513 2339 4568 fue-

760 4622 826 4674 rit
856 4622 1190 4673 interveutor
1216 4615 1500 4685 plusquam
1541 4626 1739 4665 annum
1767 4616 1966 4672 teneat,
1997 4607 2087 4660 Sctl
2120 4608 2232 4677 ipse
2262 4608 2340 4662 eis

759 4714 1070 4779 episcopum
1104 4715 1273 4776 petat.
1300 4703 1506 4759 Concil.
1537 4703 1747 4767 (ῖπιὶι.⁷
1785 4702 1861 4753 tit.
1890 4700 1944 4755 9.

829 4803 915 4857 ‘25.
970 4800 1035 4855 Ut
1085 4802 1478 4853 llilt'l‘Velllttl't‘S
1508 4795 1744 4864 episcopi
1790 4792 2111 4848 conveniant
2155 4791 2339 4861 plebes

757 4910 876 4964 qme
898 4894 1212 4962 episcopum
1242 4905 1345 4943 non
1369 4888 1591 4953 habent,
1618 4895 1676 4940 ut
1696 4886 2008 4955 episcopum
2034 4884 2300 4953 accipiant
2324 4901 2337 4936 :

758 4989 903 5059 quod
956 4988 998 5039 si
1031 4984 1276 5053 accipere
1323 4984 1674 5051 neglexerint,
1720 4988 1930 5033 remoto
1972 4980 2341 5033 interventore

760 5083 837 5134 sic
889 5084 1221 5141 remaneant,
1276 5073 1513 5142 quandiu
1559 5073 1658 5126 sibi
1701 5073 2016 5141 episcopum
2074 5080 2336 5140 quaerant.

761 5170 969 5227 Concil.
1002 5166 1373 5221 lllacriauensi.

839 5260 926 5315 24.
967 5258 1039 5315 Ut
1068 5259 1244 5313 nullus
1274 5259 1557 5327 episcoiius
1587 5256 1797 5325 plebem
1828 5255 2059 5310 alienam
2094 5262 2335 5323 usurpet.

763 5352 974 5409 Concil.
1019 5351 1271 5418 (lartbag.
1319 5352 1416 5404 sub
1454 5357 1639 5403 saneto
1679 5348 1866 5412 Grato,
1900 5348 1981 5402 tit.
2028 5348 2082 5402 9.
2130 5345 2337 5403 Concil.

765 5448 1017 5514 (lartliag.
1052 5446 1151 5500 sub
1181 5443 1419 5500 antistite
1452 5441 1755 5506 Genetldio,
1802 5443 1881 5496 tit.
1918 5443 1969 5493 υ.
2003 5442 2157 5506 Item,
2206 5457 2339 5496 con-

768 5541 855 5593 cil.
889 5539 1165 5605 t2arthag.,
1199 5539 1280 5591 tit.
1316 5537 1364 5590 5.

840 5629 928 5684 23.
976 5627 1039 5683 Ut
1095 5629 1380 5696 episcopus
1429 5629 1516 5699 qui
1556 5628 1670 5683 sine
1719 5628 2094 5696 episcoporum
2145 5626 2345 5695 judicio

769 5722 981 5794 plebem
1032 5721 1287 5790 aliquam,
1318 5734 1480 5788 quam
1511 5718 1573 5772 ad
1619 5734 1767 5773 suam
1812 5718 2119 5772 cathedram
2160 5719 2349 5772 existi-

850 5893 872 5921 α
913 5880 992 5937 Ex
1022 5880 1127 5936 fide
1154 5888 1284 5935 vett.
1319 5878 1477 5937 codd.
1514 5878 1813 5933 addendum
1842 5878 2160 5933 cathedram.

2429 2016 2568 2071 obsit
2598 2015 2884 2072 concilium
2912 2017 3058 2086 quod
3086 2018 3154 2072 de
3180 2018 3283 2073 isto
3315 2034 3545 2074 numero
3585 2035 3854 2075 annorum
3883 2035 4019 2077 con-

2427 2108 2673 2164 stitutum
2706 2117 2807 2163 est.
2841 2108 3048 2163 Concil.
3075 2108 3359 2178 Carthag.,
3393 2112 3474 2165 tit.
3510 2110 3598 2166 l8.

2499 2197 2588 2252 51.
2635 2199 2701 2255 Ut
2730 2214 2815 2253 res
2843 2197 3082 2267 episcopi
3112 2212 3224 2253 non
3255 2199 3363 2253 sint
3386 2199 3634 2255 obnoxiae
3656 2202 3819 2257 rebus
3841 2204 4021 2259 eccle-

2428 2289 2679 2351 siasticis.
2712 2290 2807 2344 sed
2838 2292 2906 2344 de
2934 2289 3019 2345 bis
3043 2290 3157 2357 ipse
3178 2289 3325 2359 quod
3348 2290 3582 2347 voluerit
3604 2292 3844 2352 ordinet.
3873 2293 4020 2350 Con-

2428 2379 2556 2435 cilio
2585 2380 2944 2445 Antiocheno,
2978 2381 3059 2434 tit.
3089 2379 3179 2435 21.

2504 2471 2593 2526 52.
2614 2472 2682 2528 Ut
2711 2473 2887 2527 nullus
2910 2472 3199 2543 episcopus
3222 2473 3464 2530 limredes
3490 2483 3779 2532 extraneos
3799 2476 3890 2534 vel
3912 2477 4022 2534 hze-

2432 2562 2633 2617 reticos
2656 2562 2819 2617 etiam
2841 2563 3274 2633 consanguineos
3297 2563 3480 2619 faciat.
3499 2564 3707 2619 Concil.
3738 2566 4017 2636 Carthag.,

2432 2654 2515 2708 tit.
2548 2652 2615 2706 15

2503 2750 2590 2802 55.
2636 2749 2704 2804 Ut
2746 2750 2985 2821 episcopi
3018 2749 3102 2804 vel
3133 2749 3312 2805 clerici
3359 2749 3445 2806 bis
3488 2750 3579 2820 qui
3623 2750 3878 2806 catholici
3911 2767 4020 2808 non

2430 2852 2558 2898 sunt
2602 2843 2734 2897 nihil
2784 2858 2879 2912 per
2919 2844 3239 2899 donationes
3279 2846 3583 2900 conferant.
3634 2846 3845 2901 Concil.
3889 2847 4024 2903 Car—

2434 2935 2610 3003 thag.,
2644 2936 2727 2989 tit.
2760 2936 2830 2989 2'.

2503 3010 2591 3079 54.
2636 3024 2704 3081 Ut
2729 3027 2966 3096 episcopi
2998 3027 3110 3082 sive
3141 3027 3442 3099 presbyteri
3467 3043 3529 3083 ea
3559 3043 3679 3097 qua:
3708 3040 3835 3084 sunt
3862 3032 3916 3085 in
3937 3032 4022 3086 lo-

2432 3119 2508 3174 cis
2538 3120 2624 3175 ubi
2656 3118 2975 3176 ordinantur
3003 3119 3071 3174 ad
3104 3121 3205 3174 alia
3236 3121 3356 3176 loca
3389 3138 3494 3175 non
3527 3121 3881 3188 transferant,
3917 3125 4022 3178 nisi

2434 3226 2625 3267 causas
2670 3221 2794 3267 ante
2844 3209 3198 3267 reddiderint.
3249 3210 3460 3267 Concil.
3515 3212 3987 3283 llippouiregiensi

2354 3285 2402 3347 (ἶ
2437 3304 2517 3359 tit.
2551 3302 2599 3354 εἰ.

2506 3395 2595 3450 55.
2642 3394 2710 3450 Ut
2738 3396 2978 3466 episcopi
3007 3392 3264 3466 quidquid
3298 3396 3518 3452 nomine
3546 3411 3645 3451 suo
3676 3411 4024 3466 comparave-

2434 3490 2545 3543 rint
2592 3497 2857 3556 cogantur
2888 3487 3140 3543 Ecclesia:
3184 3488 3471 3543 refundere
3502 3504 3517 3543 :
3547 3488 3807 3558 quidquid
3845 3496 4028 3542 autem

2436 3584 2516 3637 eis
2546 3582 2797 3646 donatur,
2835 3581 2920 3634 cui
2953 3580 3223 3636 voluerint
3244 3579 3547 3635 conferant.
3577 3578 3788 3636 Concil.
3825 3580 4028 3650 llippo-

2438 3676 2751 3745 nircgicnsi,
2789 3677 2870 3731 tit.
2906 3675 2960 3729 8.

2510 3769 2599 3823 56.
2650 3770 2715 3825 Ut
2745 3769 2906 3823 rebus
2932 3768 3317 3824 ecclesiasticis
3336 3766 3712 3839 dispensandis
3735 3766 4029 3837 episcopus

2439 3867 2763 3930 potestatem
2789 3859 3009 3913 habeat.
3040 3858 3248 3914 Concil.
3276 3859 3553 3925 Antioch.,
3585 3857 3672 3912 tit.
3696 3855 3789 3911 25.

2508 3950 2600 4007 57.
2646 3948 2716 4005 Ut
2762 3958 2959 4019 praeter
3002 3949 3391 4005 conscientiam
3436 3947 3676 4018 episcopi
3719 3947 4030 4003 oblationes

2442 4042 2706 4098 fructuum
2752 4040 3001 4096 Ecclesia:
3030 4040 3239 4095 debitas
3269 4040 3449 4096 nullus
3478 4038 3561 4094 vel
3591 4038 3723 4093 dare
3769 4038 3856 4094 vel
3888 4038 4030 4094 acci-

2440 4152 2571 4208 pere
2602 4136 2819 4190 audeat.
2850 4134 3057 4190 Concil.
3090 4131 3417 4202 Gangrensi,
3446 4132 3529 4187 tit.
3562 4131 3593 4184 7
3624 4138 3679 4187 et
3706 4129 3762 4186 8.

2514 4226 2601 4279 7.8.
2648 4225 2715 4281 Ut
2740 4226 3031 4295 episcopus
3066 4224 3308 4280 matricis
3345 4239 3453 4278 non
3500 4231 3726 4293 usurpet
3769 4223 4029 4293 quidquid

2444 4320 2604 4374 fuerit
2633 4319 2892 4374 donatum
2926 4317 3181 4373 Ecclesiis
3209 4332 3326 4386 quae
3357 4316 3412 4369 in
3453 4315 3672 4370 dicecesi
3718 4316 4030 4370 constituue

2445 4422 2589 4466 sunt.
2625 4411 2834 4465 Concil.
2866 4410 3329 4480 llipponiregieu.,
3359 4409 3438 4463 tit.
3469 4407 3525 4463 9.

2516 4502 2604 4557 59.
2653 4502 2719 4557 Ut
2750 4503 2841 4555 lilii
2892 4503 3271 4572 episcoporum
3320 4500 3608 4569 gentilibus
3648 4499 3734 4553 vel
3766 4499 4032 4555 licerelicis

2446 4608 2538 4652 aut
2565 4596 2922 4652 schismaticis
2946 4594 3289 4650 matrimonio
3315 4608 3421 4649 non
3445 4597 3865 4661 coniungantur.
3892 4594 4031 4648 Con-

2368 4671 2420 4731 D
2448 4689 2537 4743 cil.
2569 4688 2848 4755 Carthag.,
2876 4688 2957 4741 tit.
2984 4686 3074 4740 et.

2521 4779 2607 4832 40.
2652 4778 2720 4832 Ut
2762 4776 2853 4832 filii
2892 4777 3267 4847 episcoporum
3306 4786 3400 4830 aut
3444 4775 3766 4831 clericorum
3812 4783 4030 4843 specta-

2449 4875 2564 4929 cula
2599 4890 2706 4929 non
2737 4873 3047 4935 exhibeant,
3082 4886 3180 4925 nec
3209 4878 3474 4941 spectent.
3507 4868 3715 4924 Concil.
3747 4855 4026 4938 Carthag.,

2449 4970 2529 5025 tit.
2562 4969 2648 5021 20,

2522 5064 2609 5117 ll.
2656 5061 2722 5117 Ut
2753 5061 2988 5131 episcopi
3034 5058 3169 5113 filios
3207 5072 3337 5112 suos
3378 5072 3485 5111 non
3533 5054 3898 5125 emancipent,
3932 5058 4028 5111 ιιἰεί

2446 5159 2553 5230 jam
2587 5157 2861 5226 probatos.
2893 5154 3098 5207 Concil.
3132 5150 3413 5220 Carthag.,
3445 5150 3526 5204 tit.
3559 5148 3650 5202 22.

2520 5248 2606 5305 42.
2655 5248 2721 5303 L't
2757 5246 2995 5315 episcopi
3041 5260 3148 5299 non
3186 5244 3384 5313 passim
3431 5241 3497 5295 ad
3540 5240 3859 5296 comitatum
3910 5257 4034 5311 per-

2450 5352 2595 5412 gant.
2630 5340 2833 5394 Concil.
2888 5337 3120 5398 Sardie.,
3174 5337 3255 5390 tit.
3304 5333 3375 5398 9;
3409 5335 3557 5396 item,
3610 5333 3693 5386 tit.
3726 5331 3831 5395 10;
3882 5333 4030 5393 item,

2450 5437 2534 5490 tit.
2568 5433 2654 5486 11.
2688 5430 2895 5487 Concil.
2933 5429 3206 5491 Antioch.,
3240 5427 3323 5480 tit.
3358 5425 3415 5479 ll

2525 5530 2613 5583 45.
2659 5527 2727 5580 llt
2756 5528 3059 5596 quicunque
3089 5522 3375 5592 episcoyus
3402 5518 3469 5573 ab
3500 5518 3833 5587 imperatore
3861 5515 4032 5587 publi-

2452 5636 2573 5677 cum
2598 5619 2855 5690 judicium
2884 5615 3261 5688 postulaverit,
3290 5612 3499 5668 honore
3524 5609 3750 5682 proprio
3773 5608 4030 5682 privetur.

2452 5712 2660 5770 Concil.
2690 5709 2968 5778 Carthag.,
3004 5707 3084 5761 tit.
3117 5703 3171 5759 9.
