4204 6604
181 448 274 506 821

1043 441 1416 500 FULGENTH
1463 439 1814 495 FERRANDI
1857 437 2231 494 BREVIATIO
2270 435 2628 493 CANONUM.

246 565 336 622 44.
383 563 449 620 Ut
479 565 638 619 liceat
669 561 958 628 unicuique
1007 561 1265 630 episcOpo
1308 571 1504 626 preces
1554 553 1763 608 consti-
1798 560 1843 619 Α
1877 553 2001 607 nihil
2035 554 2111 605 eis
2144 561 2339 606 noceat
2366 552 2410 605 si
2439 551 2583 606 bono
2617 551 2797 605 animo
2832 547 3220 619 judicavelint.
3248 546 3462 604 Concil.

180 667 350 718 tuere,
386 656 606 729 quando
641 656 706 707 de
741 652 956 722 μιάῐυείς
982 649 1229 720 publicis
1267 656 1458 701 contra
1487 643 1774 698 haereticos
1875 646 2086 712 Ca:th.,
2121 648 2205 699 tit.
2234 645 2318 699 19.

180 750 381 821 aliquid
412 758 494 804 est
525 748 834 818 petendum.
867 743 1076 798 Concil.
1113 739 1502 795 Marazanensi.

1948 737 2037 794 65.
2084 740 2149 792 Ut
2196 739 2482 808 episcopus
2511 738 2601 807 qui
2640 737 2708 790 ab
2737 737 2988 791 omnibus
3025 734 3303 806 episcopis
3338 748 3470 804 pro-

251 841 344 895 45.
391 840 460 896 Ut
488 841 777 910 episcopus
799 838 914 893 sine
943 833 1345 903 InetrOpulitani
1377 830 1610 884 concilio
1645 827 1776 881 nihil
1877 829 2067 883 vincia;
2096 827 2257 882 fuerit
2285 829 2700 891 condemnatus,
2746 825 3056 882 facultatem
3080 825 3275 895 judicii
3303 839 3468 896 repe-

184 943 328 1002 agat,
365 933 466 987 nisi
499 948 561 986 ea
590 940 800 985 tantum
842 943 964 1000 qua:
993 927 1060 981 ad
1105 924 1553 994 gubernationem
1587 919 1776 974 Eccle-

183 1026 274 1079 sia:
301 1039 414 1079 sua:
441 1023 735 1093 pertinent.
766 1018 978 1075 Concil.
1011 1015 1290 1079 Antiocln,
1324 1014 1408 1067 tit.
1438 1012 1492 1066 9.

252 1115 345 1169 46.
390 1113 458 1169 Ut
489 1113 730 1183 episcopi
775 1112 896 1167 sine
924 1109 1152 1164 formata
1197 1106 1444 1176 primatis
1471 1119 1584 1158 non
1631 1101 1781 1157 navi-

186 1220 336 1281 gent.
367 1208 614 1264 Concilio
638 1205 1077 1275 Carthaginensi,
1112 1205 1197 1258 tit.
1226 1203 1315 1258 56.

256 1301 349 1355 47.
398 1300 464 1357 Ut
487 1301 726 1373 episcopi
753 1315 868 1354 rem
896 1297 1154 1354 Ecclesia:
1182 1296 1300 1351 sine
1327 1294 1575 1366 primatis
1595 1293 1782 1350 consi-

189 1393 263 1449 lio
313 1410 423 1449 non
449 1393 704 1448 vendant.
735 1389 948 1448 Concil.
1000 1389 1279 1459 Carthag.,
1328 1389 1416 1443 tit.
1466 1389 1520 1444 5.
1569 1384 1783 1445 Concil.

191 1483 451 1556 Htppon.,
487 1485 568 1539 tit.
597 1483 650 1539 9.

263 1577 355 1632 48.
405 1576 474 1633 Ut
509 1576 752 1648 episcopi
799 1573 1137 1646 providentia
1184 1571 1480 1641 virginibus
1522 1584 1642 1640 qua:
1689 1585 1786 1639 pu-

1883 921 2028 976 tendi
2062 937 2166 975 non
2201 921 2412 975 habeat.
2449 918 2656 976 Concil.
2689 920 2971 986 Antioch,
3003 919 3088 974 tit.
3119 915 3206 973 15.

1956 1011 2044 1066 64.
2090 1012 2159 1068 U—t
2191 999 2476 1082 episcOpus
2526 1014 2592 1066 ab
2635 1013 2713 1067 eis
2756 1012 3028 1082 episcopis
3072 1026 3209 1081 quos
3247 996 3497 1082 elegeril'

1879 1106 2107 1177 judices,
2149 1105 2565 1170 condemnatus,
2598 1105 2870 1174 appellare
2916 1104 3048 1160 alibi
3086 1118 3195 1159 non
3246 1103 3469 1159 audeat.

1885 1197 2094 1254 Concil.
2124 1198 2332 1264 Carth.,
2367 1199 2450 1252 tit.
2495 1197 2546 1252 5.
2593 1196 2724 1252 ltem
2772 1197 3006 1253 concilio
3036 1195 3473 1267 Carthaginensi,

1889 1296 1971 1351 tit.
2001 1295 2088 1352 15.

1961 1388 2048 1443 65.
2095 1389 2161 1444 Ut
2192 1388 2431 1458 episcopi
2469 1388 2560 1456 qui
2603 1388 2658 1442 in
2698 1387 2878 1457 aliqua
2910 1401 3072 1442 causa
3099 1383 3309 1455 iudices
3339 1383 3478 1439 dan-

1892 1492 2000 1550 tur,
2032 1481 2130 1552 ipsi
2160 1481 2338 1536 locum
2370 1480 2658 1534 audientiae
2685 1480 2939 1549 deligant.
2973 1477 3188 1534 Concil.
3221 1475 3479 1532 Zellensi.

1965 1572 2052 1626 66.
2100 1571 2164 1627 Ut
2210 1570 2489 1641 depositus
2519 1571 2808 1640 episcopus
2844 1568 2914 1623 ad
2945 1569 3330 1641 imperatorem
3357 1583 3484 1623 cau-

195 1672 339 1742 pilla:
368 1671 568 1725 fuerint
595 1670 686 1724 ubi
709 1668 954 1723 habitent
981 1665 1231 1735 eligatur.
1267 1663 1475 1720 Concil.
1505 1663 1787 1732 Carthag.,
1892 1680 2009 1720 sam
2038 1680 2190 1720 suam
2225 1680 2330 1718 non
2363 1662 2588 1718 deferat.
2620 1662 2832 1718 Concil.
2864 1660 3144 1726 Antioch.,
3175 1661 3257 1713 tit.
3285 1661 3372 1712 l2.

198 1762 283 1817 tit.
309 1759 378 1814 40
408 1759 609 1833 [Trcc.,
635 1761 719 1814 tit.
748 1758 835 1824 ll,
867 1753 1050 1826 male].

1970 1757 2058 1812 67.
2105 1757 2171 1812 Ut
2201 1764 2485 1811 accusatus
2513 1756 2822 1825 episcopus,
2847 1755 2932 1810 vel
2959 1754 3267 1823 quicunque
3289 1767 3356 1807 ex
3378 1752 3489 1806 cle-

266 1856 361 1910 49,
409 1855 478 1910 Ut
521 1854 899 1924 episcoporum
927 1850 1133 1920 judicio
1161 1848 1501 1918 paenitentiae
1544 1854 1791 1916 tempora
1898 1868 1961 1908 ro
1990 1850 2152 1907 fuerit
2192 1850 2340 1920 apud
2369 1848 2673 1904 Ecclesiam
2704 1855 3008 1921 accusatus,
3040 1846 3106 1900 ad
3133 1844 3339 1914 judicia
3389 1859 3490 1914 pus

200 1946 593 2018 ptenitentibus
643 1944 1030 2001 decernantur.
1091 1941 1302 1998 Concil.
1354 1940 1648 2009 Carthag.,
1702 1939 1784 1993 tit.
1824 1927 1870 1988 Β
1896 1945 2035 2000 buca
2065 1961 2173 1998 ηυη
2203 1952 2459 2000 transeat,
2489 1942 2697 2000 Concil.
2723 1941 3002 2010 Cannas”
3038 1939 3120 1994 ιίι,
3154 1939 3247 1994 18,

202 2039 292 2098 59.

1968 2035 2056 2089 68.
2101 2035 2168 2090 Ut
2196 2036 2479 2106 episcopus
2519 2035 2610 2102 qui
2657 2031 2896 2087 secunda
2935 2031 3019 2084 vel
3062 2030 3218 2084 tertia
3249 2028 3491 2083 auctori-

276 2131 368 2187 50.
414 2130 480 2186 Ut
500 2132 738 2202 episcopi
773 2129 978 2199 judicio
1021 2129 1312 2184 Donatista:
1341 2127 1447 2196 qui
1495 2127 1638 2197 apud
1667 2142 1796 2182 suos
1899 2138 2009 2183 tate
2057 2139 2357 2183 conventus
2406 2126 2586 2192 fuerit,
2621 2136 2677 2179 et
2722 2125 2907 2178 venire
2951 2121 3374 2192 contempserit,
3420 2120 3490 2174 ab

206 2233 329 2280 acta
360 2223 680 2294 paenitentia
711 2223 1064 2288 convertitur,
1091 2232 1302 2291 tempus
1345 2221 1680 2290 paenitentiae
1713 2221 1797 2275 vel
1900 2223 2280 2292 episcoporum
2327 2219 2602 2275 consortio
2632 2216 3013 2286 suspendatur.
3079 2212 3325 2269 Concilio
3376 2210 3490 2266 Zel-

206 2315 670 2374 reconciliationis
694 2315 1036 2372 decernatur.
1067 2313 1276 2371 Concil.
1311 2314 1587 2381 Carthag.,
1623 2315 1705 2368 tit.
1739 2312 1792 2367 2.

273 2411 367 2469 51.
417 2412 482 2466 Ut
505 2396 791 2483 episcopus
816 2418 1096 2466 accusatos
1122 2410 1488 2479 presbyteros,
1529 2423 1798 2463 convoca-

206 2504 273 2560 tis
300 2504 548 2574 quinque
580 2503 868 2573 episcopis,
901 2503 1125 2556 audiat:
1158 2501 1510 2556 diaconorum
1541 2516 1661 2555 cum
1707 2501 1800 2554 tri-

205 2596 326 2663 bus,
374 2595 708 2664 reliquorum
753 2609 884 2649 vero
930 2607 1125 2648 causas
1172 2591 1290 2663 ipse
1333 2591 1480 2647 solus
1523 2591 1796 2646 discutiat.

205 2685 420 2742 Concil.
446 2685 722 2755 Carthag.,
751 2684 831 2739 tit.
861 2683 948 2738 17.

275 2776 370 2832 52.
416 2778 485 2834 Ut
531 2786 712 2831 autem
764 2792 899 2831 unus
944 2775 1231 2846 episcopus
1279 2772 1644 2840 cognitionem
1695 2773 1801 2827 sibi

209 2884 316 2925 non
360 2869 616 2932 vindicet,
649 2868 754 2924 hoc
782 2867 836 2923 in
867 2868 974 2923 alio
1002 2866 1235 2924 concilio
1270 2864 1685 2934 Carthaginensi
1711 2882 1803 2920 ac-

209 2969 322 3015 tum
353 2969 459 3016 est.

279 3053 374 3108 55.
422 3051 490 3108 Ut
519 3052 699 3109 nullus
727 3054 1033 3122 episcopus,
1083 3051 1169 3106 vel
1217 3058 1526 3122 presuyter,
1575 3049 1660 3104 vel
1691 3048 1805 3103 dia-

208 3163 407 3215 conus,
457 3148 958 3204 excommunicatus
1005 3146 1392 3200 communicet.
1445 3141 1652 3197 Concil.
1716 3140 1807 3195 Ni-

209 3256 374 3305 czen.,
413 3241 494 3295 lit.
527 3241 579 3296 5.
613 3240 820 3295 Concil.
847 3238 1081 3300 Sardic.,
1111 3238 1190 3292 tit.
1227 3237 1317 3291 17.
1351 3234 1561 3290 Concil.
1588 3233 1801 3298 Carth.,

208 3333 295 3388 tit.
339 3298 559 3404 8[Cod.
605 3331 785 3398 (.‘orb.,
827 3331 909 3384 tit.
941 3329 1018 3400 9].
1064 3298 1273 3383 Concil.
1317 3325 1595 3393 Antioch.,
1634 3326 1717 3379 tit.
1747 3323 1803 3382 2.
1834 3298 1881 3361 Ο

281 3424 374 3482 54.
421 3425 493 3480 Ut
521 3425 566 3480 si
593 3424 716 3493 quis
749 3423 1041 3492 episcopus
1071 3437 1099 3476 a
1128 3420 1334 3493 synodo
1376 3419 1538 3474 fuerit
1581 3434 1808 3473 excom-

211 3519 546 3582 municatus,
575 3517 978 3571 communicare
1007 3530 1119 3570 non
1160 3512 1359 3568 audeat
1391 3529 1404 3565 :
1441 3519 1495 3567 et
1523 3511 1567 3565 si
1598 3510 1808 3577 fecerit,

211 3623 368 3679 spem
416 3608 777 3664 restitutionis
827 3622 936 3662 non
991 3607 1207 3661 habeat.
1264 3605 1474 3660 Concil.
1529 3604 1809 3668 Antioch.,

211 3701 296 3755 tit.
333 3699 392 3753 4.
427 3699 640 3755 Concil.
673 3698 1141 3769 llipponiregien.,
1167 3697 1248 3751 tit.
1278 3697 1332 3751 5.

285 3793 380 3850 55.
429 3794 498 3849 Ut
521 3794 805 3862 episcopus
833 3791 880 3846 si
907 3806 1127 3846 causam
1157 3789 1428 3854 habuerit,
1457 3804 1488 3844 a
1519 3787 1815 3844 duodecim

210 3886 494 3957 episc0pis
523 3883 794 3939 audiatur.
828 3883 1034 3939 Concil.
1068 3884 1320 3953 Carthag.
1352 3882 1452 3938 sub
1483 3889 1673 3939 sancto
1703 3877 1813 3936 Ge-

211 3983 455 4049 nethlio,
485 3981 568 4036 tit.
602 3979 653 4035 8.

285 4072 375 4128 56.
423 4073 500 4129 Ut
526 4073 768 4144 episcOpi
797 4072 888 4143 qui
913 4072 967 4128 in
1003 4068 1168 4128 causa
1186 4072 1399 4141 iudices
1428 4071 1644 4142 dantur,
1677 4075 1814 4132 deti-

211 4169 330 4224 nito
381 4168 646 4238 temporis
681 4166 772 4222 die
816 4177 1170 4237 cognoscant.
1221 4167 1430 4222 Concil.
1479 4167 1816 4239 Septimum-

210 4263 385 4318 censi.

287 4354 384 4410 57.
431 4354 502 4410 Ut
527 4354 573 4411 si
614 4353 724 4410 duo
754 4354 995 4425 episcopi
1042 4355 1097 4410 in
1125 4368 1232 4410 una
1275 4356 1550 4425 provincxa
1591 4363 1818 4410 conten-

214 4447 430 4502 tionem
483 4445 792 4512 habuerint,
822 4461 889 4500 ex
937 4446 1043 4501 alia
1075 4446 1352 4516 provincia
1402 4463 1511 4501 non
1557 4446 1822 4502 advocent

215 4543 520 4612 episcopos
551 4539 618 4594 ad
645 4539 924 4608 judicium.
958 4539 1167 4594 Concil.
1198 4538 1435 4606 Sardic.,
1466 4539 1550 4593 tit.
1585 4539 1640 4593 4.

290 4633 388 4689 58.
437 4634 508 4689 Ut
537 4633 582 4688 si
613 4632 681 4687 de
723 4641 977 4688 accusato
1023 4633 1279 4703 episcopo
1316 4633 1497 4686 multa:
1538 4632 1823 4687 sententia:

217 4727 428 4783 fuerint
479 4727 881 4796 episcoporum,
932 4725 1381 4795 metropolitanus
1422 4725 1646 4781 alterius
1696 4741 1825 4794 pro-

217 4823 418 4877 vincia:
473 4829 827 4875 convocetur.
869 4818 1075 4874 Concil.
1108 4819 1400 4886 Antioch.,.
1433 4820 1515 4872 tit.
1550 4817 1639 4874 14.
1686 4818 1825 4886 Quid

219 4915 272 4967 in
331 4913 780 4968 accusationibus
828 4912 1208 4982 episcoporum
1257 4911 1543 4967 observari
1597 4911 1819 4966 debeat.

219 5006 436 5059 Concil.
475 5004 760 5073 Carthag.,
791 5005 868 5060 tit.
900 5004 992 5058 15.

295 5095 384 5149 59.
440 5093 514 5149 Ut
544 5095 880 5164 adiudicatus
909 5097 1212 5166 episcopus,
1247 5099 1316 5151 ad
1345 5097 1701 5166 apostolicam
1727 5111 1828 5152 ise-

222 5189 369 5250 di-m,
405 5187 453 5240 si
489 5186 747 5248 voluerit,
779 5187 1031 5256 appellet.
1066 5186 1273 5242 Concil.
1307 5187 1547 5254 Sardic.,
1581 5188 1663 5240 tit.
1699 5184 1750 5241 5.

299 5279 392 5332 (.0.
444 5278 519 5333 Ut
547 5278 594 5335 si
624 5277 1194 5352 appellaveriL[Forte
1244 5281 1380 5335 alius
1423 5278 1598 5351 deest]
1648 5280 1701 5333 in
1745 5295 1835 5335 ca-

228 5371 425 5426 thedra
459 5370 638 5439 ipsius
676 5384 781 5424 non
809 5371 1108 5426 ordinetur.
1142 5372 1348 5427 Concil.
1392 5371 1626 5436 Sardic.,
1660 5373 1743 5425 tit.
1777 5370 1831 5426 6.

298 5466 392 5518 61.
441 5463 516 5517 Ut
545 5461 591 5516 si
622 5476 653 5514 a
679 5461 948 5530 judicibus
973 5478 1111 5531 quos
1155 5465 1356 5534 primas
1396 5466 1610 5521 dederit
1637 5465 1830 5534 appel-

229 5558 450 5623 laverit,
502 5557 601 5612 alii
638 5557 848 5626 judices
891 5559 1167 5628 amplioris
1212 5562 1418 5616 numeri
1450 5563 1834 5626 decernantur,

231 5661 292 5708 ut
317 5654 363 5708 si
387 5661 450 5708 et
480 5650 557 5706 ab
583 5650 714 5720 ipsis
748 5651 1118 5722 appellaverit,
1147 5653 1213 5708 ad
1257 5654 1584 5710 sententiam
1612 5653 1834 5709 concilii

233 5749 550 5805 diﬂeratur.
585 5741 794 5800 Concil.
824 5742 1149 5800 Thenitano.

307 5842 398 5897 6-2.
453 5841 529 5898 Ut
576 5839 848 5910 episcopis
888 5841 1256 5909 judicantibus
1303 5842 1692 5901 condemnatus
1720 5845 1842 5915 epi-

237 5954 466 6011 scopus,
499 5937 550 5993 si
587 5935 748 5991 fuerit
775 5935 913 6006 apud
945 5937 1183 6006 potiores
1211 5937 1491 6009 episcOpos
1534 5938 1834 6007 absolutus,

1901 2315 2056 2370 lensi.

1973 2408 2060 2462 69.
2107 2405 2176 2461 Ut
2199 2407 2376 2461 nullus
2403 2406 2711 2475 episcopus,
2743 2403 2828 2459 vel
2861 2403 3166 2473 presbyter,
3194 2400 3281 2455 vel
3305 2400 3493 2455 diaco-

1904 2520 2024 2570 nus,
2053 2519 2174 2558 cum
2216 2501 2413 2557 Judmis
2442 2499 2650 2556 Pascha
2679 2498 2941 2556 celebret.
2971 2496 3185 2554 Concil.
3219 2495 3497 2564 Antioch.,

1905 2598 1986 2650 lit.
2017 2597 2066 2649 1.

1980 2691 2064 2745 70.
2115 2692 2181 2746 Ut
2209 2690 2474 2760 episcopi,
2505 2687 2830 2759 presbyteri,
2864 2686 2950 2742 vel
2978 2686 3196 2742 diaconi
3240 2701 3348 2740 non
3390 2685 3501 2739 sint

1907 2790 2270 2836 conductores
2321 2787 2417 2833 aut
2472 2785 2880 2849 procuratores.
2929 2773 3141 2832 Concil.
3200 2774 3454 2840 Carthag.
3483 2813 3500 2840 ,

1906 2877 1989 2930 tit.
2021 2873 2108 2927 24.

1980 2968 2068 3022 71.
2115 2966 2182 3023 Ut
2210 2965 2469 3036 episcopi,
2503 2964 2618 3019 sive
2637 2959 2854 3032 clerici,
2882 2958 2940 3018 in
2964 2957 3207 3018 Ecclesia
3234 2975 3342 3016 non
3366 2976 3500 3015 osu-

1908 3062 2160 3116 viventur
2186 3059 2289 3113 nisi
2319 3064 2679 3113 transeuntes.
2709 3054 2926 3113 Concil.
2953 3052 3236 3124 Carthag.,
3269 3055 3350 3108 tit.
3381 3053 3474 3107 58.

1983 3151 2068 3205 72.
2115 3151 2184 3206 Ut
2221 3149 2465 3220 episc0pi
2508 3157 2564 3204 et
2595 3148 2896 3220 presbyteri
2924 3148 2981 3203 in
3010 3147 3175 3202 domo
3215 3163 3312 3201 sua
3363 3147 3508 3201 obla-

1913 3245 2089 3299 tiones
2116 3258 2224 3297 non
2255 3240 2476 3296 faciant.
2503 3240 2708 3297 Concil.
2744 3239 2989 3304 Laodic.,
3015 3239 3095 3294 tit.
3127 3237 3216 3294 56'.

1990 3335 2081 3392 75.
2124 3335 2198 3393 Ut
2227 3337 2518 3407 episcopus
2560 3351 2590 3389 a
2640 3334 3025 3391 communione
3061 3348 3169 3388 non
3216 3332 3510 3402 suspendat

1915 3446 2041 3488 eum
2067 3445 2227 3501 quem
2267 3429 2460 3484 asserit
2489 3428 2555 3482 de
2586 3438 2814 3497 peccato
2855 3425 3036 3495 aliquo
3077 3425 3180 3479 sibi
3211 3423 3311 3479 soli
3342 3424 3510 3479 fuisse

1916 3522 2248 3580 confessum.
2280 3520 2488 3577 Concil.
2519 3519 2732 3586 Cartb.,
2761 3520 2843 3572 tit.
2879 3517 2932 3572 '2.

1987 3614 2078 3669 74.
2123 3612 2196 3669 Ut
2244 3614 2531 3684 episcopus
2578 3613 2678 3666 sibi
2731 3623 3124 3666 successorem
3160 3623 3269 3663 non
3323 3607 3508 3678 eligat.

1919 3707 2127 3765 Concil.
2161 3705 2443 3772 Antioch.,
2467 3705 2553 3762 tit.
2588 3701 2656 3756 25
2683 3700 2834 3776 μεθ.
2868 3701 2952 3756 tit.
2986 3699 3063 3770 6].

1991 3799 2082 3857 75.
2128 3799 2198 3855 Ut
2233 3798 2476 3868 episcopi
2504 3796 2570 3850 ad
2601 3795 2890 3850 concilium
2926 3801 3234 3858 occurrant,
3269 3799 3362 3846 aut
3395 3807 3504 3846 non

1920 3902 2265 3950 occurrentes
2295 3891 2348 3944 in
2379 3890 2636 3946 tractoria
2665 3887 2750 3942 vel
2779 3886 2921 3958 apud
2959 3887 3246 3957 primatem
3278 3900 3507 3941 excusa-

1921 3990 2098 4045 tiones
2127 4003 2254 4044 suas
2276 3987 2531 4056 allegent.
2555 3984 2764 4040 Concil.
2793 3983 3038 4053 Laodic.,
3064 3985 3147 4039 tit.
3181 3983 3269 4038 58.
3301 3983 3509 4040 Concil.

1920 4080 2200 4150 Carthag.,
2229 4081 2314 4134 tit.
2345 4079 2432 4132 ll.

1994 4176 2083 4232 76.
2127 4175 2198 4233 Ut
2223 4175 2466 4245 exceptis
2491 4174 2712 4229 senibus
2742 4175 2835 4244 qui
2865 4175 2990 4230 loco
3021 4173 3229 4230 moveri
3258 4188 3366 4228 non
3392 4187 3519 4242 pos-

1925 4279 2072 4335 sunt,
2097 4277 2149 4324 et
2175 4268 2398 4322 infirmis
2427 4266 2718 4336 episcopis,
2763 4266 2857 4337 qui
2889 4266 3199 4322 admonitus
3241 4265 3308 4319 ad
3337 4265 3520 4320 conci-

1925 4358 2056 4413 lium
2087 4373 2195 4413 non
2225 4356 2547 4423 occurrerit,
2578 4356 2966 4411 communione
3007 4358 3273 4425 privetur.
3307 4354 3517 4409 Concil.

1927 4449 2314 4504 Marazanensi.
2341 4447 2544 4502 Concil.
2573 4445 2957 4503 Thusdritano.
2977 4446 3130 4513 Item,
3150 4447 3358 4505 Concil.
3377 4446 3520 4502 The-

1933 4542 2135 4600 nitano.
2167 4540 2374 4595 Concil.
2407 4540 2880 4609 Septimuuicensi.

2001 4633 2088 4688 77.
2137 4635 2204 4690 Ut
2233 4636 2523 4704 episcopus
2551 4636 2643 4705 qui
2672 4652 2781 4691 non
2809 4643 3060 4706 suscepta
3102 4635 3376 4706 legatione
3404 4635 3522 4691 uni-

1933 4729 2131 4785 versali
2164 4729 2399 4785 concilio
2429 4732 2699 4787 interesse
2736 4733 3157 4803 prwsumpserit,
3202 4731 3270 4786 ab
3299 4731 3378 4787 eis
3405 4732 3525 4801 epi-

1934 4821 2112 4890 scopis
2149 4820 2242 4888 qui
2293 4823 2615 4890 legationem
2655 4825 2961 4893 suscipiunt
3007 4824 3073 4877 ad
3122 4823 3300 4893 ipsum
3344 4823 3529 4878 conci-

1934 4915 2063 4969 lium
2091 4930 2199 4970 non
2231 4915 2568 4971 admittatur.
2605 4916 2814 4973 Concil.
2849 4917 3240 4974 Thusdritano.

2010 5008 2096 5062 78.
2144 5007 2212 5063 Ut
2241 5011 2418 5066 nullus
2463 5013 2749 5082 episcopus
2779 5013 3049 5082 prioribus
3090 5012 3202 5067 suis
3233 5026 3292 5067 se
3322 5011 3522 5066 audeat

1938 5109 2290 5168 anteponere.
2322 5100 2530 5157 Concil.
2565 5103 2893 5168 Milevitano,
2924 5103 3010 5156 tit.
3037 5101 3090 5155 2.

2010 5191 2098 5247 '79.
2145 5190 2211 5247 Ut
2240 5194 2638 5264 chorepiscopi,
2670 5195 2722 5249 id
2766 5201 2853 5249 est
2879 5194 3068 5249 vicarii
3119 5194 3520 5262 episcoporum.

1939 5299 2040 5338 nec
2067 5285 2413 5356 presbyteros
2441 5300 2542 5341 nec
2582 5284 2845 5341 diaconos
2874 5285 3147 5350 ordinent,
3179 5283 3282 5338 nisi
3315 5291 3522 5337 tantum

1941 5378 2324 5434 subdiaconos.
2368 5377 2576 5435 Concil.
2617 5380 2995 5450 Anquiritano,
3058 5377 3142 5433 tit.
3176 5377 3264 5432 15.
3311 5375 3524 5432 Concil.

1945 5469 2221 5538 Antioch.,
2251 5473 2333 5525 ιη.
2367 5471 2452 5524 l0.

2015 5560 2105 5616 80.
2149 5562 2216 5618 Ut
2261 5563 2476 5617 vicariis
2523 5563 2903 5634 episcoporum
2934 5563 3097 5619 liceat
3145 5560 3405 5618 formatas
3444 5558 3529 5615 fa-

1943 5670 2087 5712 cere.
2121 5655 2327 5710 Consil.
2362 5655 2638 5722 Antioch.,
2671 5656 2753 5710 tit.
2787 5653 2841 5711 8.

2015 5747 2104 5803 81.
2164 5747 2234 5804 Ut
2283 5749 2467 5819 primae
2515 5749 2657 5805 sedis
2712 5750 2998 5821 episcopus
3055 5763 3163 5804 non
3221 5746 3523 5818 appelletur

1941 5841 2192 5913 princeps
2242 5841 2606 5905 sacerdotum,
2655 5843 2741 5898 vel
2785 5857 3026 5898 summus
3053 5839 3328 5897 sacerdos.
3371 5835 3521 5894 Con-

1948 5937 2040 5996 cil.
2071 5936 2350 6006 Carthag..
2381 5938 2464 5993 tit.
2499 5933 2586 5990 54.
