4204 6560
762 430 869 492 893

1474 426 1563 484 Al)
1601 426 1935 485 CRISCONll
1978 425 2399 484 BilEVlARIUM
2442 424 2771 487 CANONUM
2815 428 3343 490 [’ROLEGOMENA.

3931 443 4035 501 824

836 541 925 596 82.
967 539 1035 597 Ut
1075 540 1356 612 primatem
1387 541 1660 610 proprium
1707 539 2021 595 Mauritania
2062 538 2348 595 Sitifiensis
2375 542 2428 601 Α
2454 550 2630 598 natur.
2661 543 3264 611 Concil.Antioch.,tit.
3285 510 3956 627 5.Concil.Ca‘rthag.,tit.
3983 560 4038 613 7.

762 639 978 695 habt-at.
1003 638 1208 692 Concil.
1241 636 1449 702 Carth.,
1484 637 1563 690 tit.
1589 635 1643 691 ϐ.

831 728 865 781 8
887 752 920 780 ι.
965 726 1034 782 Ut
1081 729 1264 799 prima:
1298 727 1439 781 sedis
1467 727 1702 796 episcopi
1734 741 1799 781 ex
1831 726 2060 781 concilio
2082 727 2341 797 Carthag.

758 820 1428 890 episcopiconstituantur,
1478 818 1693 889 quando
1742 817 1903 874 fuerit
1963 818 2154 873 oborta
2213 834 2344 875 con-

758 912 948 967 tentio.
982 911 1185 965 Concrl.
1222 910 1497 977 Carthag,
1530 911 1610 964 tit.
1643 910 1695 965 7.

828 1000 918 1055 81.
971 1001 1039 1056 Ut
1100 1004 1353 1072 primates
1401 1001 1729 1055 diversarum
1785 1003 2181 1072 provinciarum
2242 1019 2344 1058 no-

758 1094 903 1148 mina
959 1095 1335 1164 episcoporum
1401 1093 1469 1146 ad
1525 1092 1820 1150 Ecclesiam
1857 1092 2335 1165 Carthaginensem

755 1186 996 1240 mittant.
1030 1187 1232 1240 Concil.
1266 1184 1542 1255 Carthag.,
1575 1186 1659 1239 tit.
1693 1185 1748 1241 5.

827 1276 915 1331 85.
963 1278 1026 1332 lit
1070 1278 1349 1347 presbyter
1379 1284 1503 1332 ante
1546 1278 1759 1346 triginta
1799 1293 2061 1333 annorum
2101 1285 2338 1345 :etatem,

753 1372 997 1440 quamvis
1026 1371 1095 1424 sit
1134 1370 1343 1439 dignus,
1394 1385 1499 1424 non
1522 1369 1816 1426 ordinetur.
1850 1371 2054 1427 Concil.
2089 1371 2342 1428 Novaczc-

751 1480 886 1527 sar.,
920 1464 1004 1517 tit.
1036 1462 1120 1516 10.

823 1560 912 1610 δῦ.
957 1557 1024 1611 lit
1053 1556 1141 1625 qui
1168 1557 1219 1610 iu
1248 1556 1563 1625 mgritudine
1588 1556 1747 1610 fuerit
1775 1557 2074 1626 baptizatus
2106 1573 2210 1611 non
2243 1572 2335 1611 or-

2519 633 2641 688 102.
2686 635 2753 690 Ut
2792 635 2954 690 liceat
2991 637 3105 692 sive
3140 640 3490 709 presbyteris,
3541 643 3655 699 sive
3687 647 4031 716 diaeonibus,

2445 725 2491 781 si
2522 725 2716 794 injuste
2768 728 3219 783 excommunicati
3261 729 3473 797 fuerint,
3518 733 3775 791 ﬁnitimos
3822 738 4041 808 episco.

2445 833 2544 886 pos
2575 818 2937 888 interpellare.
2963 820 3167 875 Concil.
3201 821 3436 891 Sartlic.,
3468 825 3551 879 tit.
3585 824 3673 881 18.

2519 912 2637 967 103.
2688 912 2756 967 Ut
2806 912 3105 984 presbyteri
3151 914 3374 971 alterius
3417 920 3652 986 regionis
3686 920 4040 987 praesentibus

2446 1002 2772 1072 presbyteris
2828 1018 2937 1057 non
3002 1002 3323 1061 sacriﬁcent.
3380 1005 3589 1063 Concil.
3661 1008 4036 1077 Novacnsar.,

2442 1094 2527 1148 tit.
2565 1094 2650 1149 12.

2515 1186 2641 1241 101.
2687 1187 2752 1243 Ut
2779 1189 2990 1245 diaconi
3012 1199 3220 1262 septem
3248 1206 3367 1247 esse
3391 1193 3644 1251 debeant.
3673 1195 3886 1252 Concil.
3930 1196 4038 1254 No-

2442 1293 2720 1344 vacmsar.,
2755 1281 2819 1335 tit
2849 1280 2935 1335 15.

2511 1370 2632 1424 105.
2678 1371 2745 1427 Ut
2808 1373 3019 1428 diaconi
3068 1374 3269 1444 judicio
3330 1377 3514 1448 populi
3572 1394 3680 1436 non
3739 1382 4033 1451 eligantur.

2438 1460 2682 1518 Concilio
2709 1462 2948 1528 Laodic.,
2979 1467 3059 1522 tit.
3088 1467 3173 1521 15.

2511 1553 2630 1608 106.
2678 1555 2744 1610 Ut
2773 1556 2984 1611 diaconi
3020 1568 3146 1614 ante
3176 1562 3553 1632 presbyterum
3589 1578 3697 1620 non
3722 1568 4035 1623 communi-

745 1650 963 1705 dinetur
1014 1650 1325 1719 presbyter,
1380 1650 1480 1703 nisi
1510 1650 1649 1703 forte
1676 1657 1899 1718 propter
1925 1650 2091 1702 vitam
2138 1651 2335 1703 bonam
2439 1655 2579 1701 cent.
2606 1645 2849 1701 Concilio
2879 1647 3103 1717 Niczcn.,
3136 1652 3215 1705 tit.
3262 1650 3348 1705 14.

746 1752 839 1798 aut
864 1741 1138 1795 hominum
1168 1743 1464 1796 raritatem.
1495 1740 1701 1795 Concil.
1736 1739 2097 1801 Novacasar.,
2130 1740 2216 1795 tit.
2244 1741 2332 1795 11.

2513 1737 2635 1795 107.
2687 1738 2753 1793 Ut
2781 1739 3040 1794 diaconus
3070 1756 3334 1811 przcsente
3356 1747 3672 1817 presbytero
3702 1762 3814 1802 non
3843 1747 4035 1806 sedeat

819 1835 909 1889 87.
954 1833 1022 1890 Ut
1072 1833 1351 1905 presbyter
1378 1832 1681 1899 ordinatus,
1708 1833 1753 1888 si
1801 1833 1869 1887 de
1894 1833 2073 1902 aliquo
2111 1835 2335 1889 crimine
2438 1828 2537 1884 nisi
2560 1830 2760 1899 jussus.
2793 1830 3000 1886 Concil.
3036 1832 3272 1901 Laodic.,
3309 1838 3393 1891 tit.
3439 1837 3525 1894 19.

744 1928 1022 1984 confessus
1052 1927 1231 1993 fuerit,
1272 1934 1367 1980 aut
1386 1925 1453 1980 de
1481 1925 1562 1981 his
1591 1927 1685 1995 qui
1714 1925 1848 1996 lapsi
1877 1935 2032 1991 sunt,
2075 1942 2181 1980 non
2210 1942 2332 1983 sus-
2363 1913 2410 1973 Β
2512 1920 2632 1975 108.
2689 1920 2757 1976 Ut
2783 1924 3145 1981 subdiaconus
3172 1943 3366 1996 partem
3391 1945 3499 1985 non
3529 1942 3737 2004 eroget,
3764 1949 3869 1991 nec
3900 1937 4033 1991 cali-

741 2022 992 2092 cipiatur.
1026 2019 1229 2075 Concil.
1256 2019 1483 2087 Niczen.,
1517 2019 1595 2073 tit.
1623 2018 1677 2073 8.
1712 2018 1918 2074 Concil.
1967 2016 2329 2086 Novacazsar.,

741 2115 826 2170 lit.
860 2113 912 2169 9.

810 2204 903 2258 88.
950 2204 1017 2260 Ut
1060 2204 1342 2275 presbyter
1368 2204 1419 2258 in
1451 2204 1700 2259 convivio
1722 2205 2083 2260 secundarmn
2116 2207 2331 2277 nuptia-

739 2313 859 2353 rum
893 2312 999 2351 non
1032 2297 1261 2352 intersit.
1295 2296 1500 2352 Concil.
1534 2295 1895 2361 Novacmsar.,
1925 2298 2005 2352 tit.
2036 2298 2087 2353 7.

813 2388 904 2442 8‘1.
977 2388 1044 2443 Ut
1085 2389 1152 2443 de
1181 2389 1456 2444 oblatione
1501 2389 1800 2459 presbyteri
1838 2388 2109 2457 conjugati
2149 2391 2328 2447 nullus

740 2480 937 2535 audeat
966 2496 1071 2535 non
1105 2481 1529 2536 communicare.
1561 2480 1766 2535 Concil.
1797 2478 2095 2549 Gangrensi
2115 2524 2130 2549 ,
2165 2484 2245 2536 tit.
2269 2483 2326 2538 4.

815 2573 903 2626 90.
949 2571 1016 2627 Ut
1064 2572 1347 2643 presbyter
1374 2570 1677 2627 inconsulto
1726 2571 1985 2641 episc0po
2009 2572 2062 2626 in
2088 2573 2330 2641 quolibet

741 2666 866 2721 loco
898 2665 1099 2735 agenda
1132 2681 1239 2721 non
1267 2665 1462 2721 audeat
1484 2664 1783 2721 celebrare.
1815 2662 2023 2722 Concil.
2050 2665 2325 2736 Carthag.,

739 2757 826 2812 tit.
858 2757 911 2811 'a’.

811 2847 901 2902 9|.
945 2847 1015 2903 Ut
1073 2848 1354 2919 presbyter
1410 2847 1712 2902 inconsulto
1772 2847 2029 2919 episcopo
2092 2850 2328 2918 virgines

745 2955 855 2995 non
909 2949 1224 3006 consecret,
1275 2941 1511 2995 chrisma
1556 2954 1686 2996 vero
1729 2955 2002 3010 nunquam
2054 2943 2324 2998 conliciat.

735 3032 942 3091 Concil.
972 3037 1251 3105 Carthag.,
1280 3038 1361 3091 tit.
1394 3036 1481 3090 45.

642 3128 645 3133 ’
805 3129 895 3184 92.
950 3130 1016 3185 Ut
1066 3131 1363 3202 presbyteri
1415 3132 1648 3189 civitatis
1701 3133 1817 3189 sine
1868 3132 2022 3200 jussu
2086 3130 2326 3200 episcopi

733 3223 866 3278 nihil
898 3223 1156 3293 jubeant;
1203 3240 1304 3278 nec
1354 3224 1407 3279 in
1463 3242 1783 3296 unaquaque
1837 3226 2072 3296 parmcia
2126 3226 2324 3293 aliquid

733 3324 916 3386 agant.
949 3315 1154 3370 Concil.
1188 3317 1563 3385 Anquiritauo,
1592 3319 1673 3372 tit.
1711 3317 1800 3371 15.

809 3409 900 3465 93.
936 3408 1004 3464 Ut
1045 3410 1345 3481 presbyteri
1378 3410 1710 3465 abstinentes
1753 3408 2065 3463 a'carnibus
2099 3416 2322 3477 tangant

732 3516 864 3556 eas:
901 3503 972 3554 ita
1005 3508 1062 3554 ut
1090 3501 1253 3554 etiam
1285 3500 1432 3554 olera
1471 3516 1590 3569 qua:
1631 3515 1751 3554 cum
1800 3498 2050 3554 carnibus
2079 3512 2320 3568 coquun-

731 3600 839 3655 tur,
868 3591 1172 3647 comedant.
1203 3590 1411 3646 Concil.
1444 3590 1734 3659 Anquirit.,
1766 3591 1849 3643 tit.
1881 3589 1948 3642 14

806 3683 895 3739 91.
940 3684 1008 3740 Ut
1031 3684 1361 3756 presbyteris
1392 3683 1649 3739 formatas
1678 3683 1808 3739 dare
1830 3698 1937 3738 non
1964 3682 2147 3737 liceat.
2177 3681 2322 3737 Con-

737 3774 829 3829 cil.
861 3774 1137 3841 Antioch,
1171 3778 1253 3827 tit.
1286 3773 1338 3828 8.

810 3868 901 3921 95.
947 3867 1013 3923 Ut
1043 3867 1342 3939 presbyteri
1384 3882 1499 3923 rem
1546 3864 1800 3921 Ecclesiae
1846 3866 1960 3919 sine
1989 3865 2322 3921 conscientia

736 3960 977 4030 episcopi
1025 3976 1131 4014 nou
1159 3958 1414 4013 vendant.
1446 3958 1655 4013 Concil.
1708 3955 2084 4028 Anquiritano,
2115 3958 2196 4011 tit.
2230 3956 2321 4013 15.

735 4054 941 4109 Concil.
978 4052 1461 4123 llipponiregieusi,
1490 4053 1577 4107 tit.
1609 4050 1661 4105 9.

813 4148 902 4202 90.
938 4148 1003 4202 Ut
1038 4148 1321 4219 presbyter
1350 4145 1438 4216 qui
1468 4155 1675 4199 reatum
1720 4144 2034 4210 incurrerit,
2066 4158 2095 4197 a
2119 4158 2212 4199 sex
2239 4144 2323 4198 vel

738 4258 770 4296 a
814 4250 1018 4310 septem
1062 4240 1328 4309 cpisc0pis
1381 4238 1648 4293 audiatur.
1713 4237 2197 4308 Concil.Cartbag.
2224 4238 2322 4293 sub

744 4334 989 4389 antistite
1016 4332 1345 4396 Geuethlio.,
1379 4332 1461 4384 tit.
1486 4330 1519 4381 8
1549 4328 1743 4401 Πῖσα,
1775 4330 1855 4382 tit.
1885 4328 1962 4399 9|.

811 4429 919 4483 97.
944 4427 1013 4483 Ut
1042 4425 1321 4496 presbyter
1348 4423 1436 4492 qui
1478 4422 1772 4476 immolavit
1802 4421 1988 4488 idolis,
2041 4435 2097 4477 et
2137 4433 2322 4494 postea

740 4536 841 4591 pro
885 4519 985 4572 Iule
1014 4516 1275 4583 conflixit,
1326 4516 1531 4569 honore
1563 4513 1774 4583 quidem
1805 4528 1911 4568 non
1941 4514 2197 4583 privetur,
2244 4526 2321 4571 ta-

738 4629 862 4665 men
895 4625 994 4665 nec
1023 4609 1311 4673 sacriﬁcet,
1347 4621 1443 4661 nec
1479 4621 1787 4661 sermonem
1816 4605 1977 4661 faciat
2004 4606 2184 4677 (Cone.
2215 4608 2321 4663 An-

740 4706 985 4775 quirimn.
1000 4746 1013 4767 ,
1040 4712 1076 4757 t.
1111 4702 1183 4771 1).

814 4795 901 4849 98.
950 4794 1015 4849 Ut
1056 4792 1334 4862 presbyter
1363 4791 1408 4847 si
1448 4805 1669 4846 uxorem
1698 4789 1931 4855 duxerit,
1979 4791 2316 4860 deponatur:

740 4888 787 4942 si
834 4894 1011 4939 autem
1055 4884 1347 4938 fornicatus
1378 4882 1556 4948 fuerit,
1588 4884 1748 4936 etiam
1770 4884 2138 4952 paenitentiam
2163 4900 2321 4955 agere

739 4975 1114 5045 compellatur.
1139 4972 1345 5028 Concil.
1370 4973 1729 5039 Novac:esar.,
1763 4974 1845 5028 tit.
1874 4974 1923 5028 1.

814 5064 902 5121 99.
948 5065 1017 5119 Ut
1046 5063 1326 5133 presbyter
1353 5062 1435 5117 vel
1463 5063 1721 5117 diaconus
1749 5064 1863 5133 qui,
1898 5065 2110 5119 deserta
2139 5066 2321 5121 Eccle-

740 5158 819 5213 sia
875 5170 1001 5221 sua,
1036 5155 1102 5207 ad
1149 5153 1303 5207 aliam
1353 5154 1641 5221 transierit,
1690 5153 1734 5209 si
1778 5163 1899 5224 post
1947 5158 2317 5211 evocationem

741 5248 984 5318 episcopi
1005 5248 1084 5300 sui
1108 5259 1354 5301 reversus
1383 5260 1489 5299 non
1510 5243 1706 5312 fuerit,
1760 5246 2078 5315 deponatur.
2109 5248 2314 5303 Concil.

745 5340 1023 5403 Antioch.,
1050 5339 1134 5393 tit.
1166 5338 1218 5391 5.

808 5432 930 5485 100.
976 5431 1041 5486 Ut
1071 5428 1348 5499 presbyter
1376 5428 1461 5482 vel
1490 5427 1783 5497 diaconus,
1825 5431 1869 5484 si
1895 5446 1925 5485 a
1948 5432 2163 5501 pr0prio
2202 5432 2317 5502 epi-

744 5538 911 5592 scopo
957 5529 1337 5576 exauctoratus
1362 5522 1531 5575 sancti
1563 5522 1843 5577 ministerii
1883 5524 2157 5592 quippiam
2180 5539 2317 5593 pra:-

744 5616 1064 5686 sumpserit,
1120 5629 1269 5683 spem
1304 5613 1657 5668 restitutionis
1702 5629 1809 5669 non
1864 5614 2079 5669 habeat.
2111 5613 2316 5670 Concil.

750 5706 1023 5769 Antiocb.,
1059 5704 1140 5758 tit.
1177 5704 1225 5757 4.

824 5796 942 5849 101.
987 5796 1054 5851 Ut
1091 5796 1370 5867 presbyter
1406 5796 1490 5850 vel
1538 5796 1793 5853 diaconus
1830 5800 1921 5868 qui
1950 5814 2009 5854 se
2036 5804 2104 5854 ab
2145 5802 2317 5857 eccle-

747 5890 828 5947 sia
856 5891 1286 5960 sequestraverit,
1306 5890 1361 5946 in
1389 5890 1548 5946 domo
1578 5908 1672 5947 sua
1696 5894 1868 5951 altare
1884 5896 2135 5962 erexerit,
2156 5896 2319 5969 depo-

2352 4658 2403 4718 D

2434 2027 2553 2068 cem
2583 2013 2884 2068 benedicat.
2914 2015 3122 2072 Concil.
3158 2017 3350 2086 Laod.,
3380 2022 3443 2076 tit
3470 2021 3559 2076 24.

2507 2105 2629 2159 109.
2678 2103 2745 2159 Ut
2773 2105 3032 2163 diaconus
3061 2110 3144 2164 vel
3185 2113 3413 2179 quilibet
3442 2116 3667 2172 clericus
3709 2118 3772 2173 ad
3800 2134 4030 2191 agapem

2433 2207 2678 2264 vocatus,
2723 2208 2930 2268 partem
2964 2216 3071 2256 non
3096 2203 3273 2257 tollat.
3302 2204 3510 2262 Concil.
3544 2208 3785 2276 Laodtc.,
3826 2216 3909 2268 tit.
3938 2214 4027 2269 26.

2508 2288 2628 2343 110.
2676 2292 2742 2345 Ut
2763 2289 3021 2347 diaconus
3052 2304 3146 2348 aut
3165 2296 3395 2352 clericus
3420 2313 3605 2369 magus
3634 2310 3689 2356 et
3718 2302 4030 2360 incantatur

2434 2393 2543 2433 non
2594 2381 2700 2443 sit,
2750 2396 2926 2450 neque
2957 2383 3285 2454 phylacteria
3340 2387 3519 2443 faciat.
3566 2392 3775 2448 Concil.
3824 2394 4024 2463 Laod,

2434 2469 2516 2522 tit.
2551 2469 2638 2523 51.

2506 2561 2627 2616 111.
2674 2563 2740 2618 Ut
2779 2564 3039 2622 diaconus
3068 2568 3156 2623 vel
3210 2571 3370 2625 etiam
3415 2571 3583 2630 laicus
3622 2577 3741 2633 sine
3788 2580 4025 2637 formata

2434 2652 2629 2709 alicubi
2671 2671 2776 2710 non
2802 2658 3236 2725 proficiscantur.
3267 2662 3480 2720 Concil.
3513 2666 3727 2725 Laodic.
3747 2711 3761 2735 ,
3813 2673 3898 2727 tit.
3931 2674 4022 2728 39.

2507 2745 2627 2801 112.
2664 2748 2729 2803 Ut
2778 2750 2992 2805 diaconi
3016 2752 3102 2807 vel
3141 2755 3366 2824 quilibet
3393 2757 3571 2814 clerici
3600 2771 3794 2831 praeter
3816 2764 4025 2832 jussio-

2433 2854 2557 2895 nem
2588 2842 2827 2911 episcopi
2856 2842 2923 2897 ad
2955 2846 3239 2913 peregrina
3269 2863 3375 2903 non
3404 2850 3832 2919 proficiscantur.
3874 2859 4025 2911 Con-

2432 2931 2520 2985 cil.
2556 2930 2801 2997 Laodic.,
2829 2935 2910 2987 tit.
2934 2933 3000 2988 40
3033 2935 3233 3006 [Trec.,
3254 2947 3293 2992 t.
3329 2939 3414 3006 11;
3445 2940 3623 3010 Corb.,
3648 2953 3687 2999 t.
3713 2944 3813 3013 20;
3844 2966 4025 3004 emen-

2434 3023 2638 3077 dandus
2662 3025 2913 3097 uterque].

2506 3116 2629 3171 113.
2676 3117 2743 3172 Ut
2788 3120 2999 3176 diaconi
3049 3123 3134 3178 vel
3187 3125 3366 3181 clerici
3412 3132 3735 3198 spectaculis
3788 3149 3909 3203 qua:
3963 3138 4023 3195 in

2436 3212 2640 3280 nuptiis
2668 3213 3020 3282 exhibentur,
3084 3232 3192 3272 non
3242 3219 3508 3278 intersint.
3562 3222 3769 3281 Concil.
3818 3226 4019 3299 Laod.,

2356 3281 2404 3345 α
2439 3305 2522 3359 tit.
2555 3306 2642 3361 52.

2502 3397 2621 3453 114.
2669 3399 2737 3455 Ut
2762 3400 2972 3456 diaconi
2990 3403 3074 3456 vel
3102 3404 3328 3472 quilibet
3362 3405 3545 3463 clerici
3572 3417 3665 3464 aut
3691 3410 3857 3466 etiam
3888 3413 4016 3469 laici

2427 3488 2715 3545 Christiani
2773 3508 2840 3548 ex
2892 3495 3148 3565 symbolis
3197 3497 3501 3553 convivium
3550 3515 3660 3556 non
3710 3503 4008 3560 celebrent.

2426 3580 2633 3639 Concil.
2668 3583 2858 3650 Laod.,
2888 3587 2971 3641 tit.
3003 3585 3089 3641 53.

2498 3675 2621 3731 115.
2665 3675 2734 3731 Ut
2776 3677 2987 3734 diaconi
3019 3680 3104 3735 vel
3132 3681 3441 3752 quicunque
3465 3684 3517 3738 in
3557 3686 3880 3742 sacerdotali
3910 3690 4017 3745 mi-

2426 3769 2649 3824 nisterio
2684 3771 2960 3826 constituti
2992 3787 3183 3828 usuras
3231 3782 3287 3828 et
3334 3775 3503 3842 lucra,
3562 3778 3615 3832 id
3645 3788 3730 3834 est
3767 3784 4017 3853 sescupla

2426 3876 2534 3918 non
2561 3863 2794 3933 exigant.
2824 3865 3032 3920 Concil.
3060 3866 3305 3935 Laodic.,
3335 3869 3420 3925 tit.
3445 3868 3498 3924 εἰ.

2497 3956 2619 4009 116.
2665 3956 2732 4013 Ut
2773 3957 2983 4013 diaconi
3012 3960 3101 4029 qui
3132 3962 3562 4027 immolaverunt,
3607 3973 3664 4019 et
3705 3975 3897 4035 postea
3924 3985 4017 4027 re-

2426 4048 2611 4104 luctati
2648 4057 2775 4103 sunt
2820 4049 2873 4103 in
2906 4050 3110 4105 honore
3136 4051 3354 4120 quidem
3377 4068 3475 4107 suo
3503 4067 3890 4124 permaneant,
3918 4061 4015 4114 sed

2426 4139 2494 4194 ab
2523 4138 2670 4194 omni
2699 4139 2884 4195 altaris
2926 4139 3225 4196 ministerio
3248 4142 3577 4212 repellantur
3611 4144 3791 4215 (Coac.
3814 4149 4016 4219 Anqui-

2426 4231 2609 4295 ritau.,
2644 4231 2727 4285 tit.
2757 4229 2836 4300 2).

2502 4323 2621 4378 117.
2668 4324 2737 4379 Ut
2766 4324 3023 4381 diaconus
3055 4326 3149 4395 qui
3180 4327 3232 4380 in
3271 4329 3553 4397 corporale
3578 4342 3894 4400 pecceatum
3933 4333 4015 4389 iu-

2426 4419 2574 4485 cidit,
2604 4418 2673 4474 ab
2713 4420 2901 4474 ordine
2929 4420 3210 4475 ministerii
3265 4420 3615 4477 abstineatur.
3659 4423 3869 4481 Concil.
3900 4425 4009 4484 N0-

2427 4526 2488 4563 va
2498 4526 2704 4577 czesar.,
2731 4510 2814 4564 tit.
2848 4510 2899 4563 9.

2501 4606 2622 4660 118.
2671 4605 2738 4660 Ut
2778 4606 2990 4661 diaconi
3019 4605 3105 4662 vel
3138 4607 3433 4678 presbyteri
3464 4608 3508 4663 si
3535 4624 3566 4663 a
3596 4610 3898 4669 ministerio
3926 4629 4011 4669 re-

2432 4699 2564 4752 moti
2602 4697 2828 4761 fuerint,
2880 4712 2987 4751 non
3030 4698 3108 4752 eis
3155 4713 3346 4754 manus
3398 4700 3486 4755 vel
3539 4709 3794 4771 tauquam
3840 4706 4007 4775 paeni-

2428 4789 2694 4854 tentibus,
2749 4789 2837 4842 vel
2877 4797 3135 4858 tanquam
3180 4788 3600 4848 lidelibuslaicis
3638 4793 4003 4866 imponantur.

2425 4880 2634 4934 Concil.
2661 4878 2943 4948 Carthag,
2965 4880 3047 4934 tit.
3084 4878 3172 4933 12.

2502 4971 2620 5025 119.
2666 4971 2734 5026 Ut
2761 4972 2973 5027 diaconi
3005 4988 3111 5027 non
3142 4973 3459 5029 ordinentur
3486 4975 3575 5044 qui
3605 4989 4001 5048 procuratores,

2424 5073 2482 5118 et
2510 5074 2753 5129 actores,
2785 5072 2839 5119 ct
2870 5074 3103 5131 tutores,
3140 5075 3196 5121 et
3222 5076 3500 5123 curatores
3537 5068 3862 5137 pupillorum
3894 5071 4008 5127 fue-

2424 5167 2578 5221 runt,
2629 5157 2727 5209 nisi
2768 5166 2890 5225 post
2917 5157 3159 5226 deposita
3198 5160 3445 5213 universa
3476 5168 3530 5214 et
3558 5161 3764 5216 reddita
3791 5164 4001 5219 ratioci-

2424 5247 2532 5300 nia.
2563 5246 2768 5301 Concil.
2801 5248 3078 5316 Carthag.,
3119 5249 3202 5302 tit.
3236 5249 3287 5302 8.

2496 5338 2616 5391 120.
2663 5336 2731 5391 Ut
2776 5339 3016 5393 diaconis
3045 5340 3174 5392 solis
3218 5341 3377 5395 liceat
3417 5341 3486 5394 ad
3516 5342 3687 5398 altare
3718 5342 3923 5412 ingredi
3952 5350 4009 5399 ct

2424 5429 2842 5485 communicare.
2877 5430 3082 5484 Concil.
3110 5430 3301 5498 Laod.,
3333 5433 3411 5487 tit.
3440 5431 3526 5487 18.

2499 5522 2621 5576 121.
2670 5522 2736 5577 Ut
2781 5533 2906 5578 ante
2946 5524 3131 5592 viginti
3178 5526 3414 5595 quinque
3458 5542 3627 5582 annos
3674 5543 3777 5585 nec
3826 5530 4007 5586 clerici

2425 5615 2759 5681 ordinentur,
2808 5630 2910 5671 nec
2938 5617 3169 5686 virgines
3194 5627 3591 5673 consecrentur.
3623 5618 3829 5676 Concil.
3871 5622 4005 5678 Car-

2424 5713 2591 5782 thag.,
2623 5713 2705 5766 tit.
2738 5713 2792 5767 9.

2500 5804 2617 5858 19.2.
2665 5804 2732 5861 Ut
2763 5804 2939 5859 clerici
2965 5820 3084 5860 cum
3131 5806 3443 5862 mulieribus
3470 5809 3739 5862 extraneis
3771 5824 3877 5863 non
3902 5812 4013 5863 ha-

2426 5897 2617 5954 bitent.
2665 5895 2874 5957 Concil.
2910 5898 3127 5967 Nicen,
3174 5899 3256 5953 tit.
3289 5899 3342 5954 5.
3375 5899 3576 5956 Concil.
3619 5899 3873 5974 Carthag.
3907 5903 4010 5958 sub
