4204 6538
163 408 264 468 825

1052 408 1418 467 FULGENTII
1463 407 1814 468 FERRANDI
1856 409 2225 470 BREVIATIO
2263 411 2623 475 CANONUM.

3323 425 3427 485 826

158 525 346 577 sancto
373 517 566 584 Grato,
616 517 702 573 tit.
744 518 796 574 5.
828 517 1037 575 Concil.
1091 520 1378 576 universal.
1435 520 1742 592 Carthagin.
1774 526 1823 587 Α
1850 521 1984 578 odus
2009 523 2248 593 plenaria
2283 532 2407 580 tunc
2436 525 2674 591 dicatur,
2701 541 2821 584 cum
2847 528 3133 601 episcopus
3156 539 3437 609 metropo-

225 611 349 666 125.
397 612 464 668 Ut
511 611 689 667 nullus
732 612 958 668 clericus
1005 611 1230 669 feneret.
1279 613 1484 671 Concil.
1519 614 1743 683 Nicmn.,

156 705 236 760 tit.
273 702 358 758 14.
405 701 613 758 Concil.
665 703 920 774 Carthag.
961 703 1060 760 sub
1102 713 1288 762 saneto
1321 705 1515 774 Grato,
1568 708 1644 763 tit.
1680 707 1749 762 12

157 795 304 866 tLeg.
339 795 446 867 is].

223 886 351 943 121.
398 887 464 940 Ut
517 885 752 941 lectores
799 887 978 942 orario
1034 903 1140 943 non
1194 899 1448 954 utantur,
1498 891 1611 948 sive
1664 891 1744 947 le-

151 987 297 1048 gant,
331 979 445 1032 sive
475 977 725 1047 psallant.
757 977 964 1034 Concil.
1002 977 1244 1046 Laodic.,
1277 983 1356 1036 tit.
1388 983 1470 1038 22.

219 1069 349 1125 125.
397 1071 463 1126 L‘t
492 1071 700 1125 clericis
731 1086 836 1126 non
884 1072 1042 1126 liceat
1089 1073 1610 1132 administrationem
1653 1085 1746 1133 aut

151 1163 589 1234 procurationem
618 1161 902 1217 domorum
931 1165 1229 1234 suscipere.
1253 1167 1462 1223 Concil.
1486 1169 1738 1240 Carthag.

148 1255 246 1311 sub
277 1265 468 1310 sancto
493 1254 682 1321 Grato,
715 1256 799 1309 tit.
824 1255 879 1311 5.

220 1347 347 1402 126.
397 1346 465 1401 Ut
512 1346 738 1402 clericus
768 1349 852 1402 vel
903 1348 1068 1403 laicus
1124 1364 1231 1403 non
1287 1351 1648 1406 communicet
1688 1352 1742 1407 in

148 1439 250 1495 alia
297 1439 473 1508 plebe.
509 1439 716 1493 Concil.
749 1439 1002 1508 Carthag.
1036 1440 1135 1494 sub
1160 1449 1348 1495 sancto
1370 1440 1555 1505 Grato,
1579 1443 1659 1496 tit.
1685 1442 1736 1497 6.

218 1531 346 1587 127.
394 1532 457 1587 Ut
498 1531 702 1598 clerici,
741 1532 857 1586 sine
896 1532 1124 1587 formata
1175 1547 1230 1588 et
1260 1535 1585 1590 conscientia
1623 1537 1740 1605 epi-

147 1627 321 1695 scopi,
357 1639 451 1694 per
482 1623 686 1679 alienas
732 1625 915 1696 plebes
944 1641 1053 1682 non
1083 1635 1360 1696 vagentur.
1395 1628 1603 1685 Concil.
1628 1629 1740 1684 Ma-

145 1719 451 1775 razanensi.
1685 1739 1688 1742 ν

216 1811 343 1867 128.
388 1812 456 1869 Ut
484 1812 700 1884 superbi
746 1811 924 1868 clerici
958 1821 1335 1868 coerceantur.
1366 1813 1574 1871 Concil.
1609 1814 1740 1871 Car-

144 1906 291 1973 thag.
325 1905 425 1960 sub
453 1913 643 1960 sancto
667 1903 855 1970 Grato,
887 1905 970 1959 tit.
1006 1905 1091 1959 10.

211 1995 340 2051 129.
385 1996 454 2050 Ut
502 1996 731 2052 lectores
760 1997 886 2052 dum
919 1998 984 2052 ad
1042 2012 1214 2054 annos
1243 2000 1539 2069 pubertatis
1568 2015 1737 2057 vene-

139 2089 267 2148 rint,
324 2095 589 2156 cogantur
617 2097 708 2142 aut
737 2103 933 2144 uxores
962 2089 1181 2152 ducere,
1215 2099 1310 2144 aut
1346 2092 1735 2150 continentiam

139 2181 351 2250 prolitei
370 2180 402 2232 i.
424 2179 628 2234 Concil.
660 2181 936 2249 Carthag.,
965 2183 1048 2235 tit.
1071 2185 1164 2236 27.

207 2272 332 2326 150.
382 2271 447 2326 Ut
503 2273 779 2329 mulierem
810 2277 1042 2332 clericus
1073 2293 1179 2332 non
1205 2279 1364 2334 ducat
1389 2295 1650 2347 uxorem;
1681 2291 1737 2336 et

137 2370 191 2416 ut
216 2363 262 2415 is
289 2362 384 2430 qui
415 2361 583 2416 laicus
605 2364 818 2418 viduam
849 2365 1094 2431 duxerit,
1143 2384 1252 2423 non
1304 2369 1619 2426 admittatur
1667 2373 1733 2427 ad

135 2449 366 2506 clerum.
399 2451 602 2506 Concil.
635 2451 891 2520 Zellens.,
914 2469 980 2509 ex
1003 2458 1234 2526 cpistola
1259 2473 1410 2529 papa:
1441 2460 1620 2517 Sirici.

204 2541 333 2594 151.
382 2542 448 2597 Ut
495 2558 602 2596 non
657 2544 818 2598 liceat
861 2556 1059 2615 prmter
1092 2550 1385 2606 canonicos
1414 2552 1612 2621 psaltas
1639 2555 1730 2622 qui

133 2632 402 2703 pulpitum
425 2633 725 2690 ascendunt
746 2645 802 2691 et
827 2637 894 2692 de
913 2640 1101 2695 codice
1127 2641 1330 2711 legunt,
1357 2644 1519 2698 alium
1543 2661 1730 2707 qucm-

131 2723 262 2780 libet
294 2726 348 2779 in
394 2727 623 2782 ecclesia
654 2728 881 2798 psallere
909 2730 1129 2800 (Concil.
1165 2734 1354 2801 Laod.,
1391 2737 1474 2791 tit.
1506 2737 1622 2808 15).

202 2816 332 2870 152.
373 2819 439 2870 Ut
463 2817 645 2874 clerici
666 2819 753 2874 vel
783 2823 1153 2890 continentes,
1197 2827 1264 2880 ad
1294 2828 1483 2885 viduas
1511 2831 1594 2884 vel
1624 2832 1732 2886 vir-

130 2907 314 2976 gines,
364 2909 481 2962 sine
515 2908 665 2977 jussu
690 2951 705 2975 ,
745 2911 826 2965 vel
853 2914 1114 2981 permissu
1137 2918 1375 2987 episcopi
1400 2919 1484 2972 vel
1510 2922 1730 2993 presby-

131 2999 227 3054 teri
256 3015 368 3054 non
398 3001 681 3055 accedant.
716 3002 921 3058 Concil.
955 3004 1233 3077 Carthag.,
1267 3010 1348 3064 tit.
1377 3010 1466 3064 55.

204 3090 336 3146 155.
377 3091 447 3146 Ut
491 3091 667 3146 clerici
704 3095 1031 3164 apothecarii
1063 3100 1147 3154 vel
1181 3103 1590 3162 ratiocinatores
1620 3123 1728 3163 non

128 3184 473 3240 ordinentur.
509 3184 717 3242 Concil.
761 3187 1170 3262 Carthaginensi
1200 3196 1299 3250 sub
1327 3207 1516 3253 sancto
1539 3200 1725 3268 Grato,

127 3275 214 3330 ιῑι.
246 3275 303 3330 8.

201 3370 336 3427 154.
385 3369 454 3427 Ut
501 3372 680 3428 clerici
730 3373 922 3430 edendi
954 3377 1036 3431 vel
1087 3379 1302 3436 bibendi
1343 3397 1506 3440 causa
1550 3386 1729 3441 taber-

129 3482 225 3521 nas
255 3483 366 3521 non
410 3467 803 3535 ingrediantur,
857 3472 959 3525 nisi
1000 3475 1451 3542 peregrinationis
1491 3481 1727 3535 necessi-

129 3566 210 3614 tas
233 3559 502 3627 coegerit.
545 3561 750 3618 Concil.
802 3563 1017 3620 Laodic.
1039 3604 1054 3629 ,
1089 3566 1166 3620 tit.
1203 3567 1266 3633 '7;
1299 3569 1424 3624 item
1446 3569 1514 3623 24
1556 3581 1608 3627 et
1633 3573 1722 3628 25.

126 3647 342 3706 Concil.
374 3651 653 3720 Carthag.,
681 3655 758 3706 tit.
797 3655 884 3710 55.

202 3745 324 3800 155.
371 3743 439 3798 Ut
465 3746 647 3799 clerici
677 3747 731 3801 in
761 3748 935 3823 aliena
970 3752 1186 3810 civitate
1208 3771 1313 3810 non
1345 3756 1725 3828 immorentur,

128 3836 231 3891 nisi
264 3851 464 3891 causas
486 3852 670 3892 eorum
695 3839 867 3908 justas
891 3844 1178 3915 episcopus
1208 3847 1309 3902 loci
1334 3890 1350 3916 ,
1377 3850 1463 3904 vel
1499 3851 1725 3922 presby-

131 3930 236 3983 teri
280 3930 525 3983 locorum
570 3931 916 3999 perviderint.
968 3935 1176 3992 Concil.
1207 3937 1482 4008 Carthag.,
1518 3941 1598 3994 tit.
1634 3940 1724 3996 44.

198 4018 328 4072 156.
379 4019 450 4074 Ut
501 4030 783 4078 accusatus
814 4024 1040 4081 clericus
1079 4028 1218 4083 intra
1267 4046 1467 4086 annum
1509 4047 1724 4106 causam

124 4129 281 4169 suam
313 4129 479 4184 agere
502 4115 713 4171 debeat.
747 4119 950 4175 Concil.
985 4121 1261 4194 Carthag.,
1295 4126 1374 4180 tit.
1413 4126 1498 4180 15.

197 4209 326 4262 157.
388 4208 454 4261 Ut
483 4209 708 4264 clericus
749 4227 856 4266 non
887 4212 997 4276 ﬁat,
1031 4214 1184 4283 cujus
1213 4232 1367 4284 uxor,
1400 4233 1518 4272 cum
1552 4219 1726 4276 adhuc

124 4309 272 4355 esset
315 4300 510 4366 laicus,
561 4301 859 4358 adulterata
904 4315 1021 4360 est.
1059 4316 1112 4361 et
1141 4317 1199 4362 nt
1229 4308 1454 4364 clericus
1502 4327 1724 4366 uxorem

124 4393 434 4447 adulteram
467 4391 700 4450 deserat.
738 4396 943 4451 Concil.
977 4397 1338 4464 Novacmsan,
1368 4405 1448 4458 tit.
1481 4403 1534 4457 8.

196 4484 325 4538 158.
363 4486 433 4539 Ut
480 4485 748 4554 ahjectom
799 4488 1052 4544 clericum
1095 4492 1197 4546 alia
1227 4493 1464 4550 Ecclesia
1496 4513 1600 4552 non
1631 4499 1725 4552 ad-

123 4575 327 4630 mittat.
359 4577 573 4630 Concil.
609 4576 790 4632 Zellen
825 4621 840 4646 ,
870 4595 936 4634 ex
967 4582 1196 4650 epistola
1227 4600 1376 4655 papa:
1400 4587 1575 4644 Sirici.

193 4669 321 4724 159.
371 4669 441 4724 Ut
488 4685 596 4724 non
647 4671 807 4726 liceat
833 4673 1086 4728 clericum
1118 4690 1147 4729 a
1173 4678 1372 4746 pepulo
1402 4695 1718 4738 excommu-
1751 4681 1755 4714 ³

122 4767 325 4833 nicari,
375 4768 496 4821 sive
527 4776 816 4836 praesente,
848 4768 963 4822 sive
993 4768 1215 4825 absente
1244 4771 1522 4845 episcopo.
1580 4776 1723 4832 Con-

118 4859 207 4913 cil.
236 4859 723 4930 Septimunicensi.

189 4950 316 5004 1:10.
369 4950 440 5004 Ut
485 4950 713 5006 ministri
758 4967 862 5008 non
905 4954 1137 5010 habeant
1167 4956 1434 5013 licentiam
1465 4960 1516 5014 in
1543 4976 1717 5017 secre-

119 5042 257 5095 tario
289 5039 529 5110 ingredi.
559 5040 764 5097 Concil.
789 5043 1032 5108 Laodic.,
1059 5047 1140 5101 tit.
1165 5047 1253 5103 2|.

188 5133 314 5189 141.
347 5135 420 5190 Ut
461 5133 688 5189 ministri
738 5137 918 5190 orario
963 5154 1072 5193 non
1119 5149 1370 5212 utantur,
1417 5160 1516 5200 nec
1557 5147 1718 5202 relin-

116 5239 282 5296 quant
308 5228 476 5282 ostia.
510 5227 718 5282 Concil.
750 5227 994 5297 Laodic.,
1026 5233 1108 5286 tit.
1143 5232 1204 5287 21
1231 5252 1245 5300 ;
1279 5235 1404 5290 item
1432 5237 1522 5292 41.

188 5317 311 5370 142.
353 5317 426 5372 Ut
469 5333 572 5370 non
628 5319 938 5375 exorcizent
981 5322 1056 5377 illi
1085 5326 1172 5394 qui
1222 5329 1446 5382 necdum
1497 5331 1563 5385 ab
1602 5333 1714 5404 epi-

115 5421 283 5475 scopo
312 5416 446 5463 sunt
477 5409 737 5478 provecti.
766 5409 971 5466 Concil.
1003 5412 1242 5483 Laodic.,
1275 5419 1355 5472 tit.
1388 5419 1473 5474 25.

188 5501 312 5557 145.
353 5501 424 5557 Ut
455 5502 536 5555 bis
564 5502 617 5556 in
651 5518 794 5557 anno
823 5520 920 5574 per
953 5507 1190 5579 singulas
1230 5515 1532 5582 provincias
1583 5533 1712 5574 con-

116 5593 232 5648 cilia
276 5593 415 5648 ﬁant
471 5593 680 5648 Concil.
714 5593 938 5665 Nicrcn.,
979 5597 1059 5652 tit.
1108 5600 1161 5655 5.
1207 5603 1712 5678 Conci|.Antioch.,

115 5685 197 5742 αι.
226 5687 318 5742 20.
359 5686 574 5740 Concil.
607 5686 880 5756 Carthag.,
913 5690 995 5745 tit.
1028 5692 1080 5746 5.

187 5778 308 5833 144.
358 5780 430 5833 ιῖι
479 5778 770 5834 concilium
795 5782 1098 5841 universale
1133 5802 1237 5843 non
1286 5790 1376 5843 liat
1409 5793 1507 5847 nisi
1551 5809 1712 5852 causa

113 5874 443 5939 communis,
501 5871 554 5928 id
605 5879 688 5927 est
723 5875 883 5930 totius
925 5875 1119 5935 Africa:
1166 5885 1437 5952 coegerit:
1473 5895 1530 5941 ut
1578 5903 1711 5962 syn-

1850 615 2044 670 litanus
2071 617 2315 674 adfuerit.
2349 618 2557 675 Concil.
2588 621 2862 690 Antioch,
2899 622 2982 678 tit.
3017 623 3105 680 16.

1919 709 2043 764 145.
2095 709 2163 766 Ut
2209 711 2264 765 hi
2336 713 2426 782 qui
2475 728 2536 769 se
2573 713 2948 784 absciderunt,
3012 716 3081 772 de
3128 717 3276 776 clero
3315 721 3432 778 exi-

1845 809 2081 856 mantur.
2111 801 2312 857 Concil.
2341 803 2570 872 Mearm,
2603 806 2687 859 tit.
2715 806 2764 859 1.
3464 877 3470 888 ‘

1917 891 2039 948 146.
2072 893 2201 961 Qua:
2223 895 2330 949 sint
2359 898 2686 964 pu‘nitentizc
2710 909 2949 970 tempora
2983 902 3047 957 iis
3063 905 3151 971 qui
3169 907 3426 978 pravari-

1846 991 2104 1038 caverunt
2151 984 2513 1057 decernanda.
2545 986 2753 1044 Concil.
2787 988 3005 1045 Νίκωηο
3027 1035 3044 1058 ,
3087 994 3170 1049 tit.
3198 994 3250 1051 9.
3282 994 3428 1052 Con-

1845 1073 1932 1129 cil.
1961 1075 2332 1147 Anquiritano,
2363 1079 2445 1133 tit.
2479 1077 2541 1141 5;
2568 1081 2715 1148 item,
2750 1082 2802 1148 4,
2834 1081 2886 1150 5,
2919 1085 2968 1150 6,
3005 1085 3059 1154 7,
3085 1085 3118 1140 8
3139 1098 3192 1142 et
3219 1089 3270 1145 9.

1917 1163 2039 1219 147.
2069 1163 2134 1220 Ut
2167 1177 2433 1236 sponsataa
2463 1169 2670 1240 puellas,
2697 1173 2739 1225 si
2763 1173 2830 1228 ab
2859 1175 2977 1230 aliis
3009 1187 3176 1247 raptae
3205 1179 3424 1251 fuerint,

1843 1269 2044 1326 sponso
2066 1257 2231 1326 priori
2263 1260 2575 1314 reddantur.
2603 1262 2808 1318 Concil.
2840 1265 3135 1336 Anquirit.,
3163 1270 3245 1325 tit.
3269 1271 3354 1326 11.

1918 1347 2042 1402 148.
2076 1348 2540 1416 Quemadmodum
2575 1354 2626 1408 hi
2677 1356 2766 1424 qui
2814 1356 3254 1417 irrationabiliter
3283 1361 3430 1418 vixe-

1843 1442 1970 1508 rint,
2003 1445 2200 1513 suscipi
2231 1445 2485 1500 debeant.
2511 1450 2719 1504 Concil.
2752 1451 3041 1520 Anqnirit.,
3069 1454 3152 1508 tit.
3181 1456 3265 1511 16.

1915 1533 2037 1589 149.
2073 1533 2139 1589 Ut
2184 1535 2237 1589 hi
2267 1537 2355 1606 qui
2387 1537 2524 1593 sicut
2551 1549 2695 1594 muta
2727 1542 2980 1597 animalia
3014 1545 3264 1602 vixerunt
3289 1548 3427 1606 inter

1842 1641 2237 1696 energumenos
2267 1641 2442 1684 orent.
2478 1631 2680 1686 Concil.
2709 1633 3002 1704 Anquirit.,
3033 1639 3111 1692 tit.
3150 1640 3235 1694 17.

1913 1718 2036 1775 150.
2071 1719 2136 1774 Ut
2174 1723 2478 1791 quicunque
2523 1723 2886 1794 virginitatem
2930 1729 3264 1798 prolitentes,
3300 1750 3428 1804 pro-

1842 1811 2080 1881 positum
2110 1813 2334 1879 violant,
2392 1816 2725 1885 digamorum
2773 1820 3124 1878 constitutum
3169 1824 3428 1898 impleant

1767 1907 1815 1968 B
1842 1907 2088 1973 gradum.
2121 1907 2330 1962 Concil.
2367 1911 2654 1990 Anquirit.,
2682 1914 2764 1968 tit.
2803 1915 2886 1972 19.

1916 1999 2036 2054 151.
2069 2001 2245 2070 thui
2269 2002 2593 2058 adulterium
2629 2009 2981 2075 commiserit,
3014 2021 3220 2082 septem
3250 2031 3424 2074 annos

1839 2093 2210 2162 pcrnitenliam
2259 2103 2401 2162 agat.
2435 2095 2640 2152 Concil.
2684 2098 2974 2170 Anquirit.,
3011 2105 3092 2159 tit.
3153 2106 3240 2163 20.

1913 2184 2034 2238 152.
2071 2186 2138 2239 L‘t
2184 2187 2436 2242 mulieres
2480 2188 2823 2256 fornicantes,
2855 2209 2975 2262 qua:
2999 2198 3252 2277 parvulos
3299 2216 3425 2256 suos

1839 2284 2054 2340 necant,
2081 2285 2173 2331 aut
2203 2279 2395 2332 aborsu
2443 2277 2638 2352 [Forte
2667 2281 2808 2335 deest
2854 2285 3154 2358 excutiunt]
3179 2329 3193 2352 ,
3235 2289 3424 2346 decem

1838 2367 1991 2421 annis
2018 2369 2390 2436 pmnitentiam
2424 2380 2603 2438 agant.
2630 2371 2837 2428 Concil.
2869 2375 3159 2447 Anquirit.,
3188 2382 3268 2435 tit.
3323 2381 3410 2439 2|.

1914 2457 2036 2512 155.
2069 2457 2134 2512 Ut
2182 2460 2275 2528 qui
2327 2461 2627 2516 voluntarie
2675 2463 3025 2522 homicidium
3074 2469 3319 2541 fecerint,
3370 2475 3423 2529 in

1839 2550 2131 2605 novissimo
2190 2551 2312 2604 vita:
2368 2555 2806 2612 reconcilientur.
2867 2557 3074 2615 Concil.
3122 2564 3421 2635 Anquirit.,

1836 2642 1922 2696 tit.
1949 2641 2036 2697 22.

1908 2734 2030 2788 154.
2075 2735 2142 2791 Ut
2167 2737 2254 2806 qui
2286 2753 2413 2792 casu
2435 2739 2780 2795 homicidium
2812 2742 3016 2822 fecerit,
3046 2735 3293 2817 quinque
3320 2765 3421 2805 ano

1834 2825 1916 2880 nis
1950 2830 2322 2893 ptrnitentiam
2351 2841 2497 2899 agat.
2533 2831 2743 2886 Concil.
2781 2835 3071 2905 Anquirit.,
3107 2840 3188 2894 tit.
3217 2841 3306 2894 25.

1905 2917 2028 2973 155.
2062 2921 2124 2976 Ut
2149 2922 2238 2990 qui
2264 2923 2563 2978 ariolantur
2584 2923 2669 2980 vel
2703 2926 2755 2980 in
2786 2927 2944 2981 domo
2975 2945 3070 2984 sua
3102 2932 3257 3000 hujus
3287 2937 3418 2990 artis

1833 3010 1966 3064 alios
1990 3012 2166 3067 introd
2191 3023 2353 3080 :cunt,
2383 3003 2617 3084 quinque
2653 3020 2807 3074 annis
2834 3021 3201 3090 paenitentiam
3233 3037 3413 3095 agant.

1831 3100 2036 3157 Concil.
2066 3103 2356 3175 Anquitit.,
2385 3108 2463 3161 lit.
2490 3108 2578 3162 24.
3033 3184 3038 3189 ἱ
3344 3104 3348 3116 ··

1905 3194 2026 3248 156.
2062 3197 2128 3251 Ut
2163 3199 2354 3252 mulier
2378 3216 2496 3269 quae
2526 3202 2735 3257 duobus
2765 3191 3026 3262 fratribus.
3067 3196 3325 3281 nup‘erit,
3361 3217 3411 3272 in

1753 3279 1801 3343 C
1832 3288 2086 3342 extremis
2109 3289 2218 3344 suis
2242 3293 2638 3348 reconcilietur.
2673 3295 2882 3351 Concil.
2912 3297 3210 3367 Novaczcs.,
3233 3306 3317 3358 tit.
3352 3306 3406 3363 2.

1907 3377 2025 3432 157.
2056 3380 2122 3436 Ut
2148 3384 2451 3454 quicunque
2480 3382 2984 3458 concupiscentiam
3021 3408 3126 3446 non
3157 3409 3408 3450 consum-

1828 3480 1959 3537 mat,
1985 3489 2080 3542 per
2109 3475 2342 3530 divinam
2365 3477 2636 3552 judicetur
2653 3481 2878 3549 gratiam
2901 3482 3177 3540 liberatus.
3201 3486 3407 3544 Concil.

1827 3565 2124 3632 Novacacsq
2162 3568 2240 3622 tit.
2275 3567 2309 3621 4
2523 3564 2525 3566 ’

1900 3658 2022 3713 158.
2074 3656 2141 3715 Ut
2185 3644 2554 3717 catechumeni
2579 3673 2889 3733 peccantes,
2934 3668 3036 3722 nisi
3080 3684 3138 3724 se
3160 3682 3409 3728 correxe-

1826 3753 1955 3819 rint,
1988 3753 2328 3822 abjiciantur.
2361 3754 2567 3812 Concil.
2600 3758 2900 3825 Novacaas.,
2927 3764 3008 3816 tit.
3043 3762 3094 3817 5.

1899 3846 2020 3902 159.
2056 3848 2232 3918 thui
2257 3851 2668 3906 manducantem
2696 3868 2886 3909 carnes
2923 3871 2992 3910 ex
3026 3857 3127 3912 [ide
3156 3860 3409 3916 condent-

1826 3939 2061 3994 nandum
2092 3941 2397 4007 crediderit,
2429 3944 2711 3998 anathema
2734 3945 2822 4000 sit.
2848 3946 3054 4002 Concil.
3084 3949 3404 4020 Gangrcusi,

1828 4029 1908 4084 tit.
1933 4030 1988 4083 2.

1899 4123 2021 4177 160.
2059 4123 2123 4180 Ut
2146 4125 2234 4194 qui
2266 4125 2484 4181 domum
2515 4127 2610 4183 Dei
2660 4131 3118 4202 contemptibilem
3168 4135 3402 4205 duxerit,

1827 4217 2111 4270 anathema
2139 4217 2228 4271 sit.
2262 4215 2469 4272 Concil.
2499 4219 2724 4290 Gangr.,
2756 4227 2838 4277 tit.
2870 4222 2918 4278 5.

1897 4305 2020 4360 161.
2059 4307 2125 4363 Ut
2170 4308 2260 4378 qui
2312 4311 2525 4379 nuptias
2583 4314 2928 4384 condemnat,
2979 4318 3264 4374 anathema
3314 4319 3403 4379 sit.

1825 4395 2030 4454 Concil.
2064 4398 2263 4468 Gangr.
2292 4401 2374 4456 tit.
2400 4402 2432 4454 9
2460 4411 2514 4458 et
2539 4405 2624 4460 10.

1899 4492 2022 4546 162.
2067 4495 2132 4549 Ut
2160 4494 2204 4548 si
2233 4509 2336 4564 qua
2362 4497 2558 4553 mulier
2585 4499 2794 4556 virilem
2822 4503 3060 4558 habitum
3093 4521 3404 4580 assumpse-

1826 4583 1918 4647 rit,
1942 4584 2226 4640 anathema
2250 4587 2337 4642 sit.
2362 4587 2569 4646 Concil.
2596 4589 2792 4662 Gangr.
2822 4597 2906 4650 tit.
2943 4595 3030 4651 15.

1898 4672 2020 4727 165.
2058 4673 2204 4729 Uthi
2232 4678 2324 4746 qui
2371 4695 2568 4735 uxores
2613 4691 2704 4736 aut
2737 4684 2875 4740 \iros
2924 4687 3216 4757 dimittunt,
3250 4692 3406 4751 alteri
3494 4742 3498 4746 .

1825 4780 1930 4819 non
1963 4767 2184 4835 nubant,
2213 4769 2308 4824 sed
2338 4781 2428 4825 aut
2472 4760 2812 4834 continentes
2838 4792 3112 4846 maneant,
3161 4796 3254 4840 aut
3303 4790 3405 4845 sibi

1824 4858 2258 4916 reconcilientur.
2285 4860 2489 4917 Concil.
2525 4865 2806 4937 Carthag.,
2831 4871 2914 4926 tit.
2947 4871 2998 4925 7.

1896 4945 2017 5001 164.
2054 4951 2119 5004 Ut
2147 4949 2189 5003 si
2240 4967 2342 5020 qua
2374 4955 2586 5020 mulier,
2617 4961 2766 5025 quasi
2826 4961 3104 5031 religionis
3134 4983 3296 5025 causa
3328 4972 3387 5026 vi.

1821 5050 1939 5091 rum
1966 5037 2243 5104 dimiserit,
2267 5045 2550 5100 anathema
2579 5048 2664 5101 sit.
2697 5051 2904 5106 Concil.
2939 5054 3163 5125 Gangr.,
3191 5061 3272 5116 tit.
3310 5064 3394 5121 14,

1895 5136 2012 5190 165.
2047 5136 2115 5193 Ut
2135 5142 2439 5214 quicunque
2468 5149 2813 5206 continentia:
2830 5169 2986 5210 causa
3013 5160 3097 5214 die
3122 5162 3400 5221 Dominico

1819 5225 2165 5298 jejunaverit,
2199 5237 2482 5290 anathema
2509 5243 2599 5293 sit.
2625 5242 2832 5298 Concil.
2867 5245 3092 5319 Grang.,
3127 5253 3208 5307 tit.
3240 5255 3324 5310 18.

1894 5328 2016 5383 166.
2054 5331 2119 5386 L‘t
2148 5334 2451 5405 quicunque
2482 5353 2642 5397 sanus
2671 5357 2901 5416 corpore
2923 5349 3125 5419 jejunia
3159 5372 3396 5413 commu-

1821 5424 1907 5478 nia
1936 5423 2260 5488 dissolverit,
2289 5429 2572 5506 anathema
2619 5433 2706 5490 sit.
2741 5437 2947 5495 Concil.
2998 5439 3219 5516 Gangr,
3256 5451 3336 5508 tit.
3368 5451 3398 5505 9

1822 5515 2013 5588 [Forte
2035 5517 2133 5588 leg.
2167 5528 2203 5571 t.
2234 5519 2340 5590 19].

1896 5607 2017 5661 167.
2054 5609 2118 5662 l't
2155 5611 2461 5683 quicunque
2493 5625 2786 5686 martyrum
2831 5627 3118 5683 memorias
3161 5638 3406 5690 contem-

1819 5700 2004 5770 pserit,
2039 5702 2322 5756 anathema
2346 5705 2434 5759 sit.
2465 5704 2672 5764 Concil.
2699 5711 2921 5783 Gangr.,
2954 5717 3033 5774 tit.
3065 5719 3154 5776 2|.

1890 5799 2011 5853 168.
2041 5800 2108 5854 llt
2133 5803 2432 5873 quicunque
2453 5825 2555 5864 non
2584 5817 3057 5886 communicantes,
3085 5839 3183 5880 nec
3202 5831 3404 5884 oratio-

1818 5906 1939 5949 nem
1967 5892 2225 5950 facientes
2295 5897 2597 5971 Scripturas
2629 5913 2831 5965 tantum
2863 5911 3066 5971 divinas
3096 5916 3146 5973 in
3174 5922 3395 5982 ecclosis
