4204 6536
735 447 840 504 827

1417 429 1507 486 AD
1543 422 1883 483 CRISCONII
1925 416 2356 477 BREVIARIUM
2400 408 2725 470 CANONUM
2770 405 3301 463 PROLEGOMENA.

3902 403 4009 460 828

736 564 923 621 audire
946 559 1220 614 voluerint
1240 549 1608 618 ,abjiciantur.
1635 540 1842 598 Concil.
1870 532 2236 597 Auliuch.,tit.
2257 530 2314 584 2.
2348 539 2392 593 Α
2421 526 2676 596 episcopo
2698 494 2963 578 catholico
2993 521 3269 589 aequaliter
3316 517 3578 578 dividant.
3607 518 3824 578 Concil.
3873 513 4012 570 Car-

811 652 933 709 169.
969 652 1035 709 Ut
1066 648 1371 718 quicunque
1402 645 1523 709 post
1550 637 1760 689 diversa
1793 640 2017 702 peccata
2054 626 2321 697 pumilea-

740 750 871 806 tiam
896 743 1123 799 lideliter
1145 734 1398 806 gesserit,
1422 730 1489 785 ad
1534 724 1964 783 couuuuuionem
2014 724 2314 772 revocetur.

740 840 948 899 Concil.
978 834 1217 897 Laodic.,
1252 832 1317 885 tit
1345 827 1397 886 2.

812 932 937 987 170.
969 928 1037 985 Ut
1072 925 1299 983 scenicis
1339 928 1505 989 atque
1552 910 1907 969 histrionibus
1946 898 2318 961 reconciliatio

741 1043 851 1085 non
883 1032 1129 1095 negetur.
1157 1015 1364 1075 Concil.
1391 1010 1671 1077 Carthag.,
1695 1003 1774 1058 tit.
1804 999 1897 1053 42.

813 1088 1033 1176 171.Ut
1053 1114 1121 1170 ad
1148 1112 1310 1168 falsas
1339 1103 1629 1162 memorias
1651 1104 1948 1167 martyrum
1998 1088 2175 1146 nullus
2230 1098 2323 1139 ac-

743 1213 922 1271 cedat.
955 1206 1162 1267 Concil.
1185 1201 1375 1257 Carth.
1402 1197 1487 1253 tit.
1516 1194 1607 1248 17.

814 1266 938 1362 1
971 1266 1043 1359 Ut
1070 1300 1125 1357 hi
1155 1297 1247 1369 qui
1273 1293 1619 1351 nominantur
1637 1279 1882 1347 Cathari,
1912 1273 2232 1332 accedentes
2260 1266 2325 1322 ad

742 1398 1064 1459 Ecclesiam,
1109 1392 1152 1449 si
1196 1385 1428 1445 ordinati
1477 1388 1622 1446 sunt,
1673 1376 1752 1432 sic
1779 1375 2034 1427 maneant
2080 1366 2133 1421 in
2156 1362 2323 1419 clero.

747 1493 955 1555 Concil.
989 1490 1214 1549 Mearm,
1247 1484 1331 1538 tit.
1356 1481 1412 1534 7.

971 1585 1039 1641 Ut
1061 1577 1297 1635 Pauliani
1317 1572 1655 1645 baptizentur
1673 1563 1763 1639 [Id
1781 1570 1857 1618 est
1878 1549 2322 1629 rebaptiaenturj.

748 1680 916 1739 Cone.
947 1676 1089 1740 Nic.,
1115 1672 1197 1727 tit.
1231 1666 1318 1722 15.

826 1771 948 1828 174.
984 1769 1054 1826 Ut
1077 1738 1359 1821 venientes
1388 1774 1419 1812 a
1460 1753 1775 1812 Novatianis
1813 1745 1902 1802 vel
1936 1738 2329 1802 Montensibns,

753 1882 850 1938 per
890 1874 1080 1918 manus
1121 1853 1516 1924 impositionem
1556 1841 1936 1913 suscipiantur.
1967 1831 2173 1890 Concil.
2209 1828 2332 1883 Zel-

751 1935 932 2017 1ensi.,
964 1966 1032 2005 ex
1057 1945 1281 2018 epistola
1313 1954 1464 2013 papa:
1490 1935 1667 1994 Sirici.

825 2014 946 2098 175.
975 2040 1045 2097 Ut
1068 2014 1173 2093 non
1206 2032 1373 2090 liceat
1391 2030 1704 2087 haereticum
1724 2019 2074 2092 rebaptizari,
2096 2014 2337 2086 baptiza-

754 2146 868 2195 tum
911 2136 963 2190 in
997 2130 1213 2187 nomine
1243 2124 1439 2190 Patris,
1486 2130 1541 2176 et
1586 2117 1727 2181 Filii,
1761 2123 1817 2170 ct
1866 2112 2101 2183 Spiritus
2142 2105 2331 2162 sancti.

756 2229 964 2288 Concil.
996 2225 1247 2291 Carthag.
1281 2219 1381 2277 sub
1397 2199 1587 2274 sancto
1611 2210 1803 2275 Grato,
1838 2206 1922 2261 tit.
1956 2203 2008 2257 1.
2038 2200 2171 2256 Item
2202 2198 2337 2252 Car-

754 2318 1086 2393 thagincnsi,
1117 2316 1198 2369 tit.
1233 2310 1321 2368 48.

828 2385 951 2469 176.
1001 2411 1071 2469 Ut
1102 2404 1341 2464 haeretici
1378 2403 1431 2457 in
1456 2397 1649 2457 haeresi
1701 2397 2082 2467 permanentes
2121 2385 2342 2442 domum

755 2508 853 2566 Dei
875 2522 983 2562 non
1014 2500 1402 2571 ingrediantur.
1434 2490 1643 2548 Concil.
1673 2486 1864 2549 Laod.,
1892 2486 1978 2538 tit.
2012 2480 2066 2538 6.

830 2569 1349 2653 177,-UtNovatiani
1382 2585 1465 2641 vel
1513 2582 1676 2638 etiam
1716 2569 2192 2645 Quartadecimani
2236 2584 2343 2624 non

756 2692 1112 2764 recipiantur,
1141 2684 1244 2741 nisi
1273 2682 1420 2754 prius
1479 2675 1727 2733 haeresim
1755 2686 1908 2728 suam
1937 2668 2343 2725 condemnave-

758 2758 889 2851 rint,
922 2787 995 2839 ita
1021 2789 1080 2836 ut
1129 2774 1430 2849 symbolum
1461 2768 1585 2825 tidei
1613 2767 1933 2825 doceantur,
1969 2767 2023 2816 et
2052 2758 2346 2815 chrismate

760 2884 1049 2947 ungantur.
1081 2870 1247 2927 Cone.
1280 2863 1527 2930 Laodic.,
1558 2860 1641 2914 tit.
1676 2858 1727 2911 7.

834 2938 957 3024 178.
1016 2963 1087 3021 Ut
1113 2962 1423 3033 quicunque
1464 2957 1854 3011 convertuntur
1901 2945 1969 3000 ab
1999 2942 2211 3005 haeresi,
2254 2938 2347 3010 qui

765 3064 1018 3121 dicuntur
1061 3030 1357 3112 secundum
1406 3048 1687 3118 Phrygas,
1734 3040 2087 3111 baptizcntur.
2136 3030 2345 3088 Concil.

768 3153 1014 3213 Laodic.,
1046 3149 1128 3203 tit.
1161 3145 1215 3201 8.

840 3242 962 3299 179.
998 3239 1067 3295 Ut
1094 3253 1201 3294 non
1230 3234 1391 3291 liceat
1430 3230 1484 3286 in
1508 3226 1885 3284 haereticorum
1934 3217 2243 3277 cm-meterla
2284 3214 2351 3269 ad

769 3340 1073 3398 orationem
1095 3331 1394 3389 faciendam
1409 3324 1691 3383 catholicis
1717 3320 1961 3376 introire.
1977 3315 2185 3373 Concil.
2212 3312 2354 3368 Lao-

815 3431 909 3494 ic.,
941 3428 1024 3482 tit.
1058 3424 1110 3477 9.

816 3431 828 3442 '
868 3469 909 3494 .,
941 3431 1024 3481 t't.
1058 3431 1110 3477 9.

774 3431 980 3576 d“180:
1028 3518 1096 3575 Ut
1122 3514 1301 3572 nullus
1329 3511 1400 3567 ad
1423 3506 1725 3565 Ecclesiam
1758 3501 2037 3573 pertinens
2065 3496 2202 3552 ﬁlios
2231 3507 2360 3549 suos

777 3616 1154 3676 hereticorum
1176 3607 1377 3680 nuptiis
1389 3604 1579 3660 societ.
1610 3598 1817 3655 Concil.
1833 3593 2154 3656 Laodicen.,
2176 3591 2241 3644 tit
2266 3587 2357 3644 50.

852 3708 976 3764 181.
1009 3707 1078 3763 Ut
1113 3700 1404 3760 Christiani
1431 3713 1540 3753 non
1565 3694 1859 3765 judaizeut,
1891 3703 1990 3743 nec
2039 3686 2091 3740 in
2126 3682 2362 3737 Sabbato

779 3811 996 3863 vacent.
1023 3797 1231 3857 Concil.
1268 3791 1510 3856 Laodic.,
1539 3789 1620 3842 tit.
1645 3783 1734 3839 28.

858 3896 982 3952 182.
1017 3893 1085 3951 Ut
1134 3889 1312 3946 nullus
1345 3899 1466 3941 cum
1516 3876 1788 3937 hmretieis
1817 3870 2086 3931 connubia
2116 3869 2363 3924 misceat.

787 3989 997 4050 Concil.
1025 3984 1272 4046 Laodic.,
1297 3980 1365 4035 tit
1389 3978 1479 4031 50.

859 4085 982 4140 185.
1017 4084 1086 4139 Ut
1106 4080 1283 4138 nullus
1306 4090 1427 4131 cum
1459 4068 1728 4128 haereticis
1751 4073 1846 4121 aut
1873 4056 2233 4119 schismaticis
2251 4059 2371 4108 oret

788 4191 883 4237 aut
928 4177 994 4232 ad
1042 4174 1206 4229 falsos
1251 4177 1518 4239 martyres
1550 4170 1661 4221 eat.
1691 4156 1896 4216 Concil.
1934 4152 2127 4216 Laod.,
2157 4150 2240 4203 tit.
2273 4143 2365 4201 52.

789 4272 1000 4330 Concil.
1016 4267 1226 4333 (larth.,
1252 4265 1335 4323 tit.
1358 4262 1415 4317 2.

864 4363 988 4418 184.
1015 4359 1087 4415 Ut
1118 4330 1295 4412 nullus
1320 4354 1387 4408 ad
1418 4348 1641 4419 angelos
1666 4341 2139 4414 congregationem
2187 4330 2369 4387 faciat.

803 4452 1045 4511 Concilio
1074 4446 1262 4509 Laod.,
1290 4445 1355 4497 tit
1381 4441 1472 4497 55.

875 4543 987 4600 185.
1027 4540 1093 4597 Ut
1147 4538 1324 4593 nullus
1382 4549 1413 4588 a
1456 4529 1652 4585 Judaeis
1677 4526 1762 4581 vel
1818 4518 2082 4578 haereticis
2138 4513 2377 4571 feriatica

796 4641 1045 4711 accipiat.
1068 4633 1272 4690 Concil.
1308 4627 1499 4694 Laod.,
1526 4625 1608 4680 tit.
1637 4620 1730 4678 55.

869 4703 993 4788 186.
1025 4728 1095 4785 Ut
1124 4723 1349 4780 nullusa
1372 4716 1570 4775 ludatis
1616 4726 1805 4784 azyma
1853 4706 2108 4777 accipiat.
2163 4703 2373 4760 Concil.

801 4824 1046 4888 Laodic.,
1069 4821 1154 4873 tit.
1184 4816 1276 4870 56.

872 4916 996 4971 187.
1024 4883 1092 4969 Ut
1113 4908 1288 4965 nullus
1308 4918 1430 4960 cum
1460 4896 1683 4971 paganis
1712 4893 1846 4949 festa
1872 4888 2133 4946 celebret.
2162 4883 2377 4941 Concil.

806 5008 1002 5070 Laod.,
1028 5004 1111 5057 tit.
1136 5000 1224 5054 57.

876 5101 998 5157 188.
1033 5099 1102 5154 Ut
1131 5094 1308 5149 nullus
1332 5088 1666 5145 Christianus
1691 5080 1893 5136 ballare
1930 5077 2013 5131 vel
2062 5082 2281 5131 cantare
2328 5072 2382 5127 in

807 5194 1008 5265 nuptiis
1035 5188 1247 5243 audeat.
1274 5184 1441 5239 Cone.
1466 5174 1657 5237 Laod.,
1692 5175 1774 5228 tit.
1803 5170 1891 5225 41.

882 5258 1001 5340 189.
1031 5281 1099 5338 Ut
1148 5276 1546 5333 Donatistarum
1593 5265 1773 5321 clerici
1828 5264 1881 5317 in
1930 5261 2039 5317 suis
2089 5258 2383 5314 honoribus

810 5376 1190 5445 suscipiantur.
1223 5364 1428 5420 Concil.
1462 5360 1737 5426 Carthag,
1760 5357 1839 5409 tit.
1874 5355 1928 5407 2.

885 5441 1007 5524 190.
1043 5465 1109 5519 Ut
1131 5470 1461 5531 quzecunque
1488 5441 1742 5506 Ecclesize
1774 5445 2171 5500 Donatistarum
2201 5442 2389 5497 catho-

817 5564 931 5616 lica:
950 5560 1101 5611 facta:
1116 5559 1261 5618 sunt,
1280 5549 1343 5602 ad
1365 5562 1481 5601 eam
1497 5540 1800 5599 cathedram
1827 5537 2126 5606 pertineant
2150 5533 2212 5586 ad
2226 5548 2386 5600 quam

819 5649 1081 5709 catholica
1135 5656 1253 5711 quae
1304 5639 1414 5709 jam
1460 5636 1529 5691 ibi
1586 5631 1760 5687 fuerat
1802 5628 2122 5699 pertinebat.
2177 5622 2388 5677 Concil.

822 5742 1095 5807 Carthag.,
1128 5737 1207 5788 tit.
1238 5732 1322 5786 10.

897 5831 1019 5884 191.
1050 5828 1121 5883 Ut
1138 5827 1453 5896 quicunque
1468 5819 1749 5889 episcopus
1773 5831 1837 5869 ex
1862 5810 2146 5866 Douatis‘is
2165 5822 2390 5862 conver-

828 5920 1107 5987 susfuerit,
1142 5918 1321 5989 plebes
1345 5929 1461 5985 qua:
1490 5920 1741 5977 utrasque
1761 5905 2025 5962 Ecclesias
2050 5900 2247 5957 habent
2271 5910 2392 5952 cum

2424 618 2591 678 11182.,
2620 617 2679 669 tit
2726 615 2811 669 1|.

2498 704 2618 760 192.
2647 701 2711 757 Ut
2738 702 3110 756 hereticorum
3136 700 3539 755 hem-dictiones
3557 696 3737 753 nullus
3755 692 4009 761 accipiat.

2425 796 2632 852 Concil.
2666 794 2907 857 Laodic.,
2938 792 3021 846 tit.
3051 793 3137 844 51.

2501 889 2623 946 195.
2655 889 2722 944 Ut
2749 887 2839 959 qui
2869 886 3076 957 parvuli
3107 884 3247 955 apud
3288 883 3599 940 Donatistas
3633 880 4015 948 baptizantur,

2427 987 2497 1040 ab
2519 982 2858 1039 ordinatione
2880 995 2988 1035 non
3012 978 3420 1049 prohibeantur,
3445 978 3491 1032 si
3512 972 3764 1030 conversi
3790 968 4013 1025 iuerint.

2428 1075 2635 1132 Concil.
2663 1074 2942 1141 Carthag.,
2975 1073 3056 1127 tit.
3087 1073 3141 1127 1.

2499 1167 2620 1223 194.
2670 1167 2738 1224 Ut
2764 1165 2853 1238 qui
2883 1163 3149 1234 aliquibus
3176 1161 3473 1218 sceleribus
3502 1157 3739 1214 irretitus
3768 1163 3873 1215 est,
3916 1166 4018 1207 vo-

2429 1279 2549 1322 cem
2567 1260 2858 1318 accusandi
2885 1274 2989 1314 non
3005 1256 3220 1312 habeat.
3246 1252 3456 1310 Concil.
3488 1249 3672 1307 Carth.
3697 1247 3801 1305 sub
3830 1252 4020 1301 sancto

2430 1354 2738 1418 Genethlio,
2764 1353 2846 1406 tit.
2874 1350 2906 1404 6
2933 1347 3131 1424 [Τί-ειη
3155 1350 3238 1403 tit.
3261 1345 3317 1418 4]
3342 1345 3458 1402 Hoc
3475 1353 3532 1401 et
3548 1345 3601 1399 in
3619 1341 3851 1399 concilio
3876 1337 4024 1394 The-

2432 1450 2617 1506 nitano
2646 1454 2908 1503 statutum
2936 1454 3040 1501 est.

2506 1532 2627 1588 195.
2663 1534 2730 1589 Ut
2776 1529 3273 1595 exeommunicatis,
3306 1528 3421 1583 sive
3447 1525 3681 1593 clericis,
3705 1524 3822 1583 sive
3846 1522 4023 1587 laicis,

2436 1641 2693 1683 accusare
2723 1640 2829 1681 non
2857 1624 3038 1678 liceat.
3070 1620 3277 1678 Concil.
3307 1619 3519 1685 Carth.,
3554 1619 3639 1673 tit.
3669 1617 3721 1670 2.

2514 1718 2634 1772 196.
2666 1717 2736 1772 Ut
2757 1731 2948 1773 omnes
2976 1714 3138 1778 servi,
3173 1712 3256 1767 vel
3283 1711 3485 1782 proprii
3504 1710 3699 1773 liberti,
3725 1707 3812 1762 vel
3835 1721 4032 1762 omnes

2439 1829 2576 1885 quos
2601 1812 2667 1867 ad
2695 1809 2996 1867 accusanda
3020 1807 3230 1878 publica
3259 1805 3483 1861 crimina
3502 1804 3646 1873 leges
3668 1802 3900 1872 publicae
3925 1815 4033 1856 non

2368 1908 2416 1968 B
2446 1904 2756 1967 admittunt,
2814 1900 3105 1955 histriones
3158 1897 3348 1964 etiam,
3395 1894 3675 1959 haeretici,
3732 1893 3931 1964 pagani
3978 1900 4039 1946 et

2440 1997 2641 2063 Judmi,
2675 1995 2741 2049 ad
2788 1992 3190 2050 accusationem
3240 2005 3352 2045 non
3398 1987 3771 2043 admittautur.
3822 1984 4035 2039 Concil.

2440 2091 2649 2155 Carth.,
2679 2089 2762 2143 tit.
2793 2087 2848 2142 5.

2514 2182 2637 2235 197.
2666 2179 2740 2239 .Ut
2775 2179 2866 2248 qui
2890 2191 3054 2232 unum
3075 2174 3281 2231 crimen
3300 2188 3406 2227 non
3435 2170 3766 2242 probaverit,
3788 2168 3858 2223 ad
3890 2167 4040 2223 aliud

2443 2288 2550 2329 non
2581 2272 2917 2326 admittatur.
2946 2266 3154 2322 Concil.
3179 2265 3463 2333 Carthag.,
3494 2263 3576 2317 tit.
3610 2262 3671 2316 4.

2516 2363 2638 2420 198.
2670 2364 2735 2418 Ut
2763 2371 3069 2425 accusator,
3086 2359 3132 2414 si
3158 2359 3211 2413 in
3230 2357 3350 2412 loco
3374 2357 3463 2411 ubi
3485 2363 3567 2409 est
3585 2354 3674 2408 ille
3694 2353 3787 2421 qui
3811 2367 4043 2407 accusa-

2447 2467 2555 2520 tur,
2584 2455 2897 2510 violentiam
2923 2451 3185 2516 timuerit,
3199 2450 3377 2505 locum
3393 2448 3492 2503 sibi
3517 2447 3817 2518 proximum
3847 2444 4038 2512 eligat.

2446 2549 2651 2604 Concil.
2686 2544 3173 2617 Hipponiregieusi,
3211 2545 3293 2597 tit.
3323 2543 3375 2595 5.

2519 2638 2642 2694 199.
2669 2638 2739 2694 Ut
2758 2635 3065 2707 baptizandi
3084 2634 3388 2705 symbolum
3407 2630 3532 2687 ﬁdei
3564 2631 3794 2687 discant.
3821 2627 4042 2686 Concil.

2447 2732 2641 2799 Laod.,
2672 2732 2757 2785 tit.
2789 2728 2880 2783 44.

2519 2823 2643 2879 200.
2679 2822 2749 2878 Ut
2790 2822 2882 2891 qui
2913 2822 2967 2877 in
2996 2818 3313 2891 aegritudine
3356 2816 3717 2887 baptizantur,
3767 2814 3886 2870 sani
3913 2813 4044 2871 facti

2450 2915 2755 2988 symbolum
2779 2914 3094 2969 doceantur.
3125 2909 3336 2967 Concil.
3373 2908 3563 2974 Laod.,
3594 2908 3678 2962 tit.
3707 2904 3799 2961 45.

2522 3013 2648 3067 201.
2686 3010 2755 3067 Ut
2797 3012 2890 3081 qui
2933 3008 3189 3080 baptizati
3218 3014 3343 3077 post
3396 3005 3720 3075 baptismum
3749 3001 4048 3057 chrismate

2453 3115 2737 3178 angantur.
2771 3104 2978 3161 Concil.
3014 3101 3264 3169 Laodic.,
3298 3101 3379 3155 tit.
3414 3098 3501 3152 46.

2526 3198 2649 3253 202.
2672 3198 2739 3254 Ut
2758 3196 3159 3267 a-grotautibus,
3184 3192 3402 3264 quando
3430 3191 3532 3262 ipsi
3582 3191 3729 3262 loqui
3779 3205 3891 3245 non
3921 3204 4052 3259 pos-

2380 3282 2427 3342 C
2458 3303 2603 3357 sunt,
2632 3294 2675 3348 si
2698 3307 2795 3364 pro
2825 3292 2903 3346 eis
2926 3290 3012 3344 alii
3046 3287 3408 3343 testimonium
3439 3284 3693 3349 dixerint,
3715 3282 4051 3353 baptismum

2460 3406 2568 3445 non
2598 3394 2840 3455 negetur,
2871 3381 3079 3437 Concil.
3108 3378 3493 3448 Carthag.,tit.
3522 3375 3612 3430 41.

2530 3480 2655 3533 203.
2714 3477 2783 3532 Ut
2828 3474 3045 3544 quando
3092 3472 3162 3528 de
3209 3469 3501 3526 infantibus
3542 3468 3822 3536 ignoratur
3871 3474 4051 3519 utrum

2463 3572 2720 3643 bairtizati
2766 3571 2893 3636 sint,
2949 3569 3067 3624 sine
3120 3567 3230 3623 ulla
3279 3563 3622 3620 dubitatione
3685 3562 4050 3631 baptizentur.

2465 3668 2671 3723 Concil.
2702 3664 2983 3733 Carthag.,
3011 3663 3096 3717 tit.
3125 3661 3180 3716 7.

2536 3758 2663 3815 204.
2697 3757 2765 3813 Ut
2794 3764 3138 3827 pra‘guantes
3167 3753 3422 3809 mulieres
3450 3750 3794 3821 haptizentur
3837 3744 4055 3815 quando

2470 3855 2757 3910 voluerint.
2791 3851 2998 3908 Concil.
3031 3851 3307 3906 Novacaes.
3339 3847 3422 3901 tit.
3453 3846 3501 3899 6.

2538 3945 2663 4001 205.
2713 3946 2778 4001 Ut
2823 3942 3115 3999 Christiani
3160 3956 3280 3996 cum
3322 3936 3636 3993 mulieribus
3680 3935 3896 3987 lavacra
3953 3945 4057 3985 non

2470 4042 2723 4095 habeant.
2747 4036 2957 4091 Concil.
2987 4032 3178 4100 Laod.,
3224 4033 3308 4087 tit.
3338 4030 3426 4084 29.

2540 4130 2665 4187 206.
2719 4130 2786 4185 Ut
2834 4135 2956 4199 post
3002 4126 3135 4181 duas
3183 4121 3548 4179 hebdomadas
3592 4117 4057 4185 Quadragesimte,

2474 4224 2540 4280 ad
2584 4223 2906 4293 baptismum
2949 4218 3126 4274 nullus
3154 4216 3502 4287 suscipiatur.
3546 4210 3754 4267 Concil.
3806 4208 4060 4277 Laodic.,

2478 4327 2557 4372 ιιι.
2586 4315 2674 4371 42.

2550 4407 2673 4462 207.
2711 4405 2778 4460 L't
2800 4404 2858 4459 in
2884 4400 3323 4471 Quadragesima,
3355 4396 3583 4454 sabbato
3605 4403 3819 4450 tantum
3870 4404 3928 4451 et
3953 4394 4063 4450 Do-

2478 4500 2675 4555 minico
2702 4496 2975 4552 oﬂ'eratur.
3003 4491 3209 4548 Concil.
3237 4488 3428 4555 Laod.,
3460 4489 3539 4542 tit.
3574 4487 3662 4540 47.

2549 4592 2673 4646 208.
2707 4589 2776 4646 Ut
2805 4589 2857 4642 in
2888 4583 3313 4656 quadragesima,
3333 4580 3517 4651 quinta
3540 4580 3671 4634 feria
3690 4579 3897 4634 ultima:
3942 4580 4065 4635 heb-

2482 4683 2741 4749 domadze,
2769 4680 3028 4751 jejunium
3082 4691 3191 4732 non
3238 4673 3581 4729 dissolvatur.
3627 4672 3836 4727 Concil.
3867 4671 4064 4738 Laod.,

2483 4781 2566 4835 tit.
2597 4776 2687 4831 48.

2553 4870 2679 4926 209.
2725 4868 2791 4924 Ut
2821 4868 2873 4921 in
2912 4860 3331 4931 Quadragesima
3356 4856 3599 4915 uatalitia
3626 4865 3931 4927 martyrum
3966 4873 4070 4912 non

2485 4965 2845 5023 celebrentur.
2876 4960 3043 5015 Couc.
3080 4954 3324 5017 Laodic.,
3358 4952 3442 5007 tit.
3479 4950 3572 5006 49.

2559 5056 2682 5109 210.
2718 5052 2787 5107 Ut
2808 5053 2859 5105 in
2891 5047 3299 5121 quadragesima
3328 5044 3528 5114 nuptiae
3558 5057 3667 5098 non
3698 5045 4070 5099 celebrentur.

2488 5148 2694 5205 Concil.
2723 5144 2913 5206 Laod,
2944 5142 3025 5196 tit.
3062 5140 3151 5196 50.

2559 5240 2681 5295 211.
2736 5236 2807 5293 Ut
2834 5235 3012 5291 nullus
3058 5230 3374 5303 peregrinus
3402 5229 3518 5284 sine
3547 5226 3778 5283 formata
3834 5228 4075 5297 episcopt

2492 5334 2805 5401 accipiatur.
2840 5328 3046 5384 Concil.
3073 5326 3346 5389 Autioch.,
3380 5324 3463 5378 tit.
3493 5323 3544 5377 7.

2562 5422 2683 5478 212.
2720 5422 2790 5477 Ut
2828 5420 2913 5475 die
2941 5418 3140 5487 quintae
3190 5416 3335 5470 feria:
3382 5414 3693 5484 septimana:
3739 5420 3943 5467 sanetae
3977 5411 4073 5465 Pa~

2494 5517 2635 5572 schze
2664 5512 2904 5570 secundo
2924 5508 3195 5565 olleratur.
3231 5506 3434 5561 Concil.
3470 5503 3950 5574 Septimuuicensi.

2563 5609 2688 5663 215.
2722 5608 2788 5661 Ut
2814 5607 2865 5659 in
2895 5602 3158 5660 sacriﬁcio
3205 5601 3406 5670 absque
3437 5613 3573 5668 pane
3622 5604 3675 5651 et
3727 5598 3858 5651 vino
3901 5596 4079 5652 nullus

2494 5702 2702 5759 oderat.
2733 5698 2898 5754 Cone.
2928 5696 3210 5762 Carthag.,
3243 5694 3324 5746 tit.
3359 5692 3444 5745 52.
4066 5674 4078 5687 '

2565 5790 2688 5846 214.
2751 5793 2817 5846 L't
2859 5788 3046 5843 diebus
3091 5783 3553 5854 Quinquagesima:
3602 5796 3782 5852 genua
3830 5797 3944 5839 non
3984 5778 4081 5837 ﬂe-

2495 5894 2727 5943 ctantur.
2757 5882 2959 5941 Concrl.
2985 5879 3216 5947 Sardic.,
3249 5881 3331 5932 tit.
3357 5881 3409 5934 1.
