4204 6578
139 385 238 449 829
1041 385 1415 446 FULGENTII
1456 385 1808 443 FERRANDI
1852 383 2235 442 BREVIATIO
2273 382 2628 441 CANONL'M.
3321 381 3429 443 8‘30

196 502 319 558 2l5.
354 502 426 560 Ut
468 510 595 559 ante
624 500 983 559 Pentecosten
1015 502 1191 557 nullus
1225 500 1422 556 audeat
1447 499 1717 569 jejunare.
1750 502 1800 564 Α
1905 499 2031 554 224.
2060 498 2132 555 Ut
2160 500 2400 556 sabbatis
2428 496 2719 568 Evangelia
2748 495 3012 569 legantur.
3044 493 3250 553 Concil.
3284 494 3425 555 Lao-

133 596 315 651 Concil
337 595 816 666 Septimunicensi.
1828 593 1959 656 dic.,
1991 593 2073 647 tit.
2110 590 2192 646 16.

202 686 328 742 2l6.
362 685 430 742 Ut
456 703 564 742 non
614 686 776 741 liceat
825 685 878 740 in
930 685 1224 741 Dominicis
1270 700 1495 755 agapem
1526 684 1729 749 facere,
1905 684 2029 739 225.
2062 684 2130 740 Ut
2151 685 2218 740 de
2238 685 2464 742 diversis
2496 685 2741 741 versibus
2771 690 2825 738 et
2853 684 3097 741 sensibus
3121 684 3240 741 libri
3264 701 3425 743 unum

135 777 216 832 vel
242 778 296 832 in
319 777 593 845 ecclesiis,
615 776 874 831 autintus
904 776 1187 832 accubitus
1217 786 1481 830 sternere.
1518 774 1727 831 Concil.
1835 778 2105 833 canticum
2144 792 2252 833 non
2286 785 2662 832 connectatur.
2699 775 2911 832 Concil.
2940 775 3183 843 Laodic.,
3215 779 3297 832 tit.
3334 778 3426 835 1-7.

135 869 331 938 Laod.,
366 870 447 924 tit.
469 868 558 923 27.
1907 870 2033 925 226.
2068 870 2138 925 Ut
2180 873 2342 925 etiam
2375 886 2472 939 per
2517 869 2949 925 soletnnissimos
2997 868 3287 928 Paschales
3314 873 3432 931 dies

201 959 329 1013 2l'l.
359 959 425 1014 Ut
448 960 788 1015 custodiatur
812 959 947 1015 fides
977 967 1194 1030 patrum
1229 969 1599 1015 trecentorum
1633 959 1730 1014 de-
1836 972 2233 1018 sacramentum
2266 963 2671 1019 catechumenis
2716 979 2821 1019 non
2853 964 3011 1019 detur
3071 965 3173 1020 nisi
3213 967 3432 1024 solitum

136 1066 251 1106 cem
286 1060 509 1107 etaeto.
543 1051 711 1107 Conc.
739 1050 1180 1122 Coristantin0p.,
1207 1053 1283 1106 tit.
1309 1051 1345 1103 2
1370 1051 1525 1123 [Lege
1548 1050 1626 1104 tit.
1655 1048 1729 1121 1].
1839 1056 1989 1114 salis.
2022 1054 2231 1110 Concil.
2263 1054 2544 1124 Cartliag.,
2581 1056 2663 1109 tit.
2700 1055 2785 1108 il.

203 1146 335 1203 218.
370 1149 437 1205 Ut
460 1149 809 1204 conciliorum
829 1156 1029 1202 statuta
1055 1147 1358 1219 priscorum
1385 1147 1452 1201 ab
1481 1145 1734 1200 omnibus
1911 1149 2037 1205 227.
2079 1148 2150 1205 Ut
2190 1150 2509 1218 corporibus
2551 1150 2928 1205 defunctorum
2961 1147 3296 1208 Eucharistia
3326 1166 3436 1208 non

136 1240 513 1297 observentur.
546 1242 714 1297 Conc.
751 1240 985 1297 Zellens.
1841 1244 2017 1299 detur.
2048 1242 2255 1299 Concil.
2289 1242 2570 1311 Carthag.,
2605 1244 2687 1297 tit.
2716 1243 2801 1297 l2.

208 1333 339 1389 219.
372 1333 443 1390 Ut
473 1335 655 1391 nullus
686 1336 738 1391 in
767 1338 1019 1407 precibus
1053 1337 1153 1391 nisi
1195 1336 1260 1391 ad
1294 1336 1509 1392 l’atrem
1541 1336 1740 1405 dirigat
1915 1338 2039 1393 2.8.
2068 1337 2137 1392 Ut
2178 1346 2374 1405 pra-ter
2424 1337 2718 1405 scripturas
2755 1334 3058 1391 Canonicas
3102 1334 3234 1389 nihil
3266 1335 3318 1390 in
3349 1350 3437 1391 ec-

139 1429 445 1483 orationem
468 1469 481 1493 ,
515 1439 573 1482 et
603 1438 657 1484 ut
687 1429 836 1499 prius
871 1446 962 1483 eas
994 1446 1115 1508 cum
1160 1429 1594 1485 instructioribus
1633 1439 1737 1483 tra-
1844 1431 2007 1487 clesia
2040 1431 2270 1499 legatur.
2301 1428 2513 1485 Concil.
2557 1427 2800 1496 Laodic.,
2834 1428 2915 1481 tit.
2951 1426 3037 1483 5'7.
3068 1428 3275 1484 Concil.
3309 1428 3440 1482 Car-

140 1528 275 1574 ctct.
303 1520 512 1576 Concil.
534 1520 815 1591 Carthag,
837 1524 916 1576 tit.
948 1522 1037 1576 51.
1064 1520 1196 1576 ltcm
1220 1520 1430 1577 Concil.
1458 1522 1741 1590 Carthag.,
1847 1522 2017 1591 thag.,
2047 1522 2129 1577 tit.
2161 1520 2248 1574 45$.

140 1614 226 1667 tit.
264 1614 318 1668 7.
1918 1610 2043 1665 2:29.
2079 1610 2149 1665 Ut
2194 1611 2353 1666 liccat
2385 1612 2666 1681 passiones
2698 1624 2994 1684 martyrum
3045 1610 3225 1679 legere
3254 1609 3306 1665 in
3345 1624 3439 1665 na-

210 1704 342 1759 220.
378 1702 447 1762 Ut
470 1722 575 1761 una
598 1710 668 1763 sit
697 1710 749 1763 in
775 1711 1128 1766 sacramentis
1153 1725 1251 1781 per
1274 1724 1435 1764 omne
1460 1709 1745 1780 Byzacium
1853 1706 2047 1760 talibus
2076 1721 2285 1759 eorum.
2312 1704 2523 1760 Concil.
2553 1704 2830 1773 Carthag.,
2864 1708 2944 1760 tit.
2976 1704 3064 1759 46.

138 1798 451 1869 disciplina.
485 1802 697 1858 Concil.
728 1803 1144 1859 Maradianensi.
1922 1800 2046 1854 250.
2084 1800 2151 1854 L‘t
2189 1798 2291 1853 soli
2338 1790 2591 1854 l'cclesize
2631 1798 2973 1867 Carthaginis
3019 1799 3180 1853 liceat
3207 1798 3443 1853 alienum

209 1894 311 1945 22f
329 1936 342 1949 .
376 1894 444 1949 Ut
466 1898 723 1955 mulieres
746 1916 865 1970 quae
897 1901 1035 1970 apud
1059 1900 1275 1954 Graecos
1302 1899 1625 1969 lli‘BSIJleI‘il‘
1651 1913 1746 1968 ap-
1777 1884 1824 1945 Β
1850 1895 2105 1952 clericum
2136 1895 2410 1950 ordinare.
2435 1892 2640 1951 Concil.
2668 1895 2879 1962 Carth.,
2908 1897 2991 1950 tit.
3017 1895 3105 1950 54.

142 1984 445 2052 pellantur,
480 1988 623 2057 apud
652 2006 752 2045 nos
780 2001 958 2045 autem
984 1992 1156 2046 vidum
1191 1992 1433 2046 seniores
1454 2031 1469 2057 ,
1500 1991 1739 2056 univirae,
1921 1989 2051 2043 2'51.
2088 1988 2156 2043 Ut
2186 2003 2377 2044 omnes
2429 1987 2686 2043 Ecclesia:
2732 1989 2800 2043 ab
2832 1988 3070 2045 Ecclesia
3105 1988 3446 2058 Carthaginis

142 2084 195 2128 et
228 2077 553 2144 matriculat,
587 2081 640 2135 in
679 2081 921 2137 Ecclesia
954 2093 1207 2153 tanquam
1238 2084 1511 2138 ordinatas
1541 2082 1741 2137 consti-
1852 2080 1996 2135 diem
2030 2078 2248 2135 Pascha:
2278 2079 2503 2133 audiant
2537 2089 2782 2149 tempore
2809 2079 3045 2134 concilii.
3077 2079 3282 2135 Concil.
3315 2079 3446 2133 Car-

142 2170 216 2223 tui
253 2185 363 2225 non
398 2172 581 2227 liceat.
616 2173 823 2231 Concil.
858 2176 1052 2244 Laod.,
1088 2178 1167 2231 tit.
1206 2177 1290 2229 ll.
1852 2173 2023 2242 thag.,
2060 2173 2137 2225 tit.
2168 2171 2218 2225 5.

212 2261 345 2316 222.
387 2264 453 2318 Ut
481 2265 740 2323 mulieres
762 2270 827 2322 ad
854 2269 1025 2324 altare
1053 2285 1161 2323 non
1194 2267 1583 2336 ingrediantur.
1605 2262 1750 2322 Con‘
1931 2266 2057 2319 252.
2095 2265 2161 2321 Ut
2192 2264 2370 2320 nullus
2400 2263 2686 2329 ordinetur
2711 2262 2811 2319 nisi
2840 2264 3097 2334 probatus
3127 2263 3209 2318 vel
3240 2263 3449 2333 episco-

142 2351 236 2405 cil.
274 2352 471 2419 Laod.,
509 2357 592 2410 tit.
630 2358 718 2411 «45.
1860 2374 2053 2428 porum
2081 2358 2355 2425 examine,
2390 2356 2475 2413 vel
2506 2356 2694 2427 populi
2722 2357 3055 2413 testimonio.
3085 2355 3294 2412 Concil.
3321 2355 3453 2409 Car-

214 2445 343 2500 225.
374 2445 445 2502 Ut
469 2457 671 2503 sancta:
699 2449 1006 2507 oblationes
1028 2452 1095 2507 ad
1119 2451 1265 2507 vices
1288 2450 1619 2521 eulogiaruin
1646 2464 1757 2507 non
1863 2450 2036 2520 thag.,
2065 2450 2147 2504 tit.
2176 2448 2267 2504 29.

151 2538 483 2608 dirigantur.
515 2541 723 2597 Concil.
752 2540 947 2611 Laod.,
982 2544 1064 2599 tit.
1091 2545 1179 2603 14.

150 2669 384 2676 —-——-‘——
394 2666 3415 2679 M—

1350 2714 2275 2908 crematur}

1505 2981 1792 3033 EPISCOPI
1828 2980 2126 3032 AFRICANI

863 3110 1748 3228 BBEVIARIUM
1866 3105 2754 3223 CANONICUM.

144 3340 262 3382 U'C
316 3338 623 3380 HABITL'R
672 3335 1028 3379 CONCORDIA
1077 3334 1381 3377 CANONUM
1443 3330 1875 3374 CONCILIORUM
1936 3329 2125 3369 INFRA
2172 3326 2607 3377 SCRIPTORUM,
2688 3327 2766 3367 ET
2831 3326 3179 3369 Ρηπεεειωι
3247 3328 3464 3372 ROMA-

320 3418 586 3471 NOBUM,
644 3418 707 3458 ID
765 3416 878 3458 EST
924 3414 1267 3469 CANONUM,
1328 3410 1820 3462 Αροετῡιυιιυλι,
1877 3408 2303 3459 Νιελίκυιιωι,
2356 3406 2863 3449 ANCIIIANOBUM.
2918 3406 3302 3450 NHVECAESA-

486 3496 796 3539 BIENSIUM
854 3478 959 3554 [αἱ.
1005 3478 1310 3550 meorum]
1346 3490 1827 3542 GANGItEVSll‘M,
1854 3487 2402 3539 ANTIOCHENSIUM,
2430 3486 2926 3541 LAODFCENSIUM,
2958 3486 3128 3528 ωιτη,

652 3574 1132 3630 CEDONENSIUM,
1184 3570 1681 3623 SARDICENSKLM,
1739 3567 2385 3618 CABTIIAGINENSILTM;
2437 3566 2587 3607 ITEM
2630 3565 2981 3609 PBESULUM

808 3654 1045 3711 SIIICII,
1090 3652 1482 3707 INNOCENTII,
1518 3651 1757 3703 ZOSIMI,
1789 3646 2161 3701 CELESTINI,
2198 3645 2419 3689 LEONIS
2455 3647 2533 3688 ET
2561 3645 2828 3689 GELASII.

1724 3772 1913 3787 ﬁ

1276 3878 1299 3903 ⁸
1355 3881 1755 3962 INCIPIT
1819 3878 2388 3959 ΡΒᾹΞΡΑΤΙΟ.

214 4143 473 4202 Domino
499 4152 630 4196 vere
653 4144 842 4195 sancto
872 4148 1195 4207 semperque
1222 4133 1385 4189 beato
1415 4131 1653 4204 pontifici
1680 4130 1766 4184 Li-
1797 4130 1841 4191 C
1876 4130 2245 4186 successiones
2296 4141 2599 4202 temporum
2646 4134 2924 4204 protulere
2968 4137 3120 4194 vobis
3157 4140 3475 4212 colligamus

130 4241 377 4299 berino,
421 4232 739 4289 Crisconius
768 4230 967 4286 Christi
1011 4227 1338 4284 famulorum
1384 4226 1630 4292 exiguus.
1661 4224 1771 4277 Ve-
1880 4221 1931 4273 in
1965 4236 2146 4287 unum,
2180 4236 2480 4293 eorumque
2511 4224 2858 4281 concordiam
2890 4226 3172 4297 facientes,
3204 4248 3266 4288 ac
3294 4234 3476 4292 titulo-

129 4333 241 4388 stri
302 4325 613 4384 sacerdotii
656 4320 1079 4393 incomparabile
1108 4320 1298 4386 decus,
1325 4333 1433 4387 quo
1468 4317 1588 4371 fidei
1621 4315 1771 4385 puri-
1878 4330 1997 4367 rum
2027 4316 2476 4385 prae-notationem
2505 4317 2933 4389 interponentes,
2958 4336 3019 4376 ea
3046 4322 3274 4381 lucidius
3293 4326 3479 4383 decla-

130 4432 255 4478 tate
280 4436 358 4475 ac
379 4419 508 4472 vita:
524 4414 797 4484 probitate
824 4412 1115 4467 admodum
1142 4408 1524 4479 resplendetis,
1550 4421 1645 4461 vos
1669 4421 1775 4459 non
1881 4424 2079 4461 remus.
2118 4409 2269 4475 Quod
2301 4425 2462 4479 Opus,
2492 4426 2592 4480 pro
2626 4419 2789 4466 tanta:
2818 4413 2894 4467 rei
2927 4416 3331 4484 magnitudine,
3372 4436 3477 4476 no—

128 4512 363 4568 desinit
394 4520 759 4578 praemonere,
788 4502 1112 4557 utilitatibus
1144 4499 1403 4554 dominici
1443 4498 1643 4567 gregis,
1681 4513 1777 4550 cu-
1879 4506 2021 4551 stras
2054 4498 2322 4553 excedere
2344 4500 2485 4554 vires
2508 4502 2695 4571 proco]
2728 4503 2890 4558 dubio
2914 4505 3161 4573 intueris,
3193 4523 3221 4562 a
3252 4523 3360 4577 quo
3390 4527 3479 4568 me

122 4609 224 4679 jus
252 4601 649 4675 gubernacula
681 4598 1019 4669 suscepistis,
1049 4606 1103 4651 et
1132 4596 1414 4650 sollicitius
1441 4594 1691 4657 militare,
1725 4602 1779 4646 et
1880 4606 2000 4644 cum
2030 4606 2290 4646 excusare
2319 4594 2615 4661 saepissime
2645 4594 2956 4663 voluissem,
2984 4608 3209 4667 paterna
3236 4605 3478 4657 auctori-

127 4696 529 4754 sulcrtissitne
569 4690 881 4759 providere.
916 4688 994 4741 Ad
1028 4687 1180 4756 cujus
1213 4685 1380 4741 vestri
1411 4684 1778 4754 explelionem
1880 4690 1991 4737 tate
2022 4683 2282 4749 institisti,
2317 4684 2612 4739 subsidium
2657 4687 2812 4741 nobis
2841 4688 3081 4743 divinum
3124 4690 3480 4748 fidentissime

126 4789 340 4853 ofﬁcii,
388 4782 710 4839 industriam
758 4781 1108 4836 nihilominus
1151 4788 1453 4833 vestrorum
1493 4776 1780 4844 exquiritis
1883 4775 2146 4844 pollicens
2188 4776 2551 4846 profuturum.
2594 4778 2713 4845 Quo
2744 4780 2872 4834 mihi
2896 4779 3129 4849 suffugio
3159 4782 3475 4851 intercluso,

124 4880 547 4948 subjectorum
577 4890 589 4924 :
621 4886 758 4940 quos
789 4872 862 4924 ita
908 4884 1133 4925 necesse
1175 4877 1260 4923 est
1291 4876 1346 4922 ut
1387 4866 1643 4937 spiritalis
1683 4866 1779 4918 ali-
1882 4869 2009 4924 item
2042 4870 2317 4939 proposui,
2346 4870 2447 4925 hoc
2468 4870 2749 4925 Canonum
2784 4872 3089 4927 Breviatutn
3123 4889 3151 4927 a
3182 4876 3299 4930 viro
3322 4890 3480 4931 reve-

126 4972 336 5028 nmnia
380 4964 546 5034 panis
577 4978 700 5017 emn
730 4962 901 5029 ipsum
931 4959 1259 5013 dominicum
1292 4971 1507 5026 gregem
1539 4956 1780 5023 largillue
1881 4959 2189 5014 rcntissimo
2242 4959 2520 5016 Ferrando
2561 4960 2905 5026 Carthaginis
2940 4962 3198 5019 Ecclesia:
3245 4965 3478 5022 diacono

126 5057 451 5118 nutriatis.
491 5054 643 5106 Unde
682 5050 970 5121 pervidens
1002 5048 1285 5103 mundanis
1327 5064 1391 5102 ac
1426 5048 1621 5102 divinis
1652 5048 1778 5115 lcgi-
1878 5053 1987 5122 jam
2037 5054 2199 5108 fuisse
2242 5053 2539 5121 digestum,
2586 5063 2640 5110 et
2686 5056 2884 5111 debere
2914 5073 3038 5112 eum
3070 5066 3269 5111 nostra:
3297 5058 3479 5113 erudi-

122 5157 236 5212 liu;
284 5153 568 5207 humana:
609 5146 733 5197 vitm
777 5144 1018 5212 regimen
1050 5142 1369 5205 consistere,
1398 5149 1455 5195 et
1488 5141 1623 5209 juris
1663 5141 1782 5211 qui-
1884 5144 2017 5199 tioni
2053 5141 2321 5210 sufﬁcere,
2356 5160 2424 5198 ne
2456 5146 2600 5199 aliud
2636 5146 2998 5215 exquirendo,
3030 5149 3145 5215 ejus
3178 5147 3479 5216 prudentiae

121 5250 261 5303 dem
299 5246 596 5315 praecepta
627 5236 1048 5290 exorbitanu’um
1083 5248 1300 5303 gressus
1330 5234 1495 5289 frenis
1526 5234 1779 5290 arctiori-
1884 5236 2353 5307 deprehendamur
2380 5240 2431 5292 in
2459 5238 2640 5307 aliquo
2664 5237 2945 5306 derogare.
2978 5239 3074 5294 Ctti
3100 5248 3295 5296 nostra:
3316 5256 3481 5295 excu-

126 5344 239 5398 biis
274 5347 586 5395 coercere,
620 5329 1017 5383 ecclesiasticas
1040 5343 1168 5381 vero
1196 5328 1506 5382 sanctiones
1529 5336 1674 5381 rcctc
1701 5328 1779 5381 vi-
1885 5329 2079 5383 sationi
2109 5330 2324 5399 penitus
2349 5329 2733 5385 submovendae
2762 5329 2945 5385 itidem
2979 5330 3248 5401 objecisti,
3278 5347 3383 5387 non
3411 5333 3480 5387 ad

125 5431 313 5487 venili
360 5422 671 5480 lermimlm
707 5420 806 5488 Ρίίε
843 5434 907 5475 ac
935 5417 1182 5474 ﬁdelibus
1220 5419 1412 5473 animis
1444 5418 1773 5489 Ρηυίίκίεεεῑ
1888 5427 2032 5481 illius
2049 5427 2434 5498 sapientissimi
2462 5428 2558 5481 viri
2589 5428 3064 5499 reprehensionem
3090 5429 3193 5483 hoc
3217 5436 3270 5483 te
3290 5429 3481 5499 exqui-

129 5529 244 5582 illis
285 5516 601 5575 ﬂoralibus
629 5512 955 5576 subrelictis,
992 5511 1240 5581 praecipis
1284 5518 1344 5565 ut
1386 5522 1579 5567 cuncta
1612 5527 1773 5566 eano-

1822 5524 2010 5584 Drere
2050 5519 2206 5586 velle,
2267 5520 2360 5574 sed
2410 5527 2655 5575 nostram
2705 5521 2888 5590 potius
2935 5520 3274 5576 scientiolam
3324 5518 3482 5575 indu-

127 5622 257 5673 nim
309 5608 666 5667 constituta,
705 5619 823 5673 qure
854 5604 919 5658 ab
947 5606 1077 5674 ipsis
1106 5604 1343 5660 exordiis
1378 5605 1580 5660 militire
1625 5606 1778 5661 Chri-
1887 5611 2134 5666 striosius
2154 5627 2349 5683 capere
2364 5620 2417 5667 et
2442 5612 2684 5668 elimare.
2713 5612 2917 5678 Quibus
2937 5614 3188 5683 peractis,
3208 5612 3319 5682 jam
3336 5628 3479 5682 pne-

128 5710 346 5766 stianae
406 5712 525 5751 tam
567 5694 667 5749 SS.
714 5694 976 5764 apostoli,
1022 5710 1184 5764 quam
1228 5696 1512 5766 apostolici
1540 5696 1639 5752 viri
1684 5713 1781 5768 per
1888 5719 2087 5761 cavens
2114 5703 2334 5763 Christo
2371 5705 2422 5761 in
2460 5706 2613 5763 vobis
2644 5706 2885 5775 loquenti
2924 5706 3219 5776 quamlibet
3245 5720 3481 5762 excusa-

210 5874 230 5899 ³³
262 5861 394 5923 AL,
430 5852 682 5923 Epistola
713 5851 962 5909 Crisconii
990 5852 1060 5908 ad
1089 5851 1373 5908 Liberium.
