4204 6540
710 416 811 474 831

1829 406 2166 466 εηιδοοΝιι
2207 403 2533 463 AFRICANI
2574 404 2875 465 EPISCOPI

3888 403 3996 464 832

708 534 913 590 tionem
961 526 1280 593 obtendere,
1321 529 1527 581 caelesti
1555 522 1756 579 auxilio
1784 524 2159 592 prannunitus,
2200 523 2296 577 ob-
2324 522 2370 580 Α
2401 522 2632 577 lentibus
2680 520 3031 576 dubitationis
3080 521 3362 591 ambagem
3408 520 3640 586 auferre,
3693 528 3755 577 ut
3799 502 3993 579 eorum

712 623 864 693 sequi
888 621 1053 677 malui
1085 617 1383 689 imperatis,
1413 617 1711 687 vestrisque
1734 617 1894 682 votis,
1921 616 2033 670 Deo
2063 616 2297 683 favente,

713 716 1071 771 libentissime
1119 711 1456 775 subservire,
1512 709 1601 763 illa
1648 709 1883 764 maxime
1933 710 2185 764 invitatus
2231 724 2299 763 ex

714 816 869 879 parte
895 804 1041 876 quod
1070 802 1341 856 antelatus
1376 800 1701 877 venerabilis
1727 801 1809 853 vir
1836 800 1903 853 ad
1934 800 2299 853 conversatio-

714 917 839 955 nem
872 897 1145 953 memoriae
1170 910 1357 951 eorum
1392 895 1497 949 hoc
1522 892 1763 949 effecisse
1793 894 2035 947 noscitur
2075 892 2296 946 Brevia-

713 1000 850 1055 tum,
872 990 965 1060 qui
995 989 1082 1044 illa
1114 989 1225 1057 ipsa
1245 987 1358 1054 jam
1386 986 1525 1041 bene
1554 985 1767 1055 cognita
1797 994 2168 1054 perceperant,
2191 1000 2298 1054 quo

715 1100 813 1155 per
843 1099 967 1139 eum
1006 1097 1128 1137 cum
1158 1080 1428 1135 voluerint
1471 1094 1591 1149 qua:
1634 1078 1859 1149 cupiunt
1904 1078 2295 1133 recordentur:

711 1174 1055 1231 indoctorum
1084 1187 1239 1239 vero,
1269 1186 1495 1242 quorum
1525 1179 1609 1225 est
1648 1170 1882 1224 maxima
1912 1169 2217 1233 multitudo,
2247 1169 2298 1222 in

714 1268 907 1323 eodem
948 1280 1115 1335 opere
1160 1265 1391 1319 studium
1423 1263 1701 1332 probatur,
1733 1270 1794 1315 ut
1823 1261 1894 1314 ita
1924 1260 2174 1325 dixerim,
2216 1275 2302 1314 se-

718 1369 1046 1429 qui-strasse,
1077 1356 1199 1410 dum
1231 1370 1326 1409 eos
1365 1354 1432 1407 ad
1474 1353 1873 1429 inquisitionem
1906 1367 2091 1405 earum
2121 1366 2299 1405 rerum

719 1448 976 1520 praemisit
1002 1462 1118 1516 qua:
1164 1462 1265 1502 nec
1291 1447 1355 1501 ab
1386 1447 1633 1501 omnibus
1678 1445 2021 1513 reperiuntur
2077 1460 2176 1499 nec
2216 1460 2301 1499 re-

718 1550 883 1611 perta:
922 1541 1039 1595 sine
1086 1540 1297 1594 fastidio
1338 1540 1701 1609 perleguntur.
1737 1538 1873 1592 Nulli
1904 1539 2164 1606 siquidem
2213 1538 2303 1592 du-

719 1632 867 1687 bium
916 1640 1000 1686 est
1039 1647 1199 1700 quam
1238 1630 1616 1685 molestissime
1662 1631 1898 1700 perferat
1938 1629 2127 1694 lector,
2175 1630 2301 1683 dum

715 1725 927 1780 avidius
951 1725 1207 1793 cujusque
1230 1723 1306 1777 rei
1328 1723 1700 1791 cognitionem
1730 1729 2030 1791 exspectat,
2059 1726 2115 1774 et
2143 1720 2209 1773 ad
2238 1719 2304 1774 li-

716 1816 870 1872 brum
901 1816 1241 1887 praemittitur
1279 1830 1440 1884 quem
1470 1823 1563 1867 aut
1592 1813 1733 1867 forte
1764 1829 1869 1866 non
1902 1813 2049 1881 legit,
2081 1821 2176 1865 aut
2209 1811 2299 1865 ubi

2404 615 2558 685 plena
2592 615 2873 669 instructio
2902 629 3007 668 non
3030 628 3099 667 ex
3122 612 3437 668 difﬁcultate
3466 614 3770 683 scriptoris,
3801 614 3899 670 sed
3926 631 3995 671 ex

2403 704 2603 759 desidia
2624 705 2735 774 jam
2757 704 3057 774 dependeat
3085 704 3325 759 lectoris.
3353 704 3507 771 Quod
3529 720 3666 774 opus
3690 706 3805 759 haec
3830 705 3996 760 etiam

2404 796 2514 850 Deo
2546 804 2831 863 praestante
2868 795 3072 850 utilitas
3102 803 3488 864 consequetur,
3528 804 3587 849 ut
3631 795 3759 851 dum
3806 812 3997 852 unum-

2403 889 2656 958 quodque
2684 890 3003 944 canonicum
3033 889 3263 953 decreti,
3296 887 3368 943 de
3405 904 3514 959 quo
3556 890 3787 960 quzestio
3833 891 3998 947 fuerit

2403 1000 2501 1054 pro
2530 992 2775 1055 tempore
2802 984 3003 1052 agitata
3028 1024 3042 1049 ,
3074 984 3413 1052 atquissimus
3452 983 3617 1053 judex
3646 1000 3834 1040 coram
3868 1001 3996 1056 per-

2402 1079 2646 1149 Spexerit
2673 1077 2990 1132 multimode
3019 1091 3140 1132 esse
3171 1077 3458 1147 digestum,
3490 1076 3760 1146 probabili
3787 1080 3997 1134 exami-

2401 1173 2624 1227 natione
2653 1170 2931 1225 condiscat
2960 1180 3138 1225 utrum
3170 1186 3237 1225 ex
3262 1172 3551 1228 severitate
3576 1185 3644 1225 an
3675 1187 3742 1226 ex
3771 1171 3999 1227 lenitate

2402 1276 2558 1317 suum
2586 1262 2823 1315 animum
2853 1260 3050 1315 debeat
3078 1260 3368 1316 moderari.
3400 1261 3573 1327 Quam
3605 1262 3654 1316 ei
3682 1262 4000 1318 instructio-

2402 1369 2526 1408 nem
2565 1354 2652 1407 illa
2696 1352 2930 1407 maxime
2959 1352 3326 1407 consideratio
3357 1352 3654 1419 exhibebit,
3687 1354 3733 1409 si
3763 1355 3999 1424 plurium

2404 1453 2458 1499 et
2475 1444 2708 1497 maxime
2726 1450 3129 1497 auctoratorum
3155 1443 3267 1510 ipse
3295 1442 3387 1509 qui
3412 1442 3663 1496 maluerit
3686 1444 3999 1500 constitutis

2402 1536 2563 1589 luerit
2592 1535 2961 1603 prmmonitus.
2993 1533 3161 1598 Unde,
3186 1547 3368 1603 quaso
3394 1541 3451 1587 ut
3477 1534 3529 1588 in
3553 1534 3656 1589 hac
3678 1536 3795 1606 ipsa
3813 1535 3998 1592 Cano-

2406 1630 2511 1684 nici
2544 1628 2800 1683 Breviarii
2832 1629 3187 1698 repetitione,
3235 1629 3375 1684 sicut
3414 1629 3646 1685 eximius
3675 1642 3866 1686 noster
3907 1633 4001 1688 ille

2407 1729 2738 1792 protestatus
2768 1729 2851 1774 est
2877 1720 3087 1783 doctor,
3131 1722 3415 1790 ignoscant
3444 1721 3701 1791 scientes,
3730 1738 3799 1778 ne
3828 1724 4000 1780 ollen-

2406 1815 2601 1867 dantur
2643 1812 2964 1866 nescientes.
3010 1811 3189 1865 Satius
3218 1819 3301 1866 est
3343 1814 3485 1867 enim
3514 1811 3708 1868 ollerre
3749 1814 3999 1881 babenti,

714 1911 957 1979 reperiat
998 1925 1104 1963 non
1137 1910 1305 1963 novit.
1336 1908 1717 1972 Quamobrem,
1752 1906 1971 1961 antelati
2012 1907 2110 1960 viri
2140 1905 2299 1961 laude
2332 1905 2374 1964 Β
2400 1919 2561 1973 quam
2609 1920 2718 1957 non
2762 1904 3045 1958 habentem
3086 1902 3319 1958 dill'erre.
3367 1904 3615 1960 Vestram
3654 1905 3787 1974 quin
3828 1908 3996 1962 etiam

715 2000 979 2071 prmlata,
1036 2001 1398 2056 necessarium
1450 1999 1577 2055 duxi
1629 1999 1896 2069 profectui
1951 1999 2296 2053 subserviens

717 2094 1080 2162 parvulorum,
1115 2093 1267 2159 juxta
1294 2102 1531 2148 vestrum
1562 2093 1869 2162 imperium,
1898 2100 2092 2147 cuncta
2122 2091 2298 2147 eccle-

716 2182 953 2248 siastica,
986 2192 1043 2236 ut
1085 2182 1287 2237 dictum
1316 2192 1421 2249 est,
1452 2184 1766 2250 constituta,
1807 2198 1927 2251 qua:
1958 2182 2025 2237 ad
2057 2197 2297 2237 nostram

718 2274 962 2329 notitiam
1010 2284 1395 2343 pervenerunt,
1429 2276 1483 2328 in
1526 2275 1631 2329 hoc
1670 2290 1835 2343 Opere
1876 2276 1976 2331 sub
2018 2275 2297 2330 titulorum

717 2366 857 2423 serie
887 2375 1206 2436 prtenotare,
1239 2376 1293 2424 et
1322 2384 1384 2423 ea
1415 2368 1728 2424 condiscere
1765 2369 2066 2423 valentibus
2107 2376 2161 2422 et
2200 2383 2297 2422 vo-

2404 1996 2668 2065 deprecor
2695 1996 3072 2059 sanctitatem,
3107 2006 3161 2049 ut
3192 1995 3237 2050 si
3271 1996 3323 2049 in
3353 2010 3462 2065 quo
3486 1995 3667 2049 forsan
3698 1997 3999 2066 pervideris

2404 2097 2500 2143 tuo
2525 2086 2793 2141 desiderio
2818 2087 3039 2142 minime
3060 2086 3415 2153 satisfactum,
3444 2087 3792 2143 devotionem
3818 2091 3999 2160 potius

2406 2180 2694 2250 approbes,
2728 2187 2783 2233 et
2821 2178 3066 2247 genuimu
3105 2179 3401 2234 inscientia:
3428 2178 3639 2232 veniam
3669 2179 3858 2233 dones.
3891 2177 3997 2233 Ora

2407 2287 2504 2342 pro
2550 2287 2657 2337 me,
2707 2272 2922 2341 meique
2972 2286 3188 2344 semper
3240 2279 3536 2337 memento,
3589 2271 3835 2343 pontifex
3882 2271 3996 2329 Deo

2405 2364 2582 2434 digne.

727 2507 3994 2532 a—W

1717 2636 2076 2713 NClPIT
2138 2636 2436 2713 LIBER
2496 2634 3022 2713 CANONUM.

798 2897 820 2921 κ
851 2884 948 2952 Qui
978 2881 1264 2951 episcopus
1295 2878 1626 2935 ordinandus
1657 2888 1759 2945 est,
1786 2890 1913 2936 ante
1937 2882 2289 2946 examinetur,

2404 2898 2568 2953 quam
2603 2890 2893 2952 gestamus,
2925 2891 2980 2938 et
3014 2898 3122 2939 non
3160 2882 3379 2938 alterius
3418 2881 3596 2937 carnis
3635 2883 3999 2938 resurrectio-

725 2977 769 3034 οἱ
801 2984 990 3031 natura
1014 2972 1246 3043 prudens
1275 2979 1378 3035 est,
1397 2970 1441 3023 si
1470 2971 1737 3037 docibilis,
1769 2974 1813 3028 si
1833 2974 2072 3027 moribus
2097 2982 2305 3043 tempe-
2334 2962 2559 3045 Cnem,
2582 2976 2624 3031 si
2648 2977 2833 3031 credat
2845 2975 3103 3046 judicium
3128 2977 3386 3042 futurum,
3412 2984 3465 3029 et
3483 2985 3800 3045 recepturos
3821 2977 4004 3046 singu-

726 3079 895 3133 ratus,
930 3066 973 3120 si
1006 3066 1110 3118 vita
1142 3072 1342 3127 castus,
1370 3063 1413 3116 si
1464 3063 1698 3129 sobrius,
1723 3064 1767 3118 si
1818 3080 2032 3135 semper
2060 3066 2172 3120 suis
2216 3080 2310 3120 ne-

726 3162 887 3229 gotiis
911 3174 1125 3221 vacans,
1156 3158 1199 3211 si
1239 3156 1542 3211 hominibus
1570 3154 1821 3222 allabilis,
1864 3159 1905 3211 si
1945 3158 2231 3223 litteratus,
2264 3157 2311 3213 si

728 3254 782 3308 in
810 3254 925 3321 lege
949 3249 1160 3305 Domini
1193 3249 1507 3316 instructus,
1532 3249 1573 3303 si
1604 3250 1657 3303 in
1699 3250 2102 3319 Scripturarum
2130 3250 2310 3305 sensi-

723 3341 825 3396 bus
879 3348 1083 3402 cautus,
1115 3338 1159 3391 si
1210 3338 1261 3391 in
1291 3337 1630 3405 dogmatibus
1669 3340 2051 3393 ecclesiasticis
2093 3341 2305 3393 exerci-

732 3437 899 3494 tatus,
928 3436 983 3481 et
1008 3436 1133 3481 ante
1164 3430 1342 3481 omnia
1374 3428 1419 3482 si
1463 3427 1586 3482 ﬁdei
1617 3427 1939 3483 documenta
1972 3429 2146 3483 verbis
2184 3430 2312 3483 sim-

728 3518 961 3589 plicibus
983 3526 1208 3573 asserat.
1236 3517 1367 3572 Item
1418 3516 1631 3573 Patrem
1656 3527 1711 3573 et
1741 3518 1929 3573 Filium
1967 3528 2021 3575 et
2052 3519 2312 3588 Spiritum

732 3620 981 3668 sanctum
1013 3626 1174 3665 unum
1206 3611 1368 3665 Deum
1414 3625 1533 3665 esse
1574 3612 1921 3677 conﬁrmans,
1954 3622 2229 3681 totamque
2259 3614 2311 3666 in

730 3707 944 3761 Deitate
972 3704 1289 3759 Trinitatem
1339 3706 1745 3761 coessentialem
1790 3716 1843 3760 et
1880 3707 2313 3761 consubstantia-

731 3798 838 3855 lem
862 3807 916 3852 et
944 3798 1371 3867 omnipotentem
1393 3797 1691 3866 pmdicans
1712 3836 1727 3861 ,
1760 3798 1804 3851 si
1829 3798 2096 3866 singulam
2126 3812 2315 3851 unam-

733 3904 1005 3960 quamque
1049 3889 1103 3943 iu
1153 3889 1418 3943 'l‘rinitate
1448 3904 1731 3959 personam
1778 3889 1993 3958 plenum
2041 3887 2229 3952 Deum,
2260 3896 2316 3942 et

732 3993 881 4041 totas
914 3993 1023 4039 tres
1052 3999 1310 4054 personas
1351 4000 1517 4039 unum
1566 3985 1773 4051 Deum;
1802 3986 1845 4039 si
1883 3986 2312 4041 lncarnationem

731 4075 968 4131 divinam
1011 4090 1123 4127 non
1163 4074 1216 4128 in
1260 4073 1440 4139 Patre,
1471 4090 1649 4142 neque
1680 4076 1733 4129 in
1781 4074 1983 4143 Spiritu
2014 4084 2201 4130 saneto
2233 4076 2314 4129 la-

734 4176 897 4231 ctam,
931 4164 1028 4223 sed
1058 4166 1110 4219 in
1143 4164 1278 4220 Filio
1326 4175 1557 4234 tantum,
1587 4174 1645 4220 ut
1673 4169 1765 4235 qui
1808 4176 1923 4221 erat
1955 4168 2008 4221 in
2039 4168 2316 4223 divinitate

736 4257 831 4312 Dei
866 4256 1034 4311 Patris
1061 4256 1246 4320 Filius,
1273 4257 1388 4325 ipse
1412 4255 1563 4311 fieret
1595 4257 1646 4310 in
1692 4256 1910 4310 nomine
1939 4257 2173 4311 hominis
2207 4272 2317 4311 ma-

738 4350 835 4403 tris
875 4348 1031 4413 tilius,
1065 4348 1204 4403 Deus
1244 4364 1402 4403 verus
1449 4363 1515 4403 ex
1545 4358 1718 4419 patre,
1769 4356 1824 4403 et
1864 4348 2028 4404 homo
2056 4363 2214 4403 verus
2244 4364 2310 4404 ex
2344 4331 2397 4392 ο

737 4451 937 4506 matre,
968 4455 1185 4494 carnem
1220 4456 1287 4495 ex
1324 4440 1511 4495 matris
1540 4440 1834 4495 visceribus
1865 4440 2093 4507 habens,
2120 4450 2178 4495 et
2201 4442 2317 4494 ani-

738 4545 880 4584 mam
930 4530 1214 4583 humanam
1262 4530 1675 4584 rationabilem:
1727 4530 1885 4583 simul
1934 4530 1985 4584 in
2032 4544 2099 4585 eo
2141 4531 2313 4585 amba:

741 4632 971 4677 natum:
1008 4623 1133 4677 item
1158 4624 1339 4687 homo,
1365 4630 1418 4676 et
1439 4622 1606 4687 Deus,
1628 4639 1766 4677 unus
1790 4622 1976 4689 Filius,
2004 4638 2145 4677 unus
2165 4622 2320 4678 Chri-

743 4724 876 4781 stus,
909 4732 1045 4770 unus
1076 4716 1333 4771 Dominus
1372 4716 1601 4770 Creator
1647 4716 1887 4770 omnium
1934 4731 2053 4784 qua:
2093 4724 2237 4781 sunt,
2265 4724 2322 4770 et

741 4816 948 4871 anetor,
981 4815 1036 4859 et
1067 4807 1339 4874 Dominus,
1374 4816 1428 4861 et
1459 4814 1640 4862 rector
1670 4823 1792 4861 cum
1835 4806 1993 4862 Patre
2023 4815 2078 4862 et
2106 4806 2319 4877 Spiritu

739 4905 924 4951 sancto
946 4915 957 4948 :
978 4896 1065 4965 qui
1091 4912 1278 4966 passus
1301 4899 1569 4953 sitveram
1599 4898 1779 4953 carnis
1803 4898 2136 4967 passionem,
2168 4913 2319 4952 mor-

743 4996 866 5042 tuus
897 5002 1023 5041 vera
1054 4989 1299 5059 corporis
1326 4998 1515 5043 tnorte.
1562 4988 1694 5043 ltem
1725 4990 1901 5044 carnis
1928 5005 2038 5043 suae
2074 5004 2319 5045 resurre-

740 5079 996 5143 ctionem,
1059 5090 1111 5135 et
1158 5096 1340 5136 veram
1406 5083 1598 5136 anima:
1639 5084 2079 5151 resumptionem,
2116 5083 2168 5136 in
2215 5098 2319 5151 qua

744 5170 924 5223 veniet
997 5170 1237 5237 judicare
1292 5173 1443 5225 vivos
1498 5181 1552 5227 et
1616 5187 1880 5228 mortuos.
1963 5173 2321 5239 Qumrendum

744 5262 905 5314 etiam
954 5262 1021 5315 ab
1070 5278 1156 5329 eo,
1196 5265 1239 5316 si
1287 5263 1420 5318 Novi
1464 5274 1518 5319 et
1561 5265 1773 5321 Veteris
1828 5266 2322 5336 Testamentorum,

748 5352 873 5405 item
930 5351 1063 5419 legis
1110 5361 1164 5405 et
1207 5355 1589 5420 prophetarum
1645 5364 1697 5408 et
1735 5357 2106 5426 apostolorum
2160 5374 2322 5411 unum

748 5440 1106 5509 cumdemque
1141 5442 1325 5495 credat
1355 5443 1647 5500 auctorem'
1669 5454 1724 5500 et
1768 5446 1967 5501 Deum:
2004 5450 2046 5502 si
2078 5448 2324 5503 diabolus

752 5548 857 5587 non
891 5548 985 5600 per
1014 5533 1401 5599 conditionem,
1450 5536 1547 5591 sed
1590 5553 1687 5605 per
1730 5539 2007 5593 arbitrium
2060 5539 2229 5594 factus
2258 5541 2325 5593 sit

750 5622 946 5677 malus.
984 5622 1337 5688 Qumrendum
1390 5624 1549 5678 etiam
1591 5628 1775 5695 abeo,
1832 5630 1874 5683 si
1925 5630 2111 5683 credat
2166 5630 2325 5700 hujus

2414 3068 2496 3123 los
2527 3084 2625 3138 pro
2658 3069 2741 3124 his
2770 3086 2889 3139 quae
2925 3070 2978 3124 in
3019 3070 3121 3124 hac
3147 3084 3311 3125 carne
3354 3077 3634 3138 gesserunt
3670 3068 3755 3123 vel
3786 3085 4003 3139 paruam

2415 3161 2499 3214 vcl
2525 3161 2773 3229 gloriam.
2824 3159 2879 3215 Si
2927 3162 3143 3231 nuptias
3190 3176 3297 3215 non
3353 3160 3641 3230 improbat,
3673 3160 3720 3214 si
3768 3160 4004 3216 secunda

2416 3253 2763 3307 matrimonia
2825 3267 2932 3307 non
2977 3252 3218 3318 damnat,
3265 3252 3309 3307 si
3361 3252 3537 3308 carnis
3593 3252 4007 3322 perceptionem

2418 3361 2525 3399 non
2562 3345 2775 3415 culpat;
2806 3346 2850 3399 si
2882 3344 3267 3415 paenitentibus
3310 3344 3673 3399 reconciliatis
3705 3343 4007 3398 communi-

2419 3443 2527 3499 cet,
2572 3436 2616 3489 si
2647 3434 2701 3488 in
2750 3436 3021 3505 baptismo
3051 3435 3233 3490 omnia
3275 3444 3496 3504 peccata
3553 3436 3695 3490 idem
3737 3444 3849 3489 tam
3879 3435 4008 3489 illud

2417 3524 2700 3591 originale,
2734 3539 2895 3593 quam
2952 3526 3039 3580 illa
3071 3540 3189 3595 quae
3239 3525 3541 3580 voluntarie
3588 3526 3824 3579 admissa
3876 3534 4004 3579 sunt

2417 3613 2801 3681 dimittantur;
2832 3616 2875 3669 si
2926 3624 3078 3670 extra
3123 3615 3421 3671 Ecclesiam
3466 3616 3787 3671 catholicam
3827 3617 4006 3671 nullus

2418 3706 2676 3759 salvetur.
2716 3705 2871 3772 Cum,
2930 3707 3010 3762 bis
3058 3708 3309 3762 omnibus
3337 3710 3695 3774 examinatus,
3758 3711 4008 3765 inventus

2419 3797 2578 3851 fuerit
2608 3798 2765 3867 plene
2796 3800 3111 3864 instructus,
3146 3809 3272 3855 tunc
3303 3816 3564 3857 consessu
3596 3803 3929 3858 clericorum
3955 3812 4010 3860 et

2419 3889 2701 3955 laicorum,
2723 3900 2778 3945 et
2804 3901 3075 3947 conventu
3104 3893 3265 3948 totius
3288 3896 3577 3964 provinciae
3599 3898 4009 3966 episcoporum,

2418 3983 2762 4051 maximeque
2804 3984 3209 4054 metropolitani
3268 3985 3353 4039 vel
3402 3988 3725 4041 auctoritate
3757 3989 3843 4041 vel
3876 4005 4014 4058 prte-

2419 4074 2612 4139 sentia,
2670 4074 2956 4129 ordinetur
3010 4076 3344 4145 episcopus;
3385 4086 3635 4146 suscepto
3678 4078 3732 4132 in
3788 4080 4013 4134 nomine

2419 4164 2620 4219 Christi
2670 4166 3011 4235 episcopatu,
3041 4180 3149 4221 non
3190 4181 3301 4221 suae
3358 4165 3730 4235 delectationi,
3761 4186 3869 4226 nec
3898 4172 4009 4227 suis

2420 4256 2672 4322 motibus,
2703 4256 2797 4312 sed
2830 4254 3047 4312 Patrum
3068 4256 3473 4314 diﬂinitionibus
3494 4258 3833 4328 acquiescat.

2813 4413 2856 4468 l.
2892 4414 2970 4469 De
3011 4414 3345 4472 ordinatione
3372 4418 3617 4488 episcopi.

2495 4522 2561 4578 In
2599 4526 2885 4580 canonibus
2912 4526 3279 4597 Apostolorum
3308 4530 3455 4584 titulo
3485 4531 3674 4599 primo.
3704 4529 4015 4605 Episcopus

2422 4629 2452 4669 a
2481 4615 2690 4671 duobus
2719 4627 2811 4671 aut
2842 4618 3012 4672 tribus
3037 4620 3309 4689 episc0pis
3329 4621 3627 4675 ordinetur.

2494 4706 2691 4760 Concil.
2722 4706 2942 4763 Nica’no
2979 4710 3113 4763 titul.
3140 4709 3192 4774 4,
3227 4709 3305 4763 De
3334 4712 3411 4765 his
3448 4712 3531 4781 qui
3561 4712 3629 4764 ad
3657 4715 4014 4783 episcopatum

2423 4800 2475 4852 in
2553 4801 2830 4870 prouinciis
2890 4804 3258 4870 provehantur.
3353 4802 3677 4873 Episc0puru
3761 4810 4015 4863 convenit

2421 4890 2657 4945 maxime
2686 4891 2897 4960 quidem
2928 4893 2994 4945 ab
3023 4894 3272 4947 omnibus
3326 4895 3418 4962 qui
3459 4904 3583 4947 sunt
3626 4896 3680 4948 iu
3733 4900 4012 4965 provincia

2422 4983 2691 5052 episcopis
2721 4982 2994 5037 ordinari:
3026 4984 3070 5037 si
3102 4993 3281 5038 autem
3311 4984 3415 5039 hoc
3439 4984 3657 5039 difﬁcile
3698 4986 3891 5052 fuerit,
3925 4998 4012 5042 aut

2424 5082 2646 5143 propter
2668 5074 2956 5127 instantem
3000 5075 3399 5142 necessitatem,
3429 5084 3520 5129 aut
3549 5089 3775 5146 projiter
3805 5079 4012 5134 itineris

2424 5164 2834 5233 longitudinem,
2862 5180 2891 5217 a
2920 5166 3089 5219 tribus
3116 5174 3295 5219 tamen
3323 5167 3649 5221 omnimodis
3678 5169 3732 5221 in
3783 5171 4009 5241 idipsum

2426 5259 2899 5323 conveniuntibus,
2950 5267 3005 5313 et
3062 5261 3371 5313 absentibus
3410 5275 3627 5330 quoque
3685 5263 3804 5330 pari
3851 5265 4010 5319 modo

2429 5352 2843 5405 decernentibus
2902 5360 2954 5404 el
2992 5366 3087 5420 per
3139 5352 3473 5421 Scripturam
3523 5356 4006 5418 consentientibus,

2430 5452 2559 5496 tunc
2604 5441 2872 5496 ordinatio
2904 5441 3227 5497 celebretur.
3285 5441 3540 5497 Firmitas
3586 5454 3768 5499 autent
3823 5462 4009 5503 eorum

2429 5552 2547 5605 qure
2577 5544 2835 5602 geruntur
2875 5550 2970 5604 per
3010 5551 3443 5605 unamquamque
3495 5537 3836 5606 provinciam
3894 5556 4007 5596 me-

2431 5628 2756 5697 tropolitano
2779 5626 3047 5682 tribuatur
3077 5626 3352 5697 episc0po.

825 5793 847 5817 -
896 5783 1005 5836 llac
1032 5798 1137 5837 non
1168 5798 1290 5861 esse
1319 5782 1577 5861 Crisconii
1609 5789 1772 5845 multa
1799 5791 2144 5859 persuadent,
2177 5806 2294 5859 quae
2324 5789 2449 5847 licet
2475 5790 2527 5848 in
2550 5804 2650 5847 ms.
2689 5787 2877 5847 codice
2905 5788 3065 5845 valdo
3092 5789 3383 5861 depravata
3410 5788 3679 5858 legantur,
3710 5788 3797 5846 hic
3833 5798 4006 5851 tamen

755 5861 1022 5924 utcunque
1052 5854 1297 5910 restituta
1323 5856 1588 5925 ponimus.
