4204 6540
166 416 270 476 833

1384 414 1817 475 BREVIARIIJM
1856 418 2278 483 (ZANONICUM.

3354 440 3460 495 834

226 532 426 588 Concit.
457 530 783 591 Antiocheno
812 534 888 587 tit.
916 533 1006 600 19,
1035 532 1111 588 De
1132 534 1511 603 episcopalibus
1540 534 1592 588 in
1626 548 1757 603 pro-
1782 532 1836 593 Α
1863 532 1998 590 Item
2026 538 2090 591 de
2118 539 2353 619 hocipso
2392 541 2530 619 quod
2557 541 2784 619 episcopi
2814 544 3034 600 debeant
3078 550 3240 616 adjici
3265 593 3280 619 ,
3313 556 3358 608 si
3390 556 3455 609 de

160 628 340 682 rinciis
388 624 832 682 ordinationibus.
883 624 1186 697 Episcopus
1236 638 1432 697 prmter
1487 627 1754 698 synodum

161 730 212 775 et
267 726 617 789 przesenttam
657 720 1064 790 metrOpolitani
1094 720 1403 777 nullatenus
1448 722 1752 777 ordinetur.

160 808 272 863 lloc
294 817 482 862 autem.
512 810 686 865 modis
717 810 967 867 omnibus
989 826 1173 868 coram
1196 814 1394 882 posito,
1415 814 1607 869 melius
1636 814 1757 884 qui-

157 900 276 955 dem
307 908 390 954 est
420 911 485 957 ut
518 917 707 957 omnes
743 902 901 957 simul
946 904 1123 959 adsint
1170 904 1412 973 ejusdem
1461 905 1753 974 provinciae

156 994 489 1061 sacerdotes,
521 1012 661 1067 quos
687 997 1136 1067 metropolitanus
1165 998 1453 1067 episcopus
1482 997 1748 1055 advocare

155 1084 415 1155 debebit;
448 1098 503 1143 et
558 1090 602 1144 si
650 1089 869 1158 quidem
901 1103 1091 1143 omnes
1114 1090 1472 1156 occurrerint,
1505 1090 1744 1160 optime:

154 1182 299 1247 quod
339 1184 385 1237 si
428 1182 532 1238 hoc
586 1180 805 1238 difﬁcile
862 1182 1047 1251 fuerit,
1078 1183 1269 1238 saltem
1328 1184 1511 1253 plures
1554 1183 1747 1241 adesse

153 1273 469 1328 munimodo
498 1275 774 1341 convenit,
805 1284 899 1329 aut
928 1283 1077 1330 certe
1099 1276 1316 1345 scriptis
1347 1276 1587 1344 ejusdem
1615 1292 1745 1332 sen—

159 1369 337 1423 tentia:
367 1370 733 1439 comprobari,
774 1381 829 1425 et
858 1370 931 1424 ita
966 1369 1067 1425 sub
1097 1370 1451 1440 plurimorum
1483 1372 1568 1425 vel
1601 1386 1736 1440 pra:-

157 1463 347 1528 sentia,
399 1463 483 1517 vel
529 1461 772 1529 decreto,
816 1463 1087 1518 ordinatio
1128 1463 1451 1518 celebretur.
1486 1463 1641 1529 Quod
1696 1466 1745 1521 si

158 1570 313 1608 secus
352 1562 543 1610 contra
578 1555 798 1613 definita
840 1554 1041 1611 factum
1096 1555 1279 1621 fuerit,
1314 1556 1487 1613 nullas
1527 1558 1744 1612 ordina-

156 1648 227 1701 tio
286 1648 425 1703 vires
466 1648 700 1704 habeat:
737 1650 783 1704 si
822 1664 954 1705 vero
979 1650 1133 1719 juxta
1172 1650 1447 1705 definitam
1503 1653 1742 1720 regulam

156 1742 265 1804 fiat,
301 1750 359 1794 et
404 1740 647 1796 nonnulli
689 1757 788 1811 pro
814 1743 1163 1798 contentione
1196 1744 1409 1813 propria
1460 1746 1743 1800 contradi-

153 1842 294 1897 cant,
325 1834 569 1889 obtineat
615 1835 881 1892 sententia
930 1837 1305 1907 plurimorum.

217 1983 418 2039 Concil.
446 1985 663 2042 Laodic.
688 1989 769 2041 tit.
803 1987 891 2056 i2,
924 1987 1001 2042 De
1030 1988 1407 2059 episcopalibus
1442 1990 1737 2045 ordinatio-

150 2079 319 2134 nibus.
357 2080 424 2135 Ut
463 2081 706 2152 episcopi
730 2080 937 2150 judicio
983 2084 1526 2167 ntetropolitanorupt
1557 2095 1611 2139 et
1640 2101 1737 2140 e0-

147 2191 264 2230 rum
296 2175 677 2246 episc0porum
705 2177 796 2245 qui
827 2177 1177 2233 circumcirca
1208 2188 1334 2232 sunt
1369 2180 1738 2248 provehantur

146 2270 210 2324 ad
243 2271 672 2327 ecclesiasticam
706 2279 1028 2341 potestatem
1048 2272 1141 2325 :‘hi
1173 2271 1426 2327 videlicet
1450 2272 1539 2342 qui
1569 2272 1736 2343 pluri-

144 2379 231 2417 mo
262 2372 511 2434 tempore
541 2365 840 2435 probantur
878 2375 985 2419 tam
1028 2352 1195 2421 verbo
1228 2364 1351 2420 ﬁdei
1383 2382 1541 2437 quam
1573 2376 1734 2423 recte

144 2459 573 2514 conversationis
604 2459 878 2529 exemplo.

207 2587 412 2644 Concif.
439 2588 689 2662 Cartliag.
721 2593 800 2646 tit.
836 2592 921 2647 15.
957 2592 1202 2650 Aurelius
1241 2595 1526 2665 episcopus
1558 2595 1729 2651 dixit:

138 2680 277 2748 Quid
308 2682 376 2735 ad
436 2686 549 2739 hmc
595 2684 727 2738 dicit
772 2686 1032 2742 sanctitas
1086 2690 1308 2743 vestra?
1339 2688 1419 2742 Ab
1469 2690 1730 2744 universis

136 2772 411 2844 episcopis
441 2774 645 2830 dictum
693 2784 795 2841 est,
844 2792 874 2830 a
907 2777 1061 2832 nobis
1112 2788 1355 2833 veterum
1387 2787 1588 2834 statuta
1636 2780 1729 2835 de-

131 2864 262 2922 bere
291 2868 521 2922 servari.
554 2866 725 2924 Sicuti
757 2879 813 2924 et
841 2870 1147 2926 inconsulto
1176 2872 1407 2942 primate
1437 2872 1726 2940 cujuslibet

131 2960 430 3029 provincia:
470 2969 578 3016 tam
608 2960 768 3017 facile
799 2977 907 3018 non
942 2973 1268 3033 prtesumant
1315 2966 1467 3019 multi
1496 2981 1723 3035 congre-

128 3052 237 3119 gati
268 3052 515 3122 episcopi
543 3053 859 3124 episcopum
891 3054 1176 3110 ordinare:
1208 3057 1308 3110 nisi
1336 3057 1381 3111 si
1426 3060 1724 3114 necessitas

128 3141 312 3209 fuerit,
363 3153 475 3199 tres
527 3146 766 3216 episcopi
797 3146 850 3201 in
894 3162 1218 3218 quocunque
1272 3149 1393 3203 loco
1449 3149 1558 3204 sint
1606 3152 1723 3217 ejus

124 3245 405 3309 praecepto
442 3238 695 3295 ordinare
739 3238 1015 3296 debebunt
1055 3244 1404 3312 episcopum;
1437 3252 1490 3298 et
1519 3243 1563 3298 si
1594 3244 1712 3314 quis

124 3336 315 3383 contra
346 3344 502 3384 suam
524 3329 916 3400 professionem
950 3330 1033 3386 vel
1064 3330 1518 3401 subscriptionem
1548 3350 1717 3391 vene-

121 3416 192 3473 rit
220 3417 275 3474 in
309 3418 519 3490 aliquo,
550 3420 667 3493 ipse
700 3436 760 3479 se
789 3422 997 3479 honore
1028 3423 1283 3491 privabit.

192 3548 334 3608 Item
383 3561 406 3590 ⁸
456 3554 654 3612 Concit.
716 3558 989 3632 Cart/iag.,
1040 3564 1121 3618 tit.
1174 3564 1261 3619 16.
1325 3565 1631 3624 Honoratus
1662 3577 1717 3624 et

122 3643 378 3704 Urbanus
405 3648 645 3720 episcopi
691 3649 973 3709 dixerunt:
1021 3653 1087 3709 Et
1118 3656 1248 3712 illud
1286 3658 1442 3715 nobis
1491 3660 1719 3715 manda-

119 3749 233 3795 tum
284 3750 481 3809 est,ut
536 3744 661 3812 quia
714 3747 964 3815 proxime
1003 3746 1200 3805 fratres
1229 3752 1403 3806 nostri
1449 3752 1713 3811 Numidia:

115 3834 225 3891 duo
275 3836 527 3908 episcopi
575 3839 828 3897 ordinare
871 3856 1327 3916 prtesumpserunt
1374 3850 1708 3923 pontificem,

115 3929 354 3986 nonnisi
379 3945 411 3984 a
435 3929 720 3988 duodecim
742 3934 1012 3993 censeatis
1038 3938 1301 3997 celebrari
1332 3942 1709 4017 episcoporum

113 4020 523 4079 ordinationes.

181 4180 448 4237 Aurelius
477 4182 762 4256 episcopus
783 4187 917 4243 dixit
942 4207 957 4246 :
990 4189 1184 4248 Forma
1214 4197 1433 4268 antiqua
1465 4201 1710 4257 servabi-

111 4277 214 4337 tur,
252 4282 313 4326 ut
344 4289 457 4330 neu
499 4276 674 4332 minus
704 4294 864 4348 quam
899 4290 1008 4338 tres
1045 4283 1336 4355 sufﬁciant,
1369 4292 1460 4361 qui
1515 4289 1713 4347 fuerint

110 4358 377 4418 destinati
447 4364 515 4420 ad
580 4368 889 4441 episcopum
944 4376 1321 4435 ordinandum.
1385 4358 1707 4453 l‘ropterca,

107 4454 233 4521 quia
258 4456 314 4511 in
349 4457 558 4527 Tripoli
585 4459 741 4528 forte,
774 4465 906 4519 etin
940 4468 1146 4539 Arzuge
1176 4473 1494 4543 interjacerc
1524 4480 1707 4535 viden-

108 4558 194 4604 tur
232 4553 492 4607 barbara:
521 4566 710 4623 gentes
742 4577 752 4611 :
786 4575 908 4614 nam
958 4561 1011 4616 in
1059 4562 1282 4635 Tripoli,
1337 4577 1394 4622 ut
1420 4573 1698 4639 asseritur,

2111 613 2436 667 ordinatione
2466 615 2578 684 ejus
2612 616 2762 685 fuerit
2788 613 3191 675 contradicturn.

1933 724 2133 780 Concif.
2175 726 2372 792 eodem,
2397 728 2545 783 titulo
2574 729 2663 783 l7.
2695 729 2802 786 Sed
2831 741 2887 788 et
2916 734 3048 790 illud
3070 747 3154 793 est
3200 748 3449 798 statuen-

1859 815 2009 883 dum,
2043 825 2101 872 ut
2137 823 2353 887 quando
2383 823 2448 877 ad
2487 824 2794 893 eligendum
2830 830 3141 900 episcopum
3172 849 3448 893 conveneo

1857 912 2048 977 rimus,
2080 914 2124 967 si
2172 931 2277 985 qua
2309 919 2668 975 contradictio
2710 920 2874 977 fuerit
2915 924 3128 993 oborta,
3158 929 3283 997 quia
3318 931 3444 986 talia

1858 1012 2085 1058 tractata
2116 1016 2239 1061 sunt
2272 1010 2412 1077 apud
2456 1027 2573 1078 nos,
2615 1028 2721 1068 non
2752 1025 3083 1084 praesumant
3106 1019 3172 1074 ad
3202 1036 3443 1091 purgan-

1854 1095 1981 1150 dum
2013 1113 2135 1152 eum
2168 1101 2257 1169 qui
2288 1103 2622 1159 ordinandus
2648 1116 2731 1161 est
2762 1115 2894 1177 tres,
2935 1110 3048 1180 jam
3075 1129 3090 1179 ;
3125 1113 3219 1169 sed
3249 1123 3440 1185 postu-

1854 1184 1996 1241 letur
2026 1186 2095 1241 ad
2134 1204 2415 1247 numerum
2444 1195 2876 1264 supradictorum
2905 1201 2951 1256 si
2982 1203 3168 1260 haberi
3196 1184 3437 1275 possunt,

1854 1294 2013 1349 unus,
2050 1281 2135 1335 vel
2167 1283 2296 1349 duo,
2343 1293 2397 1339 et
2426 1287 2477 1341 iu
2535 1288 2727 1343 eadem
2774 1292 2931 1361 plebe
2961 1296 3046 1350 cui
3105 1298 3438 1356 ordinanlus

1851 1379 1953 1435 est,
2004 1373 2366 1431 discutiantur
2395 1379 2568 1446 primo
2614 1396 2859 1451 personat
2905 1389 3436 1458 contradicentium;

1850 1472 2128 1533 postremo
2159 1469 2320 1521 etiam
2351 1470 2439 1525 illa
2472 1486 2591 1540 quae
2624 1474 2969 1545 objiciuntur,
3004 1489 3433 1550 pertractentur;

1850 1563 1905 1608 et
1934 1571 2054 1610 cum
2083 1566 2343 1628 purgatus
2369 1560 2548 1628 fuerit,
2583 1565 2636 1618 in
2667 1580 2961 1637 conspectu
2992 1573 3205 1640 publico
3238 1576 3310 1630 ita
3343 1577 3440 1632 de-

1849 1661 1993 1702 mum
2025 1650 2326 1706 ordinetur.
2358 1654 2413 1707 Si
2446 1654 2549 1710 hoc
2586 1672 2707 1711 cum
2751 1669 2943 1715 vestra:
2973 1666 3276 1722 sanctitatis
3319 1669 3434 1722 ani-

1850 1757 1939 1797 mo
1981 1748 2301 1813 concordat,
2333 1748 2622 1805 roboretur
2645 1763 2833 1807 VCSlriL‘
2855 1756 3180 1823 dignationis
3207 1776 3435 1831 respon-

1848 1834 2020 1889 sione.
2078 1836 2159 1891 Ab
2217 1842 2483 1895 universis
2539 1843 2811 1915 episcopis
2863 1847 3063 1903 dicttnu
3114 1860 3238 1905 est:
3292 1851 3435 1912 Satis

1770 1909 1820 1973 Β
1848 1928 2047 1997 placet.

1844 2040 1906 2096 ll.
1951 2042 2027 2097 De
2059 2046 2389 2102 ordinatione
2417 2052 2722 2123 presbyteri,
2750 2054 2961 2109 diaconi
2998 2066 3047 2110 et
3092 2067 3423 2114 cwterorunt.

1914 2162 1981 2215 In
2030 2166 2310 2220 canonibus
2356 2167 2562 2235 Apust.,
2609 2171 2741 2223 titul.
2794 2170 2846 2224 2.
2888 2170 3180 2244 Presbyter
3222 2179 3288 2231 ab
3323 2192 3430 2232 uno

1841 2255 2095 2325 episcopo
2127 2258 2422 2322 ordinetur,
2457 2267 2511 2312 et
2536 2260 2813 2328 diaconus,
2841 2272 2895 2317 et
2925 2266 3108 2320 cazteri
3146 2267 3352 2321 clerici.

1914 2346 1996 2401 Ex
2027 2350 2243 2404 decretis
2272 2369 2421 2421 papa
2461 2352 2662 2421 Siricii,
2702 2355 2782 2408 tit.
2828 2355 2881 2411 8.
2914 2355 3209 2413 Didicimus
3238 2360 3424 2426 etiam,

1838 2437 2067 2493 licenter
2097 2456 2159 2494 ac
2189 2442 2354 2496 libere
2384 2444 2738 2513 inexploratac
2774 2447 2895 2503 vita:
2939 2449 3204 2518 homines,
3233 2451 3428 2521 quibus

1842 2530 2006 2586 etiam
2039 2531 2236 2587 fuerint
2269 2552 2553 2593 numerosa
2577 2538 2845 2607 conjugia,
2879 2542 2943 2594 ad
2976 2543 3222 2611 praefatas
3251 2547 3425 2613 digni-

1838 2630 1975 2677 tates
2012 2634 2173 2692 prout
2217 2626 2518 2695 cuicunque
2561 2629 2777 2685 libuerit
2804 2633 3084 2702 aSpirare,
3126 2638 3269 2705 quod
3312 2653 3423 2693 nova

1836 2717 2045 2767 tantum
2077 2714 2178 2768 illis
2208 2718 2296 2785 qui
2332 2717 2398 2769 ad
2432 2719 2546 2773 hinc
2589 2719 2943 2776 immoderata
2974 2726 3271 2783 amiitione
3302 2745 3423 2799 per-

1832 2809 2077 2875 veniunt,
2109 2820 2367 2878 quantum
2402 2815 2836 2884 metropolitanis
2872 2820 3177 2888 specialiter
3204 2823 3423 2892 pontifi-

1831 2900 1980 2955 cibus
2022 2902 2363 2971 imputamus,
2397 2904 2485 2972 qui
2519 2904 2644 2960 dum
2687 2907 2924 2964 inhibitis
2955 2911 3176 2966 ausibus
3224 2915 3415 2969 conni-

1829 3000 1975 3056 vent,
2006 2990 2099 3046 Dei
2143 2994 2333 3063 nostri,
2365 3004 2623 3064 quantum
2658 2997 2709 3051 in
2748 3014 2807 3053 se
2848 3010 2950 3067 est,
2983 3012 3249 3073 princepta
3288 3021 3419 3061 con-

1830 3089 2093 3151 temnunt,
2129 3093 2183 3139 et
2226 3094 2283 3139 ut
2332 3096 2603 3143 taceamus
2650 3091 2795 3158 quod
2843 3092 3005 3148 altius
3054 3096 3413 3166 suspicamur,

1828 3174 1917 3228 ubi
1948 3175 2078 3229 illud
2102 3186 2183 3231 est
2212 3178 2355 3246 quod
2386 3178 2525 3234 Deus
2558 3191 2741 3234 noster
2769 3182 2893 3237 data
2925 3200 3022 3255 per
3047 3184 3265 3259 Moysen
3293 3190 3412 3260 lege

1750 3295 1798 3361 ο
1827 3266 2102 3321 constituit
2133 3266 2319 3323 decus
2348 3286 2359 3322 :
2393 3270 2718 3327 Sacerdotes
2749 3275 2852 3329 mei
2881 3277 3048 3333 semel
3080 3280 3327 3351 nubant;
3359 3295 3415 3339 et

1766 3358 1796 3381 ⁷
1826 3358 1933 3412 alio
1978 3358 2098 3414 loco
2132 3376 2144 3412 :
2183 3359 2504 3416 Sacerdotes
2534 3379 2763 3419 uxorem
2806 3366 3069 3437 virginem
3117 3374 3407 3445 accipiant,

1822 3468 1932 3508 non
1989 3452 2237 3520 viduam,
2292 3471 2400 3510 non
2449 3458 2825 3526 repudiatam,
2884 3478 2992 3516 non
3039 3467 3407 3526 meretricem.

1826 3545 1977 3611 Quod
2004 3555 2223 3602 secutus
2264 3546 2559 3617 Apostolus
2590 3565 2657 3605 ex
2687 3561 3035 3620 persecutore
3066 3557 3407 3627 pnedicator,

1822 3640 1976 3694 unius
2023 3641 2205 3695 uxoris
2250 3642 2443 3707 virum,
2481 3653 2587 3697 tam
2632 3644 2994 3714 sacerdotem,
3028 3665 3187 3721 quam
3234 3652 3410 3710 diaco-

1818 3746 1945 3786 num
1976 3730 2090 3787 fieri
2113 3732 2308 3789 debere
2337 3733 2625 3789 mandavit.
2655 3735 2785 3803 Qua:
2816 3740 2996 3795 omnia
3029 3742 3102 3797 ita
3133 3759 3163 3799 a
3195 3756 3408 3802 vestra-

1816 3838 1935 3878 rum
1965 3824 2242 3892 regionum
2271 3824 2645 3895 despiciuntur
2681 3830 2972 3902 episcopis,
3002 3836 3157 3903 quasi
3188 3837 3241 3891 in
3270 3854 3405 3895 con-

1817 3915 2038 3970 trarium
2087 3917 2255 3986 magis
2297 3916 2496 3972 fuerint
2534 3921 2849 3978 constituta.
2896 3922 2963 3977 Et
3004 3927 3129 3995 quia
3172 3944 3283 3985 non
3322 3940 3405 3987 est

1814 4008 1972 4064 nobis
1996 4008 2063 4064 de
2093 4009 2399 4079 hujusmodi
2436 4013 2876 4082 usurpationibus
2901 4017 3306 4088 negligendum,
3336 4039 3402 4079 ne

1814 4116 1915 4157 nos
1952 4101 2277 4171 indignantis
2311 4103 2521 4158 Domini
2550 4120 2656 4160 vox
2683 4106 2827 4175 justa
2876 4110 3153 4181 corripiat,
3198 4116 3291 4183 qui
3321 4116 3402 4171 di-

1813 4198 1886 4255 cit
1914 4214 1928 4252 :
1963 4198 2191 4254 Videbas
2236 4198 2428 4265 furem,
2474 4207 2527 4256 et
2558 4203 2920 4258 concurrebas
2954 4219 3075 4260 cum
3104 4221 3191 4272 eo,
3225 4217 3279 4263 et
3308 4226 3404 4281 po-

1813 4295 1977 4351 nebas
2006 4310 2124 4351 cum
2155 4294 2409 4350 adulteris
2440 4296 2738 4365 portionem
2782 4306 2926 4352 tuam
2956 4317 2968 4351 :
3003 4302 3132 4369 quid
3173 4304 3241 4357 ab
3275 4307 3391 4360 uni-

1812 4387 1983 4443 versis
2012 4386 2269 4442 Ecclesiis
2299 4395 2420 4457 post
2448 4387 2560 4442 lucc
2595 4389 2929 4458 sequendum
2958 4394 3048 4457 sit,
3077 4393 3206 4463 quid
3236 4397 3402 4452 vitan-

1811 4479 1937 4535 dum
1966 4481 2199 4549 generali
2232 4479 2670 4547 pronuntiatione
2694 4480 3054 4538 decernimus.

1884 4570 1967 4625 Ex
1992 4572 2207 4625 decretis
2234 4587 2386 4641 papa:
2412 4570 2726 4639 Innocentii,
2760 4580 2838 4627 ιιι.
2865 4574 2954 4629 32.
2990 4576 3067 4632 lta
3096 4594 3228 4636 sane
3256 4590 3309 4636 ut
3343 4582 3395 4639 in

106 4644 354 4715 episcOpi
386 4656 513 4700 sunt
543 4649 780 4719 quinque
811 4657 1206 4728 tantummodo,
1237 4670 1291 4714 et
1321 4676 1542 4731 possunt
1564 4667 1702 4725 forte
1736 4669 1789 4731 D
1812 4680 1907 4721 eos
1939 4673 2178 4734 tempora
2209 4678 2237 4717 a
2269 4664 2564 4734 majoribus
2606 4666 2900 4722 constituta
2940 4680 3245 4739 serventur,
3291 4691 3392 4731 nec

104 4737 169 4795 de
199 4741 323 4812 ipso
360 4758 588 4800 numero
607 4747 685 4801 vel
712 4747 817 4803 duo
846 4753 1168 4809 necessitate
1196 4757 1372 4826 aliqua
1395 4765 1655 4832 occupari
1685 4783 1697 4819 :

102 4830 329 4889 difficile
358 4844 451 4891 est
474 4838 641 4904 enim,
675 4848 731 4894 ut
752 4840 819 4895 de
848 4844 1091 4911 quol2bet
1116 4863 1340 4905 numero
1370 4830 1558 4909 omnes
1579 4872 1701 4925 pos-

102 4920 209 4977 sint
250 4941 575 4983 occurrere.
620 4928 866 5002 Nunquid
899 4936 1058 4992 debet
1108 4940 1211 4996 hoc
1256 4934 1429 5012 ipsum
1469 4920 1699 5018 impedi-

102 5029 291 5074 mento
344 5036 472 5075 esse
528 5022 913 5085 ecclesiasticae
945 5031 1352 5092 utilitati?uam
1408 5041 1543 5095 etin
1598 5043 1699 5097 hac

101 5109 335 5165 ecclesia
364 5110 437 5165 ad
467 5126 630 5181 quam
662 5114 876 5183 dignata
906 5128 988 5174 est
1013 5130 1189 5178 vestra
1213 5129 1470 5183 sanctitas
1498 5146 1699 5186 conve-

101 5199 240 5266 nire,
275 5201 483 5257 crebro
514 5218 580 5259 ac
609 5219 747 5274 pene
778 5223 873 5277 per
900 5210 1039 5266 diem
1083 5214 1413 5272 Dominicam
1444 5222 1700 5277 ordinan-

86 5289 197 5347 rdos
235 5294 546 5352 habemus:
580 5299 950 5370 nunquidnam
993 5304 1304 5377 frequenter
1333 5322 1524 5381 potero
1554 5316 1700 5371 duo-

101 5383 301 5451 decim,
357 5388 448 5442 vel
496 5387 707 5459 dccem,
736 5394 819 5449 vel
869 5410 975 5450 non
1029 5400 1379 5458 multominus
1430 5407 1697 5464 advocare

100 5478 429 5549 episcopos;
463 5479 559 5534 sed
606 5480 762 5538 facile
790 5494 873 5540 est
900 5488 1029 5542 mihi
1058 5489 1191 5546 duos
1242 5494 1533 5565 adjungerc
1564 5515 1696 5555 uicae

101 5571 361 5639 parvitati
396 5571 643 5628 vicinos:
671 5588 998 5650 quaprOpter
1022 5585 1195 5639 cernit
1222 5602 1307 5644 me
1346 5589 1582 5648 charitas
1616 5610 1678 5650 ve

100 5670 206 5720 stra
235 5664 347 5724 hoc
382 5666 562 5723 iosum
586 5669 859 5729 observari
890 5690 997 5731 non
1030 5694 1210 5749 posse.

1811 4762 1918 4818 cito
1945 4759 2169 4830 quilibet
2193 4758 2383 4825 lector,
2411 4758 2518 4812 cito
2548 4758 2816 4831 acolytus,
2843 4762 2951 4817 cito
2974 4763 3256 4833 diaconus,
3283 4768 3396 4824 cito

1811 4853 2063 4909 sacerdos
2094 4854 2218 4919 fiat;
2250 4854 2372 4922 quia
2420 4854 2472 4908 in
2505 4856 2801 4914 minoribus
2830 4858 3040 4925 ofﬁciis,
3075 4861 3119 4915 si
3146 4860 3238 4916 diu
3280 4879 3395 4933 per-

1811 4944 2119 5001 duraveriut
2163 4954 2216 5000 et
2246 4947 2352 5000 vita
2403 4961 2591 5002 eorum
2622 4950 2824 5018 pariter
2859 4958 2914 5005 et
2963 4952 3220 5023 obsequia
3250 4971 3396 5010 com-

1810 5042 2125 5109 probantur,
2160 5047 2218 5092 ut
2239 5038 2303 5093 ad
2329 5039 2692 5097 sacerdotium
2726 5051 2914 5112 postea
2942 5047 3176 5103 emensis
3201 5050 3395 5119 stipen-

1809 5134 2018 5188 diorum
2064 5131 2271 5187 meritis
2311 5133 2549 5199 veniant,
2595 5148 2697 5189 nec
2735 5136 3050 5206 praacipiant
3095 5141 3237 5209 quod
3283 5142 3387 5197 vita

1809 5227 2031 5298 probata
2063 5233 2302 5279 tueretur
2326 5225 2593 5295 accipere.
2628 5226 2894 5292 Quoniam
2924 5244 3052 5302 ergo
3078 5242 3226 5287 certa
3250 5233 3390 5289 defi-

1810 5320 2012 5374 nitionc
2061 5328 2413 5375 mon~tratum
2455 5328 2554 5386 est,
2604 5321 2698 5390 qui
2747 5323 2983 5379 debeant
3030 5325 3259 5393 admitti,
3299 5329 3389 5397 qui

1808 5428 1937 5467 vero
1968 5412 2243 5480 reprobari
2275 5428 2286 5463 :
2320 5427 2383 5465 ex
2418 5411 2502 5467 his
2528 5414 2779 5470 omnibus
2806 5431 2942 5485 quos
2982 5418 3116 5471 vidit
3145 5418 3388 5490 dignatio

1810 5511 1899 5558 tua
1930 5519 2035 5557 non
2067 5518 2223 5572 posse
2258 5504 2560 5574 reprobari,
2593 5506 2793 5575 eligere
2822 5508 3066 5576 debebis,
3104 5526 3239 5581 quos
3276 5513 3387 5568 cle-

1807 5596 1947 5651 ricos
1975 5596 2157 5649 facias.
2191 5596 2247 5650 Si
2275 5597 2417 5651 enim
2446 5598 2645 5653 nullam
2674 5602 2899 5668 gratiam
2932 5602 3241 5659 hominibus
3286 5614 3381 5659 aut

1808 5687 2126 5744 beneficium
2176 5697 2431 5759 przcstare
2460 5690 2542 5748 vel
2568 5708 2706 5763 mus,
2753 5696 2887 5753 tales
2916 5695 3157 5753 invenire
3189 5713 3384 5767 possu-

174 5851 331 5911 ‘Est
391 5852 617 5911 concilii
670 5854 906 5917 Africani
958 5862 1012 5919 iu
1055 5863 1275 5937 antiquo
1324 5869 1508 5925 codice
1560 5869 1694 5927 Can.
1736 5871 1883 5932 Eccl.
1917 5874 2076 5933 Rom.
