4204 6538
743 420 855 481 855

1879 405 2212 466 CBISCONII
2252 400 2576 462 AFRICANl
2621 395 2926 456 EPISCOPI

3919 379 4019 438 856

740 546 880 594 mus,
915 529 982 584 de
1026 540 1258 596 quorum
1305 521 1698 594 assumptione,
1739 535 1839 578 nec
1867 519 2186 585 incurrere,
2219 531 2323 573 nec
2351 521 2405 578 Α
2503 515 2585 570 Ea;
2606 515 2794 568 ἄγονοι.
2818 527 2970 584 pupis
2991 507 3268 571 Calatini,
3296 503 3433 561 titul.
3465 502 3551 558 l6.
3573 500 3868 558 Ordinatos
3885 513 4018 552 vero

741 623 1064 679 erubescere
1089 605 1386 674 valeamus.

740 736 878 792 Item
905 737 971 790 de
987 751 1164 790 eorum
1205 733 1596 788 conuersatione
1625 732 1710 802 qui
1741 730 1804 784 ab
1847 730 2075 800 infantia
2113 726 2221 781 Deo
2271 743 2325 779 se

1405 812 1669 858 voverunt.

817 901 902 956 Ea:
927 900 1143 954 decretis
1173 913 1327 968 papa:
1356 896 1554 961 Siricii,
1583 897 1663 950 tit.
1694 893 1747 949 9.
1795 893 2117 962 Quicunque
2146 891 2327 959 itaque

744 1010 805 1052 se
833 991 1084 1049 Ecclesia:
1111 999 1275 1046 vovet
1301 989 1595 1057 obsequiis,
1627 1003 1657 1040 a
1683 1002 1780 1043 sua
1816 985 2040 1040 infantia
2075 995 2200 1037 ante
2231 997 2329 1051 pu-

744 1083 970 1142 bertatis
1000 1097 1175 1139 annos
1207 1079 1490 1152 baptizari,
1517 1086 1572 1133 et
1600 1077 1862 1133 lectorum
1891 1075 2054 1130 debet
2081 1073 2326 1128 ministe-

745 1180 830 1236 rio
873 1178 1074 1236 sociari
1105 1194 1120 1231 :
1152 1175 1244 1246 qui
1271 1174 1340 1229 ab
1382 1187 1609 1229 accessu
1651 1167 2032 1226 adolescentia:
2062 1181 2232 1236 usque
2263 1164 2329 1219 ad

745 1272 1075 1328 tricesimum
1120 1267 1295 1324 aetatis
1339 1281 1564 1330 annum,
1614 1263 1660 1318 si
1705 1261 2062 1334 probabiliter
2103 1259 2323 1326 vixerit,

744 1381 852 1422 tina
889 1373 1099 1420 tantum
1138 1372 1194 1418 et
1218 1379 1281 1420 ea
1313 1376 1475 1431 quam
1504 1358 1768 1429 virginem
1797 1356 2074 1413 communi
2116 1371 2214 1427 per
2243 1370 2332 1410 sa-

745 1459 1022 1534 cerdotem
1051 1455 1432 1512 benedictione
1459 1451 1788 1524 perceperit.
1815 1465 1989 1506 uxore
2017 1457 2327 1516 contentus;

749 1551 994 1620 acolytus
1034 1557 1090 1603 et
1136 1546 1505 1603 subdiaconus
1551 1559 1674 1600 esse
1709 1542 1960 1609 debebit;
2005 1551 2235 1612 postque
2263 1539 2330 1594 ad

745 1641 979 1699 diaconii
1036 1640 1284 1709 gradum,
1341 1638 1388 1693 si
1437 1652 1496 1692 se
1544 1637 1659 1706 ipse
1706 1636 1955 1709 primitus
2003 1633 2330 1690 continentia

744 1745 1023 1810 praeeunte
1051 1735 1272 1804 dignum
1319 1731 1630 1803 probaverit
1669 1728 1895 1786 accedat
1927 1747 1941 1784 :
1974 1729 2068 1784 ubi
2103 1729 2150 1784 si
2192 1727 2332 1782 intra

747 1830 987 1900 quinque
1012 1843 1182 1882 annos
1208 1824 1551 1881 laudabiliter
1581 1823 2062 1888 administraverit,
2095 1834 2332 1887 congrue

2425 605 2707 675 quosdam,
2753 603 2943 656 fratres
2971 597 3298 665 charissimi,
3347 595 3656 664 episcopos,
3706 591 3801 662 qui
3850 589 4013 645 nullis

2427 699 2805 755 ecclesiasticis
2830 695 3104 750 ordinibus
3143 692 3209 745 ad
3243 700 3404 746 tanta:
3433 689 3714 758 dignitatis
3742 685 4012 754 fastigium

2429 791 2623 847 fuerint
2651 789 2900 854 instituti,
2928 796 3114 842 contra
3147 785 3363 839 Patrum
3395 783 3636 846 decreta,
3671 781 3834 850 hujus
3863 795 4015 835 usur-

2430 887 2672 958 patione,
2712 884 2803 953 qui
2851 899 2912 938 se
2950 881 3057 936 hoc
3105 878 3445 943 recognoscit
3471 876 3665 932 fecisse
3705 873 4013 935 didicimus,

2430 995 2551 1036 cum
2582 979 2649 1033 ad
2689 978 3061 1046 episcopatum
3106 972 3190 1027 his
3235 971 3488 1042 gradibus
3517 969 3712 1038 quibus
3761 967 4017 1033 frequen-

2431 1072 2633 1128 tissime
2674 1079 2888 1125 cautum
2932 1077 3038 1134 est,
3070 1066 3265 1120 debeat
3301 1062 3595 1134 perveniri,
3630 1074 3689 1115 ut
3717 1057 4021 1114 minoribus

2431 1162 2624 1219 initiati
2655 1161 2848 1216 officiis
2868 1159 2935 1214 ad
2957 1157 3161 1228 majora
3195 1155 3504 1220 firmentur;
3533 1152 3696 1208 debet
3722 1151 3871 1205 enim
3897 1157 4020 1202 ante

2433 1269 2552 1310 eSse
2591 1249 2882 1322 discipulus
2919 1248 3165 1320 quisquis
3211 1247 3404 1300 doctor
3446 1259 3568 1300 esse
3611 1241 3922 1304 desiderat,
3963 1245 4021 1292 ut

2434 1345 2604 1417 possit
2657 1343 2858 1398 docere
2919 1340 3065 1410 quod
3114 1339 3320 1394 didicit.
3389 1335 3574 1391 Omnis
3623 1336 3750 1388 vitae
3807 1331 4022 1387 institu-

2437 1437 2510 1490 tio
2549 1437 2650 1490 hac
2678 1435 2744 1488 ad
2777 1434 2828 1488 id
2858 1448 2965 1503 quo
3001 1431 3172 1487 tendit
3202 1446 3260 1484 se
3289 1431 3499 1485 ratione
3538 1426 3850 1482 confirmat.
3921 1421 4023 1490 Qui

2434 1530 2654 1585 minime
2685 1528 2877 1582 litteris
2905 1541 3126 1596 operam
3173 1524 3404 1590 dederit,
3438 1530 3740 1594 praeceptor
3769 1535 3890 1576 esse
3917 1533 4026 1574 non

2435 1631 2614 1694 potest
2644 1621 2962 1675 litterarum.
2987 1617 3091 1684 Qui
3115 1633 3221 1672 non
3255 1631 3350 1686 per
3369 1614 3578 1683 singula
3605 1611 3877 1682 stipendia
3901 1624 4024 1664 cre-

2442 1715 2601 1780 verit,
2655 1712 2721 1768 ad
2769 1711 3056 1767 emeritum
3103 1708 3352 1779 stipendii
3403 1707 3646 1763 ordinem
3691 1720 3803 1759 non
3852 1709 4033 1774 potest

2439 1806 2722 1878 pervenire
2747 1823 2760 1858 :
2784 1805 2959 1858 solum
2980 1801 3368 1869 sacerdotium,
3390 1801 3530 1855 inter
3553 1799 3652 1852 ista
3686 1810 3846 1866 rogo,
3875 1794 4034 1848 vilius

747 1884 1144 1993 ,ξηειςγιετίηεη
1184 1924 1550 1986 consequatur
1583 1933 1594 1968 ε
1629 1914 1828 1971 exinde
1856 1922 1982 1984 ροει
2009 1884 2332 1968 άξεεηιίίυηι
2362 1888 2412 1949 Β
2437 1906 2522 1955 est
2547 1897 2692 1968 quod
2716 1895 2925 1951 facilius
2955 1893 3230 1960 tribuitur,
3253 1908 3379 1948 cum
3404 1889 3676 1946 difficilius
3703 1884 4035 1960 impleatur?

748 2015 1115 2086 episcopalem
1165 2010 1477 2067 cathedram
1527 2007 1728 2078 poterit
1771 2007 2025 2076 adipisci;
2060 2005 2104 2060 si
2155 2013 2337 2059 tamen

753 2122 850 2178 per
881 2107 994 2161 hzec
1026 2115 1269 2174 tempora
1299 2101 1580 2170 integritas
1608 2099 1734 2154 vita:
1779 2113 1843 2154 ac
1873 2097 2006 2153 fides
2035 2096 2150 2166 ejus
2179 2095 2340 2151 fuerit

750 2197 1067 2268 approbata.

823 2289 958 2343 Item
987 2304 1050 2342 ea:
1078 2286 1297 2340 decretis
1338 2298 1488 2354 papa:
1532 2279 1750 2345 Zosimi,
1782 2282 1862 2334 tit.
1896 2279 1948 2334 5.
1993 2277 2121 2335 llaec
2157 2287 2340 2334 autem

751 2380 978 2449 singulis
1006 2378 1260 2448 gradibus
1288 2375 1622 2430 observanda
1653 2381 1779 2428 sunt
1812 2383 2079 2442 tempora.

826 2472 883 2528 Si
910 2472 977 2526 ab
1005 2469 1228 2525 infantia
1258 2464 1640 2523 ecclesiasticis
1669 2463 1986 2518 ministeriis
2016 2477 2212 2518 nomen
2242 2461 2341 2518 de-

753 2568 914 2632 derit,
947 2574 1004 2622 et
1045 2565 1186 2620 inter
1233 2563 1466 2618 lectores
1512 2574 1684 2629 usque
1713 2559 1780 2612 ad
1824 2557 2138 2612 vicesimum
2167 2556 2345 2612 tetatis

761 2673 962 2715 annum
991 2656 1303 2712 continuata
1331 2651 1713 2708 observatione
1757 2649 2042 2720 perduret;
2093 2650 2138 2704 si
2170 2650 2347 2718 major

749 2755 860 2828 jam
892 2759 948 2808 et
975 2748 1294 2822 grandaevus
1322 2745 1615 2801 accesserit
1644 2765 1654 2797 :
1686 2743 1778 2814 qui
1807 2751 1987 2798 tamen
2015 2751 2141 2814 post
2167 2743 2346 2814 bapti-

753 2861 928 2904 smum
959 2842 1140 2899 statim
1169 2855 1228 2895 se
1257 2838 1449 2893 divina:
1479 2836 1683 2891 militiae.
1712 2834 1985 2890 desiderat
2013 2834 2341 2906 mancipari,

754 2938 871 2994 sive
901 2936 1042 2990 inter
1086 2933 1337 2994 lectores,
1370 2929 1484 2984 sive
1529 2928 1671 2984 inter
1699 2926 1998 2983 exorcistas
2038 2926 2346 2997 quinquen-

755 3031 905 3086 nium
969 3034 1258 3090 teueatur;
1309 3022 1504 3079 exinde
1553 3021 1799 3093 acolytus
1847 3021 1932 3077 vel
1987 3021 2348 3077 subdiaconus

758 3131 994 3194 quatuor
1023 3135 1194 3174 annos
1235 3126 1289 3173 et
1328 3117 1405 3172 sic
1447 3117 1514 3170 ad
1562 3115 1994 3171 benedictionem
2028 3115 2348 3171 diaconatus

757 3217 802 3274 si
835 3223 1096 3277 meretur,
1126 3209 1379 3273 accedat;
1412 3209 1465 3264 in
1494 3223 1602 3278 quo
1632 3207 1822 3263 ordine
1849 3207 2090 3278 quinque
2116 3209 2273 3264 annis
2301 3209 2346 3262 si

762 3309 1040 3379 inculpate
1065 3321 1124 3362 se
1152 3302 1379 3374 gesserit
1406 3301 1614 3358 btet-ere
1641 3301 1861 3356 debebit
1891 3319 1903 3354 :
1937 3301 2132 3356 exinde
2158 3299 2350 3356 suffra-

762 3400 1014 3472 gantibus
1043 3395 1348 3466 stipendiis,
1389 3409 1486 3464 per
1515 3401 1594 3448 tot
1621 3392 1818 3462 gradus
1848 3392 1988 3447 datis
2027 3393 2260 3463 propria:
2290 3392 2352 3444 fi-

762 3493 848 3547 dei
878 3485 1217 3557 documentis
1247 3483 1566 3556 presbyterii
1595 3483 1962 3540 sacerdotium
1994 3483 2194 3548 poterit
2223 3499 2354 3555 pro-

763 3585 980 3642 mereri.

834 3673 911 3728 De
937 3687 1044 3743 quo
1075 3671 1197 3726 loco
1227 3669 1274 3724 si
1301 3681 1428 3723 eum
1459 3665 1703 3723 exactior
1730 3665 1799 3721 ad
1827 3667 2002 3722 bonos
2031 3682 2213 3723 mores
2241 3675 2351 3723 vna

760 3765 1096 3840 perduxerit,
1143 3777 1410 3819 summum
1437 3759 1810 3833 pontificatum
1850 3777 2073 3834 Sperare
2117 3762 2352 3829 debebit,

763 3861 867 3916 hac
897 3867 1076 3913 tamen
1109 3856 1228 3924 lege
1272 3861 1508 3920 servata,
1539 3861 1599 3908 ut
1648 3867 1828 3922 neque
1874 3853 2140 3922 digamus,
2178 3867 2356 3922 neque

767 3963 788 3986 υ
816 3951 1026 4022 patiens
1074 3950 1140 4002 ad
1190 3947 1292 4002 hos
1348 3944 1545 4013 gradus
1596 3945 1769 4016 possit
1811 3944 2070 4010 admitti;
2121 3960 2252 3999 sane
2300 3951 2358 3999 ut

764 4045 929 4100 etiam
959 4041 1272 4097 defensores
1301 4036 1558 4094 Ecclesia:
1587 4037 1680 4106 qui
1721 4051 1788 4091 ex
1819 4035 1969 4092 laicis
1999 4035 2136 4091 fiunt
2163 4051 2356 4108 supra-

763 4137 910 4192 dicta
939 4131 1320 4189 observatione
1362 4136 1684 4194 teneantur;
1733 4127 1779 4182 si
1822 4126 2120 4182 meruerint
2153 4141 2274 4182 esse
2304 4125 2358 4182 in

768 4226 964 4282 ordine
990 4223 1300 4279 clericatus.

1277 4333 1411 4388 Item
1439 4333 1501 4386 de
1528 4332 1838 4405 grandwvis.

846 4451 928 4506 Ea:
956 4449 1173 4505 decretis
1202 4464 1351 4519 papae
1389 4447 1588 4511 Siricii,
1624 4447 1769 4502 titulo
1809 4446 2024 4502 decimo.
2082 4447 2185 4514 Qui
2227 4463 2357 4504 vero

767 4547 882 4617 jam
920 4550 1080 4596 actate
1117 4539 1434 4609 grandaevus
1481 4538 1718 4592 melioris
1757 4538 2017 4607 propositi
2067 4553 2356 4593 conversa~

2746 2029 2835 2086 Ill.
2875 2029 2954 2085 De
2981 2028 3349 2085 monachorum
3374 2028 3721 2098 promotione.

2512 2145 2597 2202 Ea:
2624 2144 2838 2216 decretis
2868 2158 3019 2214 papw
3044 2141 3244 2206 Siricii,
3280 2141 3414 2194 titul.
3449 2138 3535 2193 15.
3569 2137 3869 2192 Monachos
3897 2151 4036 2205 quo-

2441 2255 2565 2312 que,
2600 2254 2736 2309 quos
2767 2248 2945 2292 tamen
2992 2250 3206 2291 morum
3249 2233 3505 2302 gravitas,
3539 2240 3594 2286 et
3632 2230 3754 2285 vita:
3795 2245 3860 2283 ac
3911 2228 4033 2282 fidei

2442 2332 2710 2388 institutio
2737 2340 2922 2386 sancta
2948 2327 3312 2393 commendat,
3345 2325 3667 2383 clericorum
3710 2323 3907 2380 officiis
3940 2324 4040 2378 ad-

2443 2425 2674 2496 gregari,
2705 2432 2760 2479 et
2792 2431 3043 2492 Optamus
3070 2428 3126 2474 et
3151 2419 3400 2474 volumus
3429 2436 3442 2472 :
3473 2418 3546 2472 ita
3574 2427 3634 2472 ut
3655 2416 3748 2485 qui
3773 2417 3916 2471 intra
3940 2417 4039 2471 tri-

2445 2521 2702 2575 cesimum
2727 2531 2927 2570 annum
2955 2515 3130 2570 artatis
3156 2524 3282 2568 sunt
3307 2513 3359 2567 in
3389 2512 3688 2566 minoribus
3714 2527 3810 2582 per
3837 2510 4036 2581 gradus

2445 2610 2685 2681 singulos
2706 2617 2985 2666 crescente
3009 2617 3252 2677 tempore
3275 2617 3693 2677 promoveantur
3714 2603 4021 2670 ordinibus,

2447 2713 2502 2759 et
2528 2703 2606 2759 sic
2636 2701 2703 2756 ad
2731 2703 3050 2758 diaconatus
3077 2699 3163 2755 vel
3196 2697 3515 2770 presbyterii
3546 2696 3772 2767 insignia
3812 2706 4039 2752 matura:

2447 2796 2626 2851 mtatis
2655 2793 3072 2850 consecratione
3103 2789 3440 2862 perveniant,
3471 2803 3569 2843 nec
3602 2799 3624 2827 ο
3657 2787 3799 2844 saltu
3824 2786 3892 2841 ad
3925 2787 4041 2857 epio

2447 2895 2705 2958 scopatus
2735 2885 2952 2940 culmen
2995 2881 3314 2947 ascendant,
3343 2881 3444 2936 nisi
3475 2881 3526 2934 in
3576 2880 3659 2935 his
3698 2879 3888 2935 eadem
3918 2895 4037 2948 qua:

2449 2981 2674 3050 singulis
2719 2976 3073 3049 dignitatibus
3110 2975 3360 3047 superius
3407 2972 3734 3045 praefiximus
3792 2981 4040 3045 tempora

2450 3073 2650 3128 fuerint
2675 3070 2964 3127 custodita.

2522 3163 2608 3219 Ea:
2639 3164 2855 3218 decretis
2899 3178 3049 3234 papa:
3075 3160 3391 3226 Innocentii,
3439 3161 3577 3215 titul.
3613 3161 3696 3214 l7.
3740 3159 3819 3214 De
3851 3175 4043 3214 mona-

2378 3251 2424 3314 C
2454 3258 2568 3315 chis
2597 3258 2688 3328 qui
2721 3257 2812 3312 diu
2840 3262 3116 3311 morantes
3143 3255 3196 3308 in
3227 3253 3590 3322 monasteriis,
3620 3261 3813 3324 postea
3845 3253 3915 3307 ad
3937 3253 4045 3308 cle-

2454 3353 2657 3408 ricatus
2705 3349 2952 3406 ordinem
3000 3355 3402 3419 pervenerunt,
3448 3362 3556 3402 non
3607 3346 3810 3402 debere
3863 3362 3962 3402 eos
4015 3361 4044 3400 a

2454 3443 2620 3516 priori
2651 3441 2930 3512 proposito
2959 3439 3198 3496 deviare.
3231 3443 3338 3493 Aut
3383 3438 3527 3492 enim
3573 3437 3714 3491 sicut
3757 3436 3812 3492 in
3856 3451 4044 3490 mona-

2455 3537 2621 3592 sterio
2647 3535 2768 3599 fuit,
2799 3543 2853 3589 et
2880 3532 3029 3603 quod
3054 3531 3406 3588 diuiservavit
3435 3530 3488 3584 in
3515 3530 3728 3584 meliori
3749 3529 3923 3597 gradu
3952 3544 4048 3598 po-

2455 3630 2592 3685 situs
2621 3629 2874 3683 amittere
2920 3641 3031 3682 non
3072 3625 3256 3692 debet,
3284 3636 3376 3678 aut
3423 3622 3470 3678 si
3517 3631 3827 3692 corruptus,
3860 3633 4047 3692 postea

2456 3722 2783 3791 baptizatus,
2813 3731 2868 3774 et
2898 3720 2951 3773 iu
2983 3718 3313 3772 monasterio
3356 3715 3576 3780 sedens,
3615 3723 3672 3769 et
3718 3713 3789 3768 ad
3820 3715 4048 3769 clerica-

2458 3824 2546 3870 tus
2575 3814 2818 3868 ordinem
2849 3811 3113 3868 accedere
3143 3809 3397 3876 voluerit,
3427 3824 3652 3864 uxorem
3690 3810 3917 3863 omnino
3957 3810 4052 3863 ba-

2459 3907 2589 3963 bere
2636 3924 2741 3962 non
2773 3906 3019 3977 poterit:
3052 3905 3178 3974 quia
3226 3920 3328 3959 nec
3375 3903 3622 3958 benedici
3671 3918 3798 3957 cum
3850 3917 4054 3972 spOnsa

2459 4008 2640 4071 potest
2663 4000 2775 4068 jam
2823 4008 2949 4053 ante
2979 4006 3284 4066 corruptus.
3319 3994 3450 4062 Qure
3481 3996 3654 4050 forma
3702 4000 3960 4048 servatur
4005 3995 4056 4049 in

2461 4095 2714 4157 clericis;
2757 4093 2992 4147 maxime
3041 4106 3163 4146 cum
3208 4100 3364 4144 vetus
3411 4089 3596 4158 regula
3638 4089 3746 4144 hoc
3794 4088 3962 4142 habet
4004 4095 4059 4142 ut

2463 4185 2708 4258 quisquis
2755 4191 3041 4252 corruptus
3082 4182 3388 4250 baptizatus
3437 4181 3669 4235 clericus
3699 4195 3823 4236 esse
3851 4180 4058 4236 voluis-

2463 4285 2567 4344 set,
2595 4275 2888 4347 sponderet
2915 4287 2974 4327 sc
3003 4272 3226 4326 omnino
3258 4286 3483 4326 uxorem
3515 4285 3620 4324 non
3651 4269 3882 4326 ducere.

2534 4368 2620 4423 Ea:
2648 4367 2865 4421 decrctis
2894 4381 3043 4436 paptc
3071 4364 3288 4430 Zosimi,
3321 4363 3457 4418 titul.
3491 4365 3538 4417 f.
3560 4363 3811 4418 Zosimus
3844 4363 4062 4420 episco-

2469 4477 2570 4532 pus
2614 4459 2763 4514 u:-bis
2813 4457 3036 4521 Romm,
3089 4457 3354 4527 llesychio
3404 4457 3659 4526 episcopo
3709 4454 4055 4511 Salonitano.

2469 4550 2662 4618 Exegit
2689 4549 2906 4603 dilectio
2935 4557 3026 4602 tua
3072 4556 3398 4617 praeceptum
3439 4545 3750 4614 apostolicae
3795 4547 3962 4611 sedis,
4013 4546 4062 4601 in

775 4638 926 4691 tione
953 4634 975 4670 ιι
997 4632 1252 4702 probatus
1282 4645 1348 4684 ex
1381 4629 1515 4684 laico
1540 4628 1606 4682 ad
1649 4643 1859 4683 sacram
1888 4629 2136 4683 militiam
2169 4645 2347 4699 perve-

2475 4661 2582 4716 quo
2614 4643 2833 4697 Patrum
2864 4643 3078 4697 decreta
3109 4642 3490 4706 consentiunt;
3523 4651 3578 4695 et
3625 4642 3904 4710 significas
3934 4660 4063 4697 non-

775 4729 891 4782 nire
917 4723 1156 4785 festinat,
1187 4721 1434 4775 desiderii
1484 4721 1564 4773 sui
1598 4721 1826 4774 fructum
1876 4736 1982 4774 non
2032 4721 2192 4774 aliter
2218 4722 2366 4775 obti-

779 4820 952 4884 nebit,
990 4817 1088 4878 nisi
1113 4831 1180 4870 eo
1206 4829 1314 4884 quo
1343 4813 1646 4883 baptizatur
1671 4825 1934 4883 tempore,
1977 4815 2162 4868 statim
2193 4815 2366 4870 lecto-

782 4927 924 4974 rum,
954 4917 1045 4963 aut
1076 4907 1467 4961 exorcistarum
1512 4920 1737 4960 numero
1781 4908 2021 4962 societur
2055 4925 2068 4960 :
2101 4909 2145 4962 si
2180 4916 2363 4964 tamen

784 5017 908 5058 eum
957 5014 1118 5054 unam
1155 4995 1406 5050 habuisse
1435 4996 1519 5051 vel
1550 4997 1770 5060 habere.
1820 5006 1875 5052 et
1918 5000 2056 5054 hanc
2102 5001 2362 5068 virginem

781 5093 1060 5162 accepisse
1093 5098 1304 5144 constet
1334 5104 1577 5144 uxorem.
1609 5089 1709 5155 Qui
1742 5091 1866 5144 dum
1909 5091 2150 5146 initiatus
2182 5094 2364 5161 fuerit,

782 5187 998 5256 expleto
1046 5183 1283 5248 biennio,
1317 5196 1412 5250 per
1446 5182 1870 5253 quinquennium
1912 5184 2076 5249 aliud,
2123 5186 2367 5256 aeolytus

785 5290 839 5332 et
885 5275 1244 5331 subdiaconus
1293 5272 1403 5338 fiat,
1451 5284 1505 5328 et
1553 5274 1632 5329 sic
1677 5275 1743 5328 ad
1773 5274 2141 5342 diaconatum,
2196 5279 2240 5332 si
2273 5293 2371 5347 per

790 5371 904 5422 hanc
955 5377 1198 5437 tempora
1251 5367 1442 5435 dignus
1483 5366 1758 5435 judicatus
1803 5368 1966 5424 fuerit
2017 5373 2364 5439 provehatur.

788 5462 996 5517 Exinde
1040 5460 1151 5528 jam
1216 5475 1442 5514 accessu
1490 5469 1792 5530 temporum
1839 5464 2234 5535 presbyterium
2287 5469 2371 5523 vel

790 5555 1179 5624 episcopatum,
1208 5552 1253 5604 si
1282 5567 1404 5606 eum
1433 5551 1636 5618 clerici,
1687 5567 1750 5609 ac
1787 5553 1960 5624 plebis
1988 5559 2230 5612 evocarit
2263 5559 2372 5615 ele-

793 5651 921 5711 ctio,
956 5663 1062 5702 non
1091 5647 1359 5701 immerito
1388 5647 1665 5702 sortietur.

866 5792 890 5819 α
923 5782 1200 5844 Ρωηὶιωιε,
1228 5780 1444 5852 Dionys.
1467 5781 1620 5851 Exig.
1647 5791 1702 5836 et
1723 5781 1858 5839 Cod.
1887 5784 2028 5840 Eccl.
2067 5787 2230 5842 Rotn.

871 5854 894 5893 ιι
926 5854 1256 5919 f'rorocatus,
1284 5849 1484 5923 Dionys
1534 5849 1686 5922 Exig.
1717 5864 1771 5908 et
1799 5855 1930 5911 Cod.
1969 5855 2110 5913 Eccl.
2152 5858 2285 5913 lium

2479 4739 2654 4794 nullos
2683 4753 2749 4792 ex
2779 4737 3167 4791 monachorum
3199 4743 3361 4801 cmtu,
3403 4751 3630 4805 quorum
3660 4737 3902 4792 SOIitUdO
3932 4753 4061 4809 qua-

2473 4832 2556 4884 vis
2603 4830 2901 4898 frequentia
2933 4827 3106 4896 major
3137 4836 3240 4892 est,
3281 4827 3372 4884 sed
3402 4837 3457 4882 et
3485 4827 3650 4883 laicos
3685 4828 3752 4882 ad
3803 4832 4059 4886 sacerdo-

2480 4925 2610 4978 tium
2642 4921 2915 4976 festinare.
2951 4920 3063 4974 lloc
3093 4929 3269 4974 autem
3305 4921 3612 4990 specialiter
3642 4928 3698 4975 et
3725 4921 3828 4975 sub
3859 4923 4064 4992 pnede-

2478 5035 2507 5073 c
2545 5016 2785 5071 ssnribus
2817 5015 3015 5068 nostris
3045 5023 3099 5082 et
3129 5029 3301 5080 nuper
3323 5029 3352 5066 a
3378 5013 3535 5067 nobis
3564 5014 3916 5068 interdictum
3943 5031 4064 5069 con-

2477 5117 2586 5164 stat
2627 5107 2822 5160 litteris
2851 5108 2914 5158 ad
2943 5105 3164 5170 Gallias,
3198 5103 3586 5174 Hispaniasque
3626 5107 3984 5172 transmissis,
4017 5109 4063 5161 in

2478 5201 2672 5271 quibus
2723 5199 3035 5265 regionibus
3083 5197 3359 5250 familiaris
3408 5204 3488 5250 est
3538 5196 3634 5249 ista
3696 5199 4062 5268 prmsnmptio,

2478 5294 2722 5362 quamvis
2765 5307 2864 5347 nec
2910 5291 3086 5345 Africa
3132 5304 3294 5360 super
3321 5289 3422 5343 hac
3465 5289 3838 5346 ahuouitione
3891 5301 4066 5346 nostra

2479 5387 2742 5441 habeatur
2762 5384 2960 5450 aliena,
2990 5397 3057 5436 ne
3085 5382 3203 5450 quis
3227 5383 3438 5450 penitus
3461 5389 3648 5435 contra
3680 5380 3908 5438 Patrum
3934 5398 4064 5454 prae-

2480 5489 2639 5548 cepta
2667 5477 2757 5546 qui
2786 5475 3165 5531 ecclesiasticis
3195 5474 3488 5544 disciplinis
3519 5474 3758 5531 imbutus
3791 5492 3894 5548 per
3923 5478 4063 5534 ordi-

2480 5585 2602 5624 nem
2641 5584 2747 5622 non
2789 5566 2995 5633 fuisset,
3028 5578 3083 5622 et
3125 5567 3384 5636 temporis
3422 5567 3820 5637 approbatione
3876 5569 4066 5624 divinis

2477 5658 2756 5730 stipendiis
2785 5657 3044 5719 eruditus,
3093 5671 3434 5726 nequaquam
3462 5657 3530 5712 ad
3555 5673 3832 5715 summum
3884 5659 4066 5716 Eccle-

2559 5806 2578 5833 ε
2613 5793 2825 5861 Statim,
2851 5794 2996 5849 addit
3027 5793 3240 5863 Dionys.
3273 5791 3426 5863 Exig.
