4204 6594
180 394 271 449 8'57
303 387 317 393 ’

1358 382 1760 439 BREVIAHUM
1801 381 2219 441 CANONICU”.

3327 381 3433 443 858

180 509 263 561 sia:
289 504 653 559 sacerdotium
684 502 923 573 aspirare
950 509 1331 572 praesumeret;
1364 509 1418 554 et
1447 516 1552 555 non
1577 499 1751 553 solum
1789 501 1833 560 Λ
1862 497 2121 565 criminis,
2151 499 2275 568 quia
2303 497 2486 567 utique
2505 498 2879 554 convenientia
2902 496 3158 555 Ecclesiae
3186 500 3436 557 ministe-

180 599 226 650 in
266 611 330 648 eo
362 593 584 648 ambitio
626 592 873 648 inefficax
916 593 1245 657 haberetur;
1290 606 1475 645 verum
1506 591 1668 646 etiam
1701 591 1753 644 in

180 687 513 741 ordinatores
542 686 677 753 ejus,
715 692 772 737 ut
801 692 1047 738 carerent
1076 698 1141 737 eo
1172 682 1387 747 ordine,
1437 697 1597 752 quem
1638 682 1756 736 sine

180 776 362 831 ordine
392 784 580 829 contra
613 781 884 843 praecepta
914 772 1135 827 Patrum
1184 772 1525 828 crediderant
1548 787 1755 843 priesu-

179 869 447 924 mendum.
506 866 576 920 Et
604 875 717 937 post
748 867 1015 937 paululum
1049 883 1065 918 :
1118 866 1174 920 Si
1207 868 1348 920 enim
1381 866 1558 920 oflicia
1586 881 1757 919 saecu-

179 961 303 1016 laria
330 959 683 1028 principalem
709 959 887 1014 locum
920 974 1026 1013 non
1060 958 1382 1013 vestibulum
1413 958 1645 1012 actionis
1668 959 1755 1011 in-

178 1053 387 1119 gressis,
418 1052 512 1107 sed
545 1067 641 1120 per
662 1051 922 1121 plurimos
951 1052 1149 1121 gradus
1175 1052 1521 1115 examinatis,
1553 1059 1755 1121 tempo-

179 1142 318 1196 ribus
348 1141 638 1195 deferunt:
668 1142 789 1211 quis
838 1142 928 1195 ille
976 1150 1085 1195 tam
1133 1154 1413 1209 arrogans,
1460 1150 1570 1194 tam
1600 1152 1622 1177 ι
1651 1142 1753 1195 im-

176 1234 407 1305 prudens
435 1233 723 1298 invenitur,
751 1241 809 1287 ut
840 1232 892 1286 in
923 1232 1128 1287 caelesti
1172 1232 1363 1287 militia
1391 1247 1508 1300 quzc
1539 1233 1753 1301 penitus

178 1323 518 1393 ponderanda
546 1331 645 1388 est,
676 1332 731 1377 et
755 1324 896 1377 sicut
922 1338 1110 1377 aurum
1138 1322 1382 1394 repetitis
1415 1322 1627 1390 ignibus
1658 1336 1753 1376 ex-

177 1418 493 1486 plorandum
522 1417 706 1471 statim
737 1416 844 1470 dux
875 1431 993 1471 esse
1021 1416 1312 1478 desiderat,
1342 1430 1462 1469 cum
1496 1414 1600 1468 tiro
1627 1424 1753 1469 ante

179 1528 280 1566 non
306 1511 490 1577 fuerit,
524 1519 578 1566 et
605 1510 751 1580 prius
778 1510 909 1564 velit
945 1511 1141 1564 docere
1164 1524 1323 1579 quam
1370 1508 1616 1563 discere?
1651 1510 1751 1562 As-

175 1614 384 1661 suescat
412 1605 464 1659 in
495 1604 706 1657 Domini
732 1604 920 1658 castris
944 1604 997 1657 in
1024 1603 1288 1657 lectorum
1316 1603 1562 1671 primitus
1586 1603 1751 1671 gradu

175 1693 335 1749 divini
384 1692 688 1748 rudimenta
734 1692 960 1758 servitii,
990 1707 1091 1746 nec
1122 1692 1194 1744 illi
1226 1690 1251 1727 ι)
1278 1691 1507 1746 villeSrit
1535 1690 1751 1745 exorci-

172 1794 330 1851 stam,
359 1785 648 1857 acolytum,
696 1785 1105 1851 subdiacouum,
1151 1784 1437 1839 diaconum
1477 1800 1575 1842 per
1614 1783 1753 1839 ordi-

1861 590 1939 642 ria
1972 589 2270 659 reparanda
2299 598 2457 654 sunt,
2521 604 2628 644 non
2679 588 3177 645 inconvenientibus
3230 592 3438 648 meritis

1864 678 1883 717 ί
1898 680 2239 749 generanda;
2273 690 2532 750 tantoque
2546 680 2714 748 magis
2735 680 2877 750 quod
2890 680 3057 735 sacris
3072 689 3252 751 aptum
3271 682 3440 747 possit

1858 785 1977 825 esse
2022 770 2276 836 servitiis,
2320 770 2372 823 in
2418 785 2603 824 eorum
2636 770 2979 839 quazrendum
3026 780 3110 826 est
3147 769 3439 837 institutis;

1857 872 2115 931 quantum
2148 863 2214 918 de
2257 872 2498 932 tempore
2527 879 2634 932 quo
2685 862 2898 917 fuerant
2944 863 3056 917 lucc
3097 863 3437 932 assequcnda

1857 954 2186 1023 decerpitur,
2220 963 2279 1007 ut
2307 970 2510 1008 morum
2534 954 2735 1009 habere
2758 953 3014 1009 doceatur
3036 953 3139 1008 hoc
3170 954 3436 1024 probitas,

1856 1044 2001 1113 quod
2030 1044 2289 1113 prolixior
2316 1045 2647 1100 consuetudo
2678 1061 2784 1100 non
2815 1045 3079 1101 contulit:
3112 1060 3180 1100 ne
3221 1061 3319 1115 per
3344 1061 3437 1100 oc-

1857 1137 2131 1191 casion‘em
2161 1136 2470 1207 supplendze
2501 1138 2739 1207 penuria:
2779 1138 3065 1204 clericalis,
3101 1137 3229 1191 vitia
3255 1138 3436 1207 potius

1854 1230 2045 1286 divinis
2074 1232 2304 1286 cultibus
2334 1232 2576 1287 intulisse
2593 1231 2911 1301 judicemur,
2939 1248 3047 1288 non
3077 1231 3330 1301 legitima:
3360 1229 3437 1286 fa-

1854 1322 2011 1376 milia:
2039 1322 2381 1378 confutemur
2420 1337 2740 1392 procurasse
2784 1324 3097 1393 compendia
3137 1341 3149 1377 :
3199 1338 3430 1392 quorum

1853 1414 2286 1483 promotionibus
2314 1429 2475 1483 super
2502 1415 2627 1468 anni
2657 1423 2849 1481 metas,
2880 1431 2973 1471 sex
3004 1431 3217 1471 menses
3247 1416 3439 1470 nihilo-

1857 1508 2035 1559 minus
2083 1505 2456 1575 subrogamus.
2490 1504 2751 1573 Quoniam
2784 1508 2925 1561 sicut
2954 1506 3152 1562 dictum
3193 1516 3309 1572 est,
3350 1507 3436 1563 di-

1853 1606 1998 1653 stare
2024 1599 2275 1654 convenit
2307 1600 2447 1654 inter
2473 1615 2755 1670 personam
2779 1599 2959 1654 divino
2982 1598 3150 1655 cultui
3177 1599 3431 1667 deditam,

1854 1699 1908 1745 et
1938 1691 2003 1744 de
2040 1692 2298 1746 laicorum
2329 1693 2689 1747 conversione
2721 1692 3044 1747 venientem.
3074 1691 3205 1759 Quae
3255 1702 3435 1749 tamen

1854 1790 2081 1836 eatenus
2112 1780 2436 1849 indulgenda
2468 1780 2813 1846 credidimus,
2841 1790 2900 1835 ut
2922 1782 3025 1838 illis
3047 1782 3291 1839 ecclesiis
3312 1783 3428 1852 qui-

174 1892 292 1933 nem
325 1878 473 1943 fieri;
507 1893 609 1933 nec
636 1878 741 1932 hoc
766 1877 926 1943 saltu,
958 1878 1051 1931 sed
1075 1879 1287 1931 statutis
1314 1878 1578 1943 majorum
1606 1878 1753 1931 ordi-
1786 1860 1828 1920 Β
1857 1871 1957 1927 bus
1985 1872 2334 1927 infestatione
2369 1872 2633 1928 bellorum
2659 1874 2744 1929 vel
2775 1874 2920 1928 nulla
2952 1876 3187 1945 penitus,
3216 1878 3296 1931 vel
3324 1878 3438 1932 exi-

174 1968 392 2021 natione
420 1968 775 2036 temporibus.
807 1965 925 2021 Jam
966 1982 1098 2022 vero
1140 1966 1206 2020 ad
1246 1968 1564 2037 presbyterii
1604 1967 1754 2020 fasti-

175 2059 313 2125 gium
352 2058 469 2112 talis
514 2058 761 2125 accedat,
795 2067 853 2113 ut
902 2067 956 2113 et
1004 2073 1203 2112 nomen
1250 2067 1383 2113 mtas
1413 2058 1650 2126 impleat,
1699 2065 1756 2111 et

173 2151 422 2203 meritum
446 2150 729 2217 probitatis
752 2150 1019 2218 stipendia
1044 2158 1294 2203 anteacta
1320 2157 1601 2204 testentur.
1627 2148 1754 2206 Jure

171 2240 291 2292 imle
319 2239 512 2295 summi
540 2238 815 2293 Pontilicis
841 2240 1016 2294 locum
1048 2254 1266 2309 sperare
1293 2241 1535 2294 debebit.

237 2332 321 2386 Ea:
354 2334 569 2391 decretis
598 2349 750 2403 papa:
770 2332 987 2400 Gelasii,
1015 2334 1153 2387 titul.
1181 2331 1215 2385 ‘2
1241 2342 1291 2387 et
1317 2331 1354 2387 5
1379 2342 1426 2386 et
1446 2333 1530 2386 16.
1561 2332 1753 2388 Priscis

170 2426 329 2494 igitur
358 2442 455 2494 pro
477 2426 557 2479 sui
581 2426 884 2479 reverentia
916 2428 1257 2481 manentibus
1279 2428 1607 2493 constitutis,
1633 2442 1751 2496 qua:

170 2520 256 2573 ubi
306 2519 452 2573 nulla
486 2518 568 2573 vel
602 2533 798 2583 rerum,
834 2519 918 2573 vel
950 2528 1254 2587 temporum
1282 2528 1538 2588 perurget
1578 2533 1753 2585 angu~

166 2611 289 2675 slia,
345 2609 662 2676 regulariter
690 2609 944 2663 convenit
974 2609 1250 2664 custodire
1296 2620 1521 2665 eatenus
1566 2609 1751 2663 Eccle-

163 2702 276 2767 sits,
316 2717 438 2769 qua:
470 2702 552 2754 vel
578 2701 787 2754 cunctis
818 2711 942 2756 sunt
969 2701 1188 2770 privata:
1216 2702 1494 2765 ministris,
1523 2702 1607 2755 vel
1637 2702 1748 2755 suf-

165 2793 471 2847 licientibus
500 2808 669 2861 usque
709 2792 843 2848 adeo
875 2793 1172 2862 dispoliatte
1195 2794 1460 2859 servitiis,
1495 2802 1550 2848 ut
1580 2795 1751 2864 plebi-

164 2887 262 2940 bus
290 2885 358 2939 ad
386 2901 446 2940 se
480 2886 870 2955 pertinentibus
896 2884 1073 2940 divina
1102 2901 1325 2941 munera
1360 2887 1610 2957 supplere
1641 2902 1750 2942 non

160 2978 405 3040 valeant,
442 2988 548 3031 tam
583 2978 895 3033 instituendi
925 2995 1085 3049 quam
1127 2980 1482 3050 promovendi
1525 2981 1752 3035 clerica-

159 3071 222 3123 lis
248 3081 269 3106 ε
304 3070 550 3138 obsequii
581 3070 659 3123 sic
699 3071 871 3139 spatia
902 3070 1256 3141 dispensanda
1288 3071 1651 3127 concedimus.
1682 3070 1749 3124 Et

156 3161 197 3213 si
231 3160 359 3227 quis
394 3160 555 3213 etiam
596 3159 662 3213 de
710 3160 963 3229 religioso
996 3162 1308 3231 proposito,
1358 3170 1412 3216 et
1456 3163 1749 3232 disciplinis

155 3251 635 3304 monasterialibus
661 3251 901 3306 eruditus
923 3252 987 3305 ad
1012 3252 1257 3307 clericale
1283 3269 1473 3307 munus
1496 3255 1745 3318 accedat;
1775 3222 1824 3287 ο

152 3341 430 3412 imprimis
466 3341 582 3409 ejus
607 3340 711 3395 vita
740 3344 1024 3412 prreteritis
1054 3353 1174 3398 acta
1207 3346 1539 3413 temporibus
1570 3345 1750 3415 inqui-

151 3445 342 3487 ratur:
389 3435 443 3486 ιο
486 3432 540 3487 Si
570 3435 715 3488 nullo
744 3435 891 3505 gravi
923 3434 1159 3491 facinore
1196 3438 1454 3506 probatur
1484 3435 1748 3505 infectus;

145 3526 203 3577 9.“
234 3527 293 3582 Si
328 3525 627 3580 secundam
651 3541 757 3579 non
782 3526 967 3580 habuit
996 3525 1236 3581 fortassis
1266 3544 1525 3591 uxorem;
1557 3529 1617 3580 5ο
1641 3528 1750 3585 Nec

146 3632 173 3669 a
224 3617 439 3671 marito
486 3617 729 3671 relictam
775 3617 997 3672 sortitus
1026 3619 1355 3683 ostenditur;
1386 3618 1450 3673 4“
1478 3619 1534 3674 Si
1578 3623 1749 3691 paeni-

146 3712 385 3764 tentiam
423 3710 691 3779 publicam
742 3710 984 3765 fortassis
1014 3727 1120 3765 non
1166 3712 1359 3781 gessit;
1399 3711 1454 3765 5°
1500 3713 1610 3769 Nec
1641 3717 1746 3770 ulla

144 3811 305 3870 parte
359 3801 611 3869 corporis
660 3801 878 3856 vitiatus
921 3811 1207 3872 appareat;
1240 3801 1295 3855 ϐ’
1326 3803 1383 3858 Si
1428 3807 1608 3859 servili
1658 3816 1751 3861 aut

141 3892 471 3958 originarim
504 3906 609 3944 non
641 3899 724 3945 cst
753 3890 1049 3946 conditioni
1081 3892 1379 3959 obnoxius;
1413 3894 1476 3948 7°
1507 3896 1563 3950 Si
1586 3898 1747 3952 curiae

134 3984 250 4051 jam
288 3986 565 4053 probatur
597 3984 821 4038 nexibus
852 3984 1161 4051 absolutus;
1190 3984 1246 4039 8°
1270 3986 1325 4039 Si
1358 3996 1637 4042 assecutus
1666 3997 1749 4043 est

140 4078 389 4141 litteras,
439 4078 559 4131 sine
596 4077 791 4144 quibus
821 4078 906 4130 vix
945 4077 1189 4131 fortassis
1217 4077 1240 4115 ιι
1271 4079 1549 4132 ostiarium
1578 4082 1748 4149 possit

139 4170 403 4238 implere.
442 4168 512 4221 Et
539 4168 582 4221 si
613 4168 695 4221 his
724 4167 973 4222 omnibus
997 4182 1114 4237 quae
1156 4176 1281 4222 sunt
1309 4170 1559 4238 praedicta
1589 4170 1745 4225 fulci-

136 4269 246 4322 tur,
282 4259 564 4315 continuo
595 4257 784 4322 lector,
808 4256 893 4310 vel
917 4257 1174 4321 notarius,
1208 4268 1300 4310 aut
1321 4268 1469 4313 certe
1494 4259 1747 4316 defensor

135 4352 413 4415 cll'ectus,
487 4354 579 4401 aut
639 4355 759 4415 post
807 4355 914 4400 tres
962 4361 1180 4401 menses
1232 4347 1429 4401 existat
1481 4349 1744 4419 acolytus.

134 4440 383 4493 Maxime
419 4439 469 4493 si
504 4438 627 4493 huic
651 4446 781 4491 aetas
810 4437 970 4491 etiam
1002 4435 1346 4505 suffragatur,
1377 4448 1532 4494 sexto
1563 4456 1747 4496 mense

132 4529 483 4584 subdiaconi
510 4542 707 4583 nomen
729 4527 978 4596 accipiat,
1003 4542 1066 4581 ac
1093 4528 1138 4582 si
1168 4528 1423 4583 modesta:
1453 4545 1745 4586 conversa-

132 4624 303 4678 tionis
339 4612 707 4687 honesteque
736 4619 1026 4674 voluntatis
1048 4618 1230 4673 existit
1259 4634 1402 4673 nono
1427 4635 1610 4675 mense
1635 4620 1752 4675 dia-

130 4728 334 4776 Conus,
370 4709 662 4778 completo
692 4724 834 4762 anno
857 4708 927 4762 sit
951 4709 1251 4779 presbyter,
1283 4708 1368 4763 cui
1401 4718 1578 4765 tamen
1605 4711 1749 4778 quod

130 4820 423 4857 annorum
471 4802 687 4853 fuerant
715 4798 1002 4853 interstitia
1030 4798 1314 4866 collatura,
1354 4801 1523 4854 sancti
1552 4816 1750 4870 propo—

128 4895 218 4947 siti
254 4901 478 4962 sponte
507 4897 755 4957 suscepta
787 4888 1046 4942 doceatur
1071 4889 1384 4957 prmstitisse
1410 4892 1647 4947 devotio.

200 4987 291 5041 Ex
323 4983 567 5038 decretis
596 4965 848 5053 ejusdem,
872 4981 1008 5035 titul.
1033 4983 1083 5035 5.
1109 4980 1163 5035 Si
1194 4995 1322 5035 vero
1342 4980 1411 5036 de
1435 4982 1587 5037 laicis
1609 4983 1750 5051 quis-

128 5088 281 5153 piam
337 5075 749 5134 ecclesiasticis
796 5084 878 5128 est
925 5072 1296 5142 aggregandus
1346 5072 1556 5139 olliciis,
1598 5082 1747 5130 tanto

126 5176 435 5234 Sollicitius
460 5172 521 5225 in
548 5168 772 5235 singulis
792 5182 911 5236 qua:
932 5168 1178 5235 superius
1194 5167 1580 5236 comprehensa
1603 5177 1747 5234 sunt,

129 5265 465 5337 hujusmodi
501 5261 661 5317 decet
688 5260 999 5315 examinare
1028 5273 1309 5327 personam
1339 5278 1352 5311 :
1388 5268 1411 5297 ο
1434 5259 1645 5329 quando
1667 5258 1750 5313 in-

128 5372 211 5416 ter
235 5355 596 5414 mundanam
629 5350 1042 5419 religiosamque
1064 5350 1227 5403 vitam
1251 5357 1465 5405 constat
1493 5364 1609 5405 esse
1638 5350 1747 5405 dis-

200 5552 223 5578 -
261 5525 1019 5604 Intpudeus,_Dionys_.Exig.
1038 5527 1394 5604 ct‘Ccdtpan.
1415 5527 1560 5604 Eccl.
1590 5528 1747 5584 Rom.

199 5612 225 5650 ιι
261 5597 385 5663 Vile
420 5606 522 5665 sit,
563 5597 782 5669 Dionys.
815 5599 959 5667 Exig.
992 5607 1045 5653 et
1069 5597 1203 5652 Cod;
1233 5597 1376 5652 Eccl.
1412 5598 1568 5654 Rom.

203 5694 223 5719 ι·
264 5671 738 5749 Οθὶεἰὶνυίοηξδτ
768 5670 921 5749 Exig.

199 5758 221 5791 ιι
250 5739 498 5807 Οέὶίαι-ἰὶ
526 5743 695 5810 possit
718 5741 930 5810 implere
951 5740 1316 5795 ministerium.
1342 5739 1563 5811 Dionys.
1590 5739 1747 5809 Exig.

127 5838 181 5884 et
209 5826 351 5879 (ἰιιιι.
394 5815 564 5871 Eccl.
599 5812 760 5865 ιίυιιι.

1856 1976 1958 2029 gna
2008 1970 2385 2016 remanserunt
2425 1963 2743 2027 ministeria,
2784 1974 3130 2020 renoventur.
3160 1966 3437 2032 Quatenus

1856 2053 1937 2106 his
1966 2052 2077 2107 Deo
2110 2055 2341 2124 propitio
2372 2055 2636 2109 restitutis
2667 2056 2717 2109 in
2749 2058 3135 2114 ecclesiasticis
3180 2061 3434 2128 gradibus

1856 2144 2230 2211 subrogandis,
2260 2160 2526 2199 canonum
2559 2157 2906 2215 paternorum
2940 2159 3092 2204 vclus
3119 2148 3288 2205 forma
3316 2166 3437 2206 ser-

1854 2240 2034 2298 vetur,
2078 2248 2178 2286 nec
2210 2243 2398 2286 contra
2429 2248 2524 2288 eos
2570 2235 2674 2288 ulla
2716 2236 2928 2292 ratione
2959 2239 3265 2308 praevaleat,
3293 2240 3434 2312 quod

1854 2341 1953 2394 pro
1999 2325 2304 2380 accedentis
2352 2324 2591 2380 defectus
2639 2328 2877 2382 remedio
2926 2329 3281 2398 providetur;
3325 2348 3432 2387 non

1855 2416 2113 2471 adversus
2143 2418 2277 2471 scita
2311 2417 2576 2486 majorum
2607 2434 2748 2472 nova
2780 2419 2898 2489 lege
2929 2423 3249 2491 proponitur
3277 2432 3433 2479 caste-

1855 2510 1928 2562 ris
1959 2508 2215 2564 Ecclesiis
2246 2509 2312 2563 ab
2340 2510 2443 2563 hac
2472 2511 2759 2566 occasione
2788 2513 3139 2578 cessantibus,
3162 2529 3298 2582 quas
3328 2531 3437 2571 non

1853 2600 2013 2655 simili
2040 2601 2192 2655 clade
2222 2608 2459 2655 vastatas
2488 2602 2763 2671 pristinam
2793 2602 3050 2658 faciendis
3079 2605 3431 2661 ordinationi-

1854 2694 1951 2747 bus
1980 2709 2041 2745 co
2089 2694 2231 2747 venit
2263 2705 2448 2749 tenere
2480 2696 2826 2762 sententiam,
2856 2712 2963 2766 quo
3000 2699 3170 2769 magis
3200 2700 3302 2756 hac
3331 2716 3432 2771 op-

1855 2786 2187 2854 portunitate
2210 2796 2235 2832 K
2280 2788 2535 2841 commoti
2579 2787 2974 2843 observantiam
3006 2793 3436 2849 veneranilorum

1854 2892 2122 2930 canonum
2172 2879 2493 2948 prOpensius
2545 2878 2872 2947 delegamus,
2932 2881 3263 2951 singulorum
3311 2899 3434 2954 gra-

1854 2968 2013 3022 duum
2047 2969 2405 3025 conscientias
2433 2969 2805 3035 admonentes,
2846 2987 2915 3027 ne
2958 2974 3011 3027 in
3054 2974 3269 3030 illicitos
3305 2993 3433 3045 pro-

1853 3078 2104 3132 rumpere
2146 3063 2439 3118 moliantur
2465 3079 2736 3119 excessus.
2782 3065 2892 3121 Nec
2931 3066 3008 3122 fas
3048 3084 3169 3125 esse
3197 3071 3434 3127 confidat

1853 3154 2134 3222 quisquam
2167 3156 2479 3224 pontilicum
2508 3156 2748 3226 bigamos
2792 3166 2884 3211 aut
2914 3160 3164 3230 conjugia
3201 3164 3434 3219 sortien-

1862 3252 1943 3299 tes
1974 3245 2041 3299 ab
2085 3248 2204 3301 aliis
2234 3248 2509 3313 derelicta,
2556 3249 2668 3304 sive
2706 3250 2970 3319 quoslibet
3014 3262 3135 3321 post
3178 3256 3435 3323 pcrniteu—

1865 3337 2020 3399 tiam,
2057 3338 2139 3392 vel
2170 3340 2285 3393 sine
2318 3339 2528 3407 litteris,
2564 3340 2647 3394 vel
2674 3356 2900 3411 corpore
2932 3343 3164 3413 vitiatos,
3187 3345 3269 3401 vel
3300 3362 3432 3403 con-

1858 3427 2172 3494 ditionatos,
2206 3440 2299 3484 aut
2341 3432 2501 3485 curiae
2525 3431 2968 3503 publicarumque
2994 3450 3173 3489 rerum
3206 3439 3433 3495 nexibus

1857 3520 2181 3590 implicatos,
2227 3532 2319 3577 aut
2364 3524 2561 3592 passim
2592 3523 2736 3578 nulla
2788 3526 3045 3595 temporis
3088 3531 3435 3597 congruentis

1854 3616 2254 3670 examinatione
2286 3616 2560 3671 discussos
2588 3616 2785 3671 divinis
2828 3617 3126 3674 servituros
3162 3620 3435 3689 applicare

1854 3712 2159 3781 mysteriis;
2191 3727 2363 3783 neque
2394 3728 2492 3781 pro
2519 3727 2618 3767 suo
2648 3712 2800 3767 libito
2826 3713 2948 3782 jura
2976 3716 3230 3771 studeant
3257 3718 3431 3773 aliena

1854 3802 2172 3871 pervadere,
2196 3804 2396 3873 absque
2418 3803 2559 3860 sedis
2582 3804 2894 3875 apostolica
2914 3805 3059 3876 justa
3080 3807 3430 3878 dispositione

1853 3893 2156 3948 mandante.

1928 3982 2057 4036 Item
2083 3984 2147 4037 de
2172 3991 2283 4050 hoc,
2324 3987 2459 4038 titul.
2492 3984 2577 4039 16.
2609 3982 2923 4044 lllitteratos
2949 4005 3186 4059 quoque,
3212 4000 3268 4047 et
3298 4008 3432 4048 non-

1856 4075 1997 4128 nulla
2038 4084 2193 4144 parte
2233 4077 2476 4146 corporis
2507 4077 2841 4144 imminutos,
2881 4083 3000 4136 sine
3031 4082 3139 4138 ullo
3181 4093 3431 4155 respectu

1854 4168 1919 4222 ad
1966 4169 2388 4225 ecclesiasticum
2417 4170 2698 4226 didicimus
2742 4174 2927 4229 venire
2955 4175 3256 4243 servitium,
3285 4179 3432 4247 quod

1852 4260 2011 4314 simul
2062 4262 2280 4331 antiqua
2332 4263 2589 4331 traditio,
2634 4275 2689 4318 et
2730 4266 3043 4335 apostolicae
3089 4268 3232 4323 sedis
3277 4279 3431 4328 vetus

1852 4352 2021 4407 forma
2071 4369 2177 4408 non
2224 4355 2463 4423 recepit;
2496 4356 2621 4423 quia
2666 4371 2766 4412 nec
2808 4357 3002 4413 litteris
3031 4375 3224 4417 carens
3263 4363 3431 4419 sacris

1853 4459 1970 4498 esse
2000 4452 2177 4512 potest
2200 4452 2354 4513 aptus
2376 4443 2588 4513 officiis,
2615 4456 2670 4500 et
2693 4446 2942 4503 vitiosum
2972 4450 3107 4505 nihil
3127 4450 3238 4507 Deo
3270 4431 3427 4523 pror-

1857 4548 1946 4587 sus
1990 4531 2169 4588 oll'eni
2217 4534 2404 4603 lcgalia
2454 4546 2718 4606 praecepta
2762 4550 3077 4597 sanxerunt.
3126 4530 3311 4612 Itaque
3361 4544 3430 4599 de

1857 4634 2051 4680 crctcro
2084 4625 2254 4679 modis
2280 4624 2527 4680 omnibus
2558 4626 2670 4680 lucc
2707 4629 2958 4697 vitentur,
3007 4646 3109 4687 nec
3141 4634 3429 4706 quisquam

1857 4715 1974 4769 talis
2002 4715 2326 4784 suscipiatur
2357 4717 2408 4769 in
2441 4716 2641 4771 clerum
2670 4735 2681 4769 :
2722 4718 2766 4772 si
2795 4719 2887 4787 qui
2918 4735 3070 4789 vero,
3099 4722 3185 4777 vel
3212 4725 3430 4778 temeri-

1855 4814 1965 4859 tate
2004 4808 2260 4876 pr0pria,
2310 4807 2391 4861 vel
2431 4808 2637 4862 incuria
2683 4809 3079 4877 pmsidentium
3128 4812 3259 4867 tales
3303 4824 3429 4869 ante

1852 4898 2083 4965 suscepti
2115 4904 2259 4961 sunt,
2293 4893 2322 4933 ιι
2350 4900 2400 4950 in
2425 4899 2731 4952 constitutis
2762 4899 2890 4955 locis
2919 4910 3145 4957 eatenus
3176 4917 3425 4972 perseveo

1853 4996 1992 5051 rent,
2027 4996 2086 5040 ut
2132 4987 2259 5040 nihil
2289 5002 2521 5056 unquam
2554 4989 2908 5057 promotionis
2952 4992 3236 5060 arripiant,
3277 4994 3427 5047 satis-

1851 5093 1957 5147 que
2004 5080 2234 5134 habeant
2275 5079 2379 5133 hoc
2410 5079 2581 5149 ipsum
2626 5080 2727 5135 sibi
2757 5096 2855 5150 pro
2887 5081 3049 5136 nimia
3079 5083 3426 5139 miseratione

1852 5171 2191 5241 permissum.

2090 5308 2109 5327 ,
2149 5260 2236 5316 ιν.
2271 5261 2341 5318 Ut
2376 5261 2615 5333 neopltyti
2656 5279 2759 5318 non
2797 5264 3121 5319 ordinentur.

1923 5353 2119 5407 Concil.
2154 5351 2204 5405 Ν
2212 5354 2391 5418 ξοαεηο,
2422 5352 2505 5408 tit.
2536 5351 2591 5407 2.
2620 5354 2885 5421 Quoniam
2908 5354 3060 5424 plura
3091 5365 3181 5411 aut
3206 5372 3299 5425 per
3330 5374 3425 5414 ne-

1932 5533 1953 5602 ξ
1992 5529 2272 5602 Quantum,
2303 5530 2522 5602 Dionys.
2558 5530 2704 5602 EXiS-
2733 5540 2787 5585 ει
2814 5531 2946 5602 (ξοάο
2972 5530 3115 5602 βοει-
3151 5530 3310 5602 80m-

1935 5593 1948 5629 ¹
1984 5593 2276 5667 Ingereudi,
2310 5593 2528 5675 Dion'ys.
2558 5593 2711 5668 Exig.
2740 5611 2795 5656 et
2821 5600 2956 5659 Cod.
2982 5601 3128 5658 Eccl.
3160 5601 3318 5658 Rom.

1927 5666 2300 5729 i‘Commoniti.
2335 5672 2551 5729 Dionvs.
2584 5670 2731 5729 ExiR.
2765 5682 2821 5727 et
2847 5672 2980 5728 Cod.
3014 5672 3158 5729 Eccl.
3195 5672 3327 5727 Rom

1927 5688 1949 5704 υ
1977 5688 2300 5735 ιιοηιηιοηιιι,
2335 5688 2551 5743 uronys.
2584 5688 2731 5743 nxtg.
2765 5688 2821 5727 et
2847 5688 2980 5728 h0tl.
3014 5688 3158 5729 hcet.
3195 5688 3349 5727 nom.

1854 5813 1872 5865 ι
1925 5723 2172 5821 1έΕιςιιεί
2207 5744 2326 5797 libri
2365 5744 2565 5798 habent
2597 5746 2647 5797 in
2689 5745 2769 5798 his
2795 5744 2977 5815 quibus
3015 5745 3278 5800 constituti
3308 5753 3430 5801 utut

1875 5830 1997 5865 06.5.

1875 5830 1997 5867 06.8.
