4204 6542
737 404 841 467 859

1816 402 2152 463 CRISCONll
2192 396 2513 459 AFRICANI
2558 393 2864 455 EPISCOPI

3917 393 4021 453 8ιο

739 523 1067 588 cessitatem,
1100 528 1193 576 aut
1221 516 1355 576 alias
1383 515 1700 588 cogentibus
1730 517 2037 574 hominibus
2060 518 2319 574 adversus
2348 518 2402 577 Α
2498 510 2698 567 Concil.
2744 508 3169 582 Carthaginensi,
3213 509 3351 565 titul.
3387 507 3449 565 4.
3479 502 3552 566 Ut
3581 507 3637 565 in
3664 510 4020 566 sacramentis

741 613 1158 672 ecclesiasticam
1209 612 1349 668 facta
1404 619 1532 666 sunt
1576 610 1837 681 regulam,
1870 620 1928 665 ut
1972 610 2219 667 homines
2258 626 2327 667 ex

741 708 926 777 gentili
952 708 1061 761 vita
1092 719 1262 775 nuper
1291 702 1613 760 accedentes
1635 704 1701 758 ad
1732 702 1912 771 lidem,
1956 712 2008 758 et
2038 704 2328 760 instructos

743 801 895 858 brevi
927 809 1193 871 tempore,
1226 816 1353 856 mox
1383 801 1449 855 ad
1480 800 1753 856 lavacrum
1794 800 2036 872 spiritale
2062 800 2329 871 produce-

744 903 886 961 rent,
930 893 1199 963 simulque
1243 902 1303 948 ut
1347 892 1608 963 baptizati
1652 900 1779 947 sunt
1824 893 1891 948 ad
1933 892 2328 963 episcopatum,

746 984 831 1040 vel
859 985 1252 1057 presbyterium
1284 993 1689 1055 promoverent,
1713 984 1916 1054 Optime
1945 984 2166 1054 placuit,
2200 982 2332 1037 nihil

749 1076 856 1131 tale
897 1076 965 1131 de
1010 1076 1219 1145 reliquo
1248 1076 1361 1130 fieri
1391 1094 1404 1131 :
1436 1091 1562 1130 nam
1592 1085 1649 1131 et
1685 1084 1929 1145 tempore
1970 1090 2108 1147 opus
2139 1082 2223 1129 est
2260 1075 2330 1141 ei,

748 1166 841 1237 qui
866 1167 1256 1231 catechizatur,
1289 1174 1344 1221 et
1375 1174 1499 1235 post
1524 1166 1791 1235 baptisma
1822 1165 2143 1235 probatione
2170 1179 2334 1232 quam

752 1258 1023 1330 plurima;
1075 1255 1358 1312 manifesta
1399 1266 1482 1312 est
1524 1257 1663 1311 enim
1696 1255 1999 1327 apostolica
2044 1255 2334 1325 scriptura,

751 1364 874 1421 quae
901 1350 1031 1405 dicit
1055 1366 1068 1404 :
1102 1348 1218 1404 Non
1253 1350 1589 1420 neophytum
1619 1366 1687 1406 ne
1716 1350 1767 1403 in
1796 1349 2053 1419 superbia
2082 1350 2256 1404 elatus
2282 1349 2337 1404 in

748 1441 1012 1512 judicium
1059 1440 1279 1509 incidat,
1312 1449 1368 1497 et
1412 1442 1664 1511 laqueum
1693 1441 1914 1497 diaboli.
1949 1443 2005 1496 Si
2042 1457 2169 1497 vero
2208 1457 2337 1513 pro-

753 1545 909 1587 cessu
959 1531 1240 1602 temporis,
1274 1530 1494 1600 aliquod
1523 1531 1779 1599 delictum
1812 1532 2003 1587 anima:
2034 1532 2177 1588 circa
2218 1548 2341 1603 per-

754 1636 946 1677 sonam
978 1622 1280 1692 reperiatur
1307 1620 1638 1691 hujusmodi,
1669 1630 1725 1676 et
1746 1638 1775 1676 a
1801 1622 2033 1688 duobus,
2057 1622 2139 1676 vel
2172 1622 2341 1677 tribus

757 1713 985 1768 testibus
1020 1721 1308 1782 arguatur;
1360 1728 1391 1767 a
1436 1712 1582 1768 clero
1628 1714 1751 1767 talis
1791 1714 2076 1767 abstineat.
2121 1712 2177 1767 Si
2221 1712 2341 1782 quis

756 1812 938 1858 autem
981 1811 1176 1875 praeter
1220 1803 1336 1858 htec
1388 1801 1607 1864 fecerit,
1656 1803 1809 1871 quasi
1857 1812 2045 1856 contra
2090 1815 2339 1870 magnum

2431 604 2680 676 corporis
2699 612 2757 659 et
2784 603 3062 673 sanguinis
3091 603 3303 660 Domini
3320 603 3458 658 nihil
3484 604 3718 674 amplius
3738 603 4019 669 offeratur,

2432 713 2591 767 quam
2614 699 2730 767 ipse
2751 695 3010 752 Dominus
3034 696 3272 762 tradidit,
3293 696 3393 751 hoc
3414 706 3499 753 est
3518 712 3714 767 panem
3737 705 3794 750 et
3818 697 4019 761 vinum,

2432 805 2571 861 aqua
2600 788 2814 845 mistum
2859 808 2871 844 :
2906 788 3154 859 primitiae
3179 806 3310 846 vero
3337 806 3432 846 seu
3467 791 3611 857 mel,
3642 801 3698 845 et
3744 790 3851 858 lac,
3882 791 4025 859 quod

2431 901 2542 941 uno
2578 885 2663 940 die
2706 883 3109 939 solemnissimo
3155 885 3207 938 in
3260 884 3522 939 infantum
3570 884 3834 955 mysterio
3885 883 4025 937 solet

2435 978 2638 1046 offerri,
2669 978 2919 1049 quamvis
2948 980 3002 1033 in
3029 978 3185 1032 altari
3208 977 3522 1047 oderantur,
3545 994 3696 1033 suam
3722 988 3901 1033 tamen
3927 978 4027 1031 ha-

2435 1070 2599 1124 beant
2655 1071 2928 1140 propriam
2979 1070 3454 1139 benedictionem,
3502 1080 3559 1126 ut
3607 1086 3635 1124 a
3684 1078 4031 1126 sacramento

2437 1162 2699 1218 Dominici
2725 1162 2992 1231 corporis,
3026 1172 3082 1217 et
3127 1163 3410 1232 sanguinis
3449 1163 3882 1232 distinguantur;
3928 1177 4029 1217 nec

2439 1255 2676 1324 amplius
2706 1254 2759 1309 in
2786 1254 3042 1324 primitiis
3072 1254 3331 1310 olleratur
3357 1269 3516 1326 quam
3553 1254 3619 1309 de
3651 1254 3788 1319 uvis,
3820 1262 3876 1309 et
3917 1252 4031 1308 fru-

2439 1348 2657 1402 mentis.

2493 1459 2581 1515 γι.
2618 1457 2747 1529 Qum
2773 1460 2966 1529 species
2997 1459 3066 1513 ad
3097 1460 3263 1512 altare
3292 1473 3397 1512 non
3422 1459 3490 1511 ad
3516 1459 3857 1527 sacriﬁcium,
3891 1458 3983 1511 sed

2557 1530 2627 1583 ad
2648 1528 3051 1584 benedictionem
3082 1532 3363 1596 simplicem
3394 1531 3610 1582 debeant
3642 1540 3667 1567 ἰ
3701 1530 3903 1596 offerri.

2516 1638 2582 1693 In
2613 1641 2906 1695 Canonibus
2948 1641 3354 1711 Apostolorum,
3398 1644 3533 1696 titul.
3578 1641 3630 1695 4.
3682 1641 3880 1695 Olferri
3933 1656 4041 1696 non

2446 1730 2605 1787 liceat
2634 1732 2832 1800 aliquid
2863 1732 2929 1786 ad
2961 1733 3131 1786 altare
3161 1742 3355 1802 praeter
3386 1749 3553 1787 novas
3575 1735 3773 1803 spicas,
3803 1742 4037 1798 et-uvas,

2448 1831 2506 1875 et
2524 1821 2704 1877 oleum
2726 1822 2789 1877 ad
2806 1822 3087 1877 luminaria
3105 1832 3160 1877 et
3183 1825 3498 1894 thymiama,
3526 1825 3577 1879 id
3597 1834 3703 1892 est,
3730 1825 4039 1891 incensum,

758 1893 1050 1950 concilium
1079 1909 1139 1949 se
1169 1892 1417 1959 elTerens,
1461 1893 1578 1963 ipse
1605 1892 1673 1949 de
1701 1892 1988 1949 clericatus
2017 1893 2223 1950 honore
2250 1908 2343 1965 pe-
2374 1875 2421 1937 Β
2451 1875 2696 1981 ιωφνοτο
2723 1875 2831 1982 φιο
2859 1875 3635 1970 sana,

758 1984 1102 2040 riclitabitur.

830 2073 1028 2130 Concil.
1063 2074 1394 2143 Laodicensi,
1424 2076 1564 2130 titul.
1593 2077 1646 2133 5.
1678 2074 1752 2130 De
1792 2075 1874 2130 bis
1900 2074 1992 2144 qui
2024 2090 2193 2144 nuper
2221 2085 2347 2130 sunt

760 2165 1046 2221 illutninati
1094 2167 1438 2236 baptismate,
1468 2165 1613 2235 quod
1661 2181 1754 2221 eos
1798 2166 1851 2221 in
1883 2166 2207 2223 sacerdotali
2236 2182 2343 2223 non

762 2258 1049 2315 conveniat
1075 2258 1264 2314 ordine
1294 2261 1620 2329 promoveri.

832 2348 1033 2405 Concil.
1066 2348 1389 2415 Sardicensi,
1410 2352 1543 2404 titul.
1570 2351 1655 2405 i3.
1681 2350 1841 2407 Osius
1866 2352 2152 2423 episcopus
2172 2351 2309 2406 dixit
2332 2370 2343 2405 :

763 2438 831 2494 Et
854 2441 959 2496 hoc
989 2442 1352 2496 necessarium
1384 2444 1617 2498 arbitror
1637 2486 1651 2510 ,
1698 2454 1756 2498 ut
1797 2444 2205 2512 diligentissime
2236 2451 2349 2498 tra-

764 2531 922 2586 ctetis
946 2548 956 2582 :
984 2532 1029 2585 si
1047 2530 1185 2585 forte
1208 2538 1301 2584 aut
1324 2530 1495 2597 dives,
1518 2541 1610 2585 aut
1626 2532 1982 2588 scholasticus
2007 2533 2074 2588 de
2094 2532 2231 2599 foro,
2257 2541 2351 2587 aut

765 2636 834 2677 ex
881 2620 1345 2678 sdminisnratione
1380 2622 1665 2693 episcopus
1710 2622 1873 2677 fuerit
1911 2625 2244 2694 postulatus;
2291 2633 2351 2679 ut

765 2732 875 2771 non
904 2717 1054 2786 prius
1081 2716 1382 2783 ordinetur,
1403 2717 1502 2771 nisi
1529 2726 1584 2771 et
1608 2718 1828 2773 lectoris
1852 2734 2074 2774 munere
2096 2728 2152 2773 et
2171 2717 2351 2774 oflicio

764 2804 1000 2874 diaconi,
1030 2816 1121 2862 ant
1149 2808 1449 2880 presbyteri
1481 2808 1641 2864 fuerit
1662 2809 1995 2879 perfunctus.
2046 2860 2051 2865 .

841 2897 907 2953 Ut
936 2912 1033 2967 per
1060 2898 1303 2967 singulos
1324 2900 1518 2968 gradus
1542 2901 1587 2955 si
1610 2900 1801 2970 dignus
1826 2901 1987 2957 fuerit
2011 2901 2263 2957 ascendat
2287 2901 2353 2957 ad

767 2984 985 3041 culmen
1016 2986 1362 3057 episcopatus
1388 3006 1401 3042 :
1430 2996 1612 3058 potest
1640 2990 1783 3044 enim
1811 3005 1907 3060 per
1933 2991 2029 3047 has
2055 2992 2355 3062 promotio-

767 3093 866 3134 nes
888 3094 1007 3149 quce
1034 3080 1309 3135 habebunt
1345 3082 1530 3152 utique
1567 3083 1837 3153 prolixum
1870 3094 2102 3154 tempus,
2136 3085 2354 3155 probari

769 3186 875 3240 qua
917 3171 1019 3227 [ide
1056 3172 1144 3238 sit,
1191 3187 1296 3242 qua
1339 3173 1624 3238 modestia,
1671 3190 1777 3243 qua
1802 3177 2087 3243 gravitate,
2118 3185 2173 3231 et
2198 3192 2351 3231 vere-

771 3238 989 3329 cundia,
1020 3272 1075 3319 et
1103 3265 1149 3319 si
1175 3238 1365 3335 dignus
1394 3266 1557 3321 fuerit
1588 3238 1865 3337 probatus,
1898 3238 2083 3323 divino
2110 3269 2358 3325 sacerdo-
2385 3238 2434 3303 Ο

772 3354 852 3409 ιίο
882 3354 1207 3421 illustretur;
1257 3358 1381 3424 quia
1417 3358 1746 3413 conveniens
1782 3375 1889 3413 non
1918 3368 2020 3424 est,
2063 3374 2165 3415 nec
2196 3360 2355 3427 ratio,

774 3459 875 3499 nec
895 3444 1175 3515 disciplina
1200 3447 1421 3515 patitur,
1451 3454 1510 3501 ut
1536 3455 1760 3516 temere,
1787 3458 1843 3503 et
1862 3448 2055 3504 leviter
2077 3451 2360 3505 ordinetur

775 3542 869 3588 aut
894 3535 1203 3605 episcopus,
1236 3545 1330 3591 aut
1354 3538 1653 3609 presbyter,
1685 3547 1780 3593 aut
1803 3540 2085 3609 diaconus,
2110 3542 2200 3611 qui
2231 3557 2361 3597 neo-

776 3625 975 3699 phytus
1010 3636 1114 3696 est,
1144 3630 1379 3683 maxime
1409 3644 1531 3684 cum
1562 3639 1617 3685 et
1645 3631 1900 3700 magister
1926 3634 2163 3702 gentium
2218 3635 2363 3704 Apo-

777 3722 979 3788 stolus,
1010 3736 1109 3776 nec
1137 3723 1240 3777 hoc
1261 3721 1416 3778 fieret
1442 3722 1806 3787 denuntiasse,
1838 3732 1893 3778 et
1918 3726 2255 3795 prohibuisse
2280 3728 2363 3781 vi-

778 3811 1004 3878 deatur;
1030 3811 1124 3866 sed
1142 3812 1193 3865 bi
1216 3827 1445 3883 quorum
1470 3828 1565 3883 per
1586 3813 1802 3883 longum
1826 3824 2039 3887 tempus
2060 3817 2365 3875 examinata

777 3908 849 3964 sit
870 3907 1000 3974 vita,
1032 3914 1085 3961 et
1111 3905 1305 3962 merita
1336 3906 1533 3961 iuerint
1562 3909 1934 3976 eomproba‘a.

855 3998 936 4052 Ex
982 3999 1171 4053 decret.
1222 4015 1374 4067 papte
1423 3995 1629 4063 Leonis,
1674 4002 1755 4057 tit.
1805 4000 1895 4054 53.
1934 4002 1989 4056 In
2036 4002 2365 4070 civitatibus,

781 4105 1011 4160 quarum
1045 4099 1285 4145 rectores
1314 4090 1566 4157 obierint,
1592 4093 1659 4148 de
1678 4093 2066 4151 substitueudis
2096 4097 2369 4167 episcopis

785 4187 899 4237 hate
926 4180 1095 4234 forma
1116 4191 1383 4249 servetur,
1406 4191 1465 4237 ut
1489 4183 1533 4237 is
1559 4184 1648 4252 qni
1672 4186 2004 4242 ordinandus
2029 4197 2129 4253 est,
2157 4189 2369 4243 etiamsi

786 4273 945 4328 bonae
973 4272 1097 4327 vita:
1126 4273 1435 4328 testimonio
1462 4274 1731 4339 fulcialur,
1761 4292 1867 4331 non
1897 4277 2082 4347 laicus,
2107 4295 2211 4333 non
2236 4297 2370 4336 neo-

786 4364 1004 4435 pbytus,
1050 4379 1148 4419 nec
1194 4366 1440 4419 secunda:
1479 4367 1723 4436 e0njngis
1768 4370 1839 4422 sit
1876 4372 2122 4434 maritus,
2156 4381 2253 4426 aut
2278 4374 2370 4442 qui

787 4471 951 4510 unam
981 4456 1197 4527 quidem
1244 4458 1443 4512 habeat
1488 4460 1573 4513 vel
1621 4461 1887 4527 habuerit,
1928 4463 2021 4517 sed
2070 4480 2229 4533 quam
2269 4466 2370 4521 sibi

788 4547 1002 4603 viduam
1048 4548 1334 4617 copularit.
1379 4549 1730 4605 Sacerdotqu
1769 4554 1910 4606 enim
1946 4561 2052 4607 tam
2098 4557 2369 4615 excellens

788 4648 873 4697 est
899 4640 1110 4707 electio,
1158 4649 1218 4695 ut
1264 4642 1398 4708 hmo,
1429 4657 1550 4711 qua:
1582 4644 1633 4696 in
1680 4644 1797 4697 aliis
1829 4646 2082 4701 membris
2114 4645 2367 4703 Ecclesitc

790 4746 900 4786 non
931 4739 1192 4786 vocantur
1235 4731 1303 4786 ad
1344 4734 1578 4801 culpam,
1627 4734 1678 4787 in
1725 4734 1829 4790 illis
1877 4742 2056 4789 tamen
2101 4736 2371 4795 habentur

789 4822 994 4879 illicita.

901 4929 967 4987 Υ.
999 4929 1065 4987 Ut
1094 4934 1387 5015 nihilhaliud
1412 4935 1466 4987 in
1494 4936 1806 5015 sacri/icitur:
1836 4949 2021 5007 prteter
2044 4943 2101 4997 id
2128 4946 2266 5015 quod

1204 5003 1454 5058 Dominus
1481 5003 1659 5059 statuit
1686 5003 1956 5075 offeratur.

872 5120 937 5173 In
965 5117 1258 5173 (Iunonibus
1286 5122 1666 5189 Apostolorum,
1700 5124 1835 5179 titul.
1860 5124 1913 5178 5.
1943 5125 1995 5180 Si
2019 5129 2138 5196 quis
2161 5139 2373 5199 episco-

798 5227 922 5279 pus,
945 5219 1035 5264 aut
1056 5210 1352 5280 presbyter,
1377 5223 1571 5281 praeter
1590 5212 1979 5271 ordinationem
2011 5216 2238 5286 Domini,
2272 5222 2374 5275 alia

797 5303 1042 5369 quaedam
1084 5302 1137 5355 in
1167 5302 1427 5357 sacrilicio
1456 5302 1647 5358 olferat
1674 5319 1837 5375 super
1861 5307 2054 5375 altare,
2086 5310 2137 5362 id
2171 5320 2252 5364 est
2286 5320 2379 5365 aut

801 5393 925 5455 mel,
953 5400 1044 5445 aut
1072 5392 1175 5456 lac,
1206 5400 1299 5445 aut
1324 5408 1420 5461 pro
1440 5393 1565 5448 vino
1585 5396 1836 5463 siceram,
1860 5409 1950 5451 aut
1971 5399 2215 5454 confecta
2242 5418 2378 5472 qua:-

801 5480 943 5548 dam,
970 5490 1064 5536 aut
1083 5482 1340 5548 volatilia,
1367 5494 1458 5537 aut
1478 5486 1726 5540 animalia
1746 5488 1947 5557 aliqua,
1971 5499 2062 5545 aut
2088 5492 2377 5564 legumina,

802 5582 992 5627 contra
1018 5575 1455 5632 constitutionem
1480 5575 1689 5634 Domini
1719 5576 1943 5652 faciens,
1972 5598 2210 5654 congruo
2239 5594 2380 5644 tem-

807 5678 940 5735 pore
969 5666 1293 5736 deponatur.

887 5833 912 5863 ι
941 5823 1156 5896 Excusi,
1185 5827 1430 5885 exhiberi.

2486 2021 2591 2077 Vll.
2630 2023 2697 2078 Ut
2724 2040 2785 2077 ea
2812 2041 2925 2093 qut:
2958 2027 3011 2079 in
3043 2025 3269 2080 ecclesiis
3298 2028 3476 2095 o/ferri
3512 2045 3613 2081 non
3654 2039 3893 2096 possunt,
3922 2030 3991 2081 ad

2643 2096 2820 2149 domos
2846 2098 3171 2150 sacerdotum
3196 2115 3226 2150 a
3252 2098 3491 2166 ﬁdelibus
3519 2102 3846 2169 deferantur.

2524 2206 2623 2262 Ubi
2649 2224 2827 2275 supra,
2864 2209 2943 2261 tit.
2988 2207 3040 2262 5.
3076 2207 3303 2278 Reliqua
3333 2225 3493 2280 poma
3537 2212 3739 2276 omnia,
3772 2211 4043 2280 primitiae,

2448 2297 2515 2352 ad
2543 2296 2762 2352 domum
2802 2298 3058 2368 episcopo
3100 2307 3155 2354 et
3197 2299 3528 2371 presbyteris
3574 2300 3895 2370 dirigantur,
3946 2318 4050 2356 nec

2450 2389 2747 2447 oderantur
2775 2390 2829 2444 in
2878 2392 3055 2445 altari.
3089 2391 3307 2446 Certum
3340 2403 3422 2447 est
3449 2401 3627 2446 autem
3659 2393 3804 2461 quod
3837 2395 4050 2462 episco-

2451 2498 2551 2552 pus
2580 2490 2637 2538 et
2664 2482 2965 2555 presbyteri
2993 2482 3234 2537 dividant
3264 2493 3319 2539 et
3347 2484 3586 2540 diaconis
3610 2494 3665 2538 et
3684 2486 3907 2554 reliquis
3941 2486 4051 2540 cle-

2452 2576 2595 2631 rieis.

2454 2685 2586 2741 Vill.
2628 2685 2694 2741 Ut
2734 2687 3005 2759 episcopus
3036 2695 3123 2740 aut
3154 2688 3418 2759 presbyter
3458 2705 3669 2742 uxorem
3715 2706 3863 2742 suam
3894 2706 4054 2759 quam

2759 2758 2906 2811 debet
2936 2769 3075 2812 caste
3106 2776 3304 2829 regere,
3337 2775 3438 2812 non
3468 2760 3750 2830 relinquat.

2528 2847 2595 2903 In
2623 2848 2921 2905 Canonibus
2948 2850 3332 2920 Apostolorum,
3367 2852 3500 2905 titul.
3544 2852 3594 2904 6.
3630 2851 3777 2922 Epist
3798 2868 3935 2923 opus
3962 2864 4055 2909 aut

2458 2941 2742 3010 presbyter
2772 2956 2997 2995 uxorem
3028 2943 3301 3012 propriam
3333 2958 3668 3013 nequaquam
3700 2946 3801 3000 sub
3831 2948 4053 3001 obtentu

2458 3031 2734 3100 religionis
2759 3032 2996 3101 abjiciat.
3028 3032 3084 3087 Si
3126 3050 3257 3090 vero
3306 3036 3578 3105 reiecerit,
3615 3042 4057 3096 cxcommunice-

2460 3131 2581 3191 tur;
2613 3123 2710 3179 sed
2738 3124 2784 3178 si
2815 3128 3262 3195 perseveraverit,
3291 3127 3595 3198 dejiciatur.

2550 3238 2643 3296 IX.
2672 3240 2740 3296 Ut
2768 3242 3061 3298 sacerdotes
3092 3254 3140 3298 et
3166 3244 3388 3300 ministri
3416 3248 3601 3303 altaris
3632 3251 3969 3307 swcularibus

3018 3316 3155 3369 curis
3182 3317 3493 3374 abstineant.

2540 3422 2640 3477 Ubi
2682 3439 2863 3493 supra,
2905 3424 3043 3478 titul.
3071 3424 3124 3477 7.
3156 3423 3477 3497 Episcopus,
3508 3438 3602 3483 aut
3630 3432 3935 3503 presbyter,
3965 3441 4060 3487 aut

2464 3518 2746 3585 diaconus,
2768 3533 3112 3588 nequaquam
3134 3522 3420 3579 saeculares
3443 3540 3599 3583 curas
3627 3539 3945 3599 assumant;
3976 3533 4060 3588 sin

2466 3607 2646 3673 aliter,
2673 3608 3012 3677 dejiciantur.
3221 3613 3231 3623 '

2754 3720 2821 3777 Χ.
2854 3720 2968 3787 Quo
2999 3734 3223 3797 tempore
3250 3728 3463 3785 Pascna
3491 3734 3795 3793 celebretur.

2543 3833 2641 3890 Ubi
2663 3852 2843 3904 supra,
2877 3838 2956 3890 tit.
2989 3837 3043 3893 8.
3075 3839 3135 3894 Si
3157 3842 3277 3910 quis
3301 3844 3605 3916 episcopus,
3636 3860 3728 3903 aut
3752 3852 4065 3924 presbyter,

2470 3934 2562 3981 aut
2607 3927 2866 3983 diaconus
2910 3937 3158 3985 sanetum
3204 3930 3424 3989 Pascha:
3465 3935 3606 3993 diem
3658 3950 3789 3997 ante
3836 3945 4062 4000 vernale

2470 4019 2853 4089 aequinoctium
2886 4034 3009 4074 cum
3033 4018 3232 4079 Judaeis
3258 4024 3630 4095 celebraverit,
3657 4031 3967 4099 abjiciatur.

2543 4113 2776 4170 Concilio
2808 4117 3149 4183 Antiocheno,
3182 4120 3317 4175 titul.
3363 4121 3417 4175 1.
3461 4122 3660 4181 Omnes
3687 4128 3777 4197 qui
3804 4131 3923 4186 ausi
3954 4130 4067 4188 fue-

2472 4205 2582 4260 rint
2608 4205 2905 4261 dissolvere
2932 4207 3299 4265 definitionem
3332 4214 3505 4267 sancti
3529 4223 3585 4269 et
3612 4218 3793 4286 magni
3825 4222 4067 4285 concilii,

2473 4297 2617 4369 quod
2644 4298 2785 4367 apud
2831 4297 3063 4353 Nicaeam
3101 4311 3484 4372 congregatum
3523 4314 3604 4361 est
3650 4308 3752 4362 sub
3779 4313 4067 4378 praesentia

2474 4388 2698 4458 piissimi
2726 4396 2781 4441 et
2808 4390 3099 4444 venerandi
3126 4391 3383 4462 principis
3404 4392 3758 4462 Constantini,
3785 4400 3853 4455 de
3875 4402 4069 4456 Saluti-

2476 4479 2587 4534 fera
2626 4480 2975 4536 solemnitate
3014 4484 3392 4540 sacratissima:
3423 4488 3657 4552 Paschze,
3691 4496 4069 4549 excommuni-

2404 4609 2454 4669 ο
2478 4570 2680 4625 candos
2710 4580 2762 4625 et
2801 4571 2869 4626 de
2913 4572 3155 4628 Ecclesia
3190 4576 3469 4645 pellendos
3497 4594 3617 4635 esse
3645 4596 3938 4640 censemus
3978 4605 3991 4639 :
4027 4588 4070 4641 si

2481 4668 2661 4716 tamen
2688 4664 3077 4719 contentiosius
3122 4667 3380 4725 adversus
3406 4686 3469 4726 ea
3497 4687 3615 4742 quae
3656 4675 3796 4731 bene
3823 4689 3954 4732 sunt
3978 4678 4070 4734 de-

2481 4760 2632 4807 creta
2662 4754 3013 4822 priestiterint
3040 4765 3096 4811 et
3123 4758 3239 4814 haec
3264 4762 3480 4829 quidem
3502 4764 3570 4818 de
3590 4764 3740 4823 laicis
3769 4768 3914 4824 dicta
3940 4772 4065 4825 sint.

2481 4843 2538 4899 Si
2566 4845 2689 4913 quis
2729 4854 2911 4900 autem
2941 4863 3127 4903 eorum
3154 4853 3245 4921 qui
3274 4868 3506 4921 praeesse
3548 4868 3848 4914 noscuntur
3877 4860 4068 4917 Eccle-

2482 4936 2594 5001 siae,
2622 4944 2717 4990 aut
2743 4938 3045 5008 episcopus,
3079 4951 3171 4996 aut
3195 4945 3496 5018 presbyter,
3523 4959 3615 5003 aut
3634 4950 3921 5020 diaconus,
3951 4964 4069 5025 post

2484 5025 2623 5080 hanc
2651 5025 3015 5085 definitionem
3046 5035 3332 5088 tentaverit
3361 5036 3427 5090 ad
3453 5039 3861 5097 subversionem
3893 5062 4066 5115 popu-

2483 5116 2695 5182 lorum,
2756 5117 3224 5193 Ecelesiarumque
3268 5128 3766 5196 perturbationem,
3820 5149 4065 5190 seorsum

2482 5208 2735 5276 colligere
2781 5218 2981 5266 etcum
3024 5210 3224 5269 Iudaeis
3261 5214 3467 5272 Pascha
3520 5220 3840 5279 celebrare:
3887 5238 4068 5281 sancta

2482 5299 2719 5369 synodus
2739 5301 2884 5356 hunc
2904 5303 3135 5358 alienum
3154 5304 3266 5374 jam
3288 5308 3413 5363 hinc
3432 5310 3500 5365 ab
3516 5309 3752 5367 Ecclesia
3772 5314 4033 5383 judicavt
4054 5338 4066 5385 ;

2484 5390 2627 5459 quod
2663 5406 2770 5445 non
2812 5392 2986 5447 solum
3024 5393 3145 5457 sibi,
3171 5395 3263 5450 sed
3292 5403 3346 5452 et
3388 5399 3629 5467 plurimis
3674 5418 3841 5459 causa
3890 5423 4067 5461 corru-

2484 5481 2684 5550 ptionis
2703 5490 2759 5537 et
2784 5484 3203 5566 perturbationis
3227 5488 3521 5556 exstiterit;
3554 5507 3653 5548 nec
3682 5494 3859 5551 solum
3889 5499 4020 5553 tales
4040 5515 4067 5552 a

2486 5575 2781 5630 ministerio
2811 5586 3088 5645 removet;
3116 5579 3211 5635 sed
3240 5581 3401 5635 etiam
3432 5583 3552 5639 illos
3574 5587 3665 5654 qui
3693 5597 3819 5657 post
3842 5590 4065 5645 damna-

2485 5667 2685 5726 tionem
2729 5670 3036 5742 hujusmodi
3077 5674 3476 5734 communicare
3518 5684 3847 5740 tentaverint
3876 5704 3889 5740 :
3920 5687 4069 5742 dam-
