4204 6546
185 422 281 481 841

1366 417 1785 473 BIIEVIARIUM
1828 416 2241 472 (IASUMUUM.

3330 411 3434 466 8l2

182 545 339 589 natos
374 542 555 589 autem
587 534 732 588 omni
763 547 976 602 quoque
1016 533 1352 588 extrinsecus
1398 534 1602 585 honore
1649 530 1754 599 pri—
1789 535 1834 589 Α
1938 527 2134 581 Cancil.
2164 527 2515 586 Antiochensi,
2550 530 2628 578 tit.
2663 527 2706 577 ’i.
2742 525 2795 580 Si
2825 524 2943 594 quis
2974 522 3253 592 episcopus
3283 523 3429 577 dam—

184 627 315 689 vari,
346 640 505 695 quem
539 633 727 679 sancta
769 624 949 693 regula
982 637 1035 679 et
1086 624 1443 679 sacerdotiqu
1492 623 1583 678 Dei
1629 638 1757 692 pro-

179 717 395 769 meruit.

179 827 267 883 XI.
309 830 460 895 Quod
475 831 702 884 ministri
728 830 926 889 altaris,
955 829 1212 910 oblatione
1238 826 1511 892 celebrata,
1541 827 1759 881 debeant

771 916 1163 952 communicare.

247 989 316 1043 In
356 990 649 1044 (lenonibus
698 993 1078 1057 Apostolorum,
1127 993 1203 1042 tit.
1237 991 1290 1043 υ.
1317 990 1373 1044 Si
1404 992 1523 1058 quis
1549 991 1759 1061 episco-

175 1099 294 1150 pus,
329 1093 425 1136 aut
454 1086 756 1152 presbyter,
793 1095 886 1135 aut
914 1083 1192 1147 diaconus,
1222 1083 1306 1136 vel
1330 1085 1554 1151 quilibet
1581 1100 1645 1138 ex
1671 1100 1757 1137 sa-

172 1173 433 1227 cerdotali
455 1173 721 1240 catalogo,
741 1172 876 1227 facta
896 1173 1188 1237 oblatione,
1206 1189 1310 1226 non
1333 1175 1760 1228 conuuunicave-

174 1266 271 1327 rit;
302 1273 395 1317 aut
418 1278 635 1317 causam
659 1264 823 1323 dicat,
850 1263 967 1316 utsi
992 1265 1320 1318 rationabilis
1341 1264 1521 1330 fuerit,
1546 1267 1754 1319 veniam

172 1363 565 1421 consequatur;
594 1361 685 1406 aut
714 1354 757 1407 si
789 1369 895 1406 non
924 1353 1139 1416 dixerit,
1171 1356 1552 1409 communione
1582 1370 1758 1424 prive-

174 1455 278 1507 tur,
330 1452 586 1510 tanquam
629 1444 720 1512 qui
768 1444 967 1511 populo
999 1459 1158 1496 causa
1205 1445 1433 1497 lmsionis
1467 1447 1753 1511 exstiterit,

172 1537 305 1589 dans
335 1536 694 1603 suspicionem
724 1535 791 1589 de
818 1552 883 1590 eo
911 1536 1001 1604 qui
1033 1536 1411 1590 sacrificaverit
1438 1534 1580 1604 quod
1610 1548 1755 1590 recte

171 1642 276 1680 non
303 1628 519 1681 obtulit.

295 1736 409 1790 XII.
446 1735 598 1801 Quod
629 1739 807 1806 fideles
831 1738 950 1790 laici
981 1737 1331 1805 ingredientes
1357 1739 1623 1792 ecclesiam

651 1810 1026 1861 communicare
1048 1810 1287 1861 debeant.

1868 625 2026 670 natus
2068 630 2096 669 a
2150 617 2376 687 synodo,
2427 617 2510 670 vel
2557 616 2837 687 presbyter
2875 623 2968 668 aut
2997 614 3253 668 diaconus
3283 628 3313 666 a
3341 630 3442 668 suo

1861 708 2140 776 episcolio,
2187 711 2301 760 ausi
2347 708 2547 762 fuerint
2588 708 2784 785 aliquid
2834 710 2901 763 de
2947 707 3243 761 ministerio
3283 722 3437 762 sacro

1861 796 2195 863 contingere,
2230 796 2343 851 sive
2372 798 2677 866 episcopus,
2705 799 2857 864 juxta
2890 798 3281 867 pra-cedentem
3309 813 3437 853 cou-

1860 885 2222 951 suetu-Jinem,
2248 887 2361 940 sive
2379 888 2678 957 presbyter,
2699 889 3084 947 autdiaconus.
3111 888 3255 942 nullo
3279 890 3439 941 modo

1860 976 2018 1031 liceat
2046 977 2114 1041 ei,
2148 993 2247 1031 nec
2289 978 2339 1031 in
2385 978 2485 1030 alia
2516 978 2721 1047 swodo
2747 981 3103 1034 restitutionis
3156 997 3305 1049 spem
3345 994 3440 1035 aut

1860 1068 2037 1121 locum
2068 1066 2266 1121 habere
2311 1066 2724 1130 satisfactiouis;
2769 1069 2862 1124 sed
2895 1078 2949 1122 et
2978 1071 3442 1125 communicantes

1860 1160 1907 1213 ei
1944 1174 2140 1213 omnes
2186 1160 2343 1227 abjici
2374 1161 2442 1216 de
2475 1161 2735 1227 Ecclesia,
2774 1172 2827 1217 et
2875 1165 3109 1218 maxime
3146 1167 3189 1218 si
3222 1174 3439 1233 postea-

1857 1263 2018 1317 quam
2081 1248 2367 1303 didicerint
2454 1251 2708 1305 adversus
2778 1264 3106 1309 memoratos
3173 1256 3439 1323 prolatam

1858 1339 2023 1393 fuisse
2051 1342 2394 1406 sententiam,
2424 1340 2631 1395 eisdem
2663 1345 3063 1399 communicare
3096 1348 3437 1400 teutaverint.

1928 1431 2121 1484 Concil.
2172 1430 2443 1503 Cartliag.,
2497 1435 2629 1487 titul.
2677 1434 2728 1489 9.
2777 1436 3105 1502 Augustinus
3152 1440 3440 1507 episcopus

1856 1520 2064 1588 legatus
2090 1522 2376 1589 provincia)
2422 1524 2680 1579 Numidia:
2708 1527 2879 1580 dixit:
2919 1528 3029 1582 Hoc
3073 1538 3310 1585 statuere
3355 1531 3435 1584 tli-

1855 1614 2111 1678 gnemini,
2138 1625 2195 1667 ut
2218 1616 2260 1670 si
2285 1617 2375 1684 qui
2406 1617 2546 1672 forte
2578 1620 2771 1673 merito
2802 1620 3095 1675 facinorum
3122 1640 3339 1678 suorum
3367 1627 3435 1678 ab

1854 1702 2089 1758 Ecclesia
2122 1706 2258 1775 pulsi
2306 1718 2450 1771 sunt,
2491 1718 2545 1763 et
2587 1711 2699 1764 sive
2738 1712 2805 1764 ab
2845 1712 3024 1779 aliquo
3054 1714 3311 1785 episcopo
3355 1725 3437 1770 vel

1854 1794 2175 1864 presbytero
2206 1795 2403 1851 fuerint
2434 1797 2486 1851 in
2513 1801 2949 1855 communionem
2980 1804 3243 1872 suscepti,
3274 1806 3438 1858 etiam

243 1897 343 1951 Ubi
373 1914 553 1966 supra,
586 1899 664 1951 tit.
699 1896 784 1949 IO.
814 1896 1011 1952 Omnes
1043 1896 1226 1951 lidelcs
1256 1898 1344 1965 qui
1380 1898 1751 1965 ingrediuntur
1782 1880 1830 1938 Β
1860 1885 1975 1954 ipse
2005 1887 2118 1952 pari
2147 1903 2267 1940 cum
2300 1889 2376 1942 eis
2418 1890 2644 1945 crimine
2669 1900 2920 1945 teneatur
2951 1894 3238 1955 obnoxius,
3294 1896 3438 1949 refu-

170 1988 491 2051 Ecclesiam,
526 1997 582 2041 et
609 1988 913 2055 Scripturas
942 1987 1185 2053 audiunt,
1222 2004 1325 2040 non
1355 1997 1536 2041 autem
1566 2003 1749 2056 perse-

168 2087 362 2132 verant
387 2079 439 2132 in
471 2078 739 2141 oratione,
770 2092 870 2131 nec
897 2087 1139 2131 sanctam
1166 2079 1597 2132 communionem
1626 2094 1748 2147 per-

168 2172 401 2238 cipiunt,
440 2170 588 2223 velut
613 2168 1010 2237 inquietudiues
1032 2167 1286 2223 Ecclesia:
1320 2178 1747 2237 commoventes,

160 2263 423 2317 convenit
451 2261 829 2316 communione
854 2260 1073 2327 privari.

236 2353 441 2407 Concil.
475 2354 815 2414 Antiocheno,
846 2354 926 2405 tit.
958 2352 1009 2405 ‘2.
1037 2349 1238 2406 Omnes
1258 2354 1347 2423 qui
1374 2354 1748 2420 ingrediuntur

167 2444 464 2498 Ecclesiam
517 2442 633 2505 Dei,
680 2450 735 2496 et
774 2441 1083 2509 Scripturas
1128 2457 1313 2497 sacras
1359 2444 1602 2509 audiunt,
1649 2460 1750 2499 nec

162 2532 571 2587 communicant
605 2532 658 2585 in
683 2532 931 2585 oratione
958 2546 1081 2584 cum
1112 2532 1333 2600 populo,
1365 2533 1459 2586 sed
1489 2549 1587 2602 pro
1616 2550 1747 2603 qua-

162 2630 286 2679 dam
315 2624 638 2693 intemperie
663 2638 723 2678 se
746 2638 776 2676 a
807 2623 1155 2692 perceptione
1190 2633 1388 2678 sancta:
1415 2626 1747 2679 communio-

158 2718 246 2769 nis
284 2724 561 2781 avertunt,
578 2714 621 2768 .ii
644 2714 713 2769 de
734 2713 968 2768 Ecclesia
994 2724 1372 2768 removeantur
1392 2718 1629 2785 quandiu
1655 2732 1749 2785 per

160 2804 558 2860 confessionem
588 2801 916 2872 pmnitentiie
960 2801 1167 2856 fructus
1207 2803 1515 2869 ostendant,
1545 2813 1600 2856 et
1628 2820 1749 2873 pre-

161 2896 319 2950 cibus
343 2894 732 2961 indulgentiam
758 2902 1196 2961 consequantur;
1228 2908 1352 2948 cum
1380 2896 1749 2947 excommuni-

161 2985 298 3038 catis
327 2992 510 3038 autem
551 2998 659 3037 non
706 2982 869 3037 licere
906 2983 1339 3048 communicare;
1372 2999 1472 3038 nec
1511 2999 1632 3037 cum
1663 2983 1747 3039 his

156 3076 251 3143 qui
284 3090 388 3145 per
415 3073 607 3128 domos
633 3073 978 3137 conveniunt,
1009 3072 1311 3127 devitantes
1350 3074 1624 3128 orationes
1651 3072 1749 3127 Ec—

156 3165 364 3229 clesias,
398 3162 557 3217 simul
588 3161 850 3221 orandum
891 3170 1005 3227 est;
1039 3162 1105 3215 ab
1132 3163 1235 3215 alia
1262 3178 1477 3232 quoque
1508 3163 1747 3218 Ecclesia

1858 1978 2041 2044 giente
2080 1981 2160 2031 sui
2200 1982 2441 2051 episc0pi
2475 1983 2718 2049 regulare
2749 1983 3025 2051 judicium.
3064 1986 3142 2040 Ab
3174 1987 3438 2044 universis

1853 2072 2120 2139 episcOpis
2144 2071 2345 2126 dictum
2373 2082 2455 2127 est
2480 2092 2496 2129 :
2520 2075 2777 2129 Omnibus
2801 2076 2994 2144 placet.

1960 2180 2072 2236 XV.
2113 2182 2181 2237 Ut
2213 2185 2383 2239 nullus
2411 2187 2639 2254 ﬁdelium
2669 2199 2857 2253 pra'ter
2883 2193 3329 2248 commendatilias

2338 2259 2651 2324 suscipiatur
2679 2260 2946 2327 epistolas.

1924 2343 1987 2397 In
2011 2344 2302 2400 Canonibus
2328 2348 2708 2415 Apostolorum,
2741 2352 2820 2402 tit.
2850 2352 2932 2405 15.
2967 2354 3020 2407 Si
3052 2355 3170 2423 quis
3198 2356 3427 2412 clericus

1849 2445 1941 2490 aut
1981 2436 2149 2491 laicus
2178 2453 2207 2490 a
2238 2439 2617 2493 communione
2659 2456 2970 2508 suspensus,
3005 2460 3098 2498 seu
3129 2449 3422 2501 communi-

1848 2546 1994 2593 satis,
2029 2531 2094 2583 ad
2124 2532 2351 2585 alteram
2392 2540 2648 2600 properet
2677 2534 2973 2597 civitatein,
3016 2546 3072 2589 et
3112 2539 3434 2606 suscipiatur

1850 2628 2042 2685 prater
2071 2620 2542 2675 commendatitias
2572 2622 2853 2690 epistolas;
2888 2619 2943 2678 et
2972 2627 3061 2694 qui
3092 2629 3392 2696 suscipiunt
3419 2672 3431 2688 .

1853 2719 1909 2763 et
1930 2711 2021 2778 qui
2056 2719 2332 2779 susceptus
2352 2721 2436 2765 est
2463 2715 2843 2769 communione
2866 2716 3165 2784 priventur.
3200 2719 3433 2774 Exeunt-

1850 2801 2123 2854 municato
2152 2816 2283 2855 vero
2328 2802 2627 2869 proteletur
2672 2804 2787 2872 ipsa
2823 2810 3129 2877 correptio,
3176 2819 3428 2880 tauquam

1846 2893 1939 2960 qui
1970 2893 2227 2947 mentitus
2257 2891 2552 2947 Ecclesiam
2590 2894 2683 2948 Dei
2706 2895 3002 2951 seduxerit.

1919 2981 2114 3036 Concil.
2134 2983 2398 3049 Antiocli.,
2423 2986 2557 3037 titul.
2583 2985 2614 3037 7
2637 2993 2692 3039 et
2722 2984 2774 3041 8.
2814 2986 3001 3043 Nullus
3024 2993 3429 3059 peregrinorum

1848 3077 1965 3132 sine
1993 3076 2245 3146 paciﬁcis,
2272 3078 2322 3131 id
2351 3087 2452 3143 est,
2482 3081 2933 3136 commendatitiis
2961 3084 3289 3154 suscipiatur
3318 3090 3433 3157 epi-

1851 3169 2036 3232 stolis;
2076 3170 2371 3239 presbyteri
2420 3172 2513 3238 qui
2544 3180 2672 3227 sunt
2720 3172 2774 3226 in
2804 3174 2963 3240 agris,
2992 3177 3291 3233 canonicas
3319 3182 3433 3250 epi-

161 3270 267 3310 non
309 3253 717 3323 suscipiendum
752 3254 841 3321 qui
873 3254 924 3307 in
957 3253 1059 3307 alia
1088 3254 1307 3309 minime
1348 3267 1743 3324 congregatur:
1779 3230 1821 3289 Ο
1852 3260 2019 3315 stolas
2048 3260 2177 3315 dare
2224 3276 2331 3316 non
2376 3272 2620 3332 possunt,
2656 3264 2731 3317 ad
2779 3265 2928 3321 solos
2973 3274 3181 3322 tantum
3232 3230 3435 3326 viciuros

160 3349 202 3400 si
229 3347 353 3417 quis
389 3355 568 3400 autem
596 3345 665 3399 de
689 3345 973 3414 episcopis,
1007 3354 1099 3398 aut
1131 3346 1480 3415 presbyteris,
1512 3354 1605 3399 aut
1634 3346 1749 3400 dia-

156 3440 336 3503 conis,
365 3452 467 3492 seu
492 3437 716 3505 quilibet
745 3453 811 3491 ex
841 3436 1010 3500 clero,
1041 3435 1410 3506 deprehensus
1438 3436 1599 3491 fuerit
1626 3453 1748 3491 cum

162 3526 660 3581 excommunicatis
690 3540 867 3589 orare,
903 3526 1069 3579 etiam
1101 3526 1203 3580 iste
1241 3526 1480 3595 privetur
1508 3540 1750 3579 commu-

160 3617 346 3679 nione,
383 3625 642 3685 tanquam
668 3615 756 3683 qui
784 3617 1028 3683 regulam
1057 3615 1350 3670 confundat
1381 3615 1655 3670 Ecclesizn.

213 3728 354 3783 XIII.
393 3728 549 3795 Quod
570 3744 685 3782 cum
713 3730 1168 3782 excommunicatis
1189 3746 1290 3782 non
1322 3729 1387 3781 sit
1411 3730 1689 3784 orandum.

225 3841 295 3897 In
318 3841 624 3896 (Iunonibus
649 3841 852 3910 Apost.,
887 3842 1021 3894 titul.
1048 3841 1139 3895 Il.
1167 3840 1223 3895 Si
1249 3842 1369 3909 quis
1394 3856 1516 3895 cum
1544 3856 1752 3896 excom-

153 3938 443 3991 municato
464 3936 657 3989 saltem
683 3936 733 3987 in
753 3935 914 3989 domo
934 3935 1089 3989 simul
1116 3938 1371 3997 oraverit,
1397 3936 1495 3989 iste
1518 3951 1751 3990 commu-

160 4030 323 4082 nione
350 4028 615 4095 privetur.

227 4118 437 4173 Concil.
481 4115 718 4181 Nicwno,
765 4118 899 4170 titul.
947 4116 999 4169 5.
1034 4115 1110 4170 De
1139 4116 1222 4172 his
1250 4120 1338 4185 qui
1369 4120 1752 4175 communione

161 4209 470 4278 privantur,
503 4224 597 4261 seu
627 4224 691 4261 ex
715 4208 889 4271 clero,
916 4225 1009 4263 seu
1044 4223 1112 4263 ex
1148 4210 1407 4266 Iaicorum
1439 4215 1651 4278 ordine,
1683 4216 1749 4268 ab

161 4299 442 4369 episc0pis
471 4313 569 4368 per
609 4314 1042 4369 unamquamque
1084 4302 1442 4371 provinciam,
1482 4307 1749 4360 sententia

159 4389 429 4456 regularis
460 4386 719 4451 obtineat,
746 4395 802 4441 ut
831 4387 995 4458 Iniqui
1022 4390 1364 4459 abjiciuntur,
1395 4396 1461 4448 ab
1492 4395 1611 4449 aliis
1640 4411 1749 4450 non

160 4481 494 4549 recipiantur
522 4497 531 4531 :
564 4478 868 4546 requiratur
893 4488 1070 4534 autem
1099 4496 1167 4534 ne
1192 4484 1631 4551 pusillanimitate
1657 4495 1750 4538 aut

1853 3351 2138 3420 episcopos
2182 3352 2388 3406 litteras
2417 3352 2799 3408 destinabuut:
2836 3356 3211 3427 cliorepiscopi
3255 3371 3435 3417 autem

1856 3440 1948 3510 qui
1981 3451 2106 3496 sunt
2136 3442 2641 3513 irrepreliensibiles
2671 3445 2799 3500 dare
2828 3459 3051 3517 possmt
3079 3452 3350 3521 paciﬁcas,
3386 3454 3437 3507 id

1853 3544 1958 3602 est,
1992 3536 2275 3604 generales
2305 3538 2578 3606 epistolas.

1856 3647 1990 3701 XVI.
2026 3647 2095 3702 Ut
2124 3648 2187 3701 ab
2215 3649 2468 3719 episwpis
2494 3651 2665 3704 aliena
2692 3654 2940 3721 parocliia
2968 3671 3073 3709 non
3101 3658 3448 3724 pewadatur.-

1926 3759 1991 3814 In
2034 3758 2328 3813 Canonibus
2360 3762 2739 3830 Apostolorum,
2786 3766 2865 3817 tit.
2902 3763 2987 3819 14.
3026 3766 3294 3837 Ερὶερορο
3324 3787 3431 3822 non

1854 3852 2017 3907 licere
2063 3852 2293 3905 alienam
2345 3852 2678 3920 parochiam,
2725 3854 2941 3924 pr0pria
2993 3858 3201 3923 relicta,
3241 3875 3431 3927 perva-

1852 3945 1998 4009 dere,
2041 3943 2167 3998 Iicet
2205 3953 2427 4011 cogatur
2456 3959 2485 3998 a
2516 3945 2778 4013 plurimis,
2829 3948 2926 4000 nisi
2978 3947 3113 4002 forte
3143 3952 3263 4018 quis
3310 3967 3432 4005 cum

1852 4034 2155 4088 rationabili
2185 4048 2345 4087 causa
2373 4036 2680 4104 compellat,
2717 4045 2972 4105 tanquam
3015 4041 3103 4107 qui
3129 4042 3301 4108 possit
3331 4044 3433 4095 Illi-

1853 4123 1973 4178 dem
2003 4124 2309 4177 constitutis
2339 4123 2458 4193 plus
2487 4124 2621 4179 lucri
2651 4126 2920 4193 conferre,
2951 4138 3007 4182 et
3036 4131 3088 4183 in
3119 4147 3279 4185 causa
3312 4133 3437 4187 reli-

1853 4216 2029 4282 gionis
2059 4214 2258 4284 aliquid
2291 4214 2533 4283 profecto
2559 4217 2902 4285 prospicere;
2936 4229 2990 4272 et
3020 4220 3123 4275 hoc
3152 4238 3257 4275 non
3286 4239 3313 4276 a
3346 4241 3432 4279 se-

1855 4308 2083 4376 metipso
2112 4315 2403 4375 pertentet,
2444 4309 2539 4363 sed
2569 4310 2861 4365 multorum
2888 4314 3265 4383 episcoporum
3294 4318 3435 4387 judi-

1853 4396 1938 4450 cio
1967 4404 2021 4451 et
2044 4398 2275 4450 maxima
2308 4400 2700 4467 supplicatione
2732 4405 2991 4471 perficiat.

1924 4486 2119 4541 Concil.
2152 4488 2491 4554 Antiochcno,
2532 4491 2607 4543 tit.
2642 4490 2730 4545 2i.
2778 4491 3078 4564 Episcopus
3107 4503 3175 4551 ab
3205 4500 3304 4555 alia
3338 4518 3435 4573 pa-

159 4569 540 4631 contentione,
565 4567 649 4621 vel
673 4568 779 4663 alio
799 4569 1042 4636 quolibet
1070 4572 1309 4643 episcopi
1341 4575 1471 4629 vitio
1500 4576 1747 4631 videatur
1779 4582 1825 4640 D
1854 4580 2033 4633 rochia
2082 4597 2414 4652 nequaquam
2454 4588 2648 4655 migret
2686 4588 2751 4640 ad
2782 4589 2963 4656 aliam,
2994 4607 3093 4646 nec
3120 4605 3313 4663 sponte
3338 4567 3435 4651 sua

159 4675 189 4712 a
216 4658 647 4727 congregatione
673 4657 930 4712 seclusus.

229 4748 438 4803 Concil.
466 4747 725 4810 Antioc/i.,
750 4748 886 4801 titul.
914 4746 963 4801 6.
990 4747 1043 4803 Si
1062 4764 1179 4817 quis
1202 4767 1231 4803 a
1255 4755 1473 4821 proprio
1489 4756 1748 4825 episcopo

159 4842 549 4895 communione
580 4839 815 4907 privatus
855 4848 959 4907 est,
999 4856 1103 4895 non
1148 4853 1273 4897 ante
1315 4848 1637 4915 suscipiatur
1680 4850 1748 4901 ab

160 4934 279 4988 aliis
308 4949 482 5002 quam
528 4946 626 4985 suo
674 4932 1049 4986 reconcilietur
1077 4936 1351 5003 episcopo,
1382 4946 1476 4989 aut
1507 4949 1651 4992 certe
1682 4940 1747 4992 ad

160 5024 427 5093 synodum
478 5036 601 5090 qua:
647 5031 1004 5089 congregatur
1034 5040 1343 5088 occurrens,
1376 5044 1473 5097 pro
1507 5044 1565 5083 se
1594 5032 1749 5083 satis-

161 5114 343 5180 faciat,
394 5121 455 5166 et
494 5114 825 5182 persuadens
869 5113 1097 5167 concilio
1141 5118 1462 5169 sententiam
1494 5119 1749 5187 suscipiat

159 5203 386 5256 alteram
414 5221 427 5255 :
455 5202 573 5256 base
602 5210 782 5255 autem
806 5202 1045 5257 definitio
1068 5215 1285 5259 maneat
1310 5209 1452 5261 circa
1481 5209 1666 5272 laicos,
1697 5222 1751 5265 et

162 5296 546 5365 presbyteros,
598 5302 654 5346 et
682 5293 965 5359 diaconos,
1000 5310 1293 5363 omnesque
1321 5300 1408 5368 qui
1440 5302 1540 5355 sub
1568 5303 1748 5370 regula

158 5400 278 5439 esse
306 5391 705 5439 monstrantur.

197 5490 332 5548 XIV.
369 5492 527 5557 Quod
557 5507 672 5543 cum
699 5492 960 5546 damnatis
990 5496 1188 5549 clericis
1219 5515 1318 5552 non
1348 5502 1410 5552 sit
1435 5504 1709 5555 orandum.

237 5606 301 5658 In
349 5602 656 5657 (Iunonibus
700 5604 1079 5671 Apostolorum,
1122 5609 1200 5660 tit.
1240 5609 1323 5663 I'Z.
1372 5612 1425 5664 Si
1471 5614 1587 5679 quis
1629 5630 1748 5669 cum

163 5696 418 5752 damnato
462 5696 666 5749 clerico
692 5696 855 5749 veluti
903 5713 1023 5750 cuin
1056 5701 1250 5754 clerico
1289 5704 1443 5756 simul
1486 5708 1749 5771 oraverit,

164 5787 259 5842 iste
287 5787 604 5843 damnetur.

524 5879 796 5936 I’s'rnm.
846 5877 1263 5942 LXXXVIII.

1854 4684 2073 4738 prorsus
2112 4673 2373 4737 insiliens,
2422 4691 2520 4729 nec
2555 4677 2605 4729 vi
2653 4688 2873 4732 coactus
2903 4696 2931 4732 a
2965 4683 3195 4751 populis,
3242 4701 3339 4740 nec
3367 4689 3436 4742 ab

1853 4762 2119 4829 episcopis
2168 4767 2486 4820 necessitate
2526 4768 2869 4835 compulsus;
2916 4782 3130 4825 maneat
3170 4782 3347 4829 autem
3380 4776 3430 4829 in
3502 4796 3511 4807 ί

1856 4852 2090 4907 Ecclesia
2119 4870 2278 4923 quam
2320 4857 2564 4925 primitus
2603 4874 2631 4911 a
2664 4859 2891 4913 Domino
2932 4865 3156 4919 sortitus
3184 4878 3285 4932 est,
3336 4887 3437 4926 nec

1851 4941 1975 4996 inde
2006 4946 2346 5012 transmigret
2373 4949 2667 5002 secundum
2696 4951 2984 5019 pristinum
3014 4955 3081 5010 de
3109 4957 3211 5011 hac
3242 4974 3300 5013 re
3328 4971 3436 5016 ter-

1854 5048 2051 5086 nmunn
2084 5046 2452 5090 CODSIIIUIIIIII.

1924 5120 2043 5173 (Ioni
2063 5122 2117 5173 il.
2150 5121 2572 5188 Calchedonensi,
2620 5130 2696 5181 tit.
2733 5127 2781 5181 5.
2819 5129 2893 5185 De
2933 5132 3014 5187 liis
3040 5137 3131 5203 qui
3178 5146 3429 5197 transmi-

1853 5220 2007 5274 graut
2033 5212 2099 5261 de
2128 5211 2344 5266 civitate
2392 5214 2441 5267 iu
2474 5216 2764 5282 civitatem,
2796 5222 3062 5291 epiSCOpis
3084 5237 3174 5281 aut
3203 5232 3430 5297 clericis,

1856 5299 2051 5365 placuit
2079 5309 2137 5352 ut
2160 5317 2403 5356 canones
2428 5304 2519 5372 qui
2551 5306 2617 5360 de
2648 5306 2749 5363 hac
2799 5324 2857 5362 re
2881 5326 2908 5363 a
2941 5316 3142 5370 sanctis
3186 5318 3433 5378 Pati-ibus

1855 5391 2037 5443 statuti
2062 5403 2186 5445 sunt
2210 5394 2442 5448 habeant
2468 5400 2736 5467 propriam
2765 5404 3090 5462 tirmitatem.

1915 5505 2075 5562 XVII.
2121 5508 2188 5563 Ut
2215 5512 2387 5565 clerici
2414 5532 2521 5581 pro,
2545 5518 2651 5571 rius
2669 5521 2912 5577 ecclesias
2943 5544 3042 5580 non
3074 5528 3385 5600 relinquunt.

1929 5618 1993 5673 In
2021 5618 2314 5676 Canouibus
2352 5628 2745 5695 Apostolorum.
2802 5636 2878 5690 tit.
2918 5636 3001 5691 I5.
3045 5639 3100 5695 Si
3129 5643 3247 5711 quis
3282 5661 3405 5714 pres

1855 5713 2025 5781 byter,
2058 5723 2147 5766 aut
2176 5715 2453 5783 diaconus,
2490 5725 2824 5790 autquilibet
2855 5727 2923 5783 de
2954 5747 3177 5787 numero
3203 5713 3435 5793 c'erico-

1859 5821 1995 5865 l‘llllI,
2048 5810 2354 5878 relinquens
2422 5816 2693 5882 propriam
2743 5824 3084 5890 parochiam,
3127 5840 3313 5898 pergat
3369 5835 3433 5887 ad

3096 5920 3165 5978 Ἡ
