4204 6586
719 429 821 480 M3

1815 427 2150 478 CRISCONII
2195 430 2232 477 .-\
2247 426 2516 478 FlllCANl
2561 426 2867 483 El’lSCOl’l

3861 425 3963 477 εει

717 541 966 600 alit-nam,
997 543 1052 588 et
1094 535 1311 586 omnino
1353 535 1655 599 detnigrans
1705 545 1896 601 praeter
1925 535 2163 601 episcopi
2203 534 2282 586 sui
2315 541 2353 591 Α
2389 545 2445 586 ut
2475 551 2574 590 nec
2617 536 2719 590 illis
2769 537 3078 605 praesideat,
3139 554 3276 602 quos
3313 549 3410 605 per
3439 537 3716 590 avaritiam
3745 539 3964 604 cupivit,

716 627 1097 682 conscientiam
1131 625 1183 677 in
1225 624 1393 677 aliena
1428 625 1684 691 paruehia
1721 633 2111 686 commoretur,
2146 623 2286 676 hunc

719 725 941 778 ulterius
989 721 1292 775 ministrare
1323 719 1712 788 non.patimur,
1747 718 2015 787 prtecipue
2054 717 2097 770 si
2132 730 2288 769 voca-

719 829 800 869 ιιις
826 816 892 868 ab
934 815 1189 883 episcopo
1238 811 1412 864 redire
1459 818 1835 878 contempsi-rt
1866 810 1916 862 in
1945 825 2041 862 sua
2085 808 2289 874 inquie-

719 909 901 961 tudine
955 922 1336 975 perseverans;
1368 913 1736 959 verumtamen
1789 912 2038 971 tanquam
2099 902 2287 964 laicus,

720 998 911 1065 ubique
933 997 1310 1051 communicet.

788 1089 981 1143 Cattcil.
1020 1087 1254 1146 Nica'no.
1283 1090 1356 1138 tit.
1389 1085 1471 1138 15.
1510 1085 1734 1154 l-‘ropter
1761 1082 1979 1135 multam
2004 1081 2284 1150 perturba-

720 1184 920 1235 tionem
957 1189 1010 1233 ct
1039 1182 1326 1233 seditiones
1367 1192 1484 1245 qua:
1527 1180 1684 1238 linat,
1721 1175 1918 1245 placuit
1946 1172 2291 1228 consuetudi-

722 1291 840 1329 nem
873 1275 1081 1339 penitus
1109 1271 1394 1339 amputari,
1424 1285 1540 1338 qua:
1583 1275 1716 1335 prmt
1751 1282 1778 1319 r
1809 1265 2043 1330 regulam
2073 1264 2123 1317 in
2167 1261 2288 1330 qui-

721 1370 940 1423 busdam
965 1367 1206 1436 partit-us
1239 1363 1448 1416 videtur
1478 1362 1724 1414 admissa.
1777 1354 1850 1409 lta
1898 1365 1954 1407 ut
1982 1355 2048 1408 de
2075 1355 2290 1406 civ'tate

720 1465 784 1517 ad
816 1464 1108 1522 civitatem,
1161 1474 1264 1510 nou
1313 1456 1615 1522 episcopus,
1670 1467 1775 1503 non
1824 1449 2134 1517 presbyter,
2185 1460 2288 1496 non

718 1556 976 1608 diaconus
1008 1549 1390 1609 transferatur;
1434 1545 1477 1597 si
1509 1547 1627 1611 quis
1654 1548 1832 1593 autem
1875 1549 1993 1610 post
2021 1536 2289 1590 definitio-

719 1664 838 1700 netn
868 1645 1037 1700 sancti
1065 1650 1118 1694 ct
1161 1641 1336 1701 magni
1369 1636 1578 1690 concilii
1623 1635 1726 1686 tale
1755 1630 1951 1699 aliquid
1981 1643 2138 1695 agere
2170 1637 2290 1680 ten-

721 1740 946 1803 tavvrit,
977 1745 1029 1789 rt
1069 1750 1127 1787 se
1160 1727 1528 1799 hujuscemodi
1563 1725 1781 1792 negotio
1812 1721 2159 1790 manciparit,
2191 1721 2292 1773 hoc

720 1834 913 1884 factum
938 1840 1155 1895 prorsus
1179 1823 1384 1874 irritum
1417 1819 1649 1880 dicatur,
1689 1822 1742 1867 et
1769 1813 2080 1866 restituatur
2109 1809 2289 1863 cccle-

2389 643 2488 681 nec
2515 627 2616 682 illis
2639 644 2772 696 quos
2801 644 2895 698 per
2915 629 3218 699 superbiam
3243 633 3463 699 sprevit.
3496 629 3617 684 Suis
3664 630 3827 698 igitur
3854 639 3968 683 ter-

2389 721 2546 772 minis
2595 722 2820 790 quisque
2867 730 3152 774 contentus
3181 722 3277 786 sit,
3333 737 3430 775 nec
3469 737 3628 790 supra
3659 735 3966 774 mensuram

2386 808 2521 875 juris
2547 810 2628 861 sui
2663 809 2877 863 aﬂectct
2905 811 3111 878 augeri.

2462 905 2544 957 Ea:
2585 905 2798 958 decretis
2827 921 2975 973 papa:
3013 903 3106 956 Gel
3138 905 3225 964 aii.
3273 906 3349 956 tit.
3405 904 3493 957 23.
3548 901 3800 971 Quisquis
3845 916 3967 970 pro-

2393 997 2522 1064 priae
2551 996 2794 1049 desertor
2821 995 3074 1048 Ecclesia:
3116 995 3272 1047 nullis
3301 995 3654 1048 existentibus
3697 993 3877 1046 causis
3902 993 3968 1044 ad

2392 1087 2562 1139 aliam'
2596 1087 2868 1156 putaverit
2917 1086 3318 1146 transeundum,
3355 1093 3663 1154 temereque
3688 1095 3970 1152 susceptus

2395 1175 2570 1240 fuerit,
2603 1189 2655 1231 et
2705 1187 3003 1244 promotus,
3056 1175 3470 1229 reverendorum
3528 1190 3838 1235 canonum,
3887 1174 3969 1226 vel

2393 1265 2524 1333 ipse,
2554 1267 2633 1319 vel
2667 1279 2915 1333 receptor
2951 1267 3066 1330 eius
3113 1275 3275 1334 atque
3326 1272 3634 1331 provector,
3676 1265 3969 1318 constituta

2394 1374 2500 1410 non
2531 1358 2722 1425 fugiet,
2766 1371 2885 1425 qua:
2919 1357 2986 1411 de
3015 1356 3316 1425 hujusmodi
3341 1355 3815 1426 prmsumptorihus
3839 1370 3972 1424 pra:-

2396 1448 2560 1502 lixcre
2587 1448 2927 1502 reservanda.

2463 1539 2659 1593 Concil.
2720 1539 2994 1607 Cartliag.,
3049 1538 3128 1591 tit.
3175 1537 3266 1590 21.
3336 1535 3629 1604 Epigonius
3685 1536 3972 1604 episcopus

2395 1629 2562 1686 dixit:
2597 1627 2652 1679 In
2694 1629 2875 1679 multis
2915 1627 3155 1681 conciliis
3205 1637 3460 1680 statutum
3501 1638 3599 1688 est,
3634 1628 3796 1678 etiam
3830 1640 3973 1678 nunc

2395 1721 2496 1772 hoc
2549 1718 2973 1770 confirmandum
3015 1728 3098 1770 est
3137 1736 3163 1769 a
3193 1727 3369 1771 vestra
3423 1717 3738 1784 prudentia,
3772 1717 3973 1770 beatis-

2393 1809 2510 1861 simi
2543 1807 2753 1869 fratrcs,
2801 1816 2858 1859 ut
2897 1808 3153 1860 clericum
3202 1808 3432 1860 alienum
3465 1808 3638 1860 nullus
3658 1809 3756 1861 sibi
3785 1806 3970 1875 putri-

717 1925 810 1976 size
837 1887 1378 1986 cui-fuitepisCOpus,
1429 1923 1522 1965 aut
1563 1907 1863 1979 presbyter,
1913 1911 2004 1958 aut
2031 1903 2292 1957 diaconus
2328 1887 2367 1945 Β
2397 1897 2506 1966 piat
2557 1897 2838 1964 episcopus
2889 1903 3082 1962 praeter
3118 1894 3234 1962 ejus
3287 1896 3566 1948 arbitrium
3615 1897 3766 1962 cujus
3815 1893 3978 1947 fuerit

717 2011 1014 2065 ordinatus.

789 2099 1020 2153 Concilio
1072 2095 1320 2156 Nim‘no,
1379 2095 1457 2145 tit.
1493 2091 1578 2144 16.
1619 2089 1937 2154 Quicunque
1983 2094 2186 2137 temere
2233 2094 2297 2134 ac

720 2192 1052 2263 perieulosc,
1102 2202 1276 2254 neque
1335 2187 1581 2238 timorem
1631 2180 1721 2233 llci
1756 2193 1863 2247 prce
1893 2175 2064 2230 oculis
2094 2173 2294 2226 haben-

723 2297 822 2347 tcs,
855 2297 954 2335 nec
984 2285 1341 2346 agnoscentes
1372 2272 1788 2327 ecclesiasticam
1821 2268 2090 2335 regulam,
2122 2265 2294 2318 disce-

719 2377 853 2426 dunt
878 2372 945 2424 ah
977 2368 1246 2429 Ecclesia,
1293 2363 1552 2433 episcopi,
1585 2358 1901 2430 presbyteri,
1933 2365 2026 2409 aut
2051 2353 2296 2420 diaconi,

722 2465 804 2517 vel
831 2465 1138 2530 quicunque
1187 2460 1285 2512 sub
1315 2457 1497 2524 regula
1539 2468 1756 2521 prorsus
1798 2451 2066 2510 existunt,
2122 2446 2154 2498 ii
2203 2459 2296 2499 ne-

721 2568 988 2624 quaquam
1021 2552 1220 2604 debent
1246 2552 1294 2601 ἰι
1323 2549 1481 2599 aliam
1523 2543 1823 2598 Ecclesiam
1857 2540 2042 2608 recipi,
2066 2537 2158 2591 sed
2182 2552 2298 2589 om-

725 2663 842 2700 nem
888 2645 1262 2699 nccessitatem
1291 2639 1543 2693 convenit
1569 2637 1673 2689 illis
1709 2633 1944 2700 imponi,
1993 2640 2052 2685 ut
2082 2630 2146 2683 ad
2173 2643 2298 2683 suas

723 2735 845 2789 limi
883 2735 987 2788 sias
1013 2739 1350 2786 revertantur
1376 2749 1386 2781 :
1417 2727 1557 2795 quod
1587 2727 1630 2780 si
1662 2741 1766 2778 non
1789 2723 2053 2788 fecerunt,
2079 2728 2300 2789 Oportet

722 2845 815 2880 eos
861 2823 1240 2878 communione
1289 2819 1504 2889 privari.
1556 2816 1611 2870 Si
1657 2817 1778 2884 quis
1824 2823 2008 2868 autem
2039 2811 2104 2865 ad
2135 2811 2297 2864 alium

722 2919 1076 2986 pi-iuincntetu
1129 2912 1387 2966 audacter
1425 2909 1696 2974 invadere,
1742 2915 1796 2960 et
1827 2907 1878 2959 in
1920 2920 2016 2960 sua
2059 2902 2297 2959 Ecclesia

721 3009 972 3060 ordinare
1044 3003 1330 3057 tcutaverit
1381 3017 1486 3054 non
1545 2999 1917 3052 consentiente
1964 2995 2216 3065 episcopo
2268 3007 2296 3045 a

720 3117 828 3166 quo
876 3098 1122 3151 discessit
1167 3095 1209 3146 is
1253 3095 1341 3161 qui
1375 3091 1572 3158 regula:
1622 3089 1978 3158 mancipatur,
2029 3085 2299 3140 ordinatio

720 3187 1087 3257 lmjusccmodi
1121 3186 1268 3239 irrita
1300 3181 1702 3250 comprobatur.

2398 1985 2647 2040 clericus.
2707 1985 2832 2038 Dico
2863 1995 3040 2038 autem
3088 1984 3358 2038 Julianum
3389 1986 3478 2053 qui
3511 1987 3749 2053 ingratus
3775 1992 3858 2037 cst
3879 1983 3976 2036 Dei

2398 2075 2671 2130 beneficiis
2726 2090 2821 2143 per
2849 2090 3022 2127 tneam
3053 2076 3368 2144 parviLatem
3411 2075 3464 2128 in
3515 2089 3573 2128 se
3620 2074 3832 2127 collatis
3855 2115 3870 2136 ,
3903 2072 3975 2124 ita

2400 2166 2762 2227 temerarium,
2795 2174 2849 2218 et
2877 2165 3134 2219 audacem
3163 2165 3452 2225 exstitisse,
3479 2172 3537 2216 ut
3566 2179 3684 2217 cum
3714 2165 3805 2232 qui
3836 2181 3864 2215 a
3889 2180 3978 2219 tne

2398 2261 2699 2328 baptizatus
2729 2274 2758 2312 e
2792 2268 2832 2324 t,
2861 2275 2981 2312 cum
3010 2266 3154 2312 esset
3184 2273 3318 2326 puer
3347 2256 3720 2324 egentissimus
3744 2257 3873 2309 mihi
3909 2259 3980 2309 ab

2397 2351 2587 2405 eodem
2629 2351 3070 2411 commendatus,
3119 2363 3350 2418 cumque
3409 2349 3590 2402 multis
3629 2349 3782 2401 annis
3818 2363 3846 2400 a
3889 2364 3980 2402 mo

2397 2442 2655 2507 aleretur,
2699 2451 2860 2509 atque
2903 2441 3251 2505 incresceret,
3292 2441 3434 2494 hunc
3490 2440 3820 2509 baptizatum
3859 2455 3980 2493 esse

2399 2533 2450 2585 iu
2481 2533 2709 2587 ecclesia
2752 2547 2869 2584 mea
2903 2547 2998 2599 per
3026 2547 3239 2583 manum
3273 2532 3547 2599 parvitatis
3572 2546 3702 2584 mea:
3730 2539 3976 2592 constat;

2400 2625 2539 2678 idem
2583 2625 2634 2678 in
2661 2624 2878 2679 dimcesi
2921 2623 3191 2692 Apaliensi
3223 2624 3392 2678 lector
3415 2638 3533 2677 esse
3559 2631 3822 2692 cmperat,
3869 2623 3982 2676 imo

2399 2718 2556 2771 annis
2596 2716 2766 2770 ferme
2813 2715 3022 2769 duobus
3050 2716 3275 2781 legerat,
3309 2715 3494 2768 nescio
3530 2730 3635 2783 quo
3665 2722 3982 2781 contemptu

2401 2807 2711 2861 humilitatis
2745 2819 2878 2858 mea:
2905 2821 2918 2856 :
2950 2803 3089 2857 idem
3121 2802 3364 2856 Julianus
3395 2817 3517 2856 eum
3543 2803 3790 2871 arripuit,
3816 2818 3980 2870 quem

2398 2896 2529 2950 dicit
2572 2896 2726 2962 quasi
2773 2895 3047 2962 proprium
3077 2895 3248 2946 civem
3280 2892 3362 2946 sui
3400 2891 3506 2946 loci
3539 2891 3852 2959 Vazapitani
3895 2908 3984 2947 tuo

2401 2990 2706 3046 inconsulto
2753 3004 3012 3058 usurpare
3042 3007 3052 3040 :
3089 3003 3209 3041 nam
3250 2995 3305 3040 et
3339 2986 3625 3039 diaconum
3658 2985 3806 3038 illum
3839 2987 3983 3039 o:di~

2402 3084 2569 3138 navit.
2617 3082 2728 3136 lioc
2759 3081 2803 3137 si
2832 3082 2972 3144 li;et,
3001 3091 3183 3150 patrat
3212 3079 3324 3133 haec
3356 3079 3572 3132 licentia
3594 3094 3623 3131 a
3652 3079 3828 3140 vobis,
3858 3080 3986 3132 bea-

2403 3175 2591 3228 tissimi
2627 3173 2820 3226 fratres
2843 3212 2858 3236 ,
2901 3172 2946 3226 si
2976 3174 3151 3224 minus
3184 3181 3291 3224 tam
3325 3170 3609 3238 impudens
3637 3168 3981 3233 cohibeatur,

790 3280 968 3334 Coucil
1013 3278 1343 3336 ϐΙιηιςειιοη.,
1367 3275 1446 3326 tit.
1479 3271 1566 3324 2|).
1590 3268 1827 3325 Clericos
1858 3268 1908 3322 iu
1938 3267 2172 3321 Ecclesia
2196 3264 2294 3318 mi-
2323 3241 2367 3302 (ἶ
2401 3282 2469 3319 ne
2497 3279 2555 3320 se
2584 3265 2806 3319 misceat
2834 3262 3197 3318 communioni
3219 3261 3554 3328 cujusquam.

718 3373 1009 3425 nistrantes
1029 3407 1044 3431 ,
1093 3368 1229 3420 sicut
1255 3365 1366 3432 jam
1398 3363 1774 3416 constituimus
1793 3400 1807 3423 ,
1843 3360 1894 3412 in
1920 3359 2144 3412 alterius
2166 3357 2296 3409 civi-

719 3463 846 3514 tatis
874 3457 1110 3513 Ecclesia
1138 3463 1372 3508 slaltttus
1405 3453 1516 3506 ίὶυτί
1544 3467 1647 3506 non
1672 3458 1915 3519 oportet,
1955 3448 2048 3501 sed
2073 3456 2297 3500 conten-

721 3569 803 3608 tos
832 3568 953 3606 esse
1006 3551 1055 3602 in
1097 3549 1290 3618 quibus
1329 3547 1395 3599 ab
1431 3544 1584 3599 initio
1625 3543 1932 3596 ministrare
1961 3545 2296 3602 meruerunt,

719 3643 962 3710 exceptis
992 3640 1093 3693 illis
1122 3638 1234 3706 qui,
1269 3636 1514 3706 proprias
1549 3633 1861 3687 amittentes
1884 3629 2206 3699 provincias,
2231 3643 2297 3681 ex

722 3735 1040 3791 necessitate
1066 3731 1132 3784 ad
1163 3730 1322 3782 aliam
1361 3726 1651 3780 Ecclesiam
1688 3723 2033 3776 transierunt.
2083 3718 2140 3774 Si
2179 3719 2301 3788 quis

719 3835 900 3879 autem
929 3823 1216 3893 episcopus
1260 3827 1380 3888 pOst
1409 3817 1549 3870 hanc
1593 3813 1962 3868 deﬁnitionem
2001 3808 2302 3878 susceperit

721 3917 976 3971 clericum
1007 3913 1072 3966 ad
1115 3911 1277 3964 alium
1319 3908 1632 3976 episcopum
1679 3903 2058 3974 pertinentem,
2101 3901 2304 3970 placuit

721 4015 777 4058 ct
804 4011 1115 4071 susceptum
1145 4007 1199 4053 et
1234 3997 1614 4065 suscipientem
1656 3991 2035 4048 communione
2063 3989 2260 4057 privari
2285 4031 2298 4050 ,

722 4097 899 4150 donec
927 4096 971 4147 is
996 4093 1086 4162 qui
1130 4091 1453 4157 migraverat
1483 4087 1709 4140 clericus
1748 4083 1815 4137 ad
1846 4082 2116 4153 propriam
2146 4081 2305 4135 fuerit

726 4203 1005 4255 regressus
1035 4183 1347 4238 Ecclesium.

797 4275 996 4330 σοιτί-ξι.
1045 4271 1381 4333 Atttiochetto,
1426 4271 1504 4322 tit.
1543 4268 1598 4321 5.
1633 4265 1688 4322 Si
1713 4266 1830 4332 quis
1867 4265 2166 4334 presbyter,
2213 4269 2306 4316 aut

730 4369 1015 4430 diaconus,
1049 4374 1104 4418 et
1133 4365 1353 4418 omnino
1383 4361 1606 4429 quilibet
1634 4374 1699 4414 ex
1733 4358 1960 4422 clericis,
1995 4354 2302 4424 parochiam

728 4461 998 4532 prOpriam
1035 4457 1287 4510 deserens
1317 4454 1383 4507 ad
1416 4453 1574 4506 aliam
1606 4449 1994 4520 properaverit,
2037 4448 2161 4502 dein
2189 4461 2304 4498 om-

733 4566 861 4604 mno
905 4547 1211 4609 demigraus
1241 4545 1292 4597 in
1321 4544 1421 4595 alia
1461 4541 1715 4609 parocbia
1741 4555 1835 4607 per
1867 4539 2031 4592 multa
2063 4547 2302 4605 tempora

733 4639 920 4694 nititur
975 4633 1249 4688 immorari
1309 4631 1563 4694 ulterius,
1619 4629 1814 4683 ibidem
1863 4644 1971 4682 non
2023 4625 2307 4690 ministret,

735 4729 967 4785 maxime
1001 4727 1044 4779 si
1080 4727 1291 4778 vocanti
1323 4740 1422 4778 suo
1449 4724 1724 4793 episeopo,
1766 4731 1821 4775 et
1848 4721 2055 4789 regredi
2087 4719 2150 4773 ad
2184 4733 2310 4788 pro-

735 4824 905 4894 priam
939 4818 1252 4889 parochiam
1306 4816 1674 4871 commonenti
1725 4815 1945 4869 obedire
1973 4823 2312 4882 contempse-

733 4915 837 4966 rit.
869 4911 1012 4980 quod
1043 4909 1087 4962 si
1116 4909 1168 4962 in
1198 4907 1299 4961 hac
1330 4906 1816 4976 indisciplinatione
1841 4907 2118 4973 perdurat,
2151 4923 2180 4960 a
2215 4909 2313 4962 mi-

737 5001 962 5057 nisterio
1006 4998 1181 5053 modis
1221 4999 1470 5050 omnibus
1515 5005 1882 5056 removeatur.
1917 4997 1988 5048 ita
2028 5007 2085 5049 ut
2113 5013 2313 5065 nequa-

739 5108 898 5163 quam
929 5091 1104 5145 locum
1144 5087 1501 5141 restitutionis
1542 5086 1793 5140 inveniat.
1843 5084 1897 5138 Si
1929 5101 2056 5138 vero
2085 5101 2183 5154 pro
2213 5088 2314 5141 hac

740 5198 905 5236 causa
961 5180 1274 5233 damnatum
1350 5178 1487 5231 alter
1535 5175 1816 5245 episcopus
1879 5176 2174 5245 suscipiat,
2228 5177 2316 5233 hic

741 5275 905 5328 etiam
937 5287 965 5325 a
1001 5269 1271 5325 communi
1301 5277 1615 5322 coerceatur
1641 5265 1847 5337 synodo
1869 5308 1884 5333 ,
1922 5266 2085 5321 veluti
2108 5271 2197 5337 qui
2227 5285 2316 5324 ec-

742 5362 1040 5418 clesiastica
1074 5360 1361 5414 constituta
1389 5358 1666 5410 dissolvat.

818 5453 900 5507 Ex
922 5452 1111 5505 decret.
1136 5466 1285 5519 papa:
1316 5447 1520 5512 Leonis,
1549 5451 1625 5500 tit.
1652 5447 1745 5502 38.
1776 5447 1829 5502 Si
1853 5452 1972 5519 qu‘s
2001 5460 2179 5505 autem
2205 5454 2317 5520 epi-

745 5556 940 5609 scopus
969 5540 1199 5593 civitatis
1227 5553 1334 5592 sure
1381 5537 1752 5591 mediocritate
1794 5539 2045 5606 despecta
2089 5539 2315 5594 admini-

746 5633 1061 5686 strationem
1090 5631 1191 5684 loci
1234 5628 1542 5683 celebrioris
1570 5630 1838 5692 ambierit,
1876 5638 1929 5682 et
1961 5629 2026 5682 ad
2060 5633 2314 5697 majorem

749 5737 805 5773 se
835 5722 1045 5789 plebem
1088 5732 1413 5787 quacunque
1461 5718 1668 5770 ratione
1699 5717 2046 5779 transtulerit,
2081 5733 2110 5771 a
2137 5719 2317 5771 cathe-

755 5814 848 5863 dra
867 5811 1078 5880 quidem
1118 5811 1346 5880 pellatur
1377 5809 1573 5874 aliena,
1616 5809 1708 5862 sed
1763 5810 1968 5863 carebit
1996 5819 2051 5863 et
2080 5811 2314 5880 propria,

2469 3358 2750 3411 Numidius
2799 3357 3086 3424 episc0pns
3132 3354 3300 3407 dixit:
3331 3353 3386 3407 Si
3420 3368 3524 3406 non
3565 3354 3859 3424 postulata,
3897 3371 3986 3406 m-

2398 3465 2503 3520 que
2532 3449 2774 3503 consulta
2808 3456 2899 3501 tua
2944 3445 3253 3512 dignatione
3282 3444 3333 3497 id
3357 3445 3568 3498 videtur
3598 3443 3792 3500 fecisse
3820 3445 3987 3499 Julia—

2400 3556 2529 3606 nus,
2570 3539 2809 3607 judicant
2837 3551 3025 3591 omnes
3066 3535 3248 3602 inique
3278 3532 3498 3599 factum,
3532 3545 3695 3603 atque
3736 3535 3988 3602 inligee;

2398 3644 2727 3704 quaprOpter
2772 3631 2872 3685 nisi
2923 3629 3061 3684 idem
3111 3628 3354 3682 Julianus
3397 3636 3700 3680 correxent
3746 3643 3988 3681 errorem

2400 3741 2591 3788 suum,
2622 3733 2678 3778 et
2704 3739 2827 3777 cum
2857 3720 3232 3776 satisfactione
3259 3719 3510 3774 eumdem
3539 3719 3797 3773 clericum
3829 3735 3987 3788 quem

2403 3817 2580 3872 fuerat
2603 3831 2768 3870 ausus
2794 3813 3048 3867 ordinare
3073 3811 3408 3866 revccaverit
3435 3820 3538 3864 tua:
3567 3809 3745 3878 plebi,
3799 3820 3990 3865 contra

2401 3915 2600 3962 statuta
2629 3905 2842 3960 concilii
2873 3904 3104 3968 faciens,
3153 3903 3506 3956 contumaciae
3531 3915 3669 3962 suat.
3703 3913 3993 3970 separatus

2404 4017 2433 4054 a
2466 4000 2642 4067 nobis,
2676 3998 2914 4065 excipiet
2944 3996 3226 4064 judicium.

2472 4090 2764 4160 Epigonius
2815 4089 3100 4156 episcopus
3139 4086 3311 4139 dixit:
3347 4083 3528 4138 Aitate
3565 4094 3739 4153 pater,
3791 4094 3848 4139 et
3878 4100 3988 4153 ipsa

2406 4181 2752 4252 promotione
2799 4179 3236 4246 antiquissimus,
3286 4176 3368 4229 vir
3409 4174 3691 4228 laudabilis
3735 4176 3909 4228 lrater
3938 4182 3992 4228 et

2404 4275 2608 4340 collega
2657 4283 2840 4326 noster
2870 4271 3054 4326 Victor
3078 4271 3191 4323 vult
3220 4269 3360 4323 hanc
3397 4268 3711 4337 petitionem
3756 4281 3991 4335 genera-

2405 4363 2513 4418 lem
2541 4364 2788 4417 omnibus
2817 4362 2981 4416 el‘tici.

2476 4453 2671 4507 Concil.
2697 4452 2969 4523 Carthag.,
2999 4454 3079 4504 tit.
3107 4449 3196 4504 9.2.
3228 4449 3476 4504 Aurelius
3506 4449 3796 4518 episcopus
3815 4448 3952 4502 dixit
3976 4466 3989 4498 :

2411 4545 2727 4599 Sermonem
2756 4558 2933 4596 meum
2977 4541 3268 4608 admittite,
3301 4541 3511 4594 fratres.
3553 4540 3833 4608 Contingit
3860 4555 3990 4591 non-

2416 4650 2706 4704 nunquam,
2736 4643 2795 4687 ut
2823 4635 3158 4702 postulentur
3186 4635 3252 4687 ab
3293 4632 3535 4687 etclesiis
3580 4647 3698 4699 qua:
3730 4634 3990 4700 prmposi-

2415 4728 2483 4780 tis
2512 4735 2695 4794 egent,
2745 4726 2825 4779 vel
2866 4726 3224 4797 presbyteris,
3273 4725 3356 4780 vel
3401 4723 3686 4794 episcopis,
3735 4733 3792 4778 et
3816 4732 3992 4777 tatnen

2417 4832 2623 4872 memor
2658 4825 2981 4871 statutorum
3007 4818 3058 4870 id
3081 4833 3297 4884 sequor,
3327 4825 3385 4870 ut
3411 4818 3728 4871 conveniam
3778 4819 3995 4886 episco-

2416 4922 2540 4976 pum
2587 4907 2723 4973 ejus,
2769 4915 2931 4975 atque
2957 4906 3007 4959 ei
3050 4905 3333 4971 inculcem,
3378 4907 3522 4974 quod
3550 4906 3667 4972 ejus
3705 4906 3938 4961 clericus
3964 4923 3994 4960 a

2416 4997 2653 5064 qualibet
2697 4997 2925 5051 ecclesia
2971 4998 3302 5066 postuletur;
3345 4996 3440 5051 sed
3478 4996 3617 5050 forte
3648 4997 3700 5050 in
3732 4997 3996 5052 hodierno

2418 5102 2525 5140 non
2554 5086 2800 5140 reluctati
2826 5095 2985 5149 sunt,
3015 5096 3071 5139 et
3113 5087 3404 5154 nequando
3432 5089 3709 5154 contingat
3749 5097 3809 5140 ut
3847 5089 3994 5141 relu-

2417 5187 2648 5242 ctentur,
2676 5193 2798 5232 eum
2827 5178 3026 5230 fuerint
3045 5191 3076 5230 a
3099 5192 3188 5232 me
3216 5179 3268 5230 in
3302 5177 3439 5230 hanc
3465 5192 3680 5231 causam
3711 5179 3992 5242 postulati,

2419 5287 2577 5338 quem
2613 5273 2759 5326 scitis
2789 5271 3077 5324 multarum
3117 5270 3462 5326 ecclesiarum
3492 5279 3546 5324 et
3573 5270 3995 5324 ordinandorum

2420 5377 2602 5415 curam
2627 5362 2912 5414 sustinere.
2943 5359 3151 5414 Justum
3181 5367 3262 5414 est
3303 5373 3433 5427 ergo
3464 5369 3525 5412 ut
3548 5361 3845 5429 quemlibet
3867 5379 3995 5418 con-

2418 5451 2757 5504 sacerdutum
2795 5450 3178 5505 conveniamus
3227 5464 3348 5502 cum
3395 5448 3603 5502 duobtts
3643 5464 3675 5503 e
3720 5451 3998 5503 consortio

2420 5551 2626 5607 nostro,
2653 5540 2734 5596 vel
2759 5542 2928 5595 tribus
2957 5541 3209 5603 testibus;
3241 5541 3322 5594 sin
3355 5555 3484 5593 vero
3513 5540 3799 5593 indevotus
3828 5540 3993 5593 exsti-

2422 5634 2578 5696 terit,
2622 5631 2749 5702 quid
2774 5642 2958 5687 censet
3019 5632 3256 5684 charitas
3285 5639 3460 5684 vestra
3511 5629 3847 5684 faciendum?
3893 5643 3994 5697 ego

2420 5722 2562 5776 enim
2607 5732 2918 5776 cunctarum
2967 5721 3316 5776 ecclesiarum
3370 5719 3681 5787 dignatione
3738 5719 3869 5786 Dei,
3939 5729 3999 5776 ut

2420 5813 2585 5879 scitis,
2617 5812 2828 5882 fratres,
2865 5812 3277 5869 sollicitudinem
3304 5811 3562 5868 sustineo.
