4204 6548
164 425 263 480 διδ

1358 411 1791 470 ῐιῐιειῚΑιιιωι
1831 406 2242 465 ΕΛΝΟΝἯἸῘΜ.

3312 406 3417 460 εις

232 538 511 595 Numidius
550 536 829 606 episcopus
855 533 1024 587 dixit:
1054 530 1171 583 l-‘u't
1197 542 1409 598 semper
1435 528 1548 580 hzee
1576 524 1737 578 liccu-
1769 529 1811 584 Α
1843 523 2333 589 oporteteinegare
2357 519 2679 574 audientiam
2698 520 2906 587 roganti
2928 538 2940 584 ;
2960 531 3012 573 et
3032 520 3118 574 ille
3135 522 3419 590 episcopus

167 635 237 687 tia
293 631 423 687 huic
462 630 599 693 se'i,
651 636 709 680 ut
748 620 889 680 unde
918 623 1111 686 vellet,
1163 631 1215 675 et
1244 620 1311 673 de
1341 619 1495 686 cujus
1526 616 1742 671 nomine

159 728 356 779 fuisset
396 729 716 786 conventus,
764 732 863 787 pro
898 714 1167 770 desiderio
1202 710 1463 779 cujusque
1500 705 1743 762 ecclesia:

161 817 441 871 ordinaret
461 814 773 882 episcopum

235 905 531 975 Epigonius
594 902 880 971 cpiscopus
939 896 1119 950 dixit:
1162 892 1380 947 Bonitas
1443 899 1745 959 sequestrat

167 996 615 1065 possibilitatem,
657 990 833 1042 minus
871 988 1011 1041 enim
1045 984 1344 1055 prmsumis,
1392 983 1575 1044 frater,
1625 995 1744 1033 cum

163 1099 219 1141 te
278 1089 476 1141 bonum
544 1095 601 1137 et
663 1083 981 1134 clementem
1038 1078 1291 1130 omnibus
1341 1074 1537 1137 reddis,
1584 1073 1748 1126 habes

162 1179 311 1233 enizn
362 1178 463 1229 hoc
495 1176 545 1227 in
585 1172 827 1226 arbitrio.
870 1169 1013 1223 Satis
1044 1177 1127 1222 est
1167 1175 1223 1220 ut
1250 1166 1478 1219 satisfiat
1506 1178 1748 1233 personm

168 1266 588 1333 unimcuju-que
635 1261 871 1330 episcopi
913 1260 965 1313 in
1010 1258 1179 1326 prima
1208 1255 1579 1309 tantummodo
1617 1269 1751 1307 con-

170 1357 421 1408 ventione
450 1372 462 1404 :
496 1354 538 1405 si
588 1361 765 1404 autem
816 1348 958 1419 quod
1002 1349 1127 1400 licet
1168 1347 1290 1399 huic
1332 1344 1445 1399 Sedi
1478 1345 1749 1397 vindiCan-

166 1448 289 1499 dnm
344 1447 444 1500 sibi
478 1443 639 1497 fuerit
666 1442 980 1503 arbitratus,
1024 1454 1248 1492 necesse
1280 1436 1444 1490 habes
1475 1444 1529 1487 tu
1565 1450 1751 1488 omnes

160 1538 425 1592 ecclesias
463 1534 765 1597 suffulcire,
818 1532 957 1586 unde
994 1530 1087 1584 tibi
1133 1545 1239 1583 non
1290 1537 1606 1598 potestatein
1653 1528 1743 1577 da-

170 1644 283 1681 mus
304 1668 318 1689 ,
353 1626 447 1681 sed
474 1635 621 1678 tuam
663 1623 1011 1690 assignamus,
1057 1628 1114 1673 ut
1145 1619 1303 1673 liceat
1332 1618 1593 1671 voluntati
1627 1626 1747 1675 tune,

168 1721 327 1770 etiam
390 1730 605 1783 semper
660 1723 844 1767 tenere
898 1726 1057 1779 quem
1110 1711 1282 1773 voles,
1328 1718 1385 1761 ut
1438 1708 1753 1776 przepositns

162 1809 413 1879 plebibus
445 1808 529 1860 vel
574 1805 815 1860 ecclesiis
859 1804 1194 1868 constituas,
1226 1801 1316 1870 qui
1348 1800 1603 1872 postulati
1638 1798 1752 1852 fue-

170 1902 290 1961 rint.
319 1910 377 1953 et
408 1898 549 1951 unde
580 1899 749 1951 voles.

238 1990 620 2044 Postumianns
667 1988 950 2055 episcopus
993 1984 1167 2038 dixit:
1202 1981 1403 2037 Deinde
1452 1982 1542 2051 qui
1587 1997 1748 2034 unum

166 2082 437 2144 habuerit,
472 2079 710 2146 nunquid
738 2078 899 2132 debet
930 2076 1004 2130 illi
1047 2091 1183 2129 unus
1212 2074 1493 2144 presbyter
1518 2072 1751 2125 auferi?

169 2176 418 2229 Aurelius
469 2175 755 2242 episcopus
804 2171 976 2225 dixit:
1011 2169 1117 2224 Sed
1147 2169 1433 2237 episcogius
1471 2182 1604 2219 unus
1635 2182 1751 2220 esse

162 2274 346 2333 potest
374 2279 470 2333 per
499 2278 658 2332 quem
700 2261 1009 2329 dignatione
1038 2259 1219 2312 divina
1254 2256 1554 2325 presbyteri
1601 2255 1751 2307 multi

154 2356 419 2410 constitui
476 2354 725 2423 possint,
783 2368 922 2405 unus
970 2358 1148 2404 autem
1194 2349 1483 2417 episcopus
1537 2346 1752 2399 dillicile

168 2448 439 2502 invenitur
483 2444 894 2501 constituendus
922 2461 935 2496 :
968 2451 1293 2512 quapropter
1318 2442 1361 2494 si
1393 2440 1750 2494 necessarium

165 2537 500 2607 episcopatui
530 2536 650 2605 quis
678 2534 925 2588 habuerit
955 2533 1326 2602 presbyterum
1352 2570 1366 2593 ,
1395 2538 1446 2583 et
1481 2546 1660 2591 unum,
1698 2538 1753 2581 ut

166 2630 371 2696 dixisti,
408 2628 605 2691 frater,
638 2627 905 2690 habuerit,
934 2626 1097 2678 etiam
1137 2625 1308 2693 ipsum
1354 2623 1420 2676 ad
1452 2624 1749 2691 promotio-

167 2735 286 2774 nem
338 2721 473 2772 dare
522 2716 761 2771 debebit.
810 2714 1191 2769 Postumianus
1246 2713 1529 2781 episcopus
1578 2712 1747 2764 dixit:

158 2808 304 2879 Ergo
332 2811 379 2863 si
413 2809 576 2863 habet
604 2807 740 2861 alios
778 2805 1113 2860 abundantes
1142 2804 1389 2868 clericos,
1434 2802 1597 2856 debet
1625 2803 1751 2855 inibi

154 2899 268 2954 alia
297 2900 453 2968 plebs
481 2896 792 2952 subvenire.

232 2990 488 3041 Aurelius
533 2988 818 3056 episcopus
837 2984 971 3039 dixit
1002 3004 1012 3038 :
1046 2984 1190 3038 Sane
1224 2982 1442 3052 quando
1494 2993 1549 3037 tu
1580 2982 1755 3037 eccle-

162 3080 253 3133 size
282 3079 445 3133 alteri
483 3078 825 3140 subveneiis,
878 3076 1289 3145 persuadebitur
1317 3075 1391 3128 illi
1435 3077 1526 3143 qui
1572 3074 1755 3142 plures

164 3171 323 3225 habet
351 3170 604 3233 clericos,
631 3178 690 3222 ut
711 3183 872 3222 unum
902 3166 995 3221 tibi
1024 3167 1381 3221 ordinandum
1404 3165 1679 3233 largiatur.

223 3320 411 3376 XVIII.
447 3318 517 3375 Ut
538 3320 803 3389 episcopus
828 3321 911 3401 qui
934 3319 1147 3401 clericos
1175 3320 1388 3401 ulterius
1417 3320 1697 3388 susceperit

652 3394 1008 3444 communione
1026 3394 1271 3459 privetur.

232 3526 297 3581 In
333 3526 627 3581 canonibus
669 3526 1070 3595 Apostolorum,
1121 3526 1254 3579 titul.
1319 3524 1403 3577 16.
1457 3522 1754 3594 Episcopus

162 3622 299 3688 apud
327 3632 495 3686 quem
521 3626 545 3651 η
575 3616 885 3671 demoratos
912 3616 1141 3670 Clericos
1166 3616 1389 3670 alterius
1411 3630 1529 3669 esse
1552 3616 1754 3669 consti-

162 3710 304 3774 terit,
336 3710 381 3764 si
411 3716 603 3763 contra
629 3722 726 3761 eos
752 3707 1029 3762 decretam
1062 3708 1419 3761 cessationem
1450 3722 1548 3776 pro
1586 3706 1753 3761 nihilo

162 3810 436 3872 reputans,
498 3809 751 3867 tanquam
799 3798 1026 3853 clericos
1074 3796 1213 3853 forte
1242 3798 1558 3867 susceperit,
1609 3798 1753 3853 velut

161 3894 413 3960 magister
446 3889 848 3959 inquietuiinis,
873 3891 1250 3943 communione
1279 3889 1534 3957 privetur.

228 3981 434 4038 Cernit.
501 3981 847 4044 Sardicens.,
922 3981 1057 4034 titul.
1115 3981 1200 4034 I6.
1248 3978 1415 4036 Osius
1469 3982 1755 4052 episcopus

154 4074 331 4128 dixit:
360 4073 485 4129 Hoc
525 4088 744 4141 quoque
786 4073 1036 4128 omnibus
1083 4073 1281 4142 placet,
1338 4081 1395 4126 ut
1428 4074 1540 4126 sive
1566 4074 1752 4127 diaco-

161 4181 275 4231 nus,
304 4180 425 4220 sive
456 4163 762 4233 presbyter,
820 4165 933 4219 sive
961 4164 1083 4231 quis
1128 4164 1472 4230 clericorum,
1521 4164 1588 4218 ab
1634 4166 1751 4233 epi-

156 4270 215 4308 sc
250 4271 320 4324 po
340 4270 444 4309 suo
474 4254 857 4309 communione
880 4252 1041 4307 fuerit
1067 4253 1329 4321 privatus,
1353 4262 1408 4306 et
1432 4252 1497 4306 ad
1527 4255 1752 4307 alterum

160 4345 461 4414 perrexerit
508 4344 846 4417 episcopum,
893 4352 949 4396 et
994 4342 1179 4397 scierit
1226 4342 1293 4394 ad
1321 4357 1482 4411 quem
1513 4341 1753 4412 confugit

156 4454 276 4492 eum
307 4436 376 4491 ab
420 4437 682 4507 episcopo
710 4449 808 4487 suo
845 4432 1011 4487 luisse
1049 4432 1339 4500 abjectum,
1401 4449 1508 4488 non
1538 4443 1754 4503 oportet

160 4539 215 4583 ut
240 4531 288 4585 ei
310 4530 759 4586 communionem
790 4527 1093 4595 indulgeat;
1144 4528 1288 4597 quod
1314 4528 1358 4583 si
1380 4528 1585 4595 fecerit,
1616 4530 1752 4584 sciat

158 4637 214 4675 se
250 4622 572 4678 convocatis
600 4620 866 4689 episcopis
903 4634 1095 4675 causas
1151 4634 1271 4675 esse
1296 4621 1586 4676 dicturum.
1624 4622 1747 4677 Uni-

158 4714 294 4767 versi
322 4715 583 4767 dixerunt
609 4728 623 4765 :
654 4709 769 4766 Hoc
808 4720 1068 4766 statutum
1109 4720 1166 4766 et
1192 4728 1379 4782 pacem
1409 4714 1664 4777 servabit,
1696 4724 1748 4769 et

157 4805 506 4857 concordiam
536 4803 825 4857 custodiet.

225 4894 427 4950 Concil.
470 4895 793 4961 supradicto,
828 4895 906 4948 tit.
945 4893 1029 4947 I7.
1072 4892 1228 4949 Osius
1258 4895 1542 4965 episcopus
1567 4896 1701 4949 dixit
1730 4913 1742 4949 :

162 4989 308 5055 Quod
339 5005 428 5044 me
450 4989 630 5043 adhuc
659 4999 842 5044 movet
868 4990 1103 5045 retinere
1142 5006 1250 5045 non
1280 4992 1489 5056 debeo;
1534 4993 1577 5046 si
1630 4994 1746 5063 epi-

162 5096 354 5152 scopus
376 5080 525 5135 forte
544 5080 665 5150 quis
695 5080 1000 5145 iracundus,
1024 5082 1165 5149 quod
1195 5096 1315 5136 esse
1343 5097 1448 5137 non
1482 5084 1659 5148 debet,
1694 5094 1747 5137 et

159 5186 347 5239 aspere
397 5180 781 5227 commovetur
830 5170 1115 5226 adversum
1178 5174 1580 5243 presbyterum,
1634 5179 1748 5227 sive

158 5261 444 5318 diaconum
463 5278 649 5329 suum,
713 5270 768 5317 et
807 5266 1171 5320 exterminare
1226 5280 1349 5319 eum
1397 5266 1463 5320 de
1504 5265 1743 5321 Ecclesia

165 5357 405 5423 voluerit,
449 5356 845 5427 providendum
893 5366 975 5413 est
1025 5374 1093 5412 ne
1141 5359 1402 5412 innocens
1437 5358 1746 5424 damnetur,

163 5457 250 5500 aut
275 5450 464 5518 perdat
495 5448 967 5514 communionem,
990 5458 1045 5504 et
1066 5448 1189 5503 ideo
1206 5450 1402 5504 habeat
1425 5456 1744 5517 potestatem

163 5540 245 5603 qui
267 5540 515 5606 abjectus
540 5549 623 5593 est
650 5548 711 5593 ut
741 5540 1024 5609 episcopos
1049 5541 1304 5595 linitimos
1334 5540 1659 5609 interpellet,
1692 5547 1747 5593 et

163 5641 311 5683 causa
334 5630 451 5698 ejus
469 5629 745 5698 audiatur,
765 5644 829 5685 ac
851 5630 1160 5698 diligendus
1184 5640 1461 5690 tractetur,
1487 5631 1610 5700 quia
1636 5644 1741 5683 non

1782 4588 1829 4649 D

1845 616 1934 683 qui
1951 615 2229 681 eumjuste
2248 622 2341 665 aut
2364 610 2557 678 injuste
2580 611 2795 678 abjecit,
2810 609 3077 678 patienter
3094 611 3340 679 accipiat,
3360 620 3416 665 ut

1848 707 2123 773 negotium
2155 704 2493 767 discutiatur,
2522 711 2576 755 ut
2612 702 2694 759 vel
2726 703 2983 769 probetur
3010 703 3275 755 sententia
3306 700 3424 769 ejus

1847 812 1876 850 a
1907 796 2166 864 pluiimis,
2202 796 2281 847 vel
2305 793 2622 847 emendetur
2651 809 2663 843 :
2699 801 2870 845 tamen
2904 792 3213 860 priusquam
3241 793 3419 845 omnia

1847 887 2148 955 diligenter,
2202 895 2256 939 et
2302 887 2528 937 lideliter
2557 884 2949 944 examinentur,
2984 898 3106 935 eum
3150 881 3238 949 qui
3267 880 3426 935 fuerit

1848 977 2229 1030 communione
2299 985 2580 1041 Separalus
2648 985 2775 1025 ante
2826 973 3187 1038 cognitionem
3246 972 3425 1024 nullus

1848 1070 2009 1121 debet
2064 1082 2391 1137 prtesumere
2441 1080 2497 1119 ut
2548 1082 2669 1119 eum
2715 1065 3093 1119 communione
3121 1066 3310 1118 societ.
3361 1063 3424 1118 Ili

1849 1174 1977 1213 vero
2001 1160 2089 1227 qui
2112 1159 2435 1212 conveniunt
2463 1157 2528 1209 ad
2553 1157 2896 1218 audiendum,
2940 1156 2983 1209 si
3011 1153 3244 1208 viderint
3264 1154 3425 1208 cleri-

1849 1265 2031 1304 corum
2063 1264 2181 1301 esse
2205 1248 2458 1311 studium,
2512 1255 2567 1299 et
2591 1246 2918 1316 superbiam,
2973 1245 3101 1311 quia
3132 1260 3238 1298 non
3273 1242 3430 1298 decet

1851 1352 1909 1395 ut
1960 1342 2246 1409 episcopus
2293 1340 2543 1406 injuriam
2591 1338 2673 1390 vel
2724 1338 3107 1391 contumeliam
3160 1334 3425 1404 patiatur;

1851 1432 2163 1485 saevioribus
2187 1446 2280 1484 eos
2310 1430 2487 1483 verbis
2524 1429 2806 1495 castigent,
2841 1442 2898 1481 ut
2924 1428 3180 1482 obediant
3203 1427 3426 1481 honesta

1854 1523 2177 1593 principienti
2205 1524 2480 1591 episcopo,
2525 1522 2649 1589 quia
2680 1522 2817 1573 sicut
2866 1521 2953 1574 ille
2999 1520 3211 1575 clericis
3256 1521 3430 1575 since-

1853 1632 1969 1669 rum
2000 1614 2161 1668 debet
2187 1613 2441 1667 exhibere
2470 1628 2706 1666 amorem
2736 1611 3037 1678 charitatis,
3096 1613 3168 1665 ita
3215 1626 3432 1681 quoque

1856 1706 2083 1759 vicissim
2113 1705 2339 1758 ministri
2371 1704 2605 1759 inlucata
2644 1705 2842 1757 debent
2872 1705 3126 1773 episcopo
3154 1719 3251 1757 suo
3277 1704 3432 1756 exhi-

1857 1799 1982 1851 bere
2009 1798 2284 1866 obsequia.

1931 1890 2011 1939 lia:
2032 1888 2246 1939 decretis
2286 1902 2436 1956 papa:
2468 1883 2783 1950 Innocentii,
2810 1886 2891 1936 tit.
2940 1882 3021 1937 Μ.
3062 1883 3131 1939 Ut
3160 1884 3226 1938 de
3256 1883 3431 1939 aliena

1858 1981 2084 2034 ecciesia
2114 1978 2367 2031 clericum
2400 1977 2651 2031 ordinare
2693 1974 2868 2047 nullus
2898 1984 3141 2044 usurpet,
3182 1975 3284 2029 nisi
3314 1976 3434 2044 ejus

1855 2072 2089 2140 episc0pi
2141 2070 2395 2139 precibus
2442 2070 2759 2124 exhortatus
2808 2069 3109 2122 c0ncedere
3160 2068 3433 2131 voluerit;

1855 2163 1957 2217 hoc
1986 2163 2146 2216 etiam
2191 2164 2428 2230 synodus
2473 2159 2664 2213 statuit
2692 2158 2924 2219 Nicmna,
2961 2166 3017 2210 ut
3058 2156 3323 2225 abjectum
3366 2159 3433 2209 ab

1854 2253 2023 2306 altero
2053 2253 2328 2315 clericum,
2363 2250 2529 2303 altera
2570 2249 2794 2303 ecclesia
2827 2264 2932 2301 non
2959 2248 3201 2316 recipiat.

1931 2342 2012 2394 lia:
2053 2346 2267 2394 decretis
2296 2358 2446 2410 papa:
2496 2341 2702 2405 Leonis,
2752 2342 2831 2390 tit.
2884 2338 2971 2392 59.
3003 2339 3047 2391 A
3073 2341 3247 2391 icnum
3278 2339 3433 2391 cleri-

1855 2451 1977 2489 cum
2027 2436 2193 2488 invito
2242 2435 2499 2502 episcopo
2546 2434 2711 2501 ipsius
2760 2446 2917 2484 nemo
2960 2431 3232 2499 suaeipiat,
3275 2446 3433 2482 neuio

1854 2528 2128 2592 sollicitet,
2178 2527 2275 2579 nisi
2319 2525 2455 2578 forte
2502 2540 2568 2578 ex
2620 2524 2819 2592 placito
2848 2522 3162 2576 cliaritalis:
3198 2521 3248 2573 id
3294 2522 3434 2573 inter

1854 2624 2072 2676 dantem
2114 2620 2579 2689 aecipientemque
2617 2619 2939 2671 conveniat:
2974 2631 3097 2669 nam
3144 2615 3321 2682 gravis
3350 2616 3430 2667 in-

1849 2715 2005 2783 juria:
2082 2729 2179 2767 eus
2225 2722 2326 2776 est,
2356 2713 2447 2779 qui
2492 2713 2559 2765 de
2604 2710 2783 2764 fratris
2823 2710 3049 2762 ecclesia
3100 2711 3152 2761 id
3179 2708 3323 2776 quod
3352 2716 3433 2761 est

1857 2804 2058 2869 utilius,
2086 2813 2178 2855 aut
2200 2802 2503 2871 pretiosius,
2534 2802 2693 2853 audet
2717 2801 2801 2854 vel
2820 2800 3074 2866 abjieere,
3104 2799 3183 2852 vel
3212 2810 3393 2852 tenere
3418 2814 3432 2851 :

1856 2896 2034 2963 itaque
2082 2894 2126 2947 si
2176 2895 2311 2946 intra
2364 2892 2695 2960 provinciam
2750 2906 2836 2945 res
2876 2890 3072 2957 agitur,
3104 2887 3435 2955 transfugam

1855 2984 2113 3037 clericum
2172 2982 2239 3035 ad
2270 2982 2555 3036 ecclesiam
2594 2996 2747 3035 suam
2792 2982 3242 3048 metropolitanus
3289 2994 3437 3033 com-

1856 3078 2041 3146 peliet.
2067 3077 2122 3131 Si
2148 3084 2330 3129 autem
2359 3075 2569 3142 longius
2590 3073 2832 3137 recessit,
2868 3074 2943 3127 tui
2973 3072 3221 3143 praacepti
3246 3083 3437 3126 aucto-

1858 3169 2019 3220 ritate
2052 3164 2418 3230 revocabitur,
2452 3175 2508 3217 ut
2538 3180 2635 3219 nec
2667 3164 2971 3234 cupiditati,
3005 3178 3106 3219 nec
3135 3164 3432 3227 ambitioni,

1776 3243 1824 3305 ο
1857 3261 2073 3313 occasio
2102 3258 2461 3327 relinquatur.

1996 3410 2134 3466 XIX.
2184 3411 2249 3466 L't
2276 3412 2467 3482 digami
2490 3428 2593 3465 non
2613 3413 2956 3465 admittuntur
2987 3413 3057 3466 ad
3077 3413 3289 3466 clerum.

1924 3527 1991 3581 In
2035 3526 2327 3581 Curionibus
2358 3529 2746 3595 Apostolorum,
2782 3530 2862 3581 tit.
2919 3528 3008 3581 17.
3041 3527 3099 3581 Si
3131 3528 3253 3596 quis
3308 3536 3431 3597 post

1856 3618 2115 3688 baptisma
2144 3618 2394 3672 secundis
2416 3618 2575 3671 fuerit
2601 3618 2801 3687 nuptiis
2829 3618 3136 3687 copulatus,
3170 3627 3266 3672 aut
3292 3633 3428 3672 con-

1855 3710 2105 3765 cubinam
2137 3709 2401 3774 habuerit,
2446 3725 2554 3764 noii
2606 3718 2785 3779 potest
2827 3724 2949 3764 esse
2976 3708 3286 3779 episcopus,
3327 3724 3436 3763 non

1856 3801 2156 3871 presbyter,
2185 3809 2277 3853 aut
2305 3799 2586 3868 diaconus,
2617 3809 2710 3856 aut
2741 3816 2963 3869 prorsus
2991 3814 3061 3855 ex
3087 3815 3315 3856 numero
3337 3815 3437 3855 eo-

1855 3908 1971 3946 rum
1994 3892 2086 3961 qui
2116 3893 2415 3947 ministerio
2444 3907 2601 3947 sacro
2622 3893 2954 3947 deserviunt.

1927 3982 2125 4036 Concil.
2158 3981 2394 4049 Laodic.,
2424 3984 2504 4037 tit.
2538 3983 2590 4037 1.
2614 3982 2691 4039 De
2714 3984 2797 4037 his
2816 3984 2908 4053 qui
2934 3983 3230 4040 secundum
3259 3986 3438 4041 eccle-

1855 4074 2123 4129 siasticam
2163 4074 2401 4142 regulam
2438 4075 2625 4139 libere,
2672 4090 2737 4130 ac
2777 4075 3018 4143 legitime
3048 4076 3301 4132 secundis
3330 4091 3434 4132 nu—

1857 4164 1984 4234 ptiis
2006 4165 2179 4233 juncti
2233 4174 2375 4230 sunt,
2420 4180 2519 4220 nec
2546 4166 2761 4221 occulte
2816 4167 3123 4237 nuptiarum
3182 4167 3435 4239 copulam

1857 4256 2121 4323 fecerunt,
2152 4266 2370 4327 oportet
2399 4266 2457 4312 ut
2485 4273 2650 4328 parvo
2676 4267 2918 4329 tempore
2948 4268 3220 4315 transacto
3246 4272 3438 4316 vacent

1853 4344 2205 4407 orationibus,
2268 4353 2323 4398 et
2363 4344 2600 4413 jejuniis,
2650 4345 2845 4413 quibus
2871 4347 3033 4401 etiam
3056 4346 3211 4415 juxta
3255 4346 3435 4401 indul-

1843 4436 2091 4503 gentiam
2119 4438 2552 4491 communionem
2578 4438 2726 4491 reddi
2753 4440 3113 4495 decrevimus.

1923 4526 2009 4581 Ea:
2037 4526 2224 4581 decret.
2255 4545 2404 4597 papae
2432 4528 2633 4595 Siricii,
2666 4538 2744 4582 t.t.
2771 4529 2859 4583 II.
2892 4530 3144 4599 Quisquis
3169 4545 3303 4586 sane
3324 4533 3435 4589 cle-

1857 4620 1999 4677 ricus
2025 4629 2118 4675 aut
2150 4620 2385 4687 viduam,
2418 4631 2511 4674 aut
2533 4632 2682 4675 certe
2710 4622 2999 4677 secundam
3025 4625 3310 4693 eonjugem
3340 4626 3436 4680 du-

1858 4714 2016 4779 xerit,
2049 4713 2193 4767 omni
2224 4712 2607 4767 ecclesiastica:
2656 4713 2930 4782 dignitatis
2979 4715 3257 4783 privilegio
3302 4731 3428 4772 mox

1854 4806 2105 4870 nudetur,
2139 4805 2271 4859 laica
2321 4814 2523 4858 tantum
2576 4805 2678 4858 sibi
2726 4806 3108 4861 communione
3137 4822 3429 4873 concessa;

1851 4912 2011 4966 quam
2042 4900 2114 4951 ita
2136 4898 2352 4951 demum
2402 4897 2602 4966 poterit
2641 4898 2939 4965 possidere,
2986 4898 3034 4952 si
3066 4898 3199 4954 nihil
3247 4910 3404 4969 poste

1852 5002 2072 5061 propter
2096 4990 2238 5059 quod
2262 4990 2401 5043 banc
2420 4988 2630 5058 perdat,
2663 4990 2929 5044 admittat.

1927 5081 2005 5134 Ea:
2034 5082 2251 5135 decretis
2285 5097 2435 5151 papa:
2465 5079 2783 5146 Innocentii,
2812 5082 2893 5135 tit.
2930 5081 3014 5146 II,
3058 5079 3125 5134 η
3156 5088 3211 5135 et
3244 5081 3309 5135 15
3364 5082 3433 5136 l't

1853 5174 2068 5227 viduam
2110 5173 2342 5227 clericus
2372 5187 2480 5226 non
2531 5171 2694 5226 ducat
2724 5186 2969 5233 uxorem,
2998 5171 3121 5240 quia
3169 5172 3431 5239 scriptum

1852 5278 1935 5321 est
1959 5283 1971 5318 :
1994 5266 2317 5323 Sacerdotes
2359 5279 2579 5320 uxorem
2612 5266 2871 5332 virginem
2901 5264 3194 5333 accipiant,
3220 5280 3329 5318 non
3351 5266 3433 5319 vi-

1854 5360 2033 5420 duam,
2066 5373 2172 5410 non
2209 5357 2463 5425 ejectam.
2497 5356 2692 5423 Utique
2730 5356 2817 5424 qui
2849 5354 2918 5408 ad
2963 5355 3324 5411 sacerdotium
3345 5356 3429 5407 la-

1853 5447 1983 5502 bore
2011 5464 2110 5502 suo
2134 5456 2188 5502 et
2218 5447 2337 5501 vita:
2368 5446 2635 5515 probitate
2678 5446 2978 5513 contendit,
3032 5460 3228 5505 cavere
3268 5446 3433 5501 debet

1854 5553 1922 5592 ne
1951 5538 2053 5592 hoc
2105 5536 2413 5606 przejudicio
2464 5537 2754 5605 impeditus
2784 5536 3073 5606 pervenire
3098 5550 3204 5592 non
3235 5537 3429 5605 possit.

1928 5625 1994 5681 Ut
2019 5628 2063 5681 is
2108 5628 2197 5696 qui
2234 5625 2443 5679 viduam
2473 5625 2599 5681 licet
2641 5625 2806 5682 laicus
2847 5626 3000 5681 duxit
3039 5640 3282 5690 uxorem,
3315 5624 3427 5681 sive

224 5818 251 5843 ³
279 5808 340 5863 In
380 5810 587 5868 Codice
618 5813 843 5879 Dionys_
873 5809 1046 5879 Exig.,
1088 5826 1206 5880 pag.
1246 5812 1367 5877 H5,
1410 5822 1734 5873 mcmomtos,
1770 5812 1856 5862 sed
1889 5828 2176 5879 perperam.
