4204 6540
809 434 908 488 847

1935 429 2018 481 Cll
2031 427 2264 481 ISCONII
2312 430 2349 480 Δ
2362 424 2443 478 Fll
2457 423 2630 478 ICANI
2679 423 2983 477 EI’ISCOPI

3946 424 4039 475 8Ιὸ

805 553 925 593 ante
957 541 1295 608 baptismum,
1328 540 1440 590 sive
1471 547 1589 605 post
1619 538 1959 604 baptismum,
1995 550 2098 586 non
2125 533 2367 585 admitta-
2398 537 2443 593 Α
2475 539 2724 583 nascatur
2757 549 2769 582 :
2801 546 3104 598 quanquam
3144 533 3390 598 ignorare
3416 547 3579 601 nunqt
3602 548 3690 586 ani
3721 531 3932 587 licuerit
3964 553 4040 584 sa-

806 646 887 685 tur
919 635 982 686 ad
1013 634 1232 694 clerum,
1276 632 1401 698 quia
1436 630 1623 682 eodem
1670 630 1797 681 \itio
1847 628 2052 679 videtur
2094 625 2362 677 exclusus.

802 729 858 781 ln
889 729 1155 796 baptismo
1178 726 1318 778 enim
1349 725 1570 778 crimina
1599 723 1960 786 ditnittuntur,
1989 735 2094 772 nun
2136 726 2367 782 accepta:

805 820 987 872 uxoris
1029 816 1356 870 consortium
1407 814 1694 868 relaxatur.
1738 809 1814 864 Ne
1850 811 1892 863 is
1931 809 2021 876 qui
2073 807 2365 861 secundam

801 909 1017 962 duxerit
1035 921 1254 960 uxorem
1271 905 1494 959 clericus
1514 902 1758 970 liat,quia
1778 902 2034 967 scriptum
2061 908 2174 952 est:
2201 896 2368 949 Unius

804 1000 986 1052 uxoris
1009 998 1196 1060 virum,
1216 1005 1270 1049 et
1294 996 1414 1047 alibi
1446 991 1792 1045 :Saccrdotcs
1816 991 1918 1044 mei
1945 989 2111 1042 semel
2129 988 2364 1047 nubant;

801 1101 856 1144 et
885 1092 1075 1144 iterum
1111 1108 1123 1143 :
1150 1089 1468 1143 Sacerdotes
1502 1086 1605 1139 mei
1637 1100 1743 1138 non
1779 1084 1982 1138 nubant
2013 1080 2274 1148 amplius;
2303 1094 2367 1132 ac

804 1197 869 1234 ne
895 1182 962 1235 ab
989 1181 1250 1248 aliquibus
1278 1176 1614 1231 existimetur
1639 1184 1764 1228 ante
1785 1173 2133 1240 baptismum,
2156 1171 2200 1222 si
2230 1168 2367 1222 forte

801 1274 918 1340 quis
942 1271 1144 1339 accepit
1175 1283 1416 1333 uxorem,
1449 1275 1503 1319 ct
1523 1280 1582 1319 ca
1613 1265 1679 1318 de
1708 1264 1906 1317 saaculo
1928 1262 2208 1316 recedente
2229 1259 2363 1312 alte-

801 1378 913 1415 ratu
940 1361 1170 1424 duxerit,
1201 1361 1252 1414 in
1287 1359 1548 1426 baptisnto
1577 1370 1694 1410 esse
1723 1355 2015 1416 dimissum,
2049 1355 2181 1404 satis
2223 1357 2365 1402 errat

800 1471 828 1506 a
863 1453 1061 1519 regula,
1091 1454 1212 1520 quia
1245 1452 1294 1503 in
1324 1449 1588 1517 baptismo
1619 1454 1836 1516 peccata
1861 1445 2222 1505 dimittuntur,
2258 1457 2364 1495 non

797 1551 1133 1608 acccptannn
1166 1553 1388 1591 uxormn
1429 1551 1683 1590 numerus
1727 1535 1992 1595 aboletur,
2025 1548 2146 1586 cum
2183 1531 2366 1598 utique

799 1647 933 1683 uxor
961 1645 1022 1681 ex
1066 1629 1196 1695 legis
1234 1638 1500 1696 praecepto
1524 1626 1750 1680 ducatur
1781 1625 1832 1678 in
1865 1633 2090 1684 tantum,
2123 1630 2180 1674 ut
2228 1630 2282 1673 et
2313 1619 2362 1670 in

802 1723 1067 1790 paradiso,
1099 1737 1217 1774 cum
1243 1728 1489 1787 parentes
1511 1717 1724 1771 humani
1749 1716 1958 1783 generis
1976 1713 2368 1780 conjungercn-

801 1826 904 1876 tur,
937 1815 1003 1865 ab
1035 1815 1148 1882 ipso
1179 1813 1285 1865 sint
1337 1811 1444 1863 Deo
1474 1809 1736 1864 benedicti
1764 1826 1777 1873 ;
1805 1817 1860 1862 et
1886 1806 2142 1862 Salomon
2171 1805 2316 1859 dicat
2351 1824 2361 1856 :

2470 620 2740 674 cerdotcm
2790 620 2915 688 quid
2967 635 3231 674 canonum
3281 622 3476 689 regulis
3520 621 4007 676 l'uez-ildelinitum.

2469 728 2583 782 X.\'.
2615 729 2763 792 Quod
2782 731 2826 782 si
2846 731 2957 799 quis
2985 731 3209 792 viduam,
3229 733 3303 784 vel
3330 731 3566 800 ejectum,
3588 741 3678 785 aut
3702 735 4037 797 meretricem,

2729 803 3002 868 acceperit,
3029 817 3128 854 non
3161 802 3450 854 tdmittitur
3468 803 3520 854 in
3549 808 3767 854 c'crum.

2539 911 2600 966 In
2624 914 2916 967 (Iunonibus
2945 915 3205 982 A_postol.,
3238 916 3317 967 tit.
3350 912 3439 966 18.
3473 913 3527 968 Si
3573 916 3694 983 quis
3722 914 3938 967 viduam
3967 916 4043 967 vcl

2466 1003 2690 1072 ejectum
2719 1004 3004 1072 acceperit,
3037 1015 3128 1057 aut
3157 1005 3521 1068 meretricem,
3543 1013 3635 1058 aut
3661 1005 3938 1067 ancillam,
3967 1005 4043 1056 vel

2469 1095 2697 1162 aliquam
2729 1095 2797 1149 de
2814 1096 3028 1164 hisqum
3053 1097 3278 1164 publicis
3299 1096 3624 1166 spectaculis
3647 1097 4041 1164 mancipantur,

2469 1200 2573 1238 non
2606 1194 2785 1253 potest
2813 1200 2932 1239 esse
2963 1187 3270 1254 cpiscopus,
3298 1195 3390 1238 aut
3414 1187 3719 1258 presbyter,
3749 1197 3843 1240 aut
3866 1187 4042 1238 diam-

2469 1289 2589 1339 nus,
2612 1283 2705 1326 aut
2731 1289 2796 1327 ex
2826 1291 3050 1329 numero
3080 1278 3170 1343 qui
3202 1277 3500 1331 ministerio
3529 1292 3686 1330 sacro
3712 1277 4038 1330 deserviunt.

2538 1363 2620 1416 EI
2649 1367 2862 1419 decretis
2891 1383 3040 1434 pupa:
3068 1365 3380 1429 Innocentii,
3416 1370 3494 1419 tit.
3520 1365 3608 1419 50.
3639 1367 3716 1420 De
3747 1365 3898 1419 laicis
3922 1380 4044 1418 vero

2468 1452 2654 1520 religio
2700 1463 2788 1507 tua
2819 1456 3086 1508 consuluit
3126 1457 3267 1523 quod
3306 1471 3542 1510 canones
3590 1455 3832 1508 ordinari
3864 1455 4042 1524 prohi-

2469 1541 2660 1596 beant:
2694 1553 2901 1598 certum
2928 1554 3009 1598 est
3037 1545 3249 1614 quidem
3284 1547 3385 1599 hoc
3412 1545 3624 1610 regulas
3653 1546 4045 1599 ecclesiasticas

2469 1637 2766 1699 continere,
2796 1638 2892 1692 sed
2923 1654 3028 1691 non
3056 1640 3128 1690 ita
3155 1639 3434 1692 delinilttllt
3478 1648 3580 1703 est,
3615 1647 3674 1690 ut
3705 1639 3774 1692 de
3801 1637 4045 1691 omnibus

2468 1727 2538 1778 sit
2590 1727 2740 1780 laicis
2783 1727 3131 1781 constitutum
3160 1745 3172 1780 :
3205 1743 3382 1796 neque
3423 1731 3564 1782 enim
3595 1728 3778 1782 clerici
3814 1728 3963 1780 nasci
3993 1736 4046 1779 et

2470 1831 2574 1869 non
2602 1815 2714 1870 fieri
2745 1827 2990 1886 possunt,
3022 1818 3115 1872 sed
3143 1819 3417 1886 designata
3447 1829 3574 1873 sunt
3603 1833 3805 1887 genera
3831 1820 3897 1873 de
3928 1819 4043 1888 qui-

797 1906 841 1958 A
882 1905 989 1959 Deo
1019 1903 1401 1972 prreparabitur
1429 1901 1543 1952 viro
1569 1914 1720 1962 uxor,
1751 1913 1912 1966 quam
1936 1896 2160 1951 formam
2197 1894 2359 1948 etiam
2393 1883 2403 1942 1

2472 1909 2567 1961 bus
2597 1910 2661 1962 ad
2701 1909 3011 1964 clericatum
3063 1911 3347 1979 pervenire
3370 1924 3478 1963 non
3509 1919 3756 1979 possunt,
3791 1910 3842 1962 id
3873 1921 3975 1972 est,
4002 1910 4043 1962 si

795 1995 1103 2047 sacerdotes
1126 2007 1310 2045 omnes
1331 2005 1542 2044 servare
1559 2004 1686 2042 usus
1712 1989 1824 2056 ipse
1838 1989 2168 2042 demonstrat
2183 1985 2364 2040 Eccle-

795 2085 907 2138 sizc.
937 2083 1076 2136 Satis
1101 2082 1243 2135 enim
1272 2078 1561 2135 ahsurdutn
1594 2089 1676 2132 est
1704 2079 1938 2147 aliquem
1969 2079 2195 2131 credere
2224 2091 2363 2128 uxo-

797 2189 908 2228 rem
935 2182 1058 2225 ante
1078 2171 1401 2239 baptismum
1432 2177 1727 2236 acceptam,
1759 2176 1881 2236 post
1905 2166 2227 2235 baptismum
2258 2179 2364 2217 non

795 2262 1115 2331 computari,
1150 2277 1270 2314 cum
1309 2259 1628 2323 benedictio,
1662 2272 1782 2326 qua:
1812 2271 1910 2326 per
1938 2255 2249 2311 sacerdotes
2272 2269 2366 2308 su-

798 2372 892 2426 per
922 2357 1181 2410 nubentes
1207 2354 1520 2423 imponitur,
1549 2366 1657 2405 non
1700 2350 1979 2404 materiam
2011 2346 2359 2416 delinquendi

795 2451 1024 2514 dedisse,
1057 2450 1148 2503 sed
1181 2448 1405 2502 fortnam
1438 2449 1672 2500 tenuisse
1704 2444 1836 2512 legis
1870 2459 1901 2496 a
1931 2442 2042 2497 Deo
2071 2442 2366 2510 antiquitus

797 2542 1052 2595 instituta:
1077 2539 1353 2593 doceatur.
1386 2538 1538 2604 Quod
1583 2537 1628 2590 si
1655 2550 1778 2590 'non
1809 2541 2026 2604 putatur
2055 2547 2193 2586 uxor
2245 2547 2367 2586 esse

795 2629 1175 2698 computanda,
1204 2643 1323 2698 qua:
1367 2636 1493 2682 ante
1535 2626 1858 2695 baptismum
1890 2623 2047 2678 ducta
2092 2631 2203 2682 est;
2237 2636 2365 2689 ergo

798 2738 895 2774 nec
927 2721 1016 2774 lilii
1035 2721 1124 2789 qui
1155 2729 1280 2774 ante
1310 2719 1632 2788 baptismum
1661 2715 1827 2786 geniti
1855 2723 1979 2769 sunt
1995 2728 2092 2782 pro
2123 2713 2242 2766 filiis
2269 2714 2367 2765 ba.

801 2821 1013 2868 bentur.

869 2906 952 2957 Ea;
982 2905 1196 2958 decretis
1238 2919 1387 2973 papa:
1437 2902 1749 2964 Innocentii,
1797 2900 1874 2952 tit.
1914 2896 2003 2951 9.9.
2038 2898 2112 2952 De
2139 2895 2366 2964 digamis

799 3006 976 3050 autem
1022 3011 1118 3050 nec
1145 2995 1348 3052 consuli
1379 2995 1583 3059 debuit,
1615 3008 1734 3047 cum
1775 2990 2058 3047 manifesta
2107 2990 2177 3043 sit
2204 2989 2365 3042 lectio

801 3086 1062 3155 Apostoli,
1088 3087 1241 3140 unius
1273 3087 1453 3138 uxoris
1474 3085 1642 3138 virum
1670 3083 1736 3136 ad
1761 3082 2140 3144 sacerdotium,
2167 3080 2280 3133 sive
2301 3078 2367 3132 ad

797 3179 1110 3231 clericatum
1139 3176 1343 3229 admitti
1375 3175 1593 3235 debere,
1626 3180 1680 3227 et
1709 3173 1848 3226 hanc
1893 3171 2060 3240 ipsam
2109 3181 2285 3222 tamen
2321 3166 2364 3221 si

800 3272 1056 3339 virginem
1087 3270 1294 3339 accepit
1327 3289 1335 3321 :
1367 3284 1487 3323 nam
1515 3283 1577 3321 ea
1604 3283 1724 3336 qum
1745 3265 1992 3320 habuerit
2019 3273 2142 3318 ante
2172 3264 2365 3328 virum,

801 3365 928 3417 licet
958 3361 1254 3426 defunctus,
1281 3371 1456 3416 tamen
1491 3362 1535 3416 si
1571 3363 1766 3416 clerico
1794 3370 1978 3430 postea
2010 3359 2165 3413 fuerit
2205 3373 2372 3427 copu-

800 3457 929 3518 lata,
960 3454 1186 3507 clericus
1229 3453 1320 3522 qui
1370 3468 1488 3505 eam
1527 3453 1799 3520 acceperit
1848 3468 1967 3506 esse
2008 3467 2112 3505 non
2153 3451 2368 3518 poterit,

798 3549 924 3616 quia
957 3547 1008 3600 in
1040 3549 1155 3614 lege
1190 3556 1403 3600 cautum
1434 3553 1514 3599 est
1553 3561 1658 3599 non
1687 3545 1922 3606 viduam,
1971 3559 2077 3598 non
2107 3543 2371 3612 abjectam

805 3639 1005 3691 habere
1036 3651 1193 3707 posse
1214 3635 1493 3702 coniugem
1521 3635 1878 3692 sacerdotem.

873 3727 954 3781 Ea
999 3729 1212 3780 decretis
1239 3743 1389 3795 papa:
1433 3725 1642 3792 Leonis,
1669 3726 1747 3779 tit.
1791 3726 1842 3779 2.
1877 3724 2058 3792 Qualis
2086 3741 2215 3781 vero
2251 3740 2373 3780 cum

806 3819 1091 3886 unicuique
1134 3819 1439 3872 constiterit
1473 3818 1728 3870 natalium
1776 3818 2032 3871 honestas
2057 3827 2113 3871 et
2163 3831 2374 3871 morum

801 3927 920 3965 esse
967 3909 1161 3964 debeat
1191 3909 1328 3962 sacri
1379 3910 1565 3962 altaris
1620 3908 1917 3963 ministerio
1967 3908 2268 3970 sociandus,
2323 3915 2378 3961 et

802 4001 1064 4068 Apustolo
1101 4015 1200 4053 nos
1227 4000 1478 4062 docente,
1521 4009 1574 4052 et
1599 3999 1776 4054 divina
1820 4001 2178 4068 prmceptione
2198 3999 2378 4052 didici-

803 4107 945 4156 mus,
969 4098 1024 4143 et
1047 4105 1311 4144 canonum
1339 4091 1553 4156 regulis,
1579 4106 1608 4143 a
1628 4091 1819 4157 quibus
1839 4090 2124 4159 plerosque
2155 4089 2376 4144 fratrum

804 4182 1124 4246 declinasse,
1146 4189 1199 4233 et
1226 4182 1435 4248 penitus
1465 4180 1709 4235 deviasse
1730 4182 2047 4250 reperimus.
2082 4183 2213 4237 Nam
2246 4198 2377 4236 cou-

803 4281 912 4325 stat
950 4270 1015 4323 ad
1062 4269 1418 4323 sacerdotium
1470 4272 1778 4338 pervenisse
1825 4271 2100 4325 viduarum
2128 4275 2375 4338 mar'tos,

805 4361 1066 4428 quosdam
1119 4359 1282 4412 etiam
1321 4359 1516 4427 quibus
1545 4359 1740 4413 fuerint
1773 4377 2058 4416 numerosa
2107 4364 2374 4430 conjugia,

805 4463 861 4503 ct
890 4451 956 4504 ad
985 4464 1200 4504 onmem
1231 4450 1500 4505 licentiam
1551 4451 1656 4504 vita
1685 4451 1920 4516 liberior,
1952 4452 2018 4505 ad
2049 4469 2257 4507 sacrum
2289 4470 2377 4508 or-

808 4542 989 4594 ‘dinem
1033 4539 1227 4610 passim
1258 4539 1539 4608 patefactis
1582 4539 1816 4595 aditibus
1864 4542 2026 4596 fuisse
2051 4544 2370 4611 permissos;
2404 4564 2455 4620 ι)

808 4641 996 4685 contra
1027 4631 1171 4683 illam
1225 4630 1367 4683 beati
1416 4629 1657 4699 Apostoli
1688 4646 1898 4696 vocem,
1925 4646 2028 4699 qua
2061 4632 2254 4685 talibus
2283 4648 2375 4686 ex-

810 4721 1010 4773 clamat
1038 4719 1220 4772 dicens
1247 4735 1261 4769 :
1295 4717 1460 4772 Unius
1499 4721 1683 4784 uxoris
1714 4721 1917 4784 virum;
1948 4729 2002 4774 et
2030 4731 2216 4776 contra
2248 4723 2377 4776 illud

810 4811 1042 4878 antiqua:
1067 4808 1199 4877 legis
1231 4817 1551 4877 receptum
1573 4824 1680 4876 quo
1706 4810 1900 4863 dicitur
1927 4821 1980 4864 et
2001 4821 2218 4866 cavetur
2244 4833 2254 4864 :
2289 4813 2381 4866 Sa-

810 4901 1005 4953 cerdos
1033 4899 1290 4965 virginem
1323 4913 1543 4953 uxorem
1589 4901 1836 4968 accipiat,
1869 4917 1974 4954 non
2018 4902 2247 4966 viduam,
2272 4895 2376 4956 non

814 4989 1170 5056 repudiatam.
1191 4987 1298 5041 llos
1319 5003 1466 5054 ergo,
1497 4989 1803 5058 quicunque
1830 4991 1962 5043 tales
1989 4991 2202 5045 admissi
2234 5003 2376 5054 sunt,

811 5079 878 5130 ab
894 5078 1273 5132 ecclesiasticis
1290 5078 1478 5132 officiis
1499 5088 1554 5132 et
1577 5079 1898 5134 sacerdotali
1923 5082 2138 5135 nomine
2161 5091 2354 5149 aposto
2367 5111 2383 5123 -

818 5171 930 5223 liczc
959 5171 1101 5225 sedis
1129 5170 1448 5223 auctoritate
1484 5169 1732 5237 jub-cmus
1761 5171 1961 5232 arceri;
1987 5186 2084 5224 nec
2115 5171 2216 5223 hoc
2239 5173 2379 5222 enim

817 5261 917 5313 sibi
951 5268 1202 5329 poterunt
1228 5259 1495 5314 vindicare
1539 5259 1690 5327 cujus
1729 5275 1955 5328 capaces
1982 5275 2079 5328 per
2107 5262 2208 5315 hoc
2237 5261 2380 5328 quod

820 5352 922 5404 illis
953 5351 1236 5404 obstiterat
1281 5365 1385 5403 non
1434 5349 1664 5403 fuerunt.
1705 5349 1871 5417 Hujus
1911 5350 2260 5404 discussionis
2286 5368 2382 5405 cu-

817 5457 932 5495 ram
973 5442 1127 5495 nobis
1169 5441 1472 5509 specialiter
1499 5440 1848 5506 vindicantes,
1901 5449 1960 5493 ut
2001 5441 2176 5509 siqua
2221 5441 2386 5495 forsi-

823 5541 911 5584 tan
937 5532 1002 5585 de
1033 5532 1113 5584 his
1135 5532 1415 5584 commissa
1438 5539 1580 5592 sunt,
1615 5532 1973 5599 corrigantur,
2003 5545 2098 5584 nec
2125 5532 2284 5584 liceat
2313 5532 2387 5585 ul-

824 5632 905 5675 tra
936 5622 1217 5686 committi,
1267 5631 1321 5675 et
1370 5639 1436 5675 ne
1475 5638 1578 5690 qua
1625 5623 1897 5678 excusatio
1943 5625 2009 5678 de
2059 5624 2390 5692 ignoratione

897 5804 919 5828 "
949 5795 1004 5848 ln
1040 5794 1225 5858 Editis,
1257 5798 1544 5849 constituta.

2399 3218 2448 3284 α

2471 1999 2589 2068 quis
2622 2000 2792 2055 fidelis
2839 2001 3171 2066 militaverit,
3204 2002 3246 2054 si
3272 2001 3394 2069 quis
3435 1998 3606 2056 ﬁdelis
3633 2015 3827 2055 causas
3854 2001 4042 2068 egerit,

2470 2091 2572 2145 hoc
2593 2098 2693 2153 est,
2727 2090 3099 2159 postulaverit,
3128 2091 3173 2143 si
3203 2091 3323 2157 quis
3364 2089 3535 2144 lidelis
3564 2087 4041 2143 administraverit.

2471 2180 2546 2234 De
2573 2181 2864 2235 curialibus
2916 2189 3095 2234 autem
3149 2181 3429 2235 manifesta
3474 2180 3611 2234 ratio
3648 2190 3750 2244 est,
3791 2179 4046 2247 quoniam

2469 2273 2570 2326 etsi
2615 2272 2954 2327 inveniantur
2983 2271 3283 2338 huiusmodi
3325 2270 3424 2323 viri
3470 2269 3560 2338 qui
3591 2269 3828 2324 debeant
3859 2267 4044 2322 clerici

2471 2362 2603 2426 fieri,
2642 2370 2816 2416 tamen
2846 2362 3095 2432 quoniam
3133 2363 3327 2430 schius
3357 2361 3422 2415 ad
3469 2362 3674 2415 curiam
3702 2368 4044 2429 repetuntur,

2469 2454 2763 2507 cavendum
2787 2453 2956 2508 abhis
2985 2462 3069 2508 est
3095 2462 3314 2523 propter
3336 2451 3737 2507 tribulationem
3758 2465 3878 2520 qum
3903 2465 4046 2521 saape

2469 2545 2536 2598 de
2565 2544 2647 2596 his
2680 2544 2928 2597 Ecclesia:
2965 2543 3232 2612 provenit.

2539 2633 2703 2703 Cujus
2729 2651 2867 2702 sup.,
2896 2635 2973 2686 tit.
3005 2631 3092 2686 5|.
3125 2632 3233 2688 Eos
3256 2633 3347 2702 qui
3396 2634 3580 2688 viduas
3607 2631 3885 2701 accepisse
3922 2643 4040 2699 sug.

2469 2733 2725 2790 geruntur
2753 2737 2968 2787 uxores,
3001 2738 3107 2776 non
3136 2723 3309 2778 solum
3337 2722 3563 2778 clericos
3581 2721 3806 2777 effectos
3826 2721 4041 2789 agnovi,

2471 2829 2654 2869 verum
2675 2815 2837 2867 etiam
2858 2813 2924 2866 ad
2951 2812 3146 2868 infulas
3177 2813 3368 2867 summi
3389 2811 3678 2868 sacerdotii
3700 2810 4009 2880 pervenisse
4027 2853 4040 2871 .

2471 2902 2612 2970 quod
2639 2912 2826 2955 contra
2857 2901 2988 2969 legis
3021 2917 3138 2956 esse
3163 2909 3427 2972 prmeepta
3449 2900 3624 2954 nullus
3649 2899 3888 2967 ignorat.
3912 2899 4046 2952 Nam

2471 3006 2592 3045 cum
2638 2991 2850 3060 Moyses
2901 2991 3172 3059 legislator
3195 2991 3471 3046 clamitet:
3503 2989 3772 3045 Sacerdos
3814 3003 4041 3042 uxorem

2474 3081 2734 3150 virginem
2766 3078 3028 3149 accipiat,
3061 3095 3142 3144 ac,
3174 3095 3242 3134 ne
3272 3081 3324 3133 in
3355 3079 3457 3133 hoc
3484 3086 3812 3147 przeceptum
3843 3075 4046 3145 aliquid

2477 3180 2758 3238 putaretur
2797 3169 3123 3236 ambiguum,
3153 3168 3356 3222 addidit
3390 3185 3402 3218 :
3436 3164 3552 3221 Non
3610 3165 3843 3228 viduam,
3873 3177 4051 3231 neque

2477 3261 2762 3329 abjectam,
2789 3269 2978 3314 contra
3005 3259 3146 3329 quod
3166 3267 3493 3328 praeceptum
3514 3257 3692 3310 divina
3722 3257 4049 3310 auctoritate

2473 3351 2759 3405 subnixum
2806 3349 2950 3403 nulla
2983 3350 3224 3404 defensio
3276 3347 3516 3402 mandati
3553 3345 3778 3400 alterius
3823 3343 4052 3414 opponi-

2477 3449 2580 3505 tur,
2608 3441 2709 3494 nisi
2749 3438 3085 3496 consuetudo
3114 3446 3310 3503 vestra,
3346 3453 3464 3506 qua:
3491 3440 3577 3505 (ut
3618 3435 3721 3504 ipsi
3778 3433 4046 3500 fatemini)

2474 3547 2540 3586 ex
2563 3532 2884 3599 ignorantia,
2918 3541 2976 3585 ut
3003 3529 3358 3585 verecundius
3385 3528 3585 3594 dicam,
3607 3542 3715 3582 non
3740 3542 3810 3581 ex
3832 3534 4052 3596 aposto-

2476 3622 2576 3674 lica
2611 3623 2898 3674 traditione
2927 3630 2983 3673 et
3012 3619 3222 3672 ratione
3251 3619 3458 3686 integra
3489 3627 3512 3651 ιι
3547 3617 3906 3671 constitutum
3937 3623 4048 3677 est,

2477 3724 2576 3762 nos
2613 3717 2792 3762 autem
2821 3723 3118 3775 omnesque
3146 3723 3244 3776 per
3281 3705 3554 3761 Orientem
3592 3705 4053 3772 Occidentemque

2478 3799 2742 3856 Ecclesias
2801 3801 3014 3855 noverit
3041 3808 3218 3854 vestra
3269 3799 3490 3852 dilectio
3540 3798 3652 3851 lucc
3680 3796 3902 3865 penitus
3950 3809 4051 3848 non

2483 3893 2786 3953 admittere,
2821 3906 2921 3946 nec
2947 3891 3013 3945 ad
3051 3890 3296 3944 ultimum
3325 3887 3678 3943 ecclesiastici
3725 3888 3936 3941 ordinis
3980 3887 4054 3939 lo-

2478 3999 2599 4037 cum
2624 3984 2758 4035 tales
2779 3996 3074 4045 assumere,
3094 3990 3167 4046 et,
3191 3980 3236 4034 si
3259 3979 3456 4048 reperti
3481 3978 3701 4041 fuerint,
3718 3977 4049 4031 submovcri.

2552 4090 2690 4144 XXI.
2715 4091 2782 4144 Ut
2803 4093 3030 4161 quiduas
3056 4106 3260 4210 δονεῖ-εἷ
3281 4089 3518 4142 habuerit
3545 4104 3648 4141 non
3676 4087 3988 4140 admittatur

3107 4177 3138 4210 α
3204 4178 3229 4210 c
3254 4175 3418 4210 erum.

3107 4175 3173 4210 αα
3204 4175 3418 4212 clerum.

2553 4253 2616 4306 In
2658 4252 2953 4307 (Iunonibus
2998 4252 3378 4322 Apostolorum,
3417 4251 3496 4304 tit.
3557 4248 3635 4302 l9.
3695 4249 3797 4314 Qui
3837 4248 3974 4302 duas
4002 4264 4052 4299 m

2479 4345 2731 4411 Conjugio
2754 4358 2970 4398 sorores
2998 4344 3288 4410 acceperit,
3324 4343 3408 4396 vel
3441 4341 3603 4394 tiliam
3649 4339 3861 4405 fratris,
3891 4337 4052 4393 cleri-

2480 4451 2574 4489 cus
2595 4451 2713 4488 esse
2742 4449 2847 4487 non
2880 4434 3096 4501 poterit.

2572 4522 2737 4577 XXII.
2769 4523 3020 4576 Clericum
3041 4522 3398 4591 ﬁdejussorem
3433 4536 3545 4575 esse
3565 4536 3670 4573 non
3701 4529 3960 4588 oportere.

2556 4615 2619 4668 In
2667 4614 2884 4668 Cauani.’
2900 4631 2958 4666 us
2988 4613 3368 4682 Apostolorum,
3401 4614 3480 4667 tit.
3509 4612 3600 4666 20.
3628 4609 3881 4666 Clericus
3925 4609 4055 4662 lide-

2476 4706 2810 4774 jussionibus
2839 4705 3134 4759 inserviens
3164 4704 3464 4772 abjiciatur.

2564 4814 2746 4871 XXlll.
2783 4816 2931 4878 Quod
2951 4816 3001 4867 lu”
3031 4816 3115 4884 qui
3145 4831 3247 4867 non
3273 4825 3453 4883 sponte
3475 4815 3807 4869 eunucltizati
3833 4824 3977 4877 sunt,

2930 4886 3278 4953 suscipiantur
3303 4886 3370 4936 ad
3393 4887 3605 4938 clerum.

2560 4998 2622 5050 In
2650 4997 2848 5051 Canou.
2879 4999 3082 5060 Apost.,
3118 4997 3198 5048 tit.
3224 4994 3312 5048 2|.
3339 4994 3628 5049 Eunuchus
3656 4994 3701 5047 si
3725 5009 3824 5063 per
3845 4995 4062 5048 insidias

2486 5087 2763 5140 hominum
2794 5086 2966 5140 factus
2996 5094 3096 5147 est,
3127 5086 3214 5140 vel
3237 5085 3282 5138 si
3305 5085 3358 5139 in
3386 5085 3767 5153 persecutione
3791 5084 3910 5152 ejus
3939 5093 4063 5137 sunt

2488 5186 2759 5243 amputata
2800 5176 2918 5229 viril
2942 5191 2994 5241 a,
3028 5177 3110 5228 vel
3139 5176 3184 5229 si
3214 5176 3288 5229 ita
3327 5184 3484 5229 natus
3512 5183 3615 5237 est,
3641 5183 3696 5230 et
3723 5183 3809 5228 est
3848 5175 4059 5244 dignus,

2489 5267 2750 5322 eﬂioiatur
2779 5268 3082 5336 episcopus.

2562 5357 2757 5410 Coucit.
2803 5356 3044 5422 Νἱεαοηο,
3078 5357 3159 5409 tit.
3194 5355 3247 5411 1.
3279 5356 3334 5411 Si
3364 5358 3482 5424 quis
3511 5373 3539 5410 a
3568 5359 3794 5414 medicis
3823 5375 3924 5429 per
3951 5365 4062 5413 tan-

2493 5463 2713 5517 guorem
2752 5449 3003 5503 desectus
3044 5458 3148 5514 est,
3190 5458 3279 5502 aut
3319 5465 3349 5502 a
3385 5451 3626 5504 barbaris
3657 5451 3950 5510 abscissus.
3986 5453 4064 5505 hic

2493 5539 2545 5592 in
2573 5540 2718 5592 clero
2748 5547 3080 5607 permaneat.
3107 5537 3164 5593 Si
3191 5540 3311 5607 quis
3340 5548 3516 5593 autem
3545 5555 3606 5594 se
3645 5557 3838 5595 sanum
3890 5544 4061 5597 absci-

2495 5625 2588 5690 dit,
2619 5626 2757 5681 liuuc
2809 5638 2863 5681 ct
2887 5627 2940 5682 in
2988 5626 3134 5682 clero
3179 5630 3529 5684 constitutum
3582 5630 3847 5686 abstineri
3879 5648 4065 5687 convc-
