4204 6538
173 438 277 493 διο

1351 433 1773 489 Βιιενιιιιιιυιι
1818 431 2234 488 ΒΑΝυΝΙιίυὶΙ.

3304 425 3407 482 850

170 554 297 614 utet,
325 561 383 605 et
409 552 665 620 deinceps
705 552 907 606 nullum
954 550 1155 604 debere
1182 549 1367 603 talium
1404 545 1737 617 promoveri,
1768 549 1814 606 Α
1842 545 2185 600 conscientia:
2249 542 2554 609 integritate
2600 540 2868 609 fulgentes
2921 538 3254 607 aceeptabile
3300 539 3411 591 Deo

170 643 305 694 sicut
330 650 509 695 autem
541 642 647 697 hoe
673 642 843 696 claret
871 639 1014 709 quod
1041 640 1107 693 de
1136 639 1218 692 bis
1244 639 1334 706 qui
1357 652 1473 692 rem
1498 637 1638 692 hanc
1661 636 1739 690 alo

171 732 395 797 fectant,
417 731 501 786 vel
534 732 736 786 audent
763 732 1086 798 semetipsos
1114 730 1391 785 abscidam
1418 729 1620 783 dictum
1648 727 1738 793 sit,

171 822 247 876 sic
288 837 385 876 eos
413 836 551 890 quos
594 831 688 875 aut
730 822 943 878 barbari
996 830 1088 875 aut
1114 820 1313 874 domini
1342 827 1740 883 castraverunt,

175 911 516 967 inveniuntur
541 920 720 965 autetn
767 912 902 966 alias
930 908 1249 979 dignissimi,
1282 908 1417 962 tales
1443 908 1509 960 ad
1538 907 1743 962 clerum

173 1004 405 1069 suscepit
430 1003 639 1072 regula.

244 1110 428 1168 XXIV.
464 1113 528 1168 Ut
558 1115 601 1166 is
631 1114 717 1183 qni
740 1130 794 1167 se
816 1113 1170 1167 enmtchizavit
1198 1113 1412 1165 clericus
1434 1127 1534 1164 non
1557 1111 1672 1179 ﬁat.

244 1226 304 1278 In
330 1226 624 1280 Curionibus
657 1226 1039 1293 Apostolorum,
1073 1225 1149 1276 lit.
1180 1223 1270 1276 ἓξ.
1295 1221 1351 1276 Si
1373 1221 1493 1289 quis
1522 1218 1747 1273 abscidit

174 1319 540 1387 semetipsum,
577 1318 627 1369 id
671 1325 771 1381 est,
803 1317 845 1369 si
876 1316 997 1385 quis
1030 1313 1387 1383 amputaverit
1417 1312 1517 1366 sibi
1548 1310 1743 1374 virilia,

178 1426 278 1462 non
321 1409 413 1460 liat
455 1408 711 1469 clericus,
758 1408 885 1473 quia
940 1422 1070 1459 suns
1117 1402 1383 1460 homicida
1439 1409 1541 1464 est,
1573 1410 1626 1454 et
1654 1398 1747 1453 Dci

177 1499 495 1554 conditionis
526 1498 794 1551 inimicus.

280 1613 445 1667 XXV.
480 1613 549 1668 Ut
573 1613 787 1667 clericus
810 1614 894 1682 qui
918 1628 972 1735 sle
987 1611 1341 1665 enimchizavit
1369 1608 1643 1678 abjiciatnr

854 1701 885 1735 α
906 1699 931 1735 c
955 1700 1061 1735 ero.

854 1701 885 1735 α
906 1699 1061 1736 οιενο.

244 1794 557 1847 Eorumdem
580 1795 658 1847 tit.
679 1792 748 1845 ‘25
793 1792 849 1847 Si
870 1793 1008 1860 quis,
1034 1807 1155 1845 eum
1174 1791 1399 1846 clericus
1422 1789 1581 1843 fuerit
1624 1788 1748 1842 abs-

1842 648 2035 686 tuunus
2059 632 2336 695 oll‘errent,
2392 630 2586 697 quibus
2616 628 2834 697 expleto
2887 627 3265 682 deservitionis
3296 641 3410 681 sua:

1845 732 2106 788 tempore,
2165 722 2349 776 uxoris
2407 719 2565 774 unius
2611 718 2776 774 solius
2835 717 3196 773 successionis
3248 731 3413 772 causa

1846 829 1972 868 usus
2002 814 2174 867 fuerat
2195 812 2487 873 relaxatus,
2528 810 2654 880 quia
2683 823 2790 862 non
2820 824 2887 862 ex
2912 809 3017 861 alia
3044 807 3145 862 nisi
3175 822 3240 861 ex
3272 807 3412 861 tribu

1847 903 1995 963 Levi.
2019 902 2302 974 quisquam
2326 902 2391 955 ad
2422 901 2512 955 Dei
2538 900 2897 955 ministerium
2920 899 3093 954 fuerat
3113 908 3417 967 prseceptus

1845 993 2051 1046 admitti
2083 1010 2095 1044 :
2138 992 2282 1045 unde
2318 1002 2374 1045 et
2416 991 2672 1044 Dominus
2695 987 2854 1044 Jesus
2877 1003 2998 1043 eum
3041 1003 3138 1042 nos
3168 1003 3264 1040 suo
3288 989 3406 1041 illu-

1844 1092 2053 1141 straret,
2080 1083 2313 1137 adventu
2366 1082 2418 1135 in
2468 1081 2755 1150 Evangelia
2803 1088 3132 1150 protestatur
3181 1080 3305 1147 quia
3336 1080 3413 1132 le-

1846 1186 1967 1239 gem
1995 1172 2203 1224 venerit
2232 1171 2547 1239 adimplere,
2579 1186 2685 1224 non
2714 1171 2956 1224 solvere:
2990 1176 3045 1223 et
3076 1168 3198 1222 ideo
3230 1167 3408 1221 Eccle-

1848 1265 2001 1327 siam,
2026 1264 2177 1331 cujus
2199 1278 2427 1331 Sponsus
2454 1272 2538 1317 est
2565 1262 2732 1316 forma
2751 1262 3031 1326 castitatis,
3050 1259 3218 1314 voluit
3238 1259 3417 1326 Splen-

1849 1354 2067 1409 doribns
2093 1354 2320 1419 radiare,
2353 1367 2408 1408 ut
2435 1355 2485 1408 in
2514 1354 2605 1409 die
2629 1354 2834 1421 judicii,
2866 1368 2985 1407 cum
3019 1368 3229 1406 rursum
3255 1351 3415 1405 adveo

1850 1445 2010 1510 nerit,
2039 1445 2156 1499 sine
2204 1445 2411 1499 macula
2464 1453 2519 1500 et
2566 1461 2697 1513 ruga
2752 1460 2872 1499 eam
2921 1444 3111 1513 possit,
3140 1445 3277 1498 sicut
3324 1458 3420 1512 per

1850 1536 2167 1604 Apostolum
2214 1551 2365 1589 suum
2398 1536 2645 1599 instituit,
2690 1538 2963 1603 reperire:
3012 1550 3239 1604 quarum
3294 1550 3418 1591 sano

1851 1626 2088 1679 ctionum
2138 1639 2326 1679 onmes
2354 1627 2665 1680 sacerdotes
2704 1636 2866 1694 atque
2913 1626 3110 1680 Levita:
3151 1626 3418 1681 insolubili

1855 1716 1971 1782 lege
2018 1716 2451 1784 constringimur,
2502 1726 2559 1770 ut
2612 1732 2641 1768 a
2694 1716 2781 1770 die
2819 1716 3171 1770 ordinationis
3228 1726 3422 1771 nostra:

1854 1806 2154 1871 sobrietati,
2186 1822 2247 1859 ac
2300 1806 2591 1875 pudicitia;
2635 1817 2691 1861 et
2732 1809 2894 1861 corda
2924 1818 3104 1860 nostra
3148 1808 3419 1876 mancipe-

177 1885 360 1940 ciderit
406 1885 751 1954 semetipsum
782 1928 794 1950 ,
850 1883 1067 1938 omnino
1096 1882 1400 1947 damnetur,
1431 1896 1552 1951 quia
1590 1890 1613 1917 ³
1642 1878 1752 1934 suis
1787 1903 1827 1961 Β
1857 1913 1994 1963 ,ηυῆ
2025 1908 2079 1953 ει
2105 1913 2355 1968 carpam,
2388 1899 2678 1953 dummodo
2725 1916 2822 1968 per
2850 1900 3027 1954 omnia
3083 1900 3193 1953 Deo
3238 1909 3421 1954 "ostro

176 1984 252 2028 est
283 1973 571 2027 homicida.

242 2064 326 2119 Ex
375 2067 410 2117 d
443 2067 598 2117 cretis
644 2082 793 2134 papa:
842 2065 1061 2125 (Ietasii,
1113 2066 1190 2117 tit.
1222 2063 1306 2116 l7.
1338 2064 1412 2116 De
1458 2063 1541 2116 his
1568 2070 1745 2115 autem

176 2155 265 2222 qui
294 2154 618 2221 semetipsos
652 2154 996 2207 absciderunt
1028 2153 1239 2221 paterni
1266 2166 1503 2207 canones
1528 2150 1743 2203 eviden-

180 2254 255 2296 ter
293 2244 567 2311 srquenda
617 2253 931 2310 posuerunt,
978 2259 1208 2311 quorutn
1253 2252 1493 2295 tenorem
1523 2239 1749 2293 sul‘lit-iet

178 2332 476 2397 indidisse;
526 2332 712 2387 dicunt
753 2334 892 2387 enim
925 2334 1051 2386 talia
1101 2340 1472 2402 perpetrantes
1526 2347 1649 2384 mox
1692 2340 1750 2383 ιιι

176 2423 335 2488 agniti
368 2423 592 2489 fuerint,
641 2440 707 2477 ex
760 2439 982 2478 munere
1013 2423 1247 2477 clericali
1272 2423 1468 2476 debere
1496 2421 1695 2475 secludi
1724 2438 1737 2484 ;

176 2511 313 2578 quod
365 2512 538 2564 modis
565 2514 810 2567 omnibus
851 2512 1127 2567 custodire
1175 2527 1273 2566 nos
1305 2512 1580 2574 convenit,
1617 2510 1743 2576 quia

178 2603 252 2656 tas
282 2618 403 2658 esse
434 2603 563 2657 nulli
587 2606 923 2673 suppeditat,
969 2616 1161 2674 praeter
1190 2604 1277 2657 illa
1316 2605 1604 2673 quidquam
1633 2617 1752 2670 qua:

180 2695 547 2749 memorabilis
574 2695 815 2750 decrevit
850 2695 1021 2749 forma
1050 2710 1289 2750 censere.

248 2803 433 2860 XXVI.
467 2806 536 2861 Ut
560 2808 725 2861 laicus
751 2810 835 2876 qni
862 2825 917 2861 se
945 2809 1296 2860 eunnchizavit
1328 2808 1486 2860 tribus
1522 2812 1672 2859 annis

654 2881 1012 2932 communione
1038 2880 1285 2945 privetur.

246 2987 314 3041 In
352 2989 652 3043 Curionibus
683 2990 1066 3058 Apostolorum,
1092 2991 1171 3042 tit.
1210 2988 1300 3040 Ἣ.
1338 2988 1523 3041 L-ucus
1558 3001 1754 3040 semet-

184 3080 353 3146 ipsum
409 3080 734 3134 abscindens
773 3082 928 3133 annis
975 3080 1145 3135 tribus
1170 3081 1551 3134 communione
1582 3080 1756 3148 prive-

183 3178 286 3232 tur,
312 3172 443 3239 quia
476 3185 585 3224 sua:
619 3172 738 3224 vita:
769 3171 1050 3224 insidiator
1076 3172 1301 3225 exstitit.

180 3277 384 3333 XXVII.
423 3279 493 3333 Ut
520 3282 808 3348 episcopus,
840 3280 1124 3350 presbyter,
1149 3282 1419 3340 diaconus,
1446 3282 1492 3332 si
1516 3295 1608 3347 pro
1640 3281 1749 3331 cri-

244 3350 471 3403 minibus
509 3351 749 3402 damnati
779 3354 987 3419 (iterant,
1025 3351 1233 3403 minime
1263 3351 1621 3403 communione
1647 3350 1755 3418 pri-

245 3429 447 3472 uentur.
478 3420 733 3475 Similiter
753 3432 799 3474 et
823 3438 865 3471 ri
880 3421 1005 3488 liqui
1037 3420 1282 3473 Ecclesia:
1307 3421 1555 3473 ministri.

250 3544 316 3581 ,ιι
338 3526 641 3582 (Iunonibus
670 3528 1056 3598 Apostolorum,
1090 3529 1169 3581 tit.
1201 3526 1289 3581 25.
1323 3526 1637 3597 Episcopus,
1669 3536 1761 3581 aut

181 3622 489 3692 presbyter,
508 3629 601 3673 aut
621 3619 897 3683 diaconus,
928 3619 1021 3687 qui
1051 3620 1104 3672 in
1130 3619 1505 3684 fornicatione,
1526 3628 1616 3672 aut
1634 3634 1756 3689 per-

177 3711 338 3778 iurio,
384 3717 481 3764 aut
512 3708 675 3775 furto,
721 3718 911 3779 captus
958 3720 1058 3775 est,
1090 3711 1411 3779 deponatur,
1445 3726 1551 3765 non
1583 3720 1759 3765 tamen

180 3801 564 3857 communione
614 3802 893 3869 privetur;
926 3801 1058 3855 dicit
1100 3802 1244 3855 enim
1294 3800 1607 3871 Scriptura:
1643 3801 1760 3855 Non

181 3891 473 3947 vindicabit
503 3890 761 3945 Dominus
790 3890 872 3943 bis
902 3890 953 3943 in
982 3890 1237 3958 idipsum.

252 3984 417 4051 Ibid.,
448 3988 531 4037 tit.
563 3982 653 4036 26.
679 3983 939 4037 Similiter
969 3992 1024 4037 et
1053 3983 1243 4053 reliqui
1271 3983 1450 4039 clerici
1481 3984 1605 4038 huic
1634 4000 1763 4038 con—

188 4076 376 4129 ditioni
397 4075 739 4141 subiaceant.

254 4164 337 4219 Ea:
363 4166 566 4217 decret.
599 4179 749 4231 papa:
783 4162 974 4231 Syricii
1002 4164 1069 4215 ad
1090 4162 1431 4217 Himmerinm
1472 4165 1764 4233 episupum

186 4255 620 4315 Taraconensem.
680 4256 760 4308 tit.
810 4254 862 4307 7.
929 4254 1196 4310 Plurimos
1244 4256 1386 4309 enim
1451 4255 1765 4311 sacerdotes

185 4348 378 4402 Christi
404 4357 575 4415 atque
609 4347 825 4410 levitas,
860 4356 983 4414 post
1012 4346 1168 4414 longa
1205 4346 1629 4401 consecrationis
1657 4362 1764 4400 sum

188 4449 449 4510 tempora,
480 4451 589 4493 tam
622 4438 689 4494 de
717 4439 1034 4507 conjugibus
1058 4439 1308 4508 propriis,
1332 4454 1491 4506 quam
1519 4442 1680 4493 etiam
1700 4440 1765 4494 de

187 4532 321 4601 turpi
353 4532 505 4586 coitu
528 4529 770 4587 sobolem
791 4530 1072 4583 didicimus
1100 4545 1443 4598 procreasse,
1472 4538 1529 4583 et
1560 4530 1760 4585 crimen

186 4640 336 4678 suum
370 4626 474 4678 hac
528 4622 932 4691 prmscriptione
991 4621 1299 4685 defendere,
1346 4622 1469 4690 quia
1502 4622 1553 4674 in
1586 4621 1760 4676 Veteri

188 4715 534 4772 Testamento
577 4714 953 4770 sacerdotibus
983 4729 1046 4769 ac
1084 4714 1340 4768 ministris
1369 4714 1655 4781 generandi
1690 4713 1762 4767 fa-

187 4810 349 4864 cultas
379 4810 581 4878 legitur
611 4807 889 4861 attributa.
917 4806 1066 4859 Dicat
1093 4805 1381 4860 nuncmihi
1412 4806 1648 4872 quisquis
1677 4806 1764 4857 ille

187 4907 263 4950 est
296 4907 543 4952 sectator
606 4895 884 4949 libidinum
936 4902 1342 4964 prmeeptorque
1401 4893 1674 4957 vitiorum,
1720 4893 1761 4943 si

186 4991 433 5051 aestimat,
461 4988 508 5040 si
539 4986 600 5039 in
644 4985 761 5053 lege
806 4984 976 5054 Moysi
1004 4984 1201 5051 passim
1241 4983 1407 5037 sacris
1433 4982 1703 5036 ordinibus
1732 4996 1760 5033 a

191 5077 293 5133 Deo
327 5090 520 5134 nostro
550 5079 727 5132 laxata
757 5085 883 5130 sunt
913 5077 1061 5131 l'rena
1109 5076 1352 5141 luxuriat,
1388 5090 1486 5129 cur
1513 5090 1607 5127 eos
1646 5076 1763 5140 qui-

189 5167 281 5221 bus
328 5168 815 5223 committebantur
879 5176 1063 5221 sancta
1114 5173 1422 5219 sanctorum
1475 5173 1768 5232 prauuomt

187 5257 413 5312 dicens:
459 5256 648 5313 Sancti
690 5264 902 5319 estote,
950 5257 1074 5323 quia
1127 5263 1182 5309 et
1232 5270 1334 5323 ego
1379 5262 1598 5308 sanctus
1648 5269 1764 5308 sum

194 5347 438 5403 Dominus
472 5349 615 5403 Deus
667 5349 875 5402 vester?
905 5348 1013 5401 (iur
1059 5348 1221 5401 etiam
1255 5344 1439 5413 procul
1470 5362 1500 5397 ιι
1530 5345 1640 5397 suis
1670 5345 1767 5397 do-

193 5438 356 5493 mibus
385 5456 532 5493 anno
574 5439 707 5493 vicis
735 5455 845 5492 sua:
877 5440 927 5491 in
962 5439 1162 5507 templo
1211 5438 1451 5491 habitare
1475 5436 1606 5503 jussi
1643 5445 1767 5489 sunt

196 5528 497 5582 smetdotes
526 5546 538 5580 ε
577 5529 680 5581 hac
713 5528 960 5581 videlicet
993 5529 1221 5593 ratione,
1245 5543 1312 5579 ne
1349 5542 1396 5578 νι
1418 5526 1431 5577 l
1455 5542 1575 5579 cum
1630 5542 1767 5580 uxo-

194 5620 332 5673 ribus
381 5629 606 5689 possent
672 5620 888 5674 carnale
943 5634 1198 5673 exercere
1248 5620 1654 5677 commercium,
1715 5630 1769 5672 ιιι

264 5790 282 5807 ’¹
313 5779 369 5831 II.
404 5779 504 5831 'I'h.
564 5794 685 5829 suus
712 5784 789 5827 est
819 5776 1090 5829 homicida.

1852 1990 1903 2043 in
1935 1989 2016 2043 bis
2041 2004 2159 2057 qna:
2189 1991 2433 2058 quotidie
2464 1990 2735 2045 oll'erimns
2770 1994 3047 2047 sacrilieiis
3078 1994 3417 2061 placeamus:

1849 2080 1941 2147 qui
1963 2092 2140 2134 autem
2163 2082 2214 2135 in
2239 2097 2400 2136 carne
2422 2090 2566 2140 sunt.
2586 2082 2796 2135 dicente
2823 2083 3104 2137 electionis
3130 2082 3286 2144 Vase,
3313 2083 3421 2136 Deo

1853 2170 2064 2237 placere
2096 2187 2200 2225 non
2252 2181 2505 2240 possunt;
2562 2188 2659 2226 vos
2709 2182 2889 2225 autem
2919 2173 3026 2238 jam
3072 2189 3175 2225 non
3207 2173 3337 2226 estis
3368 2173 3418 2225 in

1851 2275 2032 2323 carne,
2066 2261 2157 2315 sed
2188 2263 2238 2314 in
2268 2263 2494 2330 spiritu;
2529 2264 2570 2315 si
2615 2271 2792 2315 tamen
2820 2262 3050 2328 Spiritus
3082 2262 3171 2313 Dei
3221 2262 3423 2315 habitat

1853 2352 1906 2405 in
1937 2353 2110 2415 vobis,
2135 2363 2189 2405 et
2230 2353 2316 2406 ubi
2350 2354 2547 2421 poterit
2597 2354 2695 2406 nisi
2741 2352 2791 2405 in
2819 2354 3136 2419 corporibus
3165 2353 3325 2420 (sicut
3353 2354 3424 2405 le-

1852 2442 2048 2509 gimus)
2097 2443 2295 2497 sanctis
2347 2444 2435 2496 Dei
2467 2442 2697 2511 Spiritus
2745 2442 3023 2505 habitare;
3073 2452 3127 2495 et
3156 2443 3278 2510 quia
3324 2442 3422 2493 ali—

1856 2534 2038 2600 quanti
2077 2534 2145 2587 de
2180 2534 2372 2601 quibus
2415 2534 2699 2601 loquimur,
2734 2544 2791 2586 ιιι
2822 2543 2909 2586 tua
2941 2536 3197 2587 sanctitas
3218 2534 3420 2595 retulit,

1853 2625 2189 2689 ignoratione
2230 2626 2412 2692 lapsos
2440 2641 2559 2679 esse
2602 2640 2661 2679 se
2700 2625 2919 2687 deﬂent,
2952 2625 3033 2679 his
3079 2624 3179 2678 hac
3230 2625 3419 2679 condi-

1855 2718 2000 2769 tione
2030 2717 2449 2771 misericordiam
2477 2717 2705 2771 dicimus
2731 2733 2837 2771 non
2871 2718 3188 2783 negaudam,
3212 2725 3271 2769 ut
3300 2717 3417 2769 sine

1856 2808 1966 2861 ullo
1995 2809 2217 2863 honoris
2262 2818 2554 2875 augmento
2607 2809 2658 2861 in
2708 2809 2812 2863 hoc
2855 2810 2998 2877 quod
3049 2808 3252 2865 detenti
3302 2818 3425 2861 sunt

1855 2899 2097 2966 quandin
2122 2899 2357 2953 vixerint
2384 2898 2567 2953 oll'tcio
2615 2909 2989 2969 perseverent,
3017 2902 3058 2955 si
3099 2913 3273 2955 tamen
3305 2910 3427 2969 post

1858 2987 1970 3040 huic
1997 2988 2337 3041 continentes
2377 3003 2436 3042 se
2463 2989 2765 3044 studuerint
2786 2990 3060 3045 exhibere.
3110 2991 3147 3045 Ii
3174 3008 3302 3046 vero
3331 2994 3421 3059 qui

1858 3076 2028 3129 illiciti
2078 3078 2339 3145 privilegii
2370 3080 2715 3134 excusatione
2740 3081 2998 3142 nituntur,
3052 3090 3108 3134 ut
3133 3082 3233 3136 sibi
3279 3097 3427 3135 asse—

1860 3177 1985 3223 runt
2013 3172 2182 3225 veteri
2213 3172 2315 3226 hoc
2345 3173 2461 3240 lege
2484 3188 2822 3238 concessum,
2857 3175 3105 3229 noverint
3131 3190 3189 3228 se
3210 3176 3276 3228 ab
3315 3191 3426 3229 om-

1860 3262 1913 3315 ni
1936 3261 2303 3318 ecclesiastico
2330 3264 2537 3319 honore
2564 3280 2670 3333 quo
2696 3266 2910 3333 indigne
2937 3267 3016 3320 nsi
3046 3276 3169 3320 sunt
3209 3278 3428 3333 aposto-

1862 3352 1980 3407 licae
2006 3353 2149 3408 sedis
2193 3355 2513 3409 auctoritate
2552 3356 2828 3424 dejectos;
2861 3373 2959 3413 nec
3003 3373 3238 3426 unquam
3271 3376 3429 3428 posse

1864 3443 2171 3496 veneranda
2199 3453 2491 3498 attrectare
2520 3445 2792 3515 mysteria,
2818 3462 2847 3499 a
2883 3449 3076 3514 quibus
3117 3449 3276 3515 seipst
3306 3450 3429 3501 dum

1862 3529 2115 3587 obscenis
2160 3534 2539 3601 cupiditatibus
2571 3536 2780 3589 inhiant
2821 3540 3183 3605 privaverunt.
3214 3538 3279 3592 Et
3306 3541 3428 3606 quia

1861 3623 2106 3691 exempla
2150 3625 2431 3691 prmsentia
2466 3627 2645 3679 caveri
2684 3642 2781 3679 nos
2832 3638 3165 3695 prmmonent
3193 3630 3244 3682 in
3291 3629 3432 3682 lutu-

1862 3726 2002 3775 rum,
2039 3713 2264 3780 quilibet
2301 3714 2606 3784 episcopus,
2658 3718 2936 3787 presbyter
2965 3730 3125 3787 atque
3177 3719 3434 3774 diaconus

1862 3799 2031 3871 (quod
2068 3818 2177 3856 non
2224 3806 2514 3871 optamus),
2546 3805 2589 3857 si
2619 3806 2873 3874 deinceps
2902 3806 3062 3861 fuerit
3088 3809 3207 3863 talis
3244 3811 3432 3865 inven-

1866 3900 1969 3957 tus,
1999 3893 2109 3960 jam
2139 3908 2282 3946 nunc
2310 3894 2412 3947 sibi
2456 3910 2668 3950 omnem
2700 3911 2796 3966 per
2818 3913 2917 3952 nos
2947 3896 3290 3966 indulgentia:
3317 3904 3434 3956 adi-

1865 3991 1975 4035 tum
2006 3982 2268 4051 intelligat
2312 3984 2651 4049 obseratnm,
2709 3988 2834 4054 quia
2885 3989 3026 4043 l'erro
3083 4003 3308 4045 necesse
3353 4002 3435 4047 est

1864 4073 2180 4129 excidantur
2210 4076 2431 4131 vulnera
2464 4093 2583 4147 qum
2612 4078 2969 4135 fotnentorum
3011 4098 3118 4136 non
3169 4087 3435 4139 senserint

1867 4164 2207 4219 medicinam.

1936 4256 2022 4309 Ea:
2084 4258 2297 4312 decretis
2348 4275 2497 4328 papa:
2548 4264 2842 4317 Innocentii
2916 4265 3157 4322 Victricio
3197 4269 3433 4337 episcopo

1868 4345 2292 4417 Rothomagensi,
2320 4351 2401 4401 tit.
2431 4350 2518 4404 2i.
2548 4351 2875 4421 Proposuisti
2893 4356 3019 4423 quid
3043 4356 3111 4412 de
3139 4358 3221 4411 his
3244 4359 3433 4412 obser-

1868 4441 1982 4492 vari
2021 4439 2232 4501 debeat,
2259 4456 2393 4508 quos
2421 4443 2473 4496 in
2498 4444 2731 4499 diaeonii
2772 4447 3092 4514 ministerio,
3125 4448 3290 4502 autin
3319 4450 3436 4502 olli-

1871 4532 1959 4586 cio
1992 4531 2328 4600 presbyterii,
2360 4536 2565 4601 positos
2586 4536 2981 4593 incontinentes
2998 4540 3437 4607 esse,autt'uisse,

1874 4623 2113 4688 generati
2141 4621 2230 4675 lilii
2260 4624 2623 4691 prodiderunt.
2653 4626 2727 4679 De
2752 4627 2834 4681 bis
2862 4636 2915 4681 et
2935 4629 3232 4684 divinarum
3264 4631 3438 4698 legum

1871 4719 1953 4764 est
1995 4712 2299 4782 disc'plina.
2353 4723 2411 4767 et
2466 4715 2635 4768 beatae
2684 4717 3072 4772 recordationis
3098 4719 3194 4775 viri
3250 4721 3440 4790 Syricii

1871 4802 2109 4870 episcopi
2143 4804 2343 4856 monita
2374 4804 2637 4857 evidentia
2680 4818 3126 4875 commemorant,
3160 4817 3217 4862 ut
3257 4811 3438 4865 incon-

1874 4895 2103 4945 tinentes
2132 4893 2183 4944 in
2223 4893 2415 4948 ofticiis
2443 4896 2635 4948 talibus
2666 4898 2821 4964 positi
2855 4900 2998 4951 omni
3030 4900 3235 4954 honore
3265 4903 3441 4956 cccle-

1871 4984 2091 5036 siastico
2119 4984 2478 5051 privarentur,
2518 5000 2615 5038 uec
2646 4987 2992 5041 admittantur
3014 4990 3079 5041 ad
3107 4990 3212 5044 tale
3243 5000 3444 5060 myste-

1876 5080 2032 5133 ιᾲιιιιι.
2085 5076 2229 5143 quod
2282 5076 2395 5128 sola
2443 5078 2773 5129 continentia
2827 5088 3041 5147 oportet
3073 5080 3300 5148 impleri.
3350 5082 3442 5135 Est

1876 5166 2018 5217 enim
2049 5176 2198 5217 vetus
2247 5164 2531 5217 admodum
2582 5182 2748 5220 sacrm
2798 5168 2929 5234 legis
2980 5173 3293 5236 auctoritas,
3335 5173 3443 5239 jam

1876 5255 1998 5308 inde
2024 5256 2091 5309 ab
2132 5256 2283 5309 initio
2324 5257 2614 5323 custodita,
2641 5257 2783 5323 quod
2811 5258 2859 5311 in
2895 5261 3095 5327 templo
3124 5276 3264 5315 anno
3292 5264 3444 5317 vicis-

1874 5345 2120 5399 sitttdinis
2154 5361 2265 5401 sua:
2310 5348 2552 5401 habitare
2581 5352 2831 5417 prmcepti
2861 5361 2986 5404 sunt
3016 5354 3344 5415 sacerdotes,
3390 5365 3445 5408 ιιι

1875 5438 2168 5490 servientes
2215 5439 2382 5491 sat-ris
2428 5438 2790 5493 oblationibus
2848 5458 3032 5509 puros,
3076 5451 3128 5496 et
3167 5446 3235 5497 ab
3300 5452 3444 5497 omni

1876 5526 1997 5581 labe
2026 5537 2280 5595 purgatos
2303 5529 2407 5581 sibi
2431 5530 2702 5584 vindicent
2729 5531 2906 5585 divina
2949 5535 3199 5602 mysteria
3228 5559 3240 5592 -.
3274 5552 3444 5604 neque

1875 5632 1969 5673 eos
1994 5618 2061 5671 ad
2090 5618 2282 5671 sacrilii
2306 5619 2410 5671 ium
2458 5618 2532 5673 fas
2578 5621 2645 5673 sit
2691 5621 2920 5689 admitti,
2950 5624 3040 5691 qui
3083 5636 3337 5680 exercent
3364 5630 3444 5681 vel
