4204 6546
763 437 856 491 951

1889 429 2223 484 (JRISCUNN
2272 428 2591 483 AFRICANI
2635 426 2937 482 El'lSCUl’l

3903 417 4016 473 851

762 570 881 605 (um
915 567 1078 605 αισι-ε
1111 551 1326 603 carnale
1365 544 1715 605 consortium,
1747 543 1872 610 quia
1906 540 2164 609 scriptum
2195 550 2279 592 est
2310 557 2322 590 :
2363 553 2399 605 Λ
2437 539 2665 603 honore,
2718 545 2810 591 aut
2846 536 3099 600 rliaconii,
3143 536 3345 589 luerint
3388 532 3554 602 gradu
3596 531 3902 586 consecrati
3978 533 4023 585 ii

763 643 947 697 Sancti
1001 648 1197 704 estote,
1242 637 1366 706 quia
1416 644 1472 688 et
1498 648 1601 704 ego
1643 641 1866 686 sanctus
1905 647 2020 684 sum
2077 630 2333 684 Dominus

765 734 906 788 Deus
932 740 1129 786 vester.
1162 729 1365 795 Quibus
1405 727 1589 794 utique
1632 732 1852 793 propter
1887 722 2089 776 sobolis
2118 734 2332 776 succes-

762 844 787 877 s
810 839 967 877 onem
1000 831 1283 891 propterea
1324 817 1506 872 uxoris
1543 829 1671 869 usus
1699 814 1873 867 fuerat
1899 811 2333 879 relaxatus,,quia

763 934 827 971 ex
863 917 966 969 alia
1016 914 1154 966 tribu
1196 910 1261 964 ad
1310 907 1669 962 sacerdotium
1716 904 1895 957 nullus
1940 903 2115 955 fuerat
2138 917 2335 970 przcce-

763 1018 888 1075 plus
919 1004 1195 1060 aeiedere.
1219 1002 1433 1066 Quanto
1478 997 1646 1064 magis
1675 996 1709 1049 ii
1744 994 2071 1055 sacerdotes,
2098 993 2181 1045 vel
2235 990 2335 1045 Le-

766 1102 906 1163 vita),
940 1095 1247 1166 pudicitiam
1279 1108 1346 1146 ex
1376 1091 1461 1144 die
1491 1088 1842 1143 ordinationis
1870 1102 1978 1139 sua:
2003 1098 2218 1139 servare
2246 1082 2334 1136 de-

767 1191 920 1253 bent,
950 1186 1147 1255 quibus
1179 1183 1262 1238 vel
1308 1179 1689 1240 sacerdotium,
1722 1178 1805 1230 vel
1849 1176 2198 1229 ministerium
2225 1174 2340 1227 sine

765 1277 1109 1334 successione
1137 1285 1239 1336 est,
1290 1287 1391 1325 nec
1423 1270 1660 1339 praeterit
1689 1268 1801 1320 dies
1829 1281 1932 1333 qua
1964 1265 2048 1318 vel
2078 1278 2106 1317 a
2139 1262 2315 1316 sacriﬁ

766 1369 863 1423 (iis
892 1365 1107 1423 divinis.
1154 1364 1239 1418 vel
1273 1379 1302 1415 a
1354 1362 1689 1430 baptismatis
1732 1358 1908 1411 ollicio
1941 1356 2170 1409 vacent?
2211 1354 2342 1407 Nam

766 1459 811 1511 si
848 1456 1045 1510 Paulus
1066 1455 1133 1509 ad
1160 1453 1469 1508 Corinthios
1497 1449 1681 1504 scribit
1704 1448 1917 1507 dicens:
1945 1446 2222 1500 Abstincte
2246 1458 2349 1497 vos

768 1546 833 1602 ad
876 1556 1085 1613 tempus
1114 1552 1173 1597 ut
1211 1541 1412 1595 vacetis
1440 1539 1708 1601 orationi,
1746 1548 1801 1591 et
1835 1538 1940 1591 hoc
1989 1537 2171 1605 utique
2202 1534 2348 1588 laieis

777 1639 1051 1707 praecepit,
1084 1637 1253 1690 multo
1283 1636 1450 1702 magis
1486 1633 1812 1696 sacerdotes,
1857 1631 2051 1700 quibus
2079 1628 2265 1683 orandi
2294 1638 2349 1683 et

777 1729 1114 1786 sacriﬁcandi
1150 1729 1274 1795 jugc
1315 1726 1551 1779 ofﬁciunt
1589 1734 1691 1789 est,
1722 1737 1935 1791 semper
1980 1721 2253 1774 debebunt
2282 1720 2348 1771 ab

775 1820 1077 1889 hujusmodi
1107 1818 1380 1872 ωηεθι-ιίυ
1426 1814 1694 1869 absumere
1754 1811 1854 1878 Qui
1884 1813 1929 1868 si
1959 1810 2351 1866 contaminatus

2438 645 2534 697 pro
2591 628 2816 683 crimine
2868 626 3049 694 aliquo
3089 642 3188 681 suo
3240 641 3337 695 per
3388 640 3580 681 manus
3617 622 4024 689 impositionem-

2437 720 2730 773 remedium
2789 718 3058 786 accipiant
3107 717 3442 787 pmnitendi;
3488 715 3633 786 quod
3685 714 3804 769 sine
3856 714 4021 768 dubio

2438 823 2503 861 ex
2553 806 2848 876 apostolica
2878 806 3169 861 traditione
3207 805 3503 869 descendit,
3533 804 3834 859 secundum
3875 801 4019 871 quod

2437 897 2694 965 scriptum
2737 904 2853 950 est:
2882 895 3149 951 Sacerdos
3200 896 3248 950 si
3303 896 3627 965 peccaverit,
3674 894 3797 961 quis
3845 893 4023 947 orabit

2440 1000 2536 1053 pro
2592 985 2725 1037 illo?
2778 984 2929 1038 [inde
2982 985 3284 1052 bujusmodi
3323 985 3484 1054 lapsis
3513 985 3579 1038 ad
3606 982 4023 1053 promerendam

2441 1074 2857 1127 misericordiam
2883 1075 2974 1128 Dei
3018 1085 3098 1129 est
3118 1075 3482 1144 exspectanda
3508 1074 3767 1133 secessio.
3801 1074 3891 1127 ubi
3919 1072 4023 1126 illis

2441 1160 2759 1227 satisfactio,
2788 1164 2829 1217 si
2861 1161 3022 1216 fuerit
3061 1163 3238 1231 digna,
3289 1164 3539 1218 sitetiam
3584 1165 3880 1217 fructuosa.

2514 1250 2598 1304 Ex
2655 1253 2843 1306 ἄξει-ει.
2901 1268 3050 1321 papw
3094 1252 3311 1317 Gelasii,
3366 1254 3444 1305 tit.
3499 1250 3587 1306 18.
3646 1252 4025 1319 Comperimus

2444 1344 2602 1398 etiam
2636 1343 2921 1398 horrendis
2966 1345 3282 1414 quibusdam
3340 1345 3654 1401 criminibus
3693 1344 4024 1415 implicatos,

2448 1442 2558 1487 tota
2587 1434 2916 1490 discretione
2940 1438 3211 1501 submota,
3245 1451 3351 1490 non
3379 1438 3553 1492 solum
3578 1436 3646 1493 de
3690 1435 3849 1492 factis
3877 1444 4024 1489 atro-

2447 1524 2598 1578 cibus
2651 1526 3010 1579 necessariam
3060 1526 3443 1592 paenitudinem
3497 1542 3602 1581 non
3655 1528 3884 1592 habere,
3932 1524 4028 1582 sed

2451 1626 2549 1665 nec
2605 1611 2785 1681 aliqua
2830 1613 3169 1668 correctione
3221 1615 3435 1683 penitus
3474 1614 3801 1670 succedente
3843 1613 3909 1667 ad
3948 1612 4029 1666 di-

2451 1706 2629 1758 vinum
2684 1705 3039 1759 ministerium
3094 1704 3463 1774 honoremque
3489 1706 3820 1760 contendere
3849 1723 3862 1757 :
3888 1719 4028 1757 non-

2453 1795 2627 1849 nullos
2665 1804 2842 1849 autem
2869 1796 2921 1848 in
2948 1796 3079 1863 ipsis
3122 1796 3401 1851 ordinibus
3429 1797 3755 1853 constitutos
3780 1796 4034 1865 gravibus

775 1913 936 1965 fuerit
977 1910 1179 1964 carnali
1210 1908 1669 1976 concupiscentia,
1702 1921 1810 1975 quo
1838 1905 2042 1973 pudore
2072 1903 2153 1956 vel
2181 1903 2345 1956 sacri-

2461 1885 2825 1951 delinquentes
2866 1885 3190 1938 facinoribus
3227 1901 3334 1940 nun
3374 1887 3582 1956 repelli,
3625 1902 3747 1941 cum
3779 1895 3839 1941 et
3880 1885 4033 1954 Apo-

777 2004 938 2056 ﬁeare
967 2001 1264 2070 usurpabt,
1296 2007 1510 2068 autqua
1542 1997 1895 2060 consc‘entii,
1926 2008 2102 2064 quove
2132 1993 2345 2057 merito,

775 2094 1017 2149 exaudiri
1046 2107 1104 2147 se
1155 2089 1346 2149 credit,
1378 2105 1499 2143 cum
1545 2088 1745 2141 dictum
1774 2086 1843 2139 sit
1873 2103 1886 2138 :
1915 2084 2104 2138 Omnia
2153 2083 2348 2135 munda

775 2185 1009 2247 mundis,
1042 2181 1405 2250 coinquinatis
1425 2189 1603 2233 autem
1632 2188 1687 2234 et
1709 2178 2010 2233 inﬁdelibus
2041 2174 2168 2228 nihil
2197 2188 2353 2227 mun-

777 2272 928 2326 dum.
958 2271 1063 2325 Sed
1116 2271 1344 2324 fortasse
1398 2267 1501 2322 hoc
1533 2268 1695 2322 licere
1723 2267 1912 2330 credit,
1944 2265 2066 2334 quia
2097 2264 2353 2331 scriptum

778 2372 896 2417 est:
931 2361 1096 2415 Unius
1121 2361 1305 2413 uxoris
1332 2359 1532 2423 virum,
1558 2374 1663 2411 non
1704 2363 2109 2425 permanentem
2137 2353 2189 2406 in
2220 2368 2353 2407 con-

780 2450 1109 2522 cupiscentia
1141 2448 1431 2517 generandi
1472 2450 1574 2502 lioc
1599 2448 1753 2510 dixit,
1797 2448 1891 2500 sed
1934 2452 2154 2513 propter
2181 2443 2356 2498 conti-

781 2541 1020 2595 nentiam
1052 2538 1303 2593 futumm.
1336 2539 1521 2607 Neque
1550 2539 1692 2592 enim
1726 2538 1962 2603 integros
1987 2547 2217 2603 corpore
2248 2548 2355 2587 non

778 2634 1013 2697 admisit,
1048 2633 1138 2702 qui
1196 2633 1301 2686 ait:
1340 2631 1541 2685 Vellem
1573 2639 1752 2684 autem
1782 2645 1973 2683 omnes
1996 2643 2114 2682 esse
2142 2627 2358 2680 sicutet

782 2738 905 2793 ego,
934 2733 991 2779 et
1017 2724 1254 2794 apertius
1279 2723 1515 2778 declarat
1541 2721 1759 2777 dicens:
1796 2721 1894 2787 Qui
1917 2732 2095 2774 autem
2122 2720 2174 2773 in
2196 2731 2360 2771 carne

785 2825 912 2870 sunt
956 2814 1069 2871 Deo
1108 2815 1321 2884 placere
1344 2831 1451 2869 non
1483 2823 1744 2882 possunt;
1777 2823 1833 2869 et
1878 2814 2160 2868 habentem
2203 2812 2358 2874 ﬁlios,

784 2921 893 2960 non
917 2914 1264 2973 geuerantem
1306 2906 1458 2961 dixit.
1488 2904 1595 2959 Sed
1624 2919 1687 2957 ea
1719 2905 1873 2973 plane
1910 2905 2089 2973 dispar
2110 2911 2165 2955 et
2189 2902 2360 2955 divisa

785 2997 1052 3051 sententia
1080 3005 1161 3050 est
1186 3013 1199 3048 :
1235 3010 1357 3050 nam
1392 2995 1435 3049 si
1464 2995 1531 3048 ad
1558 2995 1771 3063 aliquos
1803 2992 1973 3047 forma
2000 2993 2088 3046 illa
2115 2992 2363 3046 ecclesia-

786 3087 936 3140 stica:
979 3086 1100 3139 vitae
1140 3085 1363 3153 pariter,
1396 3093 1451 3137 et
1482 3084 1800 3152 disciplinre,
1848 3096 1966 3151 quae
2006 3082 2073 3135 ab
2103 3081 2362 3150 episcopo

787 3175 998 3247 Syricio
1050 3174 1115 3228 ad
1166 3174 1469 3244 provincias
1504 3177 1847 3237 commeavit,
1900 3188 2004 3227 non
2050 3170 2362 3241 probabitur

789 3235 1134 3336 pervenisse;
1182 3264 1265 3318 bis
1306 3264 1677 3331 ignorantibus
1727 3262 1883 3315 venia
1934 3276 1977 3314 ιέ
1994 3261 2254 3315 mittetur.
2284 3257 2359 3312 Ita
2387 3235 2434 3295 (ἶ

791 3366 849 3410 ιιι
871 3356 938 3411 de
968 3366 1168 3411 cmtero
1195 3356 1408 3425 penitus
1454 3354 1713 3423 incipiant
1746 3353 2036 3415 abotinere,
2064 3359 2121 3407 et
2149 3352 2219 3430 ita
2245 3362 2367 3418 gra-

787 3450 889 3502 dus
929 3463 1058 3502 suos
1079 3449 1131 3502 in
1160 3448 1353 3517 quibus
1383 3447 1584 3501 inventi
1621 3444 1841 3512 fuerint,
1881 3445 1959 3499 sic
1988 3452 2279 3508 retentent,
2310 3452 2369 3497 ut

791 3540 872 3594 eis
918 3552 1025 3591 non
1075 3538 1234 3592 liceat
1280 3536 1347 3589 ad
1388 3536 1602 3605 potiora
1649 3534 2035 3588 conscendere.
2081 3531 2285 3598 Quibus
2314 3533 2366 3584 in

792 3628 1057 3685 beneﬁcio
1085 3643 1206 3684 esse
1231 3627 1410 3691 debet,
1441 3627 1584 3696 quod
1615 3627 1759 3681 hunc
1789 3626 1960 3695 ipsum
1989 3625 2165 3680 locum
2205 3639 2365 3692 quem

791 3720 1029 3773 retinent
1056 3733 1163 3773 non
1191 3718 1463 3772 amittant.
1493 3715 1549 3771 Si
1575 3716 1695 3786 quis
1725 3726 1901 3768 autem
1932 3730 1959 3769 s
1994 3716 2033 3767 it
2061 3729 2117 3767 se
2142 3712 2367 3766 formam

791 3809 1001 3880 vivendi
1032 3809 1250 3862 missam
1290 3822 1321 3860 a
1352 3807 1560 3877 Syricio
1588 3806 1939 3876 comperisse,
1970 3820 2144 3873 neque
2184 3805 2366 3859 statim

790 3901 1112 3970 cupiditates
1134 3899 1370 3953 libidinis
1400 3899 1686 3966 abjecisse,
1716 3907 1771 3951 et
1801 3898 1875 3951 illi
1907 3907 2031 3950 sunt
2052 3897 2223 3951 πιστῆς
2254 3912 2372 3949 om—

796 3991 953 4045 nibus
977 3989 1350 4053 submovendi,
1381 3989 1470 4057 qui
1501 3997 1625 4057 post
1654 3987 2078 4041 admOnitionettt
2103 3988 2370 4054 cognitam

795 4079 1213 4150 prteponendam
1239 4079 1483 4131 arbitrati
1512 4085 1639 4130 sunt
1667 4078 2018 4145 voluptatem.

871 4168 952 4222 Ea:
979 4169 1193 4222 decretis
1224 4183 1375 4238 popa:
1410 4167 1717 4226 Innocentii.
1739 4168 1818 4219 tit.
1851 4165 1942 4221 '53.
1976 4164 2076 4231 Qui
2109 4166 2227 4218 zelo
2254 4165 2371 4219 fidei

795 4276 859 4314 ac
884 4257 1177 4327 disciplinac
1206 4259 1403 4311 ductus
1423 4272 1528 4310 non
1564 4257 1763 4324 patitur
1793 4254 2089 4310 Ecclesiam
2120 4256 2285 4326 pollui
2308 4256 2375 4309 ab

800 4349 1031 4418 indignis
1080 4350 1449 4419 presbyterum
1482 4350 1619 4402 ﬁlios
1641 4349 1831 4401 asserit
1860 4363 2192 4417 procreasse.
2219 4347 2374 4413 Quod

800 4458 907 4495 non
951 4443 1116 4496 licere
1137 4457 1486 4509 exponerem,
1518 4442 1616 4494 nisi
1644 4456 1855 4494 nossem
1885 4451 2114 4494 vestram
2140 4441 2374 4510 pruden-

802 4536 930 4587 tiam
957 4533 1090 4601 legis
1134 4534 1299 4585 totius
1350 4533 1551 4587 habere
1593 4532 1839 4586 notitiam
1892 4530 1958 4584 Et
1988 4531 2127 4595 ideo,
2181 4529 2375 4585 fratres

800 4625 1124 4687 cbarissimi,
1154 4625 1318 4679 libelli
1349 4625 1440 4692 qui
1470 4625 1743 4692 subjectus
1762 4633 1844 4679 est
1865 4632 2054 4677 tenore
2074 4631 2377 4691 perspecto,

800 4731 896 4771 eos
921 4715 1011 4785 qui
1042 4715 1168 4769 talia
1209 4723 1548 4782 perpetrasse
1596 4713 1869 4780 dicuntur,
1896 4713 2155 4782 j'zbcbitis
2184 4712 2236 4766 in
2266 4728 2379 4767 me-

804 4806 896 4858 dio
941 4803 1218 4868 collocari,
1250 4803 1608 4872 discussisque
1659 4803 2053 4873 objectionibus
2097 4819 2216 4873 qtae
2256 4804 2383 4872 ipsis

803 4893 1133 4965 presbyteris
1181 4894 1571 4963 impinguntur,
1626 4894 1669 4947 si
1720 4894 1964 4949 convinci
2008 4895 2301 4962 potuerim,
2350 4908 2382 4946 π

803 4985 1125 5039 sacerdotali
1147 4992 1531 5038 removeantur
1558 4985 1767 5050 ofﬁcio,
1800 4986 1923 5053 quia
1955 4985 2043 5054 qui
2072 4986 2242 5038 επιπιί
2271 5001 2378 5038 non

805 5084 932 5131 sunt
966 5085 1153 5131 sancta
1185 5083 1392 5129 tentare
1437 5093 1543 5131 non
1575 5088 1819 5146 possunt,
1869 5088 2030 5147 atque
2069 5078 2227 5132 alieni
2260 5078 2378 5132 efﬁ-

808 5170 1019 5222 ciantur
1073 5182 1102 5219 a
1132 5167 1448 5231 ministerio,
1494 5167 1637 5234 quod
1685 5169 1915 5223 vivendo
1957 5169 2138 5222 illic-ite
2178 5168 2382 5236 pollue-

810 5264 936 5309 runt
981 5255 1235 5309 Miramur
1261 5265 1438 5310 autem
1468 5259 1579 5311 lucc
1602 5272 1785 5311 eorum
1816 5258 2150 5312 dissimulare
2174 5260 2381 5325 episco-

812 5360 929 5414 pns,
956 5353 1050 5401 aut
1077 5347 1386 5413 connivere,
1425 5356 1518 5400 aut
1560 5346 1769 5402 nescire
1794 5363 1911 5402 esse
1936 5348 2120 5402 illicita
2142 5349 2382 5418 judicen-

813 5444 920 5489 tur.

888 5527 971 5581 Ea:
1017 5528 1206 5581 deerat.
1246 5545 1395 5598 popa:
1442 5530 1644 5590 Leana,
1697 5532 1775 5582 tit.
1830 5528 1915 5583 lli.
1961 5530 2204 5581 Alienum
2245 5535 2325 5581 est
2354 5544 2382 5581 a

817 5619 1202 5675 consuetudine
1256 5620 1619 5674 ecclesiastica
1671 5631 1729 5675 ut
1785 5621 1875 5688 qui
1933 5620 1983 5673 in
2034 5637 2096 5689 pr
2131 5620 2383 5689 sbytetali

2455 1973 2624 2028 stolus
2676 1973 2872 2027 clamet
2920 1975 3120 2027 nemini
3163 1975 3272 2029 cito
3302 1992 3490 2030 manus
3528 1977 3901 2046 imponendas,
3936 1993 4032 2030 ne-

2453 2078 2558 2132 que
2599 2064 3102 2119 communicandum
3132 2066 3368 2135 peccatis
3397 2067 3620 2132 alienis,
3667 2075 3727 2120 et
3769 2066 4037 2134 majorum

2457 2154 2764 2208 veneranda
2811 2157 3102 2209 constituta
3142 2161 3511 2224 pronuntient,
3540 2157 3847 2225 bujusmodi
3874 2157 4043 2210 etiam

2454 2242 2498 2298 si
2543 2242 2681 2297 forte
2728 2242 3117 2312 subrepserint,
3163 2254 3271 2298 tam
3323 2246 3413 2311 qui
3461 2254 3586 2300 ante
3633 2254 4040 2315 peccaverunt,

2454 2331 2699 2387 detectus
2750 2342 3007 2402 oportere
3057 2334 3278 2402 depelli,
3331 2350 3491 2404 quam
3541 2351 3711 2391 saeue
3754 2335 4045 2407 professio—

2459 2424 2541 2476 nis
2565 2424 2763 2477 oblitos
2808 2424 3356 2494 praevaricatoresque
3391 2428 3565 2482 sancti
3610 2427 3879 2497 propositi
3920 2442 4047 2497 pro-

2458 2516 2543 2572 cul
2589 2516 2750 2570 dubio
2790 2516 3205 2571 submovendos.

2530 2608 2729 2663 Concil.
2763 2608 3038 2680 Carthag.,
3093 2611 3174 2662 tit.
3232 2608 3322 2663 27.
3359 2609 3489 2664 Item
3534 2609 3917 2665 confirmatum
3970 2619 4050 2664 est

2460 2709 2520 2755 ut
2565 2701 2610 2754 si
2666 2700 2884 2768 quando
2931 2700 3231 2770 presbyteri
3260 2699 3345 2754 vel
3395 2700 3610 2754 diaconi
3639 2700 3692 2754 in
3714 2699 3898 2769 aliqua
3921 2713 4045 2767 gra-

2460 2791 2599 2847 viori
2628 2793 2785 2859 culpa
2817 2791 3050 2845 convicti
3090 2790 3308 2855 fuerint,
3339 2792 3570 2859 qualiter
3593 2804 3689 2846 eos
3740 2805 3771 2844 a
3805 2790 4049 2844 ministe-

2464 2881 2545 2935 rio
2594 2896 2815 2935 necesse
2857 2881 2927 2934 sit
2983 2880 3252 2935 removeri
3283 2897 3297 2933 :
3331 2896 3437 2934 non
3460 2882 3537 2934 eis
3573 2894 3767 2934 manus
3796 2887 4051 2947 tanquam

2464 2971 2866 3041 pmnitcntibus.
2899 2970 2983 3024 vel
3012 2980 3266 3039 tanquam
3297 2971 3541 3025 ﬁdelibus
3568 2970 3741 3036 laicis,
3765 2970 4053 3040 imponan-

2464 3074 2572 3126 tur,
2599 3078 2773 3132 neque
2800 3064 3217 3132 permittendum
3239 3071 3297 3117 ut
3320 3063 3636 3133 rebaptizati
3664 3062 3734 3118 ad
3764 3063 4055 3117 clericatus

2465 3154 2687 3224 gradum
2727 3163 3167 3223 promoveantur.

2538 3286 2771 3343 XXVlll.
2823 3284 2923 3350 Q..-i
2949 3289 3119 3341 clerici
3144 3287 3364 3342 debeant
3390 3286 3696 3357 conjugibus
3721 3286 3981 3357 capulari.

2542 3422 2609 3475 In
2638 3421 2929 3475 (Iunonibus
2962 3422 3341 3491 Apostolorum.
3372 3422 3449 3475 tit.
3474 3421 3563 3476 27.
3594 3420 3844 3493 lnnuptis
3874 3431 4050 3478 autem

2469 3515 2561 3582 qui
2610 3513 2681 3568 ad
2728 3514 2933 3567 clerum
2964 3514 3203 3580 provecti
3230 3521 3355 3567 sunt
3385 3513 3741 3583 pratcipimus,
3775 3524 3855 3580 ut,
3885 3514 3933 3568 si
3962 3529 4052 3568 vo-

2469 3607 2668 3661 luerint
2713 3621 2909 3660 uxores
2936 3606 3226 3675 aceLpiant,
3246 3605 3342 3660 sed
3380 3604 3636 3671 lectores,
3685 3614 4048 3676 cautumque

2482 3697 2873 3752 tantummodo.

2543 3787 2741 3841 Concil.
2779 3786 3048 3856 Carthagq
3085 3789 3162 3840 tit.
3202 3786 3285 3841 l6.
3316 3787 3447 3842 Item
3479 3787 3685 3857 placuit
3707 3794 3771 3842 ut
3794 3788 4050 3859 episcopi,

2475 3878 2775 3949 presbyteri
2835 3886 2889 3931 et
2939 3877 3150 3931 diaconi
3199 3893 3305 3931 non
3358 3877 3466 3931 sint
3514 3877 3905 3945 conductores,
3968 3887 4055 3932 aut

2474 3978 2876 4038 procuratores,
2923 3982 3100 4035 neque
3145 3968 3253 4021 ullo
3282 3969 3423 4036 turpi
3447 3967 3662 4035 negotio
3692 3976 3749 4023 et
3773 3969 4053 4023 inhonesto

2475 4058 2618 4110 virtu
2671 4066 2915 4122 qua-rant
2992 4056 3274 4123 implicari.
3328 4057 3453 4125 quia
3536 4058 3813 4128 respicere
3864 4058 4055 4113 debent

2475 4149 2733 4217 scriptum
2768 4162 2887 4201 esse
2921 4165 2933 4200 :
2966 4147 3151 4202 Nullus
3191 4149 3422 4203 militans
3452 4150 3562 4205 Deo
3585 4150 3830 4219 implicat
3866 4165 3929 4205 se
3969 4166 4053 4204 ne-

2475 4239 2634 4306 gotiis
2662 4238 3028 4294 smcularibus.
3073 4236 3279 4294 Placuit
3306 4249 3365 4294 ut
3392 4240 3639 4303 lectores,
3663 4255 3788 4294 cum
3808 4242 3876 4293 ad
3896 4255 4056 4295 annos

2478 4329 2778 4399 pubertatis
2816 4330 3080 4391 \enerint,
3135 4343 3398 4399 cogamur
3459 4340 3553 4383 aut
3589 4345 3787 4384 uxores
3839 4330 4058 4396 ducere,

2478 4429 2570 4474 aut
2612 4421 2999 4475 continentiam
3045 4422 3314 4491 proliteri.
3360 4425 3488 4476 Item
3548 4422 3749 4490 placuit
3806 4432 3869 4476 ut
3905 4423 4060 4477 cleri-

2484 4526 2581 4565 cus
2631 4512 2676 4565 si
2730 4514 3142 4570 c0nunutaveiit
3192 4513 3497 4581 pecuniam,
3529 4512 3777 4567 eamdem
3812 4514 4060 4576 accipiat,

2488 4603 2532 4657 si
2572 4603 2830 4673 Speiiem,
2883 4604 3125 4659 eamdem
3163 4604 3398 4672 speciem
3432 4611 3685 4670 quantam
3741 4601 3954 4657 dederit
3975 4618 4066 4657 ac-

2483 4694 2681 4761 cipiat;
2727 4704 2787 4747 et
2832 4700 2894 4747 ut
2938 4702 3066 4747 ante
3126 4708 3235 4746 xxv
3299 4706 3472 4746 annos
3498 4692 3674 4745 aetatis
3703 4706 3807 4746 nec
3852 4691 4063 4746 diaconi

2484 4784 2834 4847 ordinentur;
2884 4792 2941 4839 et
2980 4793 3038 4837 ut
3066 4784 3301 4839 lectores
3346 4785 3602 4852 populum
3660 4797 3768 4836 non
3805 4783 4061 4837 salutent.

2563 4892 2750 4948 XXIX.
2787 4892 2937 4955 Quod
2964 4893 3251 4960 episcopus,
3292 4891 3574 4961 presbyter
3622 4899 3696 4961 et,
3723 4891 3996 4954 diaconus,

2700 4973 2966 5033 peccantes
2994 4959 3173 5031 ﬁdeles
3194 4959 3460 5016 verberare
3490 4977 3591 5015 non
3614 4959 3857 5013 debeant.

2563 5075 2629 5129 In
2669 5073 2965 5127 Curionibus
3013 5074 3396 5141 Apostolorum,
3458 5073 3534 5125 ti'.
3591 5070 3681 5125 28.
3722 5071 4062 5141 Episcopum,

2493 5179 2585 5221 aut
2605 5168 3004 5236 presbyterum,
3026 5174 3118 5217 aut
3146 5165 3430 5219 diaconum
3455 5163 3849 5229 percutientcm
3883 5164 4064 5218 lidefes

2489 5261 2883 5327 delinquentes,
2940 5264 3033 5309 aut
3079 5255 3321 5309 infideles
3369 5256 3550 5321 inique
3588 5264 3831 5321 agentes,
3889 5264 3946 5308 et
3977 5269 4065 5320 rer

2493 5347 2796 5417 bujusmodi
2840 5346 3110 5400 volentem
3162 5344 3355 5408 timeri,
3412 5342 3567 5411 dejici
3617 5342 3687 5396 ab
3743 5342 3929 5399 ofﬁcio
3971 5358 4066 5397 suo

2492 5440 2848 5509 praecipimus,
2880 5438 3008 5505 quia
3036 5451 3295 5505 nusquam
3326 5450 3425 5490 nos
3447 5435 3550 5489 hoc
3582 5434 3839 5488 Dominus
3857 5435 4064 5497 docuit;

2494 5545 2523 5583 c
2565 5527 2842 5583 contrario
2890 5540 3019 5579 vero
3067 5525 3181 5592 ipse
3207 5538 3327 5578 cum
3351 5531 3722 5591 percuteretur
3752 5538 3861 5576 non
3891 5537 4067 5592 re,er-

2492 5617 2751 5680 entiebat,
2781 5624 2801 5650 ο
2835 5630 2957 5670 cum
3001 5624 3291 5682 pateretur,
3320 5628 3427 5667 non
3478 5613 3929 5669 comminabatur.

893 5803 913 5828 '
967 5793 1246 5860 Dionysius
1277 5791 1508 5861 Exiguus
1543 5803 1595 5846 et
1636 5794 1813 5848 Colex
1848 5793 1943 5846 Th.
1977 5795 2295 5846 interseruut
2332 5809 2339 5839 :
2368 5790 2493 5843 Cum
2524 5788 2708 5840 male-di
2740 5788 2935 5848 cbatur.
2971 5805 3070 5840 non
3103 5785 3451 5841 maledicebat.
