4204 6542
175 374 277 425 555

243 489 405 544 XXX.
483 487 636 549 Quod
691 487 909 555 oﬁlcium
964 488 1237 556 pristinum
1291 486 1524 556 damnati
1579 500 1670 552 pro

448 554 744 610 critinibus
797 554 1048 625 usurpare
1076 572 1179 609 non
1218 554 1458 609 debeant.

238 670 305 723 In
334 666 629 723 Curionibus
656 668 1036 735 Apostolorum,
1064 668 1145 719 tit.
1176 664 1265 721 29.
1297 664 1352 719 Si
1383 666 1505 733 quis
1532 664 1743 735 episco-

172 776 288 831 pus,
335 769 431 812 aut
488 759 786 827 presbyter,
846 767 939 809 aut
987 756 1271 821 diaconus,
1303 755 1747 826 depositusjuste

169 866 326 918 super
384 848 550 904 certis
576 848 906 911 criminibus,
934 863 1097 901 ausus
1124 848 1280 901 fuerit
1303 856 1593 901 attrectare
1642 850 1744 901 mi-

171 940 453 994 nisterium
492 938 687 993 dudum
719 938 824 991 sibi
852 940 1216 1003 commissum,
1273 940 1359 993 hic
1388 939 1454 993 ab
1508 938 1743 993 Eccles‘a

169 1033 378 1103 penitus
426 1030 786 1083 abscindatur.

305 1143 442 1197 Item
511 1142 645 1213 quod
701 1142 901 1195 clericis
980 1143 1239 1223 danmatis
1287 1159 1389 1197 non
1452 1143 1603 1196 licent

761 1228 1157 1265 communicare.

230 1303 429 1357 Concil.
478 1303 723 1371 Cartliag.
781 1304 1079 1367 universali,
1128 1303 1209 1355 tit.
1257 1302 1345 1356 29.
1382 1302 1512 1357 Item
1545 1302 1744 1373 pineuit

168 1396 415 1448 universo
470 1393 719 1455 concilio,
778 1404 835 1445 nt
879 1393 968 1461 qui
1018 1388 1518 1447 excommunicatus
1587 1394 1746 1448 fuerit

168 1500 259 1553 pro
318 1500 419 1538 suo
470 1486 737 1551 neglectu,
795 1487 909 1539 sive
979 1486 1287 1555 episcopus,
1340 1486 1454 1540 sive
1521 1487 1744 1554 quilibet

166 1574 414 1640 clericus,
464 1583 519 1627 et
574 1584 817 1643 tempore
870 1576 1443 1630 excommunicationis
1468 1592 1577 1630 sua:
1619 1588 1744 1634 ante

165 1671 490 1724 audientiam
540 1671 972 1726 communionem
1038 1672 1458 1741 praesumpserit,
1513 1674 1625 1742 ipse
1690 1675 1739 1729 in

164 1774 219 1813 te
268 1759 637 1813 damnationis
682 1759 951 1825 judicetur
993 1762 1280 1830 protuli-se
1325 1764 1665 1817 sententiam.

235 1849 366 1901 Item
414 1848 717 1904 universalis
757 1860 780 1885 ⁸
814 1851 1083 1920 Carthag.,
1126 1855 1203 1905 tit.
1236 1852 1324 1906 29.
1389 1852 1453 1905 Et
1486 1854 1609 1906 illud
1647 1870 1738 1921 μοι
1778 1834 1822 1891 Β

168 1941 406 2001 tendum,
460 1948 519 1991 ut
574 1948 813 1993 statuere
856 1940 1140 2006 dignentur
1189 1951 1247 1995 ut
1300 1943 1344 1995 si
1391 1946 1479 2011 qui
1527 1944 1742 2009 cujusli-

168 2032 252 2083 Let
310 2030 537 2083 honoris
588 2030 812 2084 clericus
836 2030 1041 2097 judicio
1086 2033 1459 2100 episcoporum
1497 2048 1741 2100 quocun-

166 2134 266 2180 que
296 2120 525 2173 crimine
554 2118 715 2173 fuerit
764 2120 1067 2189 damnatus,
1124 2139 1228 2175 non
1278 2123 1433 2178 liceat
1462 2139 1605 2188 eum,
1633 2126 1742 2179 sive

162 2214 226 2265 ab
276 2210 524 2265 ecclesiis
575 2212 769 2279 quibus
815 2214 1047 2281 praefuit,
1093 2215 1206 2269 sive
1281 2232 1310 2269 a
1361 2216 1601 2284 quolbet
1648 2219 1743 2270 lao-

166 2306 325 2366 mine,
359 2302 647 2370 defensari,
682 2304 994 2373 interposita
1044 2322 1198 2374 [liena
1257 2307 1433 2361 damni
1481 2309 1738 2377 pecuniae,

162 2403 322 2461 atque
371 2395 618 2462 honoris,
674 2411 782 2463 quo
831 2413 929 2451 nec
977 2406 1209 2461 auatem,
1264 2414 1362 2452 inc
1414 2415 1598 2452 sexum
1643 2416 1738 2453 ex-

164 2485 460 2538 cusandum
500 2500 617 2539 esse
667 2486 992 2556 praicipiant.

235 2615 365 2669 Item
396 2617 533 2686 quod
582 2618 719 2671 intra
759 2635 951 2672 annum
981 2637 1193 2674 causam
1221 2639 1366 2676 suam
1393 2634 1662 2693 peragam.

228 2747 389 2800 Cone.
425 2747 697 2818 Carthag.,
723 2751 798 2803 tit.
824 2749 912 2803 46.
941 2750 1142 2806 Rursus
1192 2754 1539 2807 constitutum
1570 2764 1653 2809 est
1683 2765 1739 2809 ut

157 2840 375 2908 quoties
432 2840 640 2893 clericis
710 2843 969 2897 convictis
1024 2852 1078 2896 et
1133 2843 1394 2898 confessis
1451 2845 1502 2897 in
1559 2845 1736 2911 aliquo

160 2929 409 2989 Crimine,
463 2928 546 2981 vel
604 2940 819 2998 propter
878 2946 1065 2985 eorum
1122 2948 1348 3000 quorum
1408 2935 1738 2988 verccuadia:

160 3021 423 3083 parcitur,
483 3019 565 3072 vel
598 3032 818 3088 propter
848 3020 1097 3078 Ecclesia:
1128 3026 1491 3094 opprobrium,
1517 3034 1608 3078 aut
1653 3027 1735 3080 in-

160 3111 427 3164 solentem
455 3110 850 3167 insultationem
870 3114 1238 3170 limi-elicurum
1265 3126 1421 3185 atque
1438 3118 1732 3185 gentilium,

1388 368 1812 423 IillrLViAiiiUM
1857 369 1896 421 C
1916 369 2277 423 \NONICUM.

1773 486 1819 540 Α
1851 481 2023 532 fandis
2084 481 2241 543 datis,

3317 373 3421 427 ιιι

2332 480 2414 531 vel
2472 482 2709 547 acceptis
2768 480 3055 543 exstiterit,
3110 482 3153 534 si
3211 486 3427 550 quidem

1850 571 2081 624 cleriius
2128 570 2309 631 fuerit,
2364 569 2583 638 proprio
2645 570 2808 635 gradu
2882 568 3139 623 decidat:
3190 573 3233 625 si
3305 590 3430 628 vero

1852 659 2035 720 laicus,
2095 668 2188 711 ant
2243 659 2557 719 monachus,
2614 658 3115 712 anathematizctnr.

1923 751 2002 803 Ex
2033 751 2247 803 decretis
2301 767 2449 819 papa:
2477 750 2692 815 (Ielusii,
2743 751 2823 801 tit.
2876 749 2965 802 ‘2‘.
3024 750 3097 805 De
3149 754 3431 808 monachis

1850 842 2106 909 laieisque
2148 842 2199 894 in
2231 842 2398 909 prima
2429 842 2700 909 copiosius
2729 842 3103 908 pra'ceptionis
3126 842 3281 910 hujus
3309 860 3429 914 par-

1850 942 1900 985 te
1938 933 2140 999 digesta
2188 941 2331 993 sunt,
2382 947 2499 998 qua:
2556 933 2635 985 vid
2664 942 2929 1001 quatenus
2960 947 3057 1001 pro
3088 948 3262 987 rerum
3288 943 3427 989 tem-

1848 1036 2145 1090 porumque
2207 1021 2531 1074 necessitate
2612 1036 2869 1075 concessa
2946 1032 3091 1087 sunt,
3170 1025 3429 1091 quemad-

1839 1110 2060 1162 modum
2113 1112 2200 1162 uhi
2246 1110 2437 1162 nullius
2490 1109 2614 1163 facti
2663 1111 2953 1165 necessitas
3002 1112 3259 1167 interesse
3304 1128 3427 1182 pro-

1847 1203 2021 1263 batur,
2074 1218 2179 1254 non
2226 1205 2325 1256 nisi
2377 1212 2528 1257 vetus
2580 1202 2845 1256 institutio
2902 1205 3098 1259 debeat
3145 1208 3426 1263 custodiri.

1845 1295 1989 1358 Quos
2034 1307 2163 1344 vero
2201 1293 2501 1346 constiterit
2533 1291 2780 1358 indignos
2812 1294 3017 1346 meritis
3047 1310 3253 1349 sacram
3286 1311 3426 1349 mer-

1845 1389 1996 1434 catus
2044 1394 2165 1435 esse
2225 1382 2398 1449 pretio
2458 1382 2797 1448 dignitatem,
2876 1384 3153 1437 eonvictos
3211 1396 3428 1452 Oportet

1844 1473 2037 1538 arceri,
2086 1488 2190 1525 non
2247 1473 2363 1526 sine
2418 1473 2659 1539 periculo
2714 1472 2920 1529 facinus
2973 1475 3076 1529 tale
3120 1484 3422 1543 patrantes,

1843 1564 1964 1629 quia
2015 1562 2232 1616 dantem
2284 1563 2484 1630 pariter
2528 1564 2987 1632 accipienteinque
3015 1566 3287 1621 damnatio
3335 1568 3423 1621 εί.

1845 1652 2038 1717 monis,
2087 1668 2246 1721 quam
2278 1667 2429 1706 sacra
2477 1652 2635 1707 lectio
2689 1661 2935 1717 testatur,
2971 1657 3209 1710 involvit.

1932 1760 2139 1815 XXXII.
2175 1762 2241 1816 Ut
2288 1763 2514 1817 Ecclesia
2558 1768 2796 1819 stetit/ari
2844 1777 2931 1836 pot
2965 1770 3072 1821 ntia
3127 1771 3334 1824 minime

2419 1836 2425 1842 ’
2464 1836 2793 1904 pervadutur.

1918 1920 1981 1975 In
2023 1922 2315 1977 Canonibus
2356 1925 2737 1991 Apostolorum,
2765 1927 2843 1980 tit.
2875 1927 2962 1979 51.
2995 1926 3048 1980 Si
3073 1929 3192 1996 quis
3216 1932 3424 1998 episco-

1844 2027 1942 2080 pus
1998 2013 2341 2067 smcularibus
2398 2016 2757 2082 pote5tatibus
2814 2033 2939 2070 usus
2986 2017 3278 2074 Ecclesiam
3331 2036 3425 2088 per

1843 2104 1985 2172 ipsas
2041 2104 2303 2161 obtineat.
2354 2106 2678 2173 deponatur,
2723 2116 2778 2162 et
2828 2122 3180 2181 segregentur
3235 2128 3422 2165 omnes

1842 2195 1931 2260 qui
1974 2194 2045 2247 illi
2079 2210 2326 2248 coininun
2352 2206 2494 2249 cant.

1844 2306 2075 2361 XXXIII.
2114 2307 2190 2359 De
2220 2308 2525 2377 presbyteris
2554 2312 2659 2380 qui,
2692 2315 2993 2381 contemptis
3018 2315 3268 2382 episcopis
3288 2318 3417 2381 suis,

2010 2394 2237 2430 seorsum
2269 2390 2543 2432 cenventus
2574 2397 2747 2450 congr.
2765 2398 2888 2451 gare
2926 2388 3225 2437 tentarcrint

1916 2467 1977 2519 In
2026 2466 2317 2521 Canonibus
2370 2472 2750 2538 Apostolorum,
2807 2475 2883 2526 tit.
2935 2474 3023 2528 5'2.
3068 2475 3267 2544 Siquis
3297 2491 3417 2544 pre-

1839 2557 2020 2626 shyter
2047 2567 2395 2613 contemnens
2434 2561 2747 2630 episcopum
2778 2578 2933 2616 suum
2964 2579 3205 2618 seorsum
3234 2576 3256 2604 θ
3288 2582 3410 2621 con-

1840 2657 2056 2700 ventum
2114 2648 2217 2701 coll
2254 2649 2410 2715 gerit,
2463 2660 2516 2702 et
2564 2650 2734 2705 altare
2779 2652 2920 2705 alni
2968 2655 3233 2718 erexerit,
3286 2656 3416 2708 nihil

1840 2738 2040 2791 habens
2088 2738 2230 2805 quod
2260 2739 2620 2806 reprehendat
2647 2740 2956 2811 episcopum
2989 2744 3039 2796 in
3064 2760 3222 2799 causa
3251 2746 3417 2813 pieta-

1838 2826 1924 2884 tis.
1958 2838 2013 2880 et
2036 2827 2278 2894 justitim,
2312 2830 2633 2895 deponatur,
2663 2834 2815 2898 quasi
2853 2833 3180 2904 principatus
3208 2846 3418 2890 amator

1838 2917 2105 2980 existens;
2156 2930 2237 2971 est
2304 2921 2446 2972 enim
2498 2928 2783 2990 tyrannus,
2847 2934 2902 2977 et
2964 2927 3143 2979 caeteri
3228 2928 3413 2980 clerici

1837 3007 2145 3075 quicunque
2198 3009 2288 3062 tali
2337 3010 2683 3065 consentiunt
2725 3013 3096 3082 deponantur;
3128 3015 3248 3071 laici
3288 3032 3415 3071 vero

1838 3107 2206 3165 segregentur.
2256 3099 2379 3152 limo
2410 3110 2585 3155 autem
2619 3111 2739 3171 post
2778 3120 2959 3163 unam.
3016 3114 3071 3158 et
3099 3108 3412 3172 secundam,

156 3201 197 3253 εἰ
248 3199 395 3255 form
446 3216 620 3254 causa,
662 3217 771 3256 sum
821 3204 1005 3258 adesse
1047 3174 1349 3272 voluerim;
1384 3174 1734 3262 etvinnocen:
1762 3174 1809 3237 C
1841 3198 1894 3243 et
1922 3192 2151 3255 tertiam,
2176 3193 2413 3259 episcopi
2442 3193 2872 3247 obsecrationem
2907 3195 3018 3249 fieri
3050 3200 3357 3252 conveniat.

161 3292 289 3345 tiam
340 3307 494 3346 suam
524 3307 785 3358 asserere,
812 3294 948 3348 intra
993 3312 1188 3349 annum
1221 3298 1734 3353 excommunicatio-

162 3379 241 3434 nis
295 3380 404 3434 hoc
436 3380 672 3435 faciant:
719 3382 761 3435 si
798 3398 923 3437 vero
954 3384 1088 3437 intra
1117 3400 1313 3438 annum
1344 3401 1556 3440 causam
1585 3402 1735 3441 suam

160 3486 393 3541 purgare
464 3477 907 3543 contempserint,
968 3477 1111 3529 nulla
1161 3493 1347 3532 eorum
1407 3495 1506 3532 vox
1549 3487 1735 3547 postea

158 3565 373 3631 penitus
413 3563 680 3617 audiatur.

223 3671 416 3728 XXXI.
494 3672 646 3737 Quod
692 3692 792 3729 non
841 3676 1057 3729 debeant
1102 3679 1270 3743 ojfria
1319 3680 1664 3734 ecclesias.'ica

689 3746 916 3813 pecuniis
953 3764 982 3799 ο
1022 3748 1149 3800 tit-er
1174 3786 1188 3801 .

220 3833 286 3887 In
320 3833 621 3888 Curionibus
642 3836 1021 3904 Apostolorum,
1051 3840 1131 3891 tit.
1182 3838 1267 3893 30.
1296 3838 1350 3894 Si
1378 3840 1496 3909 quis
1523 3841 1735 3910 episco-

156 3939 273 3991 pus,
330 3934 429 3978 aut
502 3925 801 3996 presbyter,
857 3936 950 3981 aut
1013 3930 1288 3995 diaconus,
1342 3947 1435 3999 per
1484 3934 1738 4001 pecunias

153 4017 456 4071 obtinuerit
515 4016 539 4054 δ
594 4017 924 4086 dignitatem,
960 4020 1260 4089 dejiciatur,
1292 4032 1345 4076 et
1375 4023 1488 4091 ipse
1534 4036 1584 4076 et
1642 4041 1734 4078 or-

148 4107 366 4161 dinator
416 4109 557 4176 ejus,
588 4121 641 4163 et
677 4125 705 4161 a
736 4111 1113 4167 communione
1133 4112 1306 4168 modis
1336 4118 1581 4168 omnibus
1610 4117 1733 4171 abs-

147 4197 422 4261 (.iudatttl',
457 4198 597 4251 sicut
636 4197 818 4252 Simon
868 4198 1053 4264 Magos
1092 4217 1122 4254 a
1162 4200 1345 4255 Petro.

215 4284 419 4338 Concil.
458 4285 793 4346 Clialcedon.,
855 4289 931 4339 tit.
984 4287 1036 4343 2.
1092 4290 1147 4342 Si
1176 4290 1294 4358 quis
1322 4292 1604 4360 episcopus
1639 4310 1735 4363 per

151 4376 442 4440 pecuniam
503 4375 692 4428 fecerit
720 4376 1131 4441 ordinationem,
1184 4389 1237 4434 et
1279 4383 1379 4435 sub
1419 4386 1592 4451 pretio
1641 4400 1727 4440 re-

146 4457 351 4525 degerit
415 4459 667 4525 gratiam,
713 4476 833 4528 qua:
888 4478 993 4515 non
1037 4473 1215 4530 potest
1271 4467 1445 4530 vendi,
1511 4470 1727 4521 ordina-

146 4550 385 4615 veritqua
434 4564 531 4618 per
562 4552 815 4618 pecunias
844 4552 1170 4622 episcopum,
1218 4570 1309 4609 aut
1336 4560 1722 4628 presbyterum,

144 4648 231 4689 aut
276 4639 597 4703 diaconum,
644 4640 727 4693 vel
769 4642 1065 4710 quemlibet
1117 4659 1181 4696 ex
1216 4645 1294 4699 his
1316 4648 1404 4716 qui
1435 4665 1727 4704 connume-

142 4737 328 4781 rantur
396 4730 450 4781 in
526 4728 696 4795 clero,
753 4738 846 4785 aut
905 4736 1238 4801 promoverit
1302 4752 1397 4805 per
1445 4742 1723 4807 pecuniam

141 4816 598 4885 dispensatorem,
653 4827 751 4870 aut
804 4818 1161 4887 defensorem,
1236 4827 1320 4877 vel
1398 4841 1723 4898 qni-mquam

141 4907 226 4974 qui
271 4905 561 4973 subjectus
604 4913 691 4961 est
732 4908 949 4974 regulzn,
983 4922 1080 4977 pro
1123 4926 1222 4965 suo
1269 4914 1560 4981 turpissimi
1592 4921 1724 4973 .ucri

139 4996 449 5059 Commodo,
483 4994 529 5048 is
550 4995 639 5050 cui
670 4994 773 5050 hoc
802 4999 1086 5051 attentanti
1116 5001 1395 5067 probatum
1420 5004 1577 5060 fuerit
1598 5023 1725 5076 pro-

141 5086 239 5153 prii
292 5084 502 5154 gradus
554 5085 795 5154 periculo
842 5087 1167 5154 subiacebit;
1216 5100 1269 5144 et
1314 5094 1401 5162 qui
1448 5097 1725 5154 ordinatus

141 5188 237 5241 est,
291 5177 428 5231 nihil
484 5191 550 5230 ex
599 5176 699 5229 hac
744 5176 1102 5241 ordinatione,
1128 5181 1212 5233 vel
1241 5186 1579 5250 promotione
1605 5202 1725 5255 qua:

141 5276 218 5319 est
265 5282 364 5337 per
392 5266 816 5335 negotiationem
853 5269 1011 5330 facta,
1058 5270 1330 5339 proficiat;
1373 5276 1464 5328 sed
1491 5279 1558 5329 sit
1596 5279 1721 5333 alie-

143 5371 237 5410 nus
261 5372 291 5409 a
327 5357 618 5424 dignitate,
645 5356 724 5409 vel
751 5358 1106 5415 sollicitudine
1133 5376 1289 5429 quam
1314 5367 1550 5431 pecuniis
1579 5384 1725 5437 quae-

142 5446 277 5501 sivit.
316 5449 375 5503 Si
426 5448 551 5518 quis
606 5462 735 5503 vero
788 5449 1055 5503 mediator
1102 5458 1208 5504 tam
1252 5456 1492 5523 turpibus
1544 5467 1597 5511 et
1626 5478 1719 5515 nc-

210 5593 231 5617 ·
280 5584 334 5635 In
366 5582 575 5635 Codice
621 5580 873 5635 Ecclesim
925 5583 1100 5643 Rom.,
1131 5595 1213 5639 est
1266 5604 1384 5640 can.
1413 5589 1481 5642 29
1512 5598 1725 5650 concilii

145 5650 404 5773 Abiczgi;
462 5652 603 5719 apud
650 5650 863 5722 Dionys.
900 5652 1173 5722 Exiguum,
1226 5660 1432 5712 eoin-iiii
1472 5662 1721 5733 Cartliug.

145 5737 256 5773 can.
363 5763 372 5772 .

144 5737 256 5773 ωτι.
286 5737 372 5773 ΟΣ.

1911 3282 2106 3336 Concl.
2161 3284 2498 3349 Autioc/n'no,
2550 3286 2626 3337 tit.
2654 3284 2705 3337 5.
2732 3286 2929 3352 Siquis
2977 3289 3276 3359 presbyter,
3322 3297 3415 3343 aut

1837 3372 2431 3441 diaconus,episcopum
2459 3375 2732 3443 proprium
2755 3384 3123 3440 contemnens,
3144 3395 3202 3431 se
3219 3380 3286 3432 ab
3309 3378 3412 3433 Ec-

1836 3464 1995 3516 clesia
2052 3465 2503 3531 sequestraierit,
2543 3474 2598 3519 et
2638 3480 2878 3519 seorsum
2930 3467 3187 3535 colligens
3238 3469 3409 3525 altare

1835 3554 2194 3617 con~tituerit,
2244 3563 2298 3609 et
2324 3556 2685 3610 commonenti
2712 3557 2965 3626 episcopo
2988 3574 3092 3612 non
3118 3561 3405 3627 acquieve-

1836 3644 1924 3710 rit,
1955 3658 2057 3698 nec
2093 3646 2418 3709 consentire,
2471 3646 2553 3699 vel
2598 3647 2820 3702 obedire
2870 3648 3115 3714 voluerit,
3155 3654 3320 3706 semei
3352 3664 3407 3707 et

1836 3731 2027 3786 iterum
2075 3735 2402 3797 convocati,
2455 3736 2541 3788 hic
2582 3736 2865 3791 damnetur
2905 3739 3254 3805 omnimodo,
3307 3757 3407 3798 nec

1836 3822 1976 3874 ultra
2020 3823 2315 3877 remedium
2360 3837 2741 3893 consequatur,
2806 3829 2926 3895 quia
2970 3845 3119 3883 suam
3168 3833 3408 3902 recipere

1835 3924 1941 3963 non
1986 3920 2163 3979 potest
2206 3913 2553 3980 dignitatem:
2587 3915 2728 3983 quod
2768 3917 2812 3970 si
2842 3917 3133 3974 Ecclesiam
3187 3933 3406 3976 contur-

1835 4000 1983 4063 bare,
2034 4010 2087 4054 et
2144 4002 2436 4057 sollicitare
2484 4007 2755 4073 persistat,
2813 4017 3065 4078 tanquam
3120 4014 3409 4071 seditiosus

1836 4106 1930 4159 per
1977 4100 2268 4159 p=-testates
2304 4103 2516 4149 exteras
2557 4098 2907 4165 opprimatur.

1901 4200 2097 4255 Concil.
2132 4201 2404 4273 Caitliog.,
2446 4207 2522 4259 tit.
2569 4208 2635 4260 10
2662 4218 2716 4262 et
2753 4209 2840 4263 Η.
2883 4212 3088 4280 Alipius
3125 4216 3411 4286 episcopus

1833 4292 2037 4361 legatus
2065 4296 2350 4363 provincia:
2391 4297 2648 4353 Numidia:
2678 4302 2811 4356 dixit
2853 4322 2863 4356 :
2896 4304 3007 4360 Nec
3039 4307 3162 4361 iILud
3188 4318 3408 4377 preter-

1836 4387 2151 4441 niittcndum
2192 4398 2295 4452 est,
2345 4400 2402 4443 ut
2445 4393 2487 4444 si
2524 4392 2645 4457 quis
2682 4393 2818 4449 forte
2848 4398 3128 4466 presbyter
3182 4401 3250 4453 ab
3296 4404 3405 4470 epl-

1832 4492 1996 4545 scopo
2024 4493 2123 4532 suo
2172 4489 2479 4548 correptus,
2511 4491 2721 4536 tumore
2758 4487 2841 4538 vel
2881 4489 3127 4553 su.erbia
3166 4490 3401 4555 inflatus,

1835 4571 2097 4636 putaverit
2143 4572 2431 4639 separatim
2472 4574 2732 4628 sacrificia
2788 4575 2898 4629 Deo
2948 4578 3249 4645 offerenda,
3316 4585 3401 4638 vel

1832 4661 1975 4714 aliud
2013 4663 2320 4729 erigendum
2370 4665 2538 4719 altare
2566 4675 2754 4722 contra
2797 4671 3213 4729 ecclesiasticam
3244 4674 3398 4731 fidem

1830 4749 2275 4819 disciplinamque
2300 4754 2607 4819 crediderit,
2639 4773 2746 4812 non
2772 4770 2930 4814 exeat
2956 4762 3266 4832 impunitus.
3296 4768 3395 4823 Va-

1832 4838 2064 4892 lentintis
2095 4841 2275 4908 prima:
2302 4842 2445 4896 sedis
2484 4847 2769 4911 provincia:
2800 4847 3058 4905 Numidia;
3101 4853 3237 4907 dixit
3262 4873 3275 4908 :
3300 4856 3403 4911 Ne-

1831 4929 2062 4982 cessario
2102 4928 2398 4999 disciplinae
2426 4933 2801 4991 ecclesiastica:
2824 4938 2942 4992 fidei
2971 4956 3205 5012 congrua
3243 4955 3366 5000 sunt
3384 4985 3399 5006 .

1832 5034 1949 5086 quia
1994 5018 2155 5074 frater
2196 5032 2379 5076 noster
2416 5023 2622 5093 Alipius
2659 5042 2973 5095 prosecutus
3008 5043 3110 5086 est.
3168 5031 3399 5092 Proinde

1831 5108 1955 5176 quid
1977 5109 2219 5164 videatur
2242 5120 2432 5167 vestrm
2478 5115 2750 5171 dilectioni
2789 5119 2972 5176 dicite.
3027 5123 3107 5178 Ab
3138 5127 3401 5183 universis

1831 5200 2095 5268 episcOpis
2122 5200 2324 5255 dictum
2365 5211 2478 5255 est:
2508 5203 2564 5257 Si
2596 5207 2714 5273 quis
2736 5210 3017 5281 presbyter
3049 5228 3079 5266 a
3110 5218 3397 5284 pneposito

1828 5305 1926 5345 suo
1946 5302 2223 5363 correptus
2249 5295 2429 5360 fuerit,
2468 5296 2630 5351 debet
2656 5302 2839 5368 utique
2866 5304 3007 5372 apud
3036 5306 3240 5362 vicinos
3284 5312 3399 5377 epi-

1829 5396 2027 5451 scopos
2067 5386 2343 5454 conqueri,
2368 5395 2427 5440 ut
2471 5389 2541 5443 ab
2581 5389 2711 5459 ipsis
2737 5392 2855 5460 ejus
2899 5410 3059 5450 causa
3090 5398 3260 5467 possit
3299 5414 3396 5454 au-

1824 5469 1943 5534 diri,
1975 5487 2039 5525 ac
2090 5489 2183 5542 per
2231 5475 2374 5543 ipsos
2406 5491 2504 5532 suo
2538 5480 2793 5550 episcopo
2833 5486 3204 5554 reconciliari;
3255 5491 3397 5561 quod

1899 5599 1925 5636 δ
1975 5600 2262 5673 Dionysius
2300 5603 2447 5673 Exig.
2491 5610 2634 5663 addit
2679 5612 2824 5667 hanc.

1903 5685 1921 5706 ι’
1971 5672 2010 5722 ll
2045 5682 2125 5725 est
2173 5676 2324 5742 apud.
2384 5672 2597 5747 iiionys.
2638 5680 2789 5750 Exig.
