4204 6538
779 420 880 474 865

781 541 881 594 nisi
921 537 1126 602 fecerit,
1196 551 1288 591 seu
1361 533 1630 603 superbia,
1695 531 1835 600 quod
1899 530 2056 594 absit,
2128 528 2410 582 inﬁatusA

779 627 1169 683 secerneudum
1207 641 1266 680 se
1299 627 1367 679 ab
1394 626 1630 692 episcOpi
1675 625 1754 677 sui
1779 624 2151 677 communione
2179 621 2249 674 du
2290 637 2347 674 e-

776 722 862 786 rit,
891 736 955 774 ac
983 720 1267 788 separatim
1301 733 1422 771 cum
1473 716 1734 784 aliquibus
1762 715 1990 768 scliisma
2041 713 2240 766 faciens
2263 728 2346 766 sa-

774 812 1033 866 criticium
1067 811 1174 864 Deo
1204 810 1480 874 obtulerit,
1531 808 1813 861 anathema
1859 806 2136 865 habeatur,
2187 805 2342 858 etio-

773 918 892 954 cum
928 901 1172 964 amittat;
1223 915 1288 953 ac
1327 900 1370 952 si
1421 897 1810 966 querimoniam
1855 899 2048 963 justam
2091 895 2344 948 adversus

773 991 1083 1059 episcopum
1115 1007 1222 1043 non
1253 990 1496 1043 habuerit
1526 988 1896 1056 inquirendum
1927 987 2049 1040 erit.

774 1102 1008 1157 XXXIV.
1056 1100 1205 1166 Quod
1244 1103 1411 1156 clerici
1455 1102 1690 1185 damnati
1723 1117 1824 1154 non
1866 1100 2080 1152 debeant
2119 1099 2183 1151 ub
2224 1099 2342 1151 aliis

1468 1189 1644 1238 recipi.

844 1264 908 1316 In
938 1263 1228 1317 (Iunonibus
1265 1262 1657 1330 Apostolorum.
1690 1263 1766 1314 tit.
1804 1259 1890 1313 5³5.
1923 1260 1980 1313 Si
2025 1259 2142 1327 quis
2189 1273 2340 1327 pres-

772 1357 925 1425 byter
975 1364 1067 1408 aut
1121 1355 1380 1409 diaconus
1426 1355 1493 1408 ab
1547 1354 1802 1422 episcopo
1857 1366 1956 1404 suo
2011 1357 2338 1417 segregetur,

773 1449 915 1502 hunc
949 1464 1054 1501 non
1086 1448 1252 1503 licere
1281 1447 1350 1501 ab
1380 1446 1485 1499 alio
1516 1446 1700 1513 recipi,
1743 1443 1836 1496 sed
1869 1443 1938 1496 ab
1960 1444 2076 1511 ipso
2098 1443 2186 1510 qui
2219 1455 2338 1495 eum

771 1549 1200 1607 sequestraverat
1219 1579 1234 1602 ,
1282 1540 1380 1593 nisi
1411 1539 1548 1593 forte
1579 1539 1774 1592 abierit
1795 1538 2078 1606 episcopus
2109 1535 2222 1604 ipse
2250 1533 2340 1601 qui

771 1648 891 1686 eum
914 1647 1222 1699 segregassc
1250 1635 1612 1698 cognoscitur.

842 1725 1038 1780 Concil.
1075 1725 1394 1790 Sardiccnsi,
1451 1728 1531 1778 tit.
1593 1725 1678 1776 18.
1727 1723 2011 1776 Januarius
2059 1720 2343 1789 episcopus

775 1820 906 1874 dixit
935 1840 945 1872 :
979 1819 1108 1872 Illud
1139 1833 1352 1886 queque
1373 1825 1576 1870 statuat
1602 1818 1861 1869 sanctitas
1890 1825 2093 1874 vestra,
2122 1821 2182 1866 ut
2212 1812 2338 1865 nulli

770 1910 1023 1978 episcopo
1061 1911 1217 1962 liccat
1263 1909 1480 1962 alterius
1507 1908 1753 1976 episcopi
1774 1905 2003 1958 civitatis
2041 1906 2338 1957 miniStrum

771 1999 1194 2053 ecclesiasticqu
1225 1998 1518 2051 sollicitare
1537 2037 1551 2060 ,
1587 2005 1642 2049 et
1671 1997 1721 2049 in
1746 1997 1856 2049 suis
1895 1995 2161 2064 parocliiis
2191 1993 2337 2046 ordi-

770 2105 919 2144 nare.
954 2089 1198 2145 Universi
1229 2089 1512 2143 dixerunt:
1545 2088 1743 2150 Placet,
1773 2087 1896 2155 quia
1922 2103 1986 2139 ex
2010 2087 2091 2139 his
2119 2091 2340 2138 conten-

771 2180 1005 2234 tionibus
1029 2182 1167 2234 solet
1196 2181 1339 2233 nasci
1365 2179 1665 2242 discordia;
1707 2189 1760 2231 et
1803 2179 1920 2230 ideo
1951 2176 2196 2242 prohibet
2225 2189 2340 2228 om-

773 2273 918 2324 nium
947 2271 1236 2331 sententia,
1269 2285 1335 2323 nc
1359 2270 1479 2337 quis
1504 2269 1606 2322 hoc
1635 2269 1811 2321 facere
1833 2266 2046 2320 audeat.
2143 2253 2148 2256 ’

843 2363 1038 2416 (Joucil.
1073 2362 1260 2428 Sard.,
1306 2365 1385 2412 tit.
1425 2359 1506 2411 l9.
1539 2357 1696 2411 O..ius
1747 2356 2029 2424 episcopus
2071 2353 2245 2407 dixit:
2276 2350 2342 2405 Et

775 2455 879 2506 hoc
934 2452 1169 2505 universi
1222 2450 1614 2510 constituimus,
1668 2456 1723 2500 ut
1766 2446 2070 2514 quicunque
2120 2458 2185 2498 ex
2236 2443 2340 2496 alia

774 2543 1028 2611 paroehia
1061 2541 1286 2595 voluerit
1329 2541 1559 2593 alienum
1591 2540 1889 2592 ministrum
1929 2538 2047 2593 sine
2078 2551 2341 2590 consensu

773 2633 1012 2701 episcopi
1064 2633 1226 2704 ipsius
1274 2642 1331 2685 et-
1355 2632 1631 2685 voluntate
1674 2630 1944 2692 ordinare,
1994 2645 2100 2682 non
2131 2630 2200 2684 sit
2227 2637 2340 2683 rata

775 2725 1044 2777 ordinatio
1070 2724 1225 2792 ejus:
1263 2725 1567 2793 quicunque
1613 2731 1792 2775 autem
1840 2721 1940 2774 hoc
1983 2721 2341 2789 usurpaverit,

777 2831 804 2865 a
837 2815 1086 2868 fratribus
1107 2825 1160 2868 et
1189 2817 1521 2885 coepiscopis
1565 2816 1764 2870 nostris
1791 2823 1846 2869 et
1874 2812 2154 2868 admoneri
2184 2811 2344 2865 debet

775 2919 830 2962 et
853 2913 1064 2980 corrigi.

778 3020 989 3075 XXXV.
1035 3023 1099 3076 [λί
1134 3026 1303 3078 nullus
1326 3031 1606 3092 cpiscOpus,
1633 3026 1917 3094 presbyter,
1949 3035 2036 3079 aut
2070 3028 2340 3089 diaconus,

955 3095 1064 3144 sine
1104 3097 1483 3147 commendaliti
1510 3113 1532 3147 δ
1575 3098 1887 3164 suscipiatur
1915 3097 2166 3165 epistolis.

850 3180 916 3234 In
951 3181 1243 3237 (Iunonibus
1270 3185 1651 3254 Apostolorum,
1680 3189 1754 3239 lit.
1788 3187 1876 3241 5i.
1918 3187 2102 3240 Nullus
2130 3187 2341 3256 cpisco-

778 3289 988 3342 porum,
1014 3276 1438 3343 peregrinorum.
1460 3287 1552 3329 ant
1578 3279 2031 3346 presbyterorum,
2054 3285 2146 3330 aut
2167 3278 2345 3330 diaco~

783 3381 994 3432 norum,
1025 3367 1141 3420 sine
1170 3369 1618 3424 commendatitiis
1641 3371 1964 3438 suscipiatur
1992 3370 2256 3438 epistolis.
2287 3369 2349 3422 Et

781 3471 902 3509 cum
934 3458 1130 3525 scripta
1161 3458 1472 3521 detulerint,
1501 3461 1856 3516 discutiantur
1881 3463 2159 3527 attentius,
2183 3471 2237 3518 et
2276 3463 2349 3515 ita

785 3544 1181 3613 suscipiantur,
1239 3549 1284 3602 si
1340 3550 1718 3617 praedicatores
1768 3553 1983 3620 pietatis
2046 3551 2352 3604 exstiterint

784 3636 982 3703 minus,
1013 3653 1111 3692 nec
1139 3655 1258 3709 quae
1278 3651 1403 3694 sunt
1426 3643 1725 3696 necessaria
1754 3643 2225 3696 subministrentur
2250 3643 2345 3703 eis.

784 3734 844 3781 et
892 3727 959 3780 ad
991 3732 1423 3784 communionem
1455 3734 1756 3789 nullatenus
1808 3735 2178 3799 admittantur,
2226 3737 2352 3805 quia

786 3833 882 3885 per
904 3819 1304 3888 subreptionem
1333 3825 1493 3877 nndta
1518 3842 1580 3894 pr
1615 3828 1854 3881 veniunt.

857 3909 1013 3965 Cenc.
1048 3911 1285 3978 Laertia,
1332 3919 1407 3969 tit.
1441 3917 1528 3970 nil.
1575 3919 1726 3984 Quod
1767 3935 1872 3973 non
1899 3928 2147 3989 oporteat
2175 3934 2352 3975 sacer-

785 4003 988 4062 dotem.
1049 4006 1132 4058 vel
1179 4007 1449 4069 clericum,
1502 4010 1617 4062 sine
1675 4010 1864 4064 litteris
1937 4009 2201 4079 proﬁcisci
2265 4028 2351 4067 ca-

789 4109 1014 4146 l’lOIllClS.

858 4182 1057 4237 Coucil.
1107 4185 1443 4248 Cltalcedou.,
1496 4189 1574 4240 tit.
1612 4189 1696 4242 ll.
1748 4187 1944 4244 0.uues
1993 4207 2252 4259 pauperes
2303 4201 2358 4244 et

790 4273 1092 4340 indigentes
1133 4277 1353 4341 auxilio,
1392 4293 1512 4331 cum
1561 4279 1968 4347 proﬁciscuntur
1991 4321 2007 4346 ,
2035 4283 2132 4335 sub
2163 4281 2358 4349 proba-

793 4363 936 4416 tione
989 4366 1231 4432 epistolis
1273 4368 1356 4419 vel
1405 4368 1779 4422 ecclesiasticis
1831 4371 2062 4437 paciﬁcis
2122 4381 2355 4424 tantum-

794 4455 954 4509 modo
985 4458 1348 4511 commendari
1389 4460 1750 4520 decrevimus;
1802 4471 1857 4513 et
1887 4477 1989 4512 non
2017 4462 2357 4514 commenda-

1857 405 2234 463 CllltlSt-JUNJ
2268 405 2584 461 Al-‘iiltJANl
2628 409 2928 464 El’lSLOl'l

3906 418 4004 473 356

2515 524 2709 578 Concil.
2772 527 3028 592 Antioch.,
3087 531 3168 584 tit.
3215 529 3269 584 9.
3329 531 3428 583 Per
3476 529 3710 597 singulas
3771 539 4008 598 regiones

2448 615 2725 684 episcopos
2773 619 3023 670 convenit
3079 634 3236 673 nosse
3291 621 3756 690 metropolitanum
3803 621 3985 689 episco

2449 718 2571 770 pmu
2616 703 3027 758 sollicitudinem
3077 707 3241 761 totius
3280 708 3567 777 provincia:
3600 723 3787 776 gerere
3821 726 3836 760 :
3893 725 3996 777 pro

2447 802 2566 860 pter
2593 794 2732 861 quod
2764 803 2818 848 et
2846 797 2910 847 ad
2941 797 3279 865 metropolim
3304 812 3492 850 omnes
3521 796 3774 866 undique,
3795 800 3888 866 qui
3916 813 4008 851 ne-

2443 883 2586 950 gotia
2644 884 2893 937 videntur
2942 885 3175 951 habere,
3233 896 3573 940 concurrant.
3635 886 3784 940 Unde
3814 887 4014 956 placuit

2443 986 2589 1038 eum,
2620 982 2672 1024 ct
2699 974 2903 1027 honore
2935 975 3259 1041 priccellere,
3315 985 3371 1030 et
3398 977 3525 1030 nilnl
3558 977 3787 1047 amplius
3821 987 4012 1045 pneter

2444 1077 2564 1116 eum
2593 1074 2814 1120 caeteros
2865 1067 3148 1134 episcopos
3175 1080 3334 1134 agere
3360 1068 3648 1121 secundum
3677 1069 3951 1135 antiquam
3980 1083 4008 1121 a

2444 1151 2689 1215 Patrihus
2727 1157 2925 1210 uestris
2966 1157 3202 1223 regulam
3248 1158 3614 1222 constitutam,
3670 1158 3769 1212 nisi
3799 1173 3865 1212 ea
3893 1168 4008 1210 tan-

2443 1251 2553 1295 tum
2577 1260 2695 1311 quae
2725 1245 2788 1297 ad
2818 1261 2971 1300 suam
2994 1246 3268 1300 dioecesim
3301 1249 3587 1316 pertinent,
3621 1251 4011 1316 possessiones-

2441 1347 2545 1400 que
2573 1335 2838 1400 subjectas
2867 1355 2876 1386 :
2911 1338 3276 1407 unusquisque
3326 1338 3467 1392 enim
3499 1341 3784 1408 episcopus
3817 1340 4011 1393 habeat

2440 1440 2548 1478 sua:
2596 1426 2858 1492 [IaI‘OCllltB
2912 1436 3268 1497 potestatem,
3309 1438 3368 1483 ut
3400 1438 3547 1499 regat
3582 1431 3731 1498 juxta
3758 1445 4008 1485 reveren-

2443 1517 2569 1569 tiam
2611 1518 2832 1586 singulis
2861 1528 3282 1587 competeutem,
3332 1529 3388 1575 et
3437 1521 3822 1590 providentiam
3864 1531 4010 1588 gerat

2443 1607 2615 1662 omnis
2646 1609 3030 1676 possessionis,
3061 1625 3180 1679 qua:
3206 1610 3306 1664 sub
3334 1611 3450 1677 ejus
3475 1619 3557 1664 est
3596 1619 3894 1680 potestate;
3941 1612 4009 1663 ita

2444 1705 2501 1750 ut
2530 1699 2870 1770 presbyteros
2918 1709 2974 1755 et
3016 1701 3273 1756 diaconos
3299 1702 3545 1768 ordinet,
3599 1711 3655 1757 et
3677 1703 3882 1771 singula
3914 1719 4011 1756 suo

2439 1787 2640 1853 judicio
2687 1791 3143 1858 comprehendat:
3185 1791 3416 1860 amplius
3462 1800 3640 1846 autem
3691 1793 3821 1845 nihil
3852 1807 4010 1861 agere

2374 1881 2418 1939 Β
2447 1887 2649 1941 tentet,
2697 1888 2888 1947 prmtcr
2912 1881 3201 1935 antistitem
3252 1881 3739 1950 metropolitanum,
3771 1898 3870 1938 nec
3898 1898 4010 1936 me-

2445 1970 2800 2035 tropolitanus
2844 1971 2960 2025 sine
3003 1983 3322 2027 czeterorum
3359 1982 3510 2040 gerat
3550 1974 3774 2028 consilio
3828 1990 4006 2029 Silth-

2439 2057 2644 2110 dolum.

2440 2147 2518 2202 De
2565 2150 2842 2220 privilegiis
2890 2168 3000 2221 quin
3027 2153 3328 2222 quibusdam
3369 2152 3652 2205 civitatibus
3694 2163 4004 2220 competunt.

2511 2240 2709 2294 Coucil.
2756 2240 2994 2305 Nicwno,
3039 2245 3120 2297 tit.
3159 2244 3212 2296 ϐ.
3255 2243 3484 2311 Antiqua
3534 2243 3866 2297 consuetudo
3893 2259 4009 2297 ser-

2441 2341 2595 2384 retur
2620 2347 2713 2401 per
2742 2332 3052 2404 Aigyptum,
3098 2333 3336 2405 Libyam,
3362 2342 3417 2387 et
3445 2332 3798 2402 Pentapolim,
3848 2335 3921 2388 ita
3951 2343 4009 2388 ut

2443 2424 2828 2479 AlexanJrinus
2871 2427 3157 2494 episcopus
3201 2427 3390 2480 horqu
3421 2427 3656 2480 onmium
3689 2426 3887 2480 habeat
3913 2441 4008 2494 po-

2443 2522 2717 2578 testatem,
2773 2515 2904 2582 quia
2954 2526 3008 2569 et
3060 2516 3206 2570 urbis
3254 2515 3505 2569 Romani;
3533 2516 3785 2584 episcopo
3829 2517 4011 2584 parilis

2443 2620 2558 2659 mos
2579 2614 2660 2658 est
2685 2621 2698 2656 :
2731 2605 2975 2658 similiter
3001 2613 3180 2658 autem
3203 2615 3258 2659 et
3285 2605 3423 2673 apud
3451 2605 3811 2667 Antiochiam,
3851 2613 4013 2658 cete-

2443 2709 2636 2761 rasque
2690 2695 2989 2762 provincias
3035 2695 3147 2748 suis
3194 2694 3466 2762 privilegia
3505 2702 3786 2749 serventur
3831 2693 4009 2748 eccle-

2443 2786 2555 2840 siis.
2612 2785 2740 2840 lllud
2785 2793 2963 2838 autem
3013 2785 3333 2851 generaliter
3381 2783 3583 2837 clarum
3631 2789 3736 2848 est,
3790 2781 3931 2849 quod
3968 2784 4010 2835 si

2443 2877 2562 2944 quis
2607 2883 2800 2943 praeter
2836 2875 3154 2927 sententiam
3207 2872 3600 2940 metropolitani
3636 2870 3809 2924 factus
3855 2869 4016 2924 fuerit

2444 2965 2750 3033 cpiscopus,
2781 2963 2921 3016 hunc
2949 2976 3137 3029 magna
3167 2963 3400 3032 synodus
3428 2961 3666 3014 deﬁnivit
3702 2961 4014 3030 episcopum

2445 3069 2563 3108 esse
2606 3067 2710 3106 non
2747 3059 3025 3120 oportere;
3075 3051 3155 3104 sin
3186 3060 3362 3104 autem
3407 3048 3674 3103 connnuui
3701 3057 4015 3102 cunctorum

2447 3144 2666 3196 decreto
2689 3141 3010 3204 rationabili,
3044 3148 3098 3193 et
3127 3141 3420 3194 secundum
3456 3140 3696 3206 regulam
3737 3138 4020 3193 ecclesias-

2377 3237 2426 3300 C
2456 3236 2609 3288 ticam
2633 3233 2999 3300 comprobato,
3045 3231 3152 3285 duo
3193 3240 3286 3284 aut
3325 3239 3433 3284 tres
3471 3238 3688 3298 propter
3716 3227 4020 3281 contentio-

2456 3340 2551 3378 nes
2579 3325 2826 3392 proprias
2865 3321 3258 3383 contradicunt,
3318 3321 3556 3375 obtineat
3593 3318 3858 3374 sententia
3899 3320 4016 3386 plu-

2452 3415 2731 3468 rimortun.

2525 3502 2612 3556 Ex
2657 3504 2870 3556 decretis
2920 3518 3069 3571 papa:
3096 3500 3404 3561 lnnoccnii,
3453 3500 3532 3552 tit.
3585 3499 3638 3552 9.
3691 3499 3924 3551 Primum
3969 3507 4025 3550 ut

2456 3604 2607 3648 extra
2636 3593 3020 3648 conscientiam
3042 3590 3440 3660 metropolitani
3460 3589 3700 3658 episcOpi
3728 3588 3907 3642 nullus
3932 3605 4025 3640 au-

2455 3682 2582 3736 deat
2625 3681 3202 3746 ortlinareziutegrum
3252 3678 3392 3731 enim
3433 3677 3690 3744 judicLum
3728 3683 3832 3740 est,
3882 3675 4025 3742 quod

2457 3775 2804 3845 plurimorum
2843 3772 3122 3826 sententiis
3159 3769 3536 3833 conﬁrmatur;
3584 3785 3684 3824 uec
3727 3782 3869 3821 unus
3915 3768 4028 3835 epi-

2456 3880 2648 3933 scopus
2678 3863 2930 3917 ordinare
2975 3868 3281 3930 prtesumat,
3326 3875 3391 3913 ne
3428 3859 3679 3912 furtivum
3706 3856 4027 3911 beneﬁcium

2458 3953 2750 4023 prmstitum
2804 3951 3222 4006 videaturzboc
3265 3951 3404 4005 enim
3461 3965 3492 4003 a
3544 3948 3753 4018 synodo
3813 3948 4029 4001 Nicazna

2459 4049 2806 4101 constitutum
2836 4052 2936 4109 est,
2978 4053 3138 4110 atque
3167 4041 3462 4095 delinittun.

2531 4153 2793 4207 XXXVII.
2821 4152 2969 4214 Quod
3014 4168 3116 4202 non
3165 4151 3314 4201 liceat
3344 4151 3576 4216 cpismpo
3614 4149 3666 4199 in
3707 4147 3886 4199 aliena
3912 4164 4030 4213 pro-

2884 4219 3046 4273 vincia
3092 4221 3301 4272 clericos
3339 4220 3599 4271 ordinare.

2537 4309 2599 4363 lu
2647 4307 2939 4363 Canonibus
2991 4306 3386 4375 Apostolorum,
3445 4307 3520 4357 tit.
3574 4304 3662 4357 56.
3706 4302 4035 4372 Episcopum

2463 4420 2568 4458 nou
2620 4401 2818 4454 audete
2871 4409 3021 4452 extra
3064 4397 3318 4450 terminos
3372 4395 3616 4464 prOprios
3669 4393 4038 4447 ordinationes

2463 4500 2639 4552 facere
2694 4497 2745 4548 in
2801 4493 3129 4554 civitatibus,
3175 4499 3267 4543 aut
3289 4490 3456 4555 villis,
3488 4504 3606 4556 qute
3636 4489 3708 4541 illi
3741 4488 3894 4542 nullo
3919 4488 4040 4555 jure

794 4546 925 4599 titiis
967 4547 1204 4654 Ilitteris,
1259 4558 1478 4616 propter
1528 4550 1672 4616 quod
1719 4552 2181 4606 commendatitias
2213 4553 2353 4606 litte—
2390 4581 2432 4637 Β
2761 4546 2904 4636 δώ]ιο
2945 4583 2998 4636 Si
3030 4546 3158 4635 “alio
3195 4546 3471 4634 convictu;
3506 4546 3680 4632 'fudm
3709 4577 3813 4633 hoc
3848 4546 4040 4632 regis“

795 4656 883 4694 ras
909 4651 932 4677 η
966 4642 1240 4695 lwuoratis
1271 4643 1637 4696 tantummodo
1672 4645 1906 4711 praestari
1954 4647 2194 4711 personis
2232 4660 2361 4699 con-

796 4732 993 4785 veniat.

1088 4800 1314 4854 XXXVI.
1361 4802 1439 4855 De
1466 4804 1687 4870 primatu
1723 4821 1783 4870 ep
1805 4821 2090 4871 scoparum.

871 4915 932 4965 In
993 4913 1280 4968 Curionibus
1331 4916 1730 4983 Apostolorum,
1791 4918 1869 4969 tit.
1924 4917 2010 4970 '55.
2074 4917 2366 4986 Episcopos

799 5005 1032 5070 gentium
1065 5004 1388 5068 singularum
1431 5007 1568 5059 scire
1623 5010 1906 5062 conveniat
1951 5010 2070 5075 quis
2107 5011 2246 5060 inter
2272 5023 2366 5063 eos

803 5098 1004 5161 primus
1033 5095 1279 5158 habetur,
1334 5113 1492 5164 quem
1523 5099 1666 5150 Velut
1711 5109 1872 5166 caput
1917 5100 2254 5161 existiment,
2311 5109 2366 5153 et

805 5187 933 5238 nihil
963 5188 1189 5254 amplius
1213 5195 1404 5254 praeter
1429 5190 1542 5254 ejus
1565 5191 1946 5243 conscientiam
1971 5200 2178 5258 gerant,
2208 5208 2365 5261 quam

807 5279 892 5331 illa
924 5279 1037 5332 sola
1083 5280 1290 5346 singuli,
1315 5297 1433 5350 qua:
1462 5284 1723 5349 parccliize
1755 5283 1981 5351 propria:
2012 5293 2065 5335 ct
2097 5285 2228 5336 tillis
2251 5301 2367 5352 quas

809 5371 904 5422 sub
930 5386 990 5422 ea
1020 5381 1144 5423 sunt
1174 5383 1511 5439 competunt;
1545 5374 1635 5426 sczl
1668 5390 1764 5428 nec
1795 5376 1877 5428 ille
1909 5387 2102 5443 prmtcr
2131 5379 2367 5430 (ninnium

809 5462 1186 5516 conscientiam
1235 5465 1388 5518 faciat
1439 5467 1674 5532 aléquid;
1725 5469 1800 5523 'sic
1857 5470 1996 5522 enim
2051 5472 2370 5526 nnanimitas

2464 4685 2658 4746 przeter
2701 4690 2887 4727 eorum
2929 4671 3308 4726 conscientiam
3356 4671 3446 4738 qui
3489 4670 3733 4722 civitates
3792 4669 3941 4736 ipsas
3993 4681 4040 4719 et

2468 4767 2617 4819 vil'as
2669 4764 2931 4826 detinent,
2984 4773 3040 4816 et
3092 4761 3204 4831 ipse
3251 4759 3568 4829 deponatur,
3613 4767 3669 4812 et
3702 4759 3796 4825 qui
3846 4759 3918 4811 ab
3952 4757 4043 4809 illo

2466 4863 2592 4908 sunt
2627 4852 2876 4906 ordinati.

2543 4944 2742 4996 (.‘oncil.
2772 4941 3034 5007 Antioch.,
3095 4942 3171 4994 tit.
3209 4939 3272 4993 i5
3301 4948 3355 4992 et
3400 4939 3488 4992 ‘22.
3537 4937 3718 4993 Nullus
3760 4939 4042 5006 episcopus

2474 5051 2537 5087 ex
2567 5034 2666 5085 alia
2700 5031 2970 5100 provincia
3011 5029 3205 5083 audeat
3228 5029 3292 5081 ad
3321 5027 3477 5079 aliam
3511 5025 3806 5092 transgredi
3828 5066 3843 5089 .
3899 5034 3956 5077 et
3985 5029 4043 5076 ad

2476 5123 2869 5190 promotiouetu
2925 5117 3204 5171 ministerii
3261 5117 3470 5183 aliquos
3522 5117 3577 5168 in
3610 5115 3858 5168 ecclesiis
3905 5115 4035 5169 ordi-

2479 5228 2624 5274 nare,
2682 5211 2808 5265 licet
2851 5225 3168 5263 consensum
3197 5209 3472 5261 videantur
3503 5208 3740 5276 praebere
3783 5208 4045 5264 nonnulli,

2483 5303 2577 5355 nisi
2611 5301 2801 5353 litteris
2832 5309 2937 5352 tam
2971 5300 3388 5367 metropolitani,
3413 5315 3568 5366 quam
3611 5306 3937 5352 cmterorum
3963 5315 4033 5367 qu

2479 5407 2602 5444 eum
2634 5407 2698 5442 eo
2729 5396 2850 5441 sunt
2878 5389 3272 5456 episcoporum,
3316 5397 3532 5454 rogatus
3559 5387 3832 5454 adveniet,
3885 5398 3942 5441 et
3982 5389 4043 5440 Sit

2481 5480 2544 5533 ad
2569 5480 2830 5531 actionem
2854 5477 3204 5530 ordinationis
3227 5475 3463 5530 accedat.
3495 5475 3549 5528 Si
3582 5490 3708 5530 vero
3739 5476 3892 5530 nullo
3925 5476 3951 5513 δ
3980 5491 4038 5528 ro

811 5551 932 5609 erit,
983 5561 1036 5604 et
1085 5553 1461 5620 glurilicabilttt‘
1512 5559 1642 5611 I‘eus
1682 5576 1773 5626 per
1804 5559 1980 5613 Jesum
2022 5563 2285 5615 ('ln‘istum
2320 5565 2369 5617 iu

813 5567 948 5689 esui,
983 5567 1036 5604 et
1085 5567 1461 5620 ειυνιιιιιειιιιιιιι·
1512 5567 1642 5611 I‘eus
1682 5576 1773 5626 per
1804 5567 1980 5613 Jesum
2022 5567 2285 5615 (‘ln'istum
2320 5567 2369 5617 iu
2481 5581 2640 5638 gantc
2695 5570 2994 5622 inordinata
3041 5583 3190 5622 more
3238 5567 3558 5636 deproperet
3603 5582 3767 5635 super
3791 5568 4057 5637 aliquibus

855 5650 1244 5692 Dtrttusalnto.
2483 5661 2903 5692 η...ι;..η.;η..;ι...ε
2962 5669 3009 5692 οι
3080 5660 3447 5692 “canamus-
3509 5659 3734 5692 unnnliic
3819 5658 3882 5692 ..Α
3939 5673 4056 5692 enm

855 5651 1009 5704 ptrttu
1042 5651 1244 5694 saluto.

2483 5661 2907 5717 ordinationibus
2962 5669 3014 5712 et
3079 5660 3450 5714 ecclesiasticis
3509 5659 3736 5726 negotiis
3815 5658 3883 5712 ad
3939 5673 4056 5713 eum

890 5780 911 5806 ⁸
945 5774 997 5823 (ἶ.
1033 5774 1155 5829 ΊΙι..
1194 5775 1577 5834 Εστὶειιηδῑιτιδ.

2557 5793 2579 5828 ι’
2615 5793 2888 5860 Dionysius
2922 5790 3089 5859 πίῃς,
3117 5801 3339 5844 rorante.
