4204 6538
186 450 279 505 857
1374 428 1793 487 BREVIARIUM
1836 425 2226 481 CANONICUM

3326 423 3428 479 858

186 583 284 621 non
314 561 701 634 pertinentibus
731 552 1147 623 componendis;
1201 549 1349 603 irrita
1385 546 1598 616 quidem
1628 558 1747 613 qua:
1778 547 1824 605 Α
1852 548 2085 604 mentur,
2140 551 2417 606 usquequo
2472 536 2556 589 vel
2614 536 2662 587 in
2718 535 3014 599 communi,
3046 533 3128 588 vel
3176 536 3429 604 episcopo

185 660 244 713 ab
288 674 354 712 eo
394 662 655 719 geruntur
679 651 930 712 existant,
968 647 1081 715 ipse
1111 660 1239 697 vero
1268 642 1333 695 in
1355 637 1606 708 ompositi
1636 650 1751 690 mo-

189 758 269 801 tus
295 748 372 801 sui
404 754 456 799 et
508 740 885 797 irrationabilis
943 735 1178 790 audacia:
1228 733 1419 787 subeat
1469 729 1748 791 ultionem,

186 854 240 893 ex
277 837 379 890 hoc
402 835 511 903 jam
542 833 824 887 damnatus
849 845 879 881 a
908 834 1093 881 sancto
1121 822 1372 877 concilio.

250 930 274 982 Ι
300 946 383 983 em
417 927 618 981 ‘Coucit.
670 919 1027 991 suprascripti,
1062 918 1139 969 tit.
1182 913 1270 966 22.
1298 912 1592 978 Episcopus
1622 907 1752 962 alie—

188 1034 301 1072 nam
333 1018 603 1071 civitatem
646 1028 762 1080 qua:
804 1026 909 1064 non
954 1016 1036 1062 est
1067 1007 1138 1060 illi
1169 1004 1406 1071 subjecta
1438 1017 1544 1054 non
1572 998 1749 1063 adeat,

187 1125 276 1163 nec
329 1108 396 1161 ad
453 1103 843 1176 possessionem
894 1095 1138 1159 accedat,
1181 1109 1297 1161 quae
1347 1090 1412 1145 ad
1466 1104 1586 1143 eum
1643 1102 1752 1141 non

136 1198 139 1201 ’
184 1200 429 1270 pertinet,
476 1211 638 1264 super
666 1190 1005 1247 ordinatione
1041 1190 1376 1253 cujusquam,
1431 1195 1528 1235 nec
1555 1177 1752 1233 consti-

185 1266 291 1340 tuat
323 1287 665 1355 presbyteros
712 1287 803 1335 aut
831 1279 1088 1333 diaconos
1118 1274 1269 1328 alteri
1302 1271 1575 1338 subjectus
1640 1266 1750 1335 epi-

183 1392 363 1445 scopo,
407 1375 509 1428 nisi
561 1372 698 1426 forte
737 1385 859 1425 cum
887 1367 1109 1422 consilio
1137 1373 1191 1419 et
1220 1362 1495 1416 voluntate
1523 1356 1755 1424 regionis

184 1466 433 1534 episcOpi.
458 1464 513 1517 Si
536 1463 656 1531 quis
676 1470 854 1514 autem
878 1457 985 1512 tale
1010 1453 1214 1524 aliquid
1235 1452 1412 1507 facere
1440 1457 1584 1503 tenta
1596 1448 1747 1512 verit,

184 1556 323 1607 irrita
355 1553 424 1607 sit
443 1552 559 1621 ejus
574 1550 864 1611 ordinatio,
890 1555 942 1600 et
963 1547 1077 1614 ipse
1096 1550 1412 1597 coercentur
1433 1554 1462 1592 a
1502 1536 1707 1607 synodo
1734 1551 1746 1587 :

184 1661 299 1699 nam
330 1645 372 1697 si
394 1643 646 1697 ordinare
676 1656 781 1694 non
814 1638 1037 1708 poterit,
1065 1634 1370 1687 nullatenus
1390 1627 1666 1697 judicabit.

434 1776 717 1832 XXXVIII.
758 1775 834 1829 De
859 1775 1111 1831 ordinatis
1141 1789 1233 1823 nec
1261 1771 1497 1838 receptis.

253 1872 310 1925 In
340 1871 638 1927 Canouibus
661 1867 1041 1937 Apostolorum,
1077 1866 1154 1916 tit.
1192 1861 1280 1914 37.
1316 1862 1371 1914 Si
1398 1860 1519 1927 quis
1542 1858 1748 1926 episco-

182 1980 273 2030 pus
326 1976 437 2015 non
480 1959 777 2026 susceperit
826 1954 1060 2009 officium
1112 1961 1167 2006 ct
1206 1967 1386 2006 curam
1435 1949 1615 2017 populi
1651 1947 1749 2000 sibi

183 2053 544 2117 commissam,
586 2050 674 2104 hic
699 2047 1081 2103 communione
1113 2043 1370 2112 privetur,
1404 2039 1753 2107 quoadusque

180 2142 479 2197 consentiat
502 2137 861 2193 obedientiam
888 2132 1258 2190 commodans.
1289 2128 1545 2182 Similiter
1574 2134 1750 2177 autem

180 2237 460 2305 presbyter
485 2242 539 2285 et
561 2231 841 2286 diaconus.
900 2228 956 2282 Si
985 2242 1115 2280 vero
1146 2223 1419 2294 perrexit,
1454 2235 1552 2274 nec
1600 2234 1751 2273 rece-

180 2341 300 2400 ptus
331 2329 517 2389 fuerit,
557 2342 662 2381 non
702 2340 799 2394 pro
828 2337 923 2376 sua
970 2319 1232 2375 sententia
1256 2357 1270 2381 ,
1302 2316 1394 2370 sed
1418 2330 1517 2383 pro
1548 2312 1749 2365 malitia

179 2421 377 2490 populi,
428 2420 542 2488 ipse
570 2415 784 2486 quidem
826 2420 1039 2467 maneat
1070 2408 1373 2478 episcopus,
1404 2402 1583 2457 clerici
1622 2416 1750 2454 vero

176 2510 412 2564 civitatis
448 2505 828 2561 communione
854 2501 1151 2570 priventur,
1182 2511 1247 2550 eo
1280 2492 1423 2563 quod
1453 2490 1752 2545 eruditores

176 2598 533 2655 inobedientis
562 2594 742 2664 populi
768 2608 874 2647 non
900 2593 1133 2644 fuerunt.

243 2692 444 2745 Concil.
481 2692 697 2757 Ancyn,
741 2687 818 2739 tit.
873 2683 960 2736 l7.
1016 2681 1072 2735 Si
1117 2680 1208 2747 qui
1251 2676 1487 2746 episc0pi
1522 2673 1751 2729 ordinati

174 2792 313 2845 sunt,
364 2796 469 2835 nec.
498 2778 699 2847 recepti
744 2777 811 2829 ab
860 2774 948 2827 illa
995 2770 1247 2841 parochia
1294 2769 1346 2821 in
1392 2782 1495 2834 qua
1541 2768 1752 2818 fuerunt

174 2872 528 2935 denominati,
575 2867 953 2933 voluerintque
982 2864 1113 2917 alias
1154 2873 1422 2927 occupate
1449 2856 1747 2927 parochias,

173 2973 225 3016 ct
261 2964 369 3016 vim
401 2959 717 3031 praesulibus
746 2970 930 3012 earum
972 2952 1199 3016 inferre,
1242 2949 1535 3003 seditiones
1562 2944 1753 2998 adver-

170 3070 261 3108 sus
287 3068 388 3109 eos
414 3050 724 3111 excitando,
756 3048 857 3101 hoc
878 3044 1035 3113 abjici
1064 3042 1286 3112 placuit.
1328 3037 1482 3102 Quod
1511 3035 1553 3089 si
1578 3035 1752 3090 volue-

172 3143 276 3194 rint
320 3142 375 3195 in
410 3137 728 3209 presbyterii
758 3136 946 3191 ordine
972 3133 1062 3188 ubi
1100 3133 1245 3200 prius
1272 3129 1481 3182 fuerant
1510 3135 1569 3179 ut
1607 3140 1749 3191 pres-

174 3231 343 3300 byteri
376 3229 639 3291 residere,
671 3242 774 3282 non
802 3224 1121 3293 abjiciantur
1150 3220 1366 3291 propria
1391 3218 1649 3286 dignitate
1673 3236 1682 3268 :
1705 3216 1748 3269 si
1778 3240 1823 3302 ο

172 3328 351 3374 autem
383 3318 683 3373 seditiones
703 3322 1068 3377 commovent,
1114 3311 1308 3365 ibidem
1334 3307 1601 3377 episcOpis
1622 3321 1750 3360 con-

168 3411 374 3466 stitutis
404 3407 727 3479 presbyterii
773 3419 989 3474 quoque
1019 3403 1192 3458 honor
1223 3400 1415 3455 talibus
1458 3399 1750 3459 auferatur,

169 3500 413 3568 liantque
438 3498 791 3552 damnatione
814 3495 1097 3550 notabiles.

234 3588 442 3643 Concil.
494 3586 845 3650 Antiochensi,
895 3585 975 3637 tit.
1027 3581 1115 3637 18.
1173 3581 1229 3636 Si
1280 3580 1400 3649 quis
1469 3579 1753 3647 episcopus

164 3679 476 3743 ordinatus,
520 3677 589 3731 ad
632 3676 942 3745 parochiam
991 3674 1212 3729 minime
1260 3673 1349 3727 cui
1410 3679 1493 3725 est
1549 3670 1753 3724 electus

166 3769 492 3834 accesserit,
544 3783 651 3822 non
704 3782 803 3821 suo
848 3766 1000 3829 vitio,
1029 3763 1126 3819 sed
1156 3762 1301 3832 quod
1329 3778 1452 3825 eum
1506 3768 1600 3815 aut
1656 3774 1753 3828 po-

165 3860 325 3926 pulus
375 3861 541 3926 vitet,
571 3866 664 3912 aut
704 3866 925 3926 propter
948 3856 1104 3909 aliam
1144 3870 1381 3917 causam,
1433 3868 1537 3905 non
1572 3860 1751 3904 tamen

164 3949 280 4017 ejus
310 3950 450 4004 vitio
482 3955 875 4017 perpetratam,
896 3946 982 4000 hic
1007 3957 1061 4000 et
1088 3943 1309 3998 honoris
1337 3944 1406 3997 sit
1432 3951 1487 3996 et
1514 3941 1754 3994 ministe-

161 4040 224 4093 rii
249 4041 555 4108 particeps,
576 4038 865 4092 dummodo
886 4036 1013 4090 nihil
1036 4035 1293 4088 molestus
1316 4031 1567 4085 Ecclesiae
1594 4032 1754 4085 rebus

163 4130 361 4183 existat
410 4130 507 4183 ubi
571 4128 879 4181 ministrare
946 4124 1327 4193 cognoscitur:
1370 4136 1527 4190 quem
1594 4123 1754 4174 etiam

160 4236 498 4275 conservare
526 4216 1083 4285 convenietquidquid
1102 4213 1337 4283 synodus
1368 4211 1600 4280 perfecta
1630 4224 1755 4279 pro-

160 4308 351 4363 vincia:
376 4308 537 4378 quod
567 4308 739 4362 visum
768 4306 924 4360 fuerit
944 4304 1231 4374 judicaudo
1259 4300 1577 4357 decreverit.

231 4419 487 4474 XXXIX.
555 4418 623 4472 Ut
666 4419 743 4470 bis
772 4418 827 4470 in
879 4432 1017 4469 anno
1070 4413 1287 4467 concilia
1349 4412 1679 4463 celebrentur.

229 4528 295 4583 In
329 4528 644 4585 Curionibus
693 4526 1077 4595 Apostolorum,
1144 4525 1221 4576 tit.
1276 4521 1363 4575 58.
1395 4521 1484 4574 Bis
1530 4521 1580 4572 in
1612 4535 1752 4572 anno

1855 630 2063 699 placeat
2103 628 2475 683 humaniorem
2517 641 2618 696 pro
2673 626 2865 680 talibus
2902 626 3040 680 ferre
3084 626 3425 680 sententiam.

1852 722 2095 777 Coneilia
2165 735 2294 775 vero
2348 719 2929 780 celebrentur,'unum
3009 717 3225 785 quidem
3304 727 3431 769 aute

1852 812 2314 883 quadragesimam
2372 808 2608 869 Pasehs‘,
2663 817 2721 861 ut
2762 809 2908 861 omni
2956 807 3295 862 dissensione
3336 823 3426 861 su-

1852 903 1996 957 blata
2045 918 2237 955 munus
2268 900 2525 955 olferatur
2555 899 2667 952 Deo
2688 897 2712 933 δ
2757 898 3041 967 purissime
3069 915 3082 962 ;
3133 897 3431 953 secundum

1853 1007 1982 1047 vero
2045 991 2187 1045 circa
2246 998 2456 1057 tempus
2503 986 2765 1040 autumni.

1922 1080 2119 1134 Concit.
2157 1080 2493 1141 Antiocheno,
2524 1079 2604 1129 tit.
2649 1076 2740 1130 ‘20.
2773 1074 3006 1145 Propter
3035 1073 3429 1129 ecclesiasticas

1854 1174 2114 1228 utilitates
2169 1180 2225 1228 et
2273 1171 2643 1225 absolutiones
2691 1183 2876 1223 earum
2927 1183 3106 1222 rerum
3157 1180 3277 1235 qua:
3328 1165 3427 1219 du.—

1853 1264 2167 1318 bitationem
2200 1260 2729 1329 controversiamque
2763 1260 3049 1327 recipiunt,
3082 1258 3283 1325 Optime
3312 1256 3428 1326 pla-

1850 1356 1962 1409 cuit
2007 1362 2067 1407 nt
2114 1368 2209 1424 per
2259 1352 2499 1421 singulas
2556 1363 2801 1419 quasque
2851 1349 3158 1419 provincias
3222 1348 3303 1401 bis
3378 1347 3429 1400 in

1852 1462 1992 1501 anno
2041 1445 2416 1514 episcoporum
2451 1444 2682 1498 concilia
2712 1441 3074 1503 celebrentur,
3116 1438 3285 1496 semel
3308 1438 3429 1507 qui—

1852 1542 1972 1595 dem
2015 1548 2137 1609 post
2177 1540 2389 1593 tertiam
2445 1538 2801 1605 septimanam
2860 1534 2977 1588 festi
3028 1531 3317 1596 Paschalis,
3358 1530 3430 1583 ita

1852 1643 1911 1687 ut
1951 1643 2139 1698 quarta
2191 1633 2493 1702 septimana
2552 1629 2894 1683 l’entecostes
2957 1627 3245 1682 conveniat
3302 1642 3429 1694 syn-

1859 1727 2035 1793 odus,
2068 1724 2481 1793 metropolitano
2514 1720 2871 1792 provinciales
2924 1719 3208 1787 episcopos
3247 1716 3432 1770 admo-

1853 1824 2033 1881 nente,
2072 1812 2305 1868 secunda
2360 1828 2487 1865 vero
2544 1810 2779 1881 synodus
2829 1814 2919 1862 tiat
2962 1808 3138 1862 Idibus
3160 1807 3430 1869 Octobris,

1784 1896 1827 1954 Β
1858 1906 1903 1956 nl
1956 1913 2055 1962 est.
2100 1904 2287 1971 quinto
2340 1903 2546 1956 decimo
2595 1902 2681 1955 die
2724 1900 2920 1953 mensis
2969 1896 3235 1960 Octobris,
3266 1912 3429 1966 quem

1856 1994 2364 2065 llyperberelhtcum
2402 1992 2573 2046 (ἑνωςὶ
2619 1992 3017 2057 cognominant.
3069 1989 3125 2042 In
3173 1988 3300 2057 ipsis
3337 2001 3431 2040 au-

1857 2094 1963 2138 tem
2007 2084 2253 2138 conciliis
2292 2082 2466 2138 adsint
2512 2080 2813 2150 presbyteri
2854 2086 2909 2132 et
2938 2078 3169 2141 diaconi,
3216 2084 3271 2131 et
3316 2091 3431 2129 om-

1855 2192 1952 2230 nes
1997 2178 2084 2243 qui
2123 2191 2181 2230 se
2219 2176 2374 2229 Ιςυςοε
2419 2174 2747 2234 existimant,
2782 2181 2836 2225 et
2868 2181 2890 2209 θ
2913 2170 3119 2240 synodo
3150 2169 3432 2238 experian-

1858 2275 1972 2328 tur;
2010 2264 2167 2318 nullis
2198 2280 2323 2317 vero
2362 2264 2519 2317 liceat
2574 2260 2716 2329 apud
2765 2276 2825 2313 se
2854 2259 3132 2313 celebrare
3177 2256 3428 2319 concilia,

1855 2369 2047 2426 praeter
2097 2373 2190 2411 eos
2253 2356 2447 2425 quibus
2483 2351 2508 2389 ἀ
2558 2352 2970 2421 metropolitana
3013 2349 3135 2418 jura
3189 2349 3434 2402 videntur

1853 2462 1971 2501 esse
2010 2446 2313 2501 commissa.

1925 2538 2120 2592 Concil.
2178 2538 2605 2595 Chalcedonens.,
2657 2534 2734 2586 tit.
2765 2534 2851 2587 10.
2903 2531 3151 2586 Pervenit
3180 2529 3245 2583 ad
3270 2544 3431 2583 aures

1856 2644 2067 2689 nostras
2142 2632 2283 2701 quod
2335 2631 2387 2684 in
2441 2628 2731 2700 provinciis
2792 2636 2991 2682 statuta
3058 2627 3430 2691 episc0porum

1852 2723 2080 2778 concilia
2130 2720 2352 2774 minime
2397 2718 2759 2779 celebrentur,
2817 2723 2871 2769 et
2915 2729 2982 2768 ex
3026 2715 3129 2767 hoc
3204 2709 3431 2779 plurima

1854 2814 2189 2880 negligantur
2226 2808 2715 2865 ecclesiasticarum
2778 2820 3083 2867 causarum,
3141 2817 3260 2870 qua:
3314 2815 3435 2855 coro

1852 2902 2090 2955 rectione
2131 2899 2419 2965 indigeant.
2460 2896 2701 2949 Decrevit
2739 2894 2918 2961 itaque
2948 2900 3132 2945 sancta
3176 2890 3431 2960 synodus,

1853 2988 2145 3041 secundum
2186 2999 2446 3040 canonem
2481 2982 2717 3046 Patrum,
2758 2982 2835 3035 bis
2874 2982 2925 3034 in
2970 2996 3111 3033 anno
3147 2980 3433 3048 episcopos

1854 3078 1905 3131 in
1953 3078 2200 3145 idipsum,
2235 3077 2286 3128 in
2319 3072 2954 3144 unaquaque-provincia,
2988 3068 3300 3134 convenire,
3326 3082 3435 3133 quo

1856 3166 2298 3237 metropolitanus
2321 3165 2544 3219 antistes
2580 3161 2912 3233 probaverit,
2945 3170 2998 3213 et
3027 3159 3296 3226 corrigere
3324 3156 3434 3209 siu-

1855 3261 1998 3331 gula,
2051 3260 2095 3313 si
2143 3274 2248 3326 qua
2307 3256 2547 3310 fortassis
2592 3252 2933 3307 emerserint.
2965 3250 3279 3316 Quicunque
3309 3260 3436 3299 veru

1856 3367 1963 3406 non
2009 3349 2326 3404 adventrint
2373 3347 2634 3416 episcopi,
2700 3344 2939 3399 resident
2983 3353 3163 3395 autem
3217 3340 3268 3394 in
3323 3339 3437 3394 suis

1854 3443 2175 3507 civitatibus,
2224 3448 2280 3494 et
2325 3440 2427 3493 hoc
2457 3440 2581 3492 dum
2642 3438 2692 3490 in
2748 3451 2843 3490 sua
2896 3434 3264 3489 incolumitate
3304 3446 3435 3485 cou-

1854 3534 2070 3598 sistuut,
2098 3530 2352 3599 omnique
2383 3527 2729 3582 inexcusabili
2760 3533 2815 3579 et
2860 3523 3163 3578 necessaria
3202 3536 3436 3589 occupa.

1856 3625 2002 3678 tione
2024 3622 2316 3692 probantur
2346 3620 2519 3675 liberi.
2552 3618 2786 3670 fraterno
2826 3615 3186 3680 corripiantur
3214 3611 3429 3664 affectu.

1930 3715 2010 3767 Ea:
2065 3713 2252 3765 decret.
2312 3726 2461 3779 papa:
2512 3709 2695 3775 Lcon.,
2750 3709 2830 3761 tit.
2910 3706 2998 3760 57.
3052 3704 3130 3758 De
3194 3704 3437 3758 conciliis

1855 3812 2033 3857 autem
2057 3800 2450 3870 episcopalibus
2467 3814 2573 3851 non
2592 3796 2735 3851 aliud
2758 3796 3060 3855 indicimus,
3079 3808 3238 3862 quam
3263 3794 3435 3846 sancti

1856 3891 2042 3945 Patres
2102 3889 2391 3945 salubriter
2455 3887 2879 3948 ordinaverunt,
2936 3894 2996 3938 ut
3066 3884 3271 3938 Scilicet
3326 3883 3435 3935 hirti

1853 3987 2155 4035 conventus
2212 3993 2309 4046 per
2362 3960 2535 4030 annos
2580 3976 2839 4042 singulos,
2873 3975 3190 4037 habeantur,
3234 3972 3286 4025 in
3319 3973 3435 4040 qui-

1854 4068 1953 4121 bus
1991 4068 2056 4119 de
2104 4065 2354 4119 omnibus
2410 4064 2646 4131 querelis
2694 4078 2814 4131 qua:
2869 4063 3009 4115 inter
3042 4062 3284 4115 diversos
3338 4061 3436 4113 Ec-

1854 4156 2030 4210 clesia:
2081 4154 2298 4207 ordines
2357 4154 2503 4205 nasci
2544 4152 2782 4205 assolent
2815 4151 3105 4217 judicetur,
3135 4165 3199 4203 ac
3224 4151 3267 4201 si
3301 4149 3437 4202 forte

1856 4245 1995 4300 inter
2035 4246 2182 4313 ipsos
2237 4244 2329 4311 qui
2381 4251 2619 4312 prmsuut
2646 4242 2713 4295 de
2752 4241 3064 4308 majoribus,
3097 4237 3241 4306 quod
3278 4238 3434 4299 absit,

1856 4338 2092 4407 peccatis
2136 4351 2300 4390 causa
2349 4334 2605 4396 nascitur,
2668 4346 2787 4400 quzc
2842 4328 3157 4400 provinciali
3209 4335 3438 4394 nrqucat

1856 4427 2103 4481 examine
2151 4424 2383 4488 deliniri,
2438 4423 2829 4477 fraternitatem
2875 4429 3021 4472 tuam
3052 4418 3119 4472 de
3154 4421 3315 4471 totius
3346 4430 3437 4469 ne-

1855 4519 1986 4585 gotii
2054 4517 2317 4584 qualitate
2384 4514 2829 4582 tnetrOpolitanus
2874 4509 3082 4565 curabit
3130 4509 3433 4566 inStruere,

156 4624 555 4691 episcOporum
612 4618 839 4674 concilia
896 4617 1253 4678 celebrentur,
1302 4622 1360 4667 ut
1413 4613 1552 4666 inter
1580 4626 1637 4666 se
1667 4611 1748 4665 in-
1785 4590 1830 4648 ι)
1862 4615 1919 4659 ut
1974 4606 2018 4659 si
2067 4622 2247 4660 coram
2303 4604 2494 4673 positis
2541 4602 2802 4671 partibus,
2848 4615 2946 4654 nec
2989 4607 3080 4653 tuo
3129 4612 3215 4651 res
3280 4596 3437 4649 fuerit

160 4714 326 4766 vicem
386 4711 655 4777 dogmata
700 4707 912 4777 pietatis
958 4705 1262 4774 explorent,
1318 4711 1373 4756 et
1415 4711 1753 4767 emergentes

160 4803 575 4858 ecclesiasticas
591 4799 968 4855 contentiones
990 4802 1270 4849 amoveant
1295 4811 1306 4845 :
1332 4792 1498 4847 semel
1540 4791 1751 4859 quidem

159 4901 349 4959 quarta
398 4891 716 4960 septimana
769 4889 1153 4947 Pentecostes;
1185 4884 1423 4937 secundo
1467 4897 1594 4935 vero
1615 4881 1751 4935 duo-

156 4981 365 5036 decimo
396 4981 494 5035 die
528 4977 731 5032 mensis
764 4973 1219 5046 Hyperberetbaai,
1258 4972 1308 5025 id
1339 4980 1439 5035 est,
1470 4972 1620 5039 juxta
1650 4971 1753 5025 lto-

156 5086 346 5125 tuanos
377 5080 406 5109 ι
467 5072 639 5124 tertio
689 5059 806 5122 ldus
854 5066 1118 5123 Octobris.

223 5163 431 5218 Concil.
460 5161 718 5226 Nicwno,
759 5161 839 5214 tit.
873 5157 924 5212 5.
959 5158 1101 5212 Bene
1131 5156 1332 5226 placuit
1355 5155 1508 5210 annis
1532 5152 1753 5220 singulis

158 5272 249 5325 per
300 5267 759 5322 unamquamque
806 5251 1137 5321 provinciam
1169 5250 1248 5303 his
1294 5248 1345 5300 in
1386 5262 1526 5300 anno
1573 5245 1751 5300 conCi~

159 5349 221 5402 lia
276 5346 586 5412 celebrari,
628 5354 688 5398 ut
737 5358 987 5397 commun
1014 5350 1093 5394 ter
1141 5339 1388 5393 onmibus
1438 5336 1596 5392 simul
1638 5335 1751 5404 epi-

158 5439 332 5509 scopis
355 5434 717 5506 congregatis
746 5431 1033 5501 provinciae
1059 5428 1413 5482 discutiantur
1447 5424 1749 5492 huiusmodi

160 5531 518 5597 qumstiones,
546 5536 605 5580 et
624 5524 703 5581 sic
731 5524 821 5593 qui
849 5538 949 5577 suo
968 5528 1326 5591 peccaverunt
1351 5519 1624 5573 evidenter
1644 5516 1752 5583 epi-

160 5636 343 5691 scopo,
368 5613 846 5675 excommunicati
867 5610 1259 5666 rationabiliter
1272 5611 1337 5663 ab
1359 5609 1603 5663 omnibus
1618 5607 1755 5660 testi-

230 5762 253 5788 ³
286 5753 515 5820 Dinnys.
555 5746 737 5820 Exig.,
787 5761 837 5797 tv
893 5746 1034 5820 Idus.

231 5816 589 5893 bDionysius
644 5818 819 5885 lixis,
870 5816 1211 5884 purissimum.

1856 4696 2037 4764 sopita
2081 4694 2396 4762 jndicio,ad
2446 4701 2684 4745 nostram
2737 4690 3117 4757 cognitionem,
3175 4683 3435 4755 quidquid

1856 4786 1984 4840 illud
2038 4793 2141 4848 est,
2204 4782 2575 4837 transferatur.
2621 4780 2754 4832 Item
2792 4778 2936 4841 alibi,
2979 4778 3114 4830 titul.
3149 4776 3236 4829 tl.

1933 4897 1999 4951 Ut
2036 4914 2137 4951 non
2168 4895 2387 4963 amplius
2433 4912 2464 4946 ιι
2497 4902 2690 4946 statuto
2714 4892 2917 4944 concilii
2964 4899 3188 4963 tempore
3213 4906 3365 4958 quam

2096 4968 2202 5019 (lies
2248 4960 2538 5034 quindecim
2592 4970 2909 5015 remorentur
2953 4960 3196 5028 epz‘scoyi.

1934 5062 1997 5115 Et
2039 5063 2082 5115 si
2138 5062 2279 5114 inter
2330 5075 2426 5113 eos
2470 5059 2537 5112 de
2585 5056 2804 5124 negotio
2856 5052 3014 5107 fuerit
3069 5055 3257 5108 oborta
3307 5068 3433 5107 con-

1861 5158 2048 5219 tentio,
2107 5163 2301 5208 cuncta
2340 5154 2583 5207 Romano
2608 5151 2844 5219 pontifici
2894 5149 2990 5203 sub
3029 5158 3299 5215 gestorum
3357 5148 3439 5201 in-

1856 5246 2156 5301 sinuatione
2201 5243 2525 5312 pandantur,
2583 5250 2640 5295 ut
2694 5242 2762 5294 ab
2808 5255 2874 5295 eo
2904 5240 3045 5307 quod
3073 5238 3184 5293 Deo
3223 5240 3438 5307 placueo

1857 5337 1923 5389 rit
1966 5335 2258 5389 ordinetur.

1944 5444 2052 5497 XL.
2107 5442 2174 5495 Ut
2226 5452 2404 5494 curam
2450 5457 2618 5493 rerum
2667 5440 3124 5491 erclesinsticarum
3172 5446 3367 5490 tantum

2389 5515 2654 5577 episcopus
2692 5508 2897 5560 habent.

1940 5605 2001 5657 In
2038 5602 2332 5657 Curionibus
2360 5601 2738 5669 Apostolorum,
2787 5599 2862 5649 tit.
2907 5596 2992 5650 '59.
3051 5595 3296 5649 Omnium
3345 5612 3436 5648 ne-

1944 5752 1959 5771 τ
2014 5736 2228 5804 liionys.
2287 5736 2460 5797 Exig,
2493 5733 2672 5804 synodi
2716 5735 3032 5804 c‘.t_'prt‘lttttlttt
3079 5751 3314 5789 (tamen.

1940 5806 1962 5842 ά
2007 5801 2435 5874 Μανίιμοῑιιτιηὶδ,
2492 5803 2701 5871 Dinuys.
2759 5801 2904 5868 lixig.
