4204 6540
747 405 850 457 859

1863 399 2191 453 tiltlSCONll
2235 398 2559 451 AFRICANI
2601 398 2899 454 EPISCUPI

3895 402 3999 460 860

744 528 832 582 μοι
858 533 1012 569 orum
1058 515 1541 569 echrsiasticoruttt
1575 529 1755 567 curaui
1785 516 2067 581 episcopus
2100 514 2311 577 habeat,
2346 517 2389 570 Α
2417 512 2605 568 deesse
2639 535 2648 566 :
2684 516 2769 569 les
2795 516 2937 569 enim
2985 516 3075 570 Dei
3122 518 3361 586 praeipit
3414 528 3471 571 ut
3499 519 3589 586 qui
3638 519 3792 571 altari
3818 519 3999 573 deser-

743 616 796 658 et
827 622 911 667 ea,
957 606 1099 658 velut
1157 604 1265 656 Deo
1315 603 1738 671 eoatemplante,
1794 602 2088 670 dispenset,
2138 616 2237 657 nec
2266 603 2315 655 ei

744 695 902 750 liceat
945 711 1010 748 cx
1060 695 1140 748 his
1178 693 1379 760 aliquid
1437 693 1657 747 omnino
1709 694 2043 761 contingere,
2094 702 2185 746 aut
2223 708 2317 762 pa-

745 787 982 839 rentibus
1020 786 1249 853 propriis
1297 802 1415 854 qua:
1465 784 1555 837 Dei
1612 790 1737 838 sunt
1785 800 1847 835 co
1876 786 2093 840 donare
2128 804 2139 838 :
2171 786 2315 853 quod

740 876 784 928 si
832 890 1091 944 pauperes
1120 885 1263 939 sunt,
1300 886 1548 943 tanquam
1575 878 1898 943 pauperibus
1919 877 2311 939 subministrct,

743 983 841 1021 nec
870 983 1055 1021 eorum
1079 968 1365 1021 occasione
1406 966 1647 1020 ecclesia:
1674 968 1884 1033 negotia
1914 968 2075 1035 depra
2096 966 2312 1022 dentur.

813 1058 1011 1113 Concit.
1055 1058 1274 1111 Antioch
1306 1096 1322 1121 ,
1364 1058 1442 1110 tit.
1501 1056 1591 1112 24.
1624 1058 1753 1123 Qua:
1782 1068 1907 1111 sunt
1932 1060 2172 1114 ecclesia:
2215 1060 2315 1113 sub

744 1150 889 1202 omni
928 1149 1306 1211 sollicitudine,
1352 1157 1407 1202 et
1448 1148 1773 1202 conscientia
1802 1149 1942 1202 bona
1974 1156 2028 1202 et
2059 1149 2159 1202 lide
2200 1164 2316 1215 qua:

742 1242 795 1294 in
842 1242 1005 1296 Deum
1053 1250 1156 1303 est,
1206 1242 1297 1309 qui
1349 1252 1539 1295 cuncta
1594 1240 1905 1296 considerat
1983 1241 2315 1310 judicatque,

744 1347 1063 1395 serventur;
1115 1347 1233 1401 qua:
1274 1333 1436 1386 etiam
1508 1331 1863 1400 dispensanda
1919 1342 2046 1386 sunt
2089 1334 2313 1401 judicio,

741 1434 797 1479 et
849 1433 1113 1493 potestate
1170 1425 1469 1494 pontificis,
1542 1426 1627 1479 cui
1678 1426 1994 1479 commissus
2033 1436 2116 1480 est
2142 1442 2314 1494 popu-

742 1514 845 1578 lus,
895 1524 949 1567 et
991 1517 1178 1567 anima:
1223 1531 1340 1582 qua:
1386 1516 1521 1568 intra
1573 1515 1857 1569 ecclesiam
1898 1525 2313 1584 congregantur.

745 1601 1022 1658 Manifesta
1078 1619 1208 1659 vero
1265 1606 1372 1658 sint
1427 1620 1547 1673 qua:
1592 1606 1862 1673 pertinere
1918 1606 2166 1659 videntur
2224 1621 2316 1661 ec-

740 1689 937 1751 clesiae,
981 1704 1101 1742 cum
1154 1690 1343 1742 notitia
1395 1689 1832 1757 presbyterorum
1863 1698 1918 1743 et
1966 1689 2313 1745 diaconorum

742 1782 834 1847 qui
880 1781 1021 1835 circa
1071 1782 1239 1849 ipsam
1286 1792 1430 1845 sunt,
1475 1783 1545 1835 ita
1588 1790 1648 1835 ttt
1695 1790 2006 1845 agnoscant,
2036 1797 2134 1836 nec.
2165 1783 2317 1848 igno-

2418 602 2566 655 viuut
2614 603 2680 655 de
2736 604 2889 658 altari
2933 617 3241 673 pascantur,
3290 607 3415 675 quia
3460 623 3559 661 nec
3598 608 3751 661 miles
3795 610 4000 678 stipen-

2417 694 2516 747 diis
2569 695 2799 762 pr0priis
2837 704 3023 748 contra
3076 695 3258 749 hostes
3302 712 3449 750 arma
3481 699 3712 751 sustulit.

2492 787 2696 838 (.‘oucit.
2750 787 3014 848 Antioch.,
3065 789 3145 840 tit.
3186 786 3275 840 ‘25.
3321 787 3616 857 Episcopus
3671 789 4000 843 ecclesiasti-

2418 890 2604 929 carum
2661 891 2841 930 rerum
2876 876 3071 930 habeat
3110 888 3430 945 potestatem
3469 878 3534 931 ad
3582 879 3997 947 dispensandum

2417 980 2541 1034 erga
2605 982 2794 1020 omnes
2841 968 2932 1034 qui
2989 968 3227 1035 indigent
3273 984 3394 1023 cum
3446 986 3652 1024 summa
3692 972 3997 1025 reverentia

2417 1066 2473 1113 e'.
2526 1056 2716 1109 timore
2766 1056 2861 1109 Dei
2897 1074 2907 1107 :
2942 1058 3227 1126 participet
3252 1068 3429 1111 autem
3469 1071 3523 1113 et
3549 1060 3663 1128 ipse
3706 1059 4000 1127 quibusin-

2418 1144 2581 1210 diget,
2639 1144 2684 1197 si
2717 1152 2896 1198 tamen
2927 1146 3148 1213 indiget,
3183 1155 3290 1199 tam
3318 1148 3427 1202 suis
3454 1161 3611 1215 quam
3642 1148 3864 1201 fratrum
3905 1150 3997 1215 qui

2419 1234 2487 1285 ab
2532 1248 2598 1286 eo
2621 1235 2983 1302 suscipiuntur
3013 1237 3331 1291 necessariis
3362 1238 3544 1293 usibus
3572 1238 3895 1307 profuturis;
3927 1240 4001 1291 ita

2420 1335 2475 1378 ut
2504 1326 2553 1378 in
2580 1328 2744 1390 nullo,
2769 1329 3325 1395 qualibetoccasione,
3343 1330 3676 1397 fraudentur,
3697 1334 3848 1398 juxta
3872 1348 3998 1385 san-

2420 1427 2564 1470 ctum
2609 1421 2923 1487 Apostolutn
2977 1421 3055 1475 sic
3100 1422 3367 1476 dicentem
3413 1442 3424 1475 :
3475 1424 3742 1477 Ilabenles
3799 1424 4000 1476 victum

2419 1517 2473 1559 et
2515 1516 2907 1575 tegumentum,
2956 1508 3039 1564 his
3084 1512 3325 1565 contenti
3378 1527 3580 1567 sumus.
3611 1512 3764 1577 Quod
3798 1515 3842 1566 si
3865 1529 3999 1566 con-

2421 1608 2599 1653 tentus
2646 1600 2761 1653 istis
2790 1601 3008 1656 minime
3034 1601 3212 1662 fuerit.
3269 1613 3547 1658 convertat
3575 1612 3753 1658 autem
3800 1620 3888 1659 res
3915 1620 4006 1659 ec-

2420 1691 2593 1743 clesia:
2634 1690 2686 1744 in
2728 1708 2854 1745 suos
2884 1707 3009 1746 usus
3061 1693 3407 1760 domesticos,
3437 1704 3493 1749 et
3541 1696 3659 1763 ejus
3687 1696 3999 1761 commoda,

2421 1781 2505 1833 vel
2555 1795 2805 1847 agrorttm
2858 1781 3079 1843 fructus,
3114 1799 3218 1837 non
3252 1801 3373 1837 cum
3408 1786 3841 1855 presbyterorum
3866 1801 4001 1838 con-

745 1880 863 1925 rent
916 1887 1033 1940 qua:
1087 1881 1210 1926 sunt
1258 1874 1496 1927 ecclesia:
1540 1874 1776 1941 propria,
1837 1888 1935 1927 nec
1969 1888 2065 1929 eos
2108 1872 2309 1940 aliquid
2344 1869 2389 1927 B
2419 1870 2641 1923 scientia
2688 1871 3161 1940 diaconorumque,
3192 1882 3513 1942 pertractet,
3542 1876 3635 1929 sed
3676 1876 3866 1931 horum
3898 1890 4001 1943 po-

742 1964 924 2018 lateat.
976 1964 1042 2018 Ut
1082 1965 1124 2018 si
1168 1966 1366 2031 conligo
1386 1966 1455 2018 rit
1491 1966 1800 2032 episcOpum
1841 1966 2072 2031 migrare
2112 1963 2179 2016 de
2220 1978 2320 2016 sa:-

743 2054 863 2109 culo
916 2059 1079 2109 certis
1122 2056 1477 2110 existentibus
1516 2056 1675 2109 rebus
1720 2070 1838 2122 quae
1888 2063 2009 2107 sunt
2057 2053 2315 2117 ecclesim,

744 2159 842 2197 ncc
883 2145 1006 2212 ipsa:
1052 2146 1301 2213 collapsa:
1354 2144 1664 2214 depereant,
1765 2158 1863 2198 nec
1919 2159 2036 2212 qua:
2104 2144 2317 2212 propria

746 2234 1041 2302 probantur
1108 2234 1343 2302 episcOpi
1401 2235 1500 2288 sub
1564 2234 1847 2287 occasione
1901 2249 2079 2286 rerum
2128 2248 2319 2301 perva-

742 2323 938 2384 dautur
983 2322 1243 2376 ecclesitc.
1280 2322 1488 2376 JUstuttt
1538 2339 1767 2388 namque
1809 2333 1863 2377 ct
1919 2332 2201 2391 acceptum
2239 2330 2319 2376 est

744 2426 925 2466 coram
977 2413 1085 2465 Deo
1133 2422 1187 2466 et
1236 2414 1538 2466 hominibus
1567 2454 1580 2478 ,
1633 2422 1690 2466 ut
1728 2430 1822 2467 sua
1878 2414 2162 2482 episcopus
2206 2413 2320 2481 qui-

744 2504 845 2559 bus
891 2505 1120 2558 voluerit
1161 2506 1513 2574 derelinquat,
1572 2516 1627 2559 et
1667 2521 1786 2573 qua:
1825 2505 2063 2559 ecclesia:
2093 2514 2215 2558 sunt
2244 2504 2319 2557 ei-

744 2598 866 2651 dem
907 2609 1290 2652 conscrtentur
1341 2600 1601 2664 ecclesia),
1652 2608 1707 2651 ut
1738 2614 1837 2652 nec
1864 2598 2089 2651 ecclesia
2120 2594 2318 2664 aliquid

747 2691 983 2756 patiatur
1025 2690 1364 2753 incommodi,
1410 2705 1508 2744 nec
1552 2690 1835 2757 epi~copus
1882 2689 1979 2743 sub
2034 2690 2318 2742 occasione

746 2782 1111 2849 proscrihatur
1174 2782 1433 2844 ecclesiae,
1486 2790 1540 2834 et
1594 2782 1644 2834 in
1696 2796 1888 2835 causas
1939 2780 2174 2833 incidant
2227 2781 2317 2847 qui

745 2871 814 2924 ad
855 2888 977 2926 eum
1006 2874 1291 2941 pertinent,
1324 2883 1378 2928 et
1402 2875 1520 2943 ipse
1569 2883 1690 2942 post
1736 2875 1937 2928 obitum
1986 2872 2318 2927 maledictio-

741 2960 898 3015 nibus
950 2964 1272 3030 ingravetur.

821 3072 953 3127 XLI.
1005 3072 1083 3127 De
1117 3076 1367 3144 dignitate
1429 3076 1709 3142 pontificis,
1772 3083 1821 3126 et
1868 3075 2005 3143 quod
2077 3090 2246 3128 rerum

1134 3162 1343 3197 suarum
1373 3148 1554 3197 habent
1603 3154 1922 3210 potestatem.

819 3230 883 3285 In
938 3232 1230 3286 Canonibus
1289 3233 1669 3302 Apostolorum,
1723 3234 1800 3285 tit.
1858 3232 1946 3287 40.
2012 3211 2393 3302 Presbyteric

745 3322 828 3377 vel
875 3323 1084 3376 diaconi
1141 3332 1333 3389 praeter
1378 3323 1687 3391 episcopum
1743 3322 1873 3375 nihil
1904 3336 2066 3390 agere
2104 3332 2319 3390 perten-

746 3424 888 3478 tent;
944 3430 1063 3467 nam
1121 3415 1328 3468 Domini
1385 3417 1612 3486 populus
1643 3418 1741 3485 ipsi
1780 3421 2096 3472 commissus
2134 3427 2234 3480 est,
2268 3426 2323 3471 et

744 3517 841 3571 pro
861 3502 1139 3555 animabus
1156 3516 1341 3555 eorum
1364 3503 1447 3556 hic
1467 3503 1770 3557 redditurus
1792 3513 1875 3557 est
1897 3506 2184 3558 tationem.
2204 3504 2324 3557 Sint

744 3600 925 3645 autem
967 3592 1263 3646 manifesta:
1296 3609 1380 3647 tes
1410 3594 1639 3664 prepria:
1660 3595 1921 3666 episcopi,
1953 3596 1996 3649 si
2022 3605 2196 3649 tamen
2223 3598 2321 3649 ha-

743 3682 873 3737 beat
894 3683 1159 3749 proprias,
1183 3695 1239 3736 et
1264 3684 1554 3738 manifesta:
1574 3685 1878 3751 dominiczc,
1916 3695 1974 3739 ut
2001 3695 2209 3755 potesta
2238 3703 2321 3741 em

746 3772 940 3827 habeat
964 3774 1031 3827 de
1062 3774 1292 3841 propriis
1319 3777 1550 3829 moriens
1578 3778 1879 3846 cpiscopus.
1913 3777 2052 3830 sicut
2074 3777 2320 3841 voluerit,

744 3870 799 3915 et
848 3864 1041 3929 quibus
1065 3863 1314 3927 Voluerit,
1344 3863 1736 3931 derelinquere,
1769 3882 1867 3921 nec
1914 3867 2012 3921 sub
2039 3870 2324 3922 occasione

746 3950 1232 4006 ecclesiasticarum
1252 3969 1451 4017 rerum,
1482 3970 1599 4022 quzc
1621 3957 1856 4025 episcopi
1888 3972 2007 4010 esse
2033 3960 2326 4026 probantur

750 4044 1101 4109 intercidant;
1131 4044 1367 4098 fortassis
1394 4047 1536 4100 enim
1563 4057 1652 4099 aut
1681 4064 1901 4101 uxorem
1921 4049 2099 4111 habet,
2134 4058 2225 4102 aut
2266 4049 2322 4100 li-

749 4138 869 4196 lios,
906 4144 995 4187 aut
1023 4137 1371 4204 propinquos,
1395 4148 1487 4191 aut
1516 4154 1719 4193 servos.
1755 4139 1821 4192 Et
1860 4140 1918 4207 ju
1951 4150 2061 4193 tttm
2096 4149 2177 4193 est
2225 4142 2327 4195 huc

749 4222 888 4290 apud
915 4222 1079 4275 Deum
1111 4232 1165 4276 et
1198 4224 1462 4285 homines.
1490 4236 1547 4279 ut
1570 4242 1668 4280 nec
1693 4228 1918 4280 ecclu-sia
1943 4230 2325 4281 detrimentutu

755 4314 983 4381 patiatur
1012 4314 1344 4380 ignoratione
1376 4332 1552 4369 rerum
1583 4318 1869 4385 pontilicis,
1900 4333 1998 4372 nec
2018 4318 2324 4387 episcopus.

754 4405 835 4457 vel
864 4419 982 4470 ejus
1009 4407 1311 4474 propinqui,
1342 4408 1440 4460 sub
1468 4408 1689 4461 obtentu
1718 4410 1960 4463 ecclesia:
1989 4409 2328 4477 proscriban-

756 4506 862 4559 tur,
907 4506 961 4548 et
1014 4497 1063 4549 in
1119 4513 1308 4551 causas
1364 4499 1599 4552 incidant
1646 4500 1737 4567 qui
1768 4502 1834 4552 ad
1864 4515 1984 4552 eum
2035 4500 2323 4567 pertinent,

756 4603 1007 4656 morsque
1030 4590 1146 4657 ejus
1177 4590 1380 4657 injuriis
1410 4591 1561 4643 malae
1591 4590 1743 4643 famae
1772 4590 2065 4658 subjaccat.

827 4698 981 4753 XLII.
1010 4698 1158 4761 Quod
1170 4703 1431 4767 episcopus
1450 4702 1910 4753 ecrlesiasticarum
1941 4719 2130 4759 rerum.
2162 4719 2254 4771 pro

913 4771 1295 4837 dispensatione
1322 4788 1624 4839 pauperum,
1650 4779 1831 4824 habeat
1854 4781 2179 4841 potestatem.

822 4878 887 4931 In
944 4880 1235 4934 Canonibus
1289 4884 1669 4950 Aputolorum,
1720 4884 1797 4936 tit.
1841 4882 1929 4937 Η.
1987 4884 2328 4953 Ρηιεοῑμίῐηυε

749 4980 807 5023 ut
835 4972 886 5023 in
920 4982 1185 5039 potestate
1235 4989 1329 5027 sua
1376 4976 1659 5045 episcopus
1689 4977 1927 5029 ecclesia:
1971 4991 2058 5030 res
2088 4977 2320 5039 habeat;

749 5064 791 5115 si
824 5063 965 5115 enim
996 5065 1186 5117 anittttn
1215 5066 1485 5118 hominum
1520 5067 1766 5135 pretiosa:
1797 5067 1900 5121 illis
1938 5077 2062 5120 sunt
2087 5067 2324 5127 creditm,

750 5154 916 5206 multo
945 5157 1111 5221 magis
1132 5166 1343 5222 oportet
1366 5174 1485 5210 eum
1525 5174 1706 5211 curam
1740 5159 2083 5226 pecuniarum
2110 5172 2326 5224 gerere;

753 5244 823 5295 ita
870 5253 927 5297 ut
973 5256 1239 5313 potestate
1270 5249 1763 5316 cjusindigentibus
1784 5252 1960 5303 omnia
2012 5252 2327 5318 dispensen-

753 5344 840 5386 tur
863 5351 955 5402 pi-r
993 5338 1335 5405 presbyteros
1356 5351 1411 5394 et
1436 5340 1708 5404 diaconos,
1742 5351 1936 5394 etcum
1971 5342 2161 5393 timore
2214 5356 2329 5393 om-

756 5424 917 5488 nique
941 5425 1299 5481 sollicitudine
1347 5431 1734 5484 ministrentur.
1773 5433 1846 5484 Ex
1878 5432 1959 5483 his
2011 5439 2189 5483 autem
2234 5430 2321 5497 qui

757 5517 955 5588 indiget
984 5520 1049 5572 ad
1066 5537 1191 5575 suas
1213 5525 1584 5588 necessitates,
1616 5533 1668 5577 ct
1691 5525 1752 5577 ad
1778 5527 2181 5594 peregrinorum
2227 5524 2325 5576 fra-

758 5614 895 5658 trum
955 5624 1080 5662 usus
1109 5611 1221 5677 ipse
1251 5614 1530 5682 percipiat,
1561 5624 1618 5668 ut
1641 5616 1769 5668 nihil
1800 5617 1876 5669 eis
1907 5616 2074 5684 possit
2108 5615 2324 5670 omnino

831 5772 855 5801 ι
898 5763 1111 5835 Dionys.
1144 5766 1291 5837 Exta.
1346 5770 1485 5824 addit
1536 5774 1779 5827 Niletttt.

2424 1969 2669 2012 testatem
2723 1959 3033 2014 domesticis
3061 1963 3190 2024 suis.
3244 1972 3337 2015 aut
3377 1964 3708 2032 propinquis,
3754 1975 3847 2017 aut
3888 1964 4003 2017 fra-

2422 2049 2589 2101 tribus
2636 2049 2883 2116 liliisque,
2933 2052 3254 2115 committat,
3283 2061 3337 2105 ut
3385 2068 3481 2121 per
3527 2054 3827 2120 liujusmodi
3879 2069 4003 2123 per-

2419 2155 2581 2193 sonas
2624 2142 2834 2195 occulte
2888 2153 3095 2195 catteta:
3150 2144 3408 2197 lazdantur
3463 2144 3722 2209 ecclesite,
3786 2145 4004 2215 synodo

2419 2232 2705 2298 provincia:
2753 2247 2937 2298 pinnas
2968 2233 3067 2285 iste
3098 2233 3391 2301 persolvat.
3427 2232 3481 2287 Si
3530 2246 3707 2288 autem
3765 2244 3820 2288 et
3848 2235 4007 2289 aliter

2420 2332 2706 2375 accusetur
2745 2323 3052 2390 episcopus,
3093 2331 3186 2375 aut
3231 2324 3531 2393 presbyteri
3573 2325 3664 2391 qui
3717 2338 3837 2377 cutn
3886 2324 4003 2391 ipso

2419 2420 2562 2476 sunt,
2619 2412 2763 2480 quod
2809 2428 2871 2465 ea
2923 2430 3040 2481 qutt-
3069 2415 3340 2484 pertinent
3369 2415 3433 2466 ad
3462 2416 3763 2476 ecclesiam,
3822 2415 3907 2468 vel
3937 2429 4006 2469 ex

2420 2504 2584 2569 agris,
2634 2505 2715 2557 vel
2766 2520 2831 2556 ex
2888 2504 2990 2557 alia
3053 2506 3294 2571 qualibet
3341 2506 3705 2559 ecclesiastica
3749 2506 4006 2559 facultate

2419 2592 2634 2645 sibimet
2674 2602 2960 2660 usurpent,
3006 2594 3074 2645 ita
3132 2603 3189 2646 ut
3217 2610 3283 2647 ex
3326 2596 3429 2648 hoc
3455 2593 3759 2661 affligantur
3788 2594 4003 2661 quidem

2420 2696 2717 2749 pauperes,
2775 2682 3133 2735 criminationi
3187 2698 3315 2737 vero
3365 2691 3420 2737 et
3490 2683 3836 2751 blasphemiis
3894 2693 4005 2735 tam

2420 2788 2597 2826 sermo
2652 2773 3043 2841 prmdicationis
3093 2788 3252 2841 quam
3283 2773 3335 2825 hi
3392 2773 3482 2841 qui
3531 2774 3845 2840 dispensant
3883 2771 4005 2823 tali-

2421 2874 2503 2917 ter
2544 2873 2900 2932 exponantur,
2936 2873 2989 2916 et
3050 2864 3147 2917 hos
3174 2873 3390 2932 oportet
3413 2865 3626 2932 corrigi,
3658 2872 3844 2918 sancta
3871 2878 4004 2933 syn-

2422 2956 2526 3010 odo
2565 2956 2617 3008 id
2659 2955 2803 3024 quod
2852 2954 3118 3009 condecet
3165 2955 3518 3022 approbante.

2427 3066 2493 3121 Ut
2554 3078 2772 3129 quatuor
2824 3076 2925 3118 tant
2966 3066 3027 3117 de
3084 3067 3329 3117 reditibus
3378 3081 3527 3133 quant
3573 3066 3634 3116 de
3664 3062 4008 3116 oblationibus

2494 3138 2633 3206 ﬁdeli
2674 3155 2722 3189 nt
2771 3138 2902 3205 ﬁant
2933 3142 3209 3203 portiones.
3243 3147 3291 3187 et
3340 3152 3440 3185 una
3487 3137 3550 3186 sit
3599 3136 3845 3206 episcopi,
3900 3133 4007 3184 ala

2494 3204 2814 3265 clericorum,
2850 3210 2995 3259 tertia
3020 3221 3320 3274 pauperum,
3349 3214 3530 3274 quarta
3554 3220 3666 3257 vero
3691 3204 4009 3273 fabricarum

2494 3279 2791 3330 ecclesiasit
2805 3293 2970 3328 arant.
3166 3298 3179 3303 «ν

2500 3376 2579 3428 Ea:
2621 3376 2807 3427 ὀίω-ει.
2849 3390 2998 3443 papa:
3028 3372 3224 3436 Getas,
3271 3373 3349 3425 tit.
3396 3370 3483 3424 Q7.
3536 3369 3779 3436 Quatuor
3829 3377 4008 3423 autem

2428 3476 2533 3519 tam
2563 3467 2629 3518 de
2659 3467 2830 3518 reditu
2880 3478 3042 3530 quam
3089 3464 3156 3515 de
3202 3462 3477 3515 oblatione
3532 3460 3796 3526 ﬁdelium,
3853 3468 4008 3527 prout

2428 3555 2712 3623 cujuslibet
2757 3553 3000 3606 ecclesia:
3048 3550 3275 3604 facultas
3306 3550 3537 3603 admittit
3594 3551 3754 3618 (sicut
3797 3549 4001 3603 dudum

2427 3645 2825 3699 rationabiliter
2848 3644 3265 3708 estdecretum),
3292 3638 3685 3695 convenitlieri
3710 3640 4003 3707 portiones,

2426 3751 2649 3803 quarum
2678 3736 2748 3789 sit
2776 3749 2880 3787 una
2910 3732 3197 3801 pontificis,
3234 3733 3401 3785 altera
3432 3732 3776 3794 clericorum,
3805 3746 4007 3801 panpe-

2426 3844 2545 3883 rum
2575 3828 2753 3891 tertia,
2783 3836 2974 3894 quarta
3018 3826 3231 3878 fabricis
3279 3824 3598 3893 applicanda
3632 3835 3679 3879 ⁸.
3715 3824 3790 3877 De
3819 3824 4011 3892 quibus

2427 3919 2565 3973 sicut
2594 3917 2887 3970 sacerdotis
2917 3916 3167 3969 intererit
3198 3914 3457 3981 integram
3486 3913 3744 3967 ministris
3766 3913 4006 3966 ecclesia:

2427 4021 2781 4065 memoratam
2813 4007 3122 4077 dependere
3151 4008 3506 4077 quantitatem
3534 4049 3547 4069 ,
3608 4006 3686 4060 sic
3724 4006 3900 4059 clerus
3929 4006 4009 4058 ul-

2430 4112 2508 4155 tra
2532 4101 2828 4170 delegatam
2860 4100 2960 4153 sibi
2994 4114 3260 4152 summam
3304 4097 3435 4151 nihil
3466 4096 3757 4149 insolenter
3798 4095 4009 4148 nowrit

2429 4192 2808 4261 expetendum.
2855 4190 2931 4244 Ea
2962 4203 3092 4242 vero
3114 4204 3231 4255 qum
3254 4185 3633 4241 ecclesiasticis
3658 4184 3901 4239 :edificiis
3929 4191 4012 4237 at-

2431 4287 2624 4338 tributa
2657 4292 2803 4346 sunt,
2836 4283 2961 4336 huic
3003 4281 3152 4348 operi
3207 4280 3467 4333 veraciter
3509 4288 3828 4347 pra-rogata,
3861 4278 4012 4331 loco—

2430 4394 2545 4431 rum
2574 4378 2766 4431 doceat
2808 4374 3126 4428 instauratio
3173 4370 3455 4426 manifesta
3508 4377 3840 4432 sanctorum,
3888 4369 4011 4436 quia

2432 4467 2579 4521 nefas
2610 4475 2691 4521 est
2715 4468 2779 4531 si,
2810 4465 2976 4519 sacris
2998 4464 3201 4517 azdibus
3222 4461 3510 4525 destitutis,
3542 4461 3593 4512 in
3616 4460 3826 4512 lucrum
3854 4473 4010 4512 suum

2360 4553 2409 4613 D
2435 4558 2625 4626 prtesul
2656 4556 2921 4625 impendia
2949 4555 3029 4609 his
3057 4553 3333 4619 designata
3374 4560 3653 4607 convertat
3679 4568 3692 4602 :
3726 4554 3897 4620 ipsam
3929 4552 4013 4604 ni-

2432 4650 2718 4703 hilominus
2741 4650 3027 4716 ascriptam
3057 4646 3379 4716 pauperibus
3408 4644 3728 4713 portionem,
3763 4644 4011 4712 quamvis

2428 4742 2619 4796 divinis
2660 4742 2954 4795 rationibus
2991 4753 3048 4791 se
3097 4737 3434 4805 dispensasse
3472 4742 3866 4788 monstraturus
3894 4749 4010 4787 esse

2430 4835 2691 4897 videatur,
2744 4840 2918 4884 tamen
2947 4830 3098 4897 juxta
3128 4827 3269 4897 quod
3294 4828 3549 4894 scriptum
3580 4831 3683 4886 est,
3716 4834 3769 4875 ut
3800 4824 4011 4877 videant

2431 4941 2587 4992 opera
2616 4934 2782 4977 vestra
2809 4922 2961 4986 bona,
3002 4928 3049 4973 et
3082 4919 3371 4988 gloriﬁcent
3409 4916 3621 4969 Patrem
3659 4927 3901 4978 vestrum,
3932 4916 4016 4984 qui

2430 5018 2586 5071 estin
2618 5016 2757 5068 caelis
2802 5013 3012 5082 (Matth.
3047 5014 3150 5075 tv),
3185 5016 3399 5079 oportet
3443 5007 3604 5060 etiam
3646 5005 3896 5075 pnnsenti
3939 5014 4017 5057 te-

2432 5114 2754 5168 stilicatione
2781 5108 3082 5180 prtedicari,
3116 5115 3172 5160 et
3198 5106 3351 5159 bona:
3396 5102 3548 5155 fama:
3579 5100 3861 5169 prarconiis
3911 5115 4014 5153 non

2434 5214 2619 5256 ιθοριη.

2434 5312 2611 5368 XLIII.
2648 5311 2796 5373 Quod
2824 5310 3107 5377 episc0pus,
3138 5306 3412 5377 presbyter,
3448 5305 3787 5377 ctydiaronus,
3817 5303 4007 5377 aleator

2434 5396 2439 5399 ‘
2502 5394 2547 5435 ct
2578 5384 2803 5435 ebriosus
2833 5374 2940 5432 esse
2965 5374 3066 5430 non
3094 5378 3289 5429 debeat.
3344 5376 3596 5427 Similiter
3639 5383 3688 5424 et
3739 5374 3913 5424 clerici
3964 5382 4013 5424 et

2503 5454 2640 5509 laici.
2691 5453 2733 5503 si
2790 5449 3162 5521 permanserint
3212 5447 3264 5497 in
3318 5444 3449 5507 alea,
3500 5442 3856 5495 communione
3905 5442 4014 5511 pri-

2502 5534 2645 5575 t'eulu
2654 5540 2693 5575 r.

2504 5614 2565 5664 lu
2586 5609 2874 5662 lian-mibns
2910 5607 3283 5675 Aposto'orum,
3312 5604 3387 5654 tit.
3415 5600 3485 5654 Η
3513 5612 3559 5653 et
3582 5600 3668 5654 45.
3695 5598 4013 5672 Ep'scopus,
