4204 6540
222 416 313 474 861
1449 410 1781 465 Blll'lHAlli'

1916 407 2332 462 CANUNitIl'M.

3383 412 3489 471 862

220 533 521 603 presbyter,
544 539 637 584 aut
661 530 939 596 diaconus,
971 530 1103 582 aleae
1132 536 1291 596 atque
1322 526 1570 581 ebrietati
1615 523 1798 577 deser-
1829 526 1877 583 Α
1909 517 2063 572 XLV.
2105 517 2252 582 Quod
2284 537 2382 573 non
2410 520 2588 573 debeat
2617 522 2905 603 episcOpus,
2939 522 3218 590 μηδι-μιαν,
3254 533 3337 574 aut
3368 526 3481 575 dia-

218 628 387 686 vieus,
421 632 511 676 aut
541 621 767 687 desinat,
799 628 1060 675 autcerte
1076 618 1380 672 damnetur.
1409 615 1797 679 Subdiaconus,

219 726 303 766 aut
335 714 525 777 lector,
559 723 653 768 aut
679 722 891 779 cantor,
931 713 1126 766 similia
1169 710 1392 771 faciens,
1447 719 1540 763 aut
1568 708 1797 770 desinat,

218 814 307 856 aut
335 807 721 859 communione
772 805 1060 874 privetur:
1095 802 1341 856 similiter
1387 799 1550 855 etiam
1607 798 1795 851 laicus.

218 912 399 968 XLIV.
428 912 580 978 Quod
605 918 892 984 episeopus,
923 913 1203 982 presbyter,
1254 921 1343 964 aut
1390 911 1660 973 diaconus,
1696 925 1798 961 non

677 984 852 1037 debeat
877 1001 1061 1037 usuras
1087 984 1336 1045 accipere.

289 1075 353 1130 In
401 1076 699 1131 Curionibus
749 1076 1150 1146 Apostolorum,
1202 1075 1283 1129 tit.
1331 1074 1422 1128 Η.
1478 1071 1797 1141 Episcopus,

216 1178 307 1223 aut
347 1170 652 1239 presbyter,
682 1178 776 1222 aut
822 1168 1099 1233 diaconus,
1150 1180 1339 1220 usuras
1388 1180 1418 1218 a
1465 1164 1797 1218 debitoribus

216 1261 460 1326 exigens,
490 1268 581 1313 aut
606 1258 835 1320 desinat.
868 1265 962 1311 aut
990 1265 1139 1311 certe
1168 1256 1474 1311 damnetur.

292 1352 492 1406 Concil.
528 1350 769 1416 Nic-aeuo,
799 1352 878 1404 tit.
916 1350 1004 1404 ΓΙ,
1058 1350 1317 1415 Quoniam
1346 1347 1519 1400 .multi
1562 1346 1661 1400 sub
1712 1360 1795 1399 rc.-

215 1446 333 1513 gula
359 1446 638 1500 constituti
666 1446 970 1510 avaritiam,
1013 1454 1069 1499 et
1115 1442 1290 1512 turpia
1318 1442 1466 1496 lucra
1496 1451 1791 1505 sectantur,

214 1537 476 1605 oblitique
515 1537 708 1591 divina:
750 1536 1039 1605 Scriptura:
1086 1535 1314 1589 dicentis
1343 1549 1355 1585 :
1384 1531 1483 1596 Qui
1523 1534 1792 1599 pecuniam

212 1644 355 1680 suam
390 1644 495 1681 non
539 1627 682 1680 dedit
724 1627 792 1679 ad
834 1642 1045 1679 usuram
1107 1624 1281 1695 (Psal.
1335 1626 1448 1691 xiv)
1474 1662 1489 1687 ,
1550 1632 1790 1676 mutuum

211 1714 401 1770 dantes
428 1718 753 1770 centesimas
781 1716 1024 1781 exigunt,
1075 1713 1221 1782 juste
1263 1712 1472 1767 censuit
1501 1723 1687 1764 sancta
1738 1721 1794 1765 et

213 1817 402 1872 magna
432 1805 669 1876 synodus
709 1813 769 1858 ιιι
795 1804 840 1858 si
876 1804 996 1873 quis
1025 1804 1276 1857 inventus
1307 1802 1467 1856 fuerit
1499 1810 1621 1871 post
1650 1802 1788 1857 hanc

2293 606 2469 651 conus,
2496 606 2607 642 cum
2639 591 2888 644 lurreticis
2922 608 3091 644 orare.

1980 678 2041 732 lu
2093 680 2387 734 Curionibus
2434 681 2816 750 Apostolorum,
2862 684 2994 734 titul.
3043 681 3132 736 45.
3168 680 3484 754 Episcopus,

1903 769 2201 839 presbyter,
2234 779 2289 823 et
2342 771 2621 834 diaconus,
2655 772 2742 838 qui
2775 788 2894 826 cum
2931 773 3196 828 lucri-ticis
3226 776 3481 837 oraverit,

1903 862 2275 913 tantumtnodo
2301 863 2678 915 commnnime
2704 866 2959 931 privrtur.
2993 867 3050 919 Si
3080 882 3207 918 vero
3234 875 3484 936 tanquam

1901 950 2129 1006 clericos
2176 950 2420 1004 hortatus
2467 967 2564 1005 eos
2608 952 2768 1006 fuerit
2798 968 2978 1021 agere.
3012 956 3096 1009 vel
3128 971 3306 1022 orare,
3330 960 3451 1010 dum
3472 986 3485 996 -

1898 1049 2074 1093 ηειιυτ.

1895 1151 2082 1208 XLVI.
2119 1156 2267 1218 Quod
2298 1171 2396 1207 non
2422 1156 2569 1207 liceat
2594 1156 2861 1209 catholicis
2890 1158 2960 1207 az!
2983 1157 3338 1210 lia'reticorum
3362 1172 3479 1225 spes

2222 1228 2401 1277 luncas
2433 1243 2587 1278 causa
2614 1227 2865 1281 orationis
2891 1230 3149 1281 accedere.

1970 1322 2165 1377 Concil.
2202 1323 2529 1389 Laudiceusi,
2562 1327 2641 1379 tit.
2678 1327 2731 1380 9.
2783 1325 2937 1391 Quod
2970 1343 3075 1381 non
3105 1328 3482 1396 permittantur

1898 1415 2247 1469 ecJesiastici
2300 1416 2364 1468 ad
2421 1418 2797 1471 lncreticorum
2827 1420 3155 1481 emtueteria,
3201 1418 3284 1471 vel
3316 1418 3381 1471 ad
3412 1433 3476 1471 ea

1898 1521 2017 1574 qtue
2040 1506 2105 1559 ab
2133 1507 2208 1559 eis
2230 1508 2564 1574 appellantur
2592 1510 2869 1579 martyrio,
2892 1511 3154 1564 orationis
3184 1526 3366 1573 causa,
3394 1510 3477 1561 vel

1897 1594 2157 1660 sanitatis,
2192 1600 2470 1662 accedere,
2502 1599 2595 1651 sed
2625 1601 2947 1666 hujumodi,
2971 1602 3013 1654 si
3043 1601 3225 1654 lidcles
3255 1601 3477 1665 fuerint,

1894 1694 2042 1737 certo
2071 1694 2312 1753 tempore
2343 1689 2722 1740 communione
2767 1691 2991 1757 privari;
3023 1692 3342 1758 pmuitentes
3372 1705 3470 1743 au-

1892 1778 2000 1825 tem
2030 1784 2084 1826 et
2114 1774 2431 1829 conﬁtentes
2464 1790 2523 1829 se
2552 1776 2841 1843 deliquisse
2869 1780 3120 1831 convenit
3141 1778 3362 1847 suscipi.

209 1895 573 1949 deuotionem
619 1911 810 1952 usuras
839 1896 1128 1964 accipiens,
1178 1903 1273 1947 aut
1313 1910 1378 1947 ex
1409 1894 1781 1948 adinventionc

1896 1882 2098 1938 XLVII.
2152 1887 2300 1953 Quod
2344 1905 2444 1964 non
2482 1898 2716 1964 onorteat
2757 1891 3031 1944 catholicos
3070 1908 3183 1945 cum
3219 1891 3473 1945 ltwreticis

211 1986 409 2052 aliqua,
440 1986 787 2055 velquolibet
832 1986 993 2040 modo
1020 1986 1294 2052 negotium
1333 1985 1654 2052 transigens,
1695 1994 1787 2037 aut

209 2076 488 2137 hemioiia,
522 2076 573 2128 id
602 2085 704 2137 est,
735 2074 978 2142 sescupla
1006 2075 1243 2143 exigens,
1301 2071 1386 2125 vel
1425 2072 1626 2140 aliquid
1680 2072 1787 2126 tale

207 2180 425 2233 prorsus
450 2166 762 2232 exeogitans
792 2166 962 2231 turpis
1005 2163 1137 2217 lucri
1184 2163 1376 2231 gratia,
1425 2162 1704 2229 deiiciatur
1754 2178 1784 2215 a

207 2254 377 2319 clero,
411 2263 465 2309 et
493 2256 698 2308 alienus
727 2256 923 2308 existat
950 2269 978 2307 a
1009 2254 1213 2321 regula.

271 2345 430 2399 Cone.
464 2345 771 2400 Laodiceusi
793 2385 807 2406 ,
842 2347 919 2398 tit.
949 2344 999 2399 5.
1032 2345 1183 2410 Quod
1205 2360 1310 2400 non
1332 2352 1581 2413 oporteat
1607 2360 1785 2399 sacer-

204 2436 356 2491 dotes
383 2446 439 2491 et
466 2438 696 2492 clericos
728 2435 1034 2491 fenerantes
1062 2451 1271 2500 usuras,
1314 2436 1400 2490 vel
1446 2450 1565 2503 quae
1593 2435 1784 2488 dicun-

206 2539 291 2582 tur
319 2530 588 2598 sescupla,
635 2529 685 2582 id
715 2538 834 2595 est,
887 2543 1148 2583 summam
1179 2529 1369 2595 capitis
1401 2536 1453 2580 et
1504 2528 1782 2581 dimidium

205 2633 426 2673 summa?
457 2618 754 2690 percipere.

274 2709 361 2763 Ex
382 2710 461 2762 ἀει
477 2711 599 2763 retis
620 2725 770 2779 papae
790 2707 998 2774 Leonis,
1018 2708 1094 2760 tit.
1121 2708 1155 2761 5
1177 2717 1225 2759 et
1247 2705 1299 2759 4.
1321 2706 1429 2761 Nec
1452 2708 1554 2761 hoc
1574 2721 1785 2774 quoque

211 2802 645 2869 prmtereundum
677 2816 796 2855 esse
824 2797 1091 2863 duximus,
1124 2798 1385 2868 quosdam
1433 2799 1564 2854 lucri
1616 2799 1785 2866 turpis

209 2895 507 2963 cupiditate
536 2903 724 2962 captos
754 2894 1050 2947 usurariam
1081 2906 1334 2946 exercere
1380 2891 1682 2960 pecuniam,
1730 2898 1784 2942 et

208 2986 391 3042 fenore
431 2986 570 3041 velle
595 2987 857 3039 ditescere
887 3003 898 3037 :
931 2984 1075 3053 quod
1117 2998 1223 3035 non
1269 2982 1446 3036 dicam
1491 2982 1543 3034 in
1575 2995 1668 3034 eos
1696 2977 1783 3049 qui

206 3088 330 3133 sunt
380 3078 434 3132 in
486 3077 724 3131 clericali
769 3075 944 3129 ollicio
970 3073 1267 3135 constituti,
1314 3072 1408 3126 sed
1452 3084 1506 3124 et
1536 3072 1586 3124 in
1619 3072 1785 3124 laicos

206 3169 419 3228 cadere,
455 3166 540 3236 qui
568 3165 899 3218 Christianos
926 3179 984 3217 se
1007 3163 1110 3216 diei
1134 3163 1374 3231 cupiunt,
1408 3159 1779 3223 condolemus,

2269 1960 2563 2025 nuptiarum
2592 1961 2782 2027 [aedem
2813 1967 3076 2029 iopulare.

1959 2055 2156 2109 Caucil.
2186 2054 2488 2119 Laodicen.,
2522 2060 2597 2109 tit.
2633 2056 2695 2109 l0
2723 2068 2768 2109 et
2796 2058 2885 2111 5|.
2916 2058 3067 2126 Quod
3096 2075 3200 2113 non
3222 2068 3468 2128 oporteat

1890 2146 2256 2201 indilh-renter
2286 2149 2679 2203 ecclesiasticus
2711 2149 2910 2203 fwdere
2942 2152 3244 2220 nuptiarum
3295 2158 3463 2205 Laue-

1890 2238 2007 2292 ticis
2032 2254 2156 2291 suos
2185 2240 2320 2292 lilios
2352 2238 2594 2307 liliasque
2632 2240 2975 2307 conjungere.

1957 2330 2088 2383 ltetn
2120 2332 2259 2398 quod
2292 2348 2399 2384 non
2438 2343 2687 2399 uportvat
2737 2349 2854 2387 cum
2897 2333 3163 2387 ha'reticis
3204 2335 3392 2389 univcr
3424 2337 3467 2389 is

1887 2423 2191 2490 nuptiarum
2225 2421 2423 2476 fin-dera
2451 2422 2746 2487 celebrare,
2782 2438 2880 2478 nec
2907 2425 2984 2476 eis
3025 2426 3159 2479 hlios
3198 2424 3347 2488 dare,
3381 2428 3465 2479 vel

1887 2512 2041 2577 tilias,
2073 2514 2166 2567 sed
2219 2514 2386 2580 magis
2438 2514 2702 2583 accipere,
2734 2514 2776 2569 si
2819 2524 2993 2569 tamen
3023 2515 3353 2572 Christianos
3403 2532 3463 2571 se

1888 2607 2000 2659 ﬁeri
2030 2607 2361 2674 promittant.

1958 2695 2063 2749 Con
2103 2696 2154 2748 il.
2186 2696 2516 2759 Clldlt'édOlh,
2551 2698 2628 2749 tit.
2662 2696 2748 2749 l-i.
2781 2698 3043 2763 Quoiam
3072 2700 3123 2751 in
3146 2699 3461 2767 quihusdam

1886 2787 2173 2855 provinciis
2222 2801 2535 2840 concessum
2592 2796 2675 2840 est
2727 2788 3016 2841 lectoribus
3065 2797 3119 2840 et
3171 2789 3461 2856 psalmistis

1887 2894 2082 2931 uxores
2111 2878 2331 2945 ducere,
2355 2880 2540 2931 statuit
2566 2887 2748 2932 sancta
2778 2878 3015 2949 synodus
3039 2896 3142 2933 non
3167 2878 3326 2935 licere
3348 2883 3462 2935 cui-

1883 2984 2041 3038 quam
2083 2985 2149 3022 ex
2202 2970 2285 3023 his
2326 2971 2573 3037 accipere
2622 2978 2782 3023 secta:
2820 2970 3037 3024 alterius
3080 2986 3323 3024 uxorem.
3360 2973 3461 3037 Qui

1883 3077 2013 3115 vero
2044 3076 2110 3115 ex
2144 3061 2441 3129 huiusmodi
2483 3062 2731 3129 c0ujugio
2762 3060 2869 3129 jini
2904 3062 3038 3116 titius
3065 3072 3456 3132 Susceperunt,

1883 3154 1926 3207 si
1978 3153 2196 3221 quidem
2250 3155 2503 3221 pncventi
2551 3164 2696 3215 sunt,
2757 3164 2815 3207 ut
2867 3172 2934 3210 ex
2986 3172 3044 3209 se
3082 3158 3293 3224 genitos
3322 3158 3459 3223 apud

203 3256 347 3327 quod
391 3226 647 3308 vindicari
689 3255 866 3309 acrius
917 3254 967 3307 in
1018 3268 1112 3307 eos
1140 3226 1231 3322 qui
1260 3251 1472 3305 luerunt
1497 3250 1778 3312 confutati,
1810 3226 1852 3283 (ἶ
1886 3244 2165 3298 hmreticos
2208 3243 2563 3311 baptizarent,
2603 3245 2798 3298 ollerre
2835 3261 2930 3300 eos
2982 3246 3233 3301 Ecclesiae
3273 3249 3460 3301 catho-

205 3347 572 3409 decernimus,
605 3355 661 3399 ut
689 3345 862 3398 omnis
888 3344 1144 3412 peccandi
1174 3343 1548 3413 opportunitas
1575 3342 1780 3395 adima-

204 3448 307 3491 tur.
355 3436 491 3491 lllud
541 3439 703 3490 etiam
749 3434 997 3490 duximus
1026 3433 1481 3502 pmimoncndum,
1534 3440 1591 3485 ut
1644 3432 1782 3486 sicut

204 3544 309 3582 non
340 3544 464 3594 suo,
516 3528 585 3580 ita
620 3543 724 3580 non
753 3526 927 3579 alieno
960 3526 1193 3585 nomine,
1242 3525 1432 3590 aliquis
1461 3524 1778 3577 clericorum

202 3632 462 3672 exercere
510 3616 659 3669 fenus
701 3623 957 3679 attentet;
992 3613 1245 3667 indecens
1286 3614 1425 3666 enim
1456 3622 1538 3666 est
1577 3612 1777 3667 crimen

200 3721 354 3758 suum
386 3705 686 3759 commodis
713 3704 901 3757 alienis
924 3703 1253 3773 impendere.
1278 3702 1453 3757 Fenus
1475 3710 1652 3754 autem
1678 3703 1780 3755 hoc

200 3794 373 3848 Solum
415 3794 659 3862 aspicere
690 3801 746 3847 et
775 3807 1029 3847 exercere
1075 3792 1349 3854 debemus,
1402 3799 1460 3843 ut
1503 3790 1642 3858 quod
1692 3791 1776 3844 hic

201 3884 625 3938 misericorditer
654 3885 956 3946 tribuimus,
998 3882 1063 3935 ab
1114 3897 1179 3935 eo
1224 3882 1444 3933 Domino
1475 3881 1564 3949 qui
1593 3880 1774 3934 multi-

200 3971 410 4041 pliciter
455 3982 510 4026 et
540 3972 593 4026 in
625 3982 943 4042 perpetuum
970 3986 1219 4025 mansura
1248 3970 1509 4024 retribuet
1538 3968 1778 4038 recipere

198 4062 491 4136 valeamus.

268 4136 601 4206 lix-decretis
634 4170 784 4221 papa:
832 4150 1050 4217 Celasii,
1075 4154 1151 4204 tit.
1192 4150 1278 4204 l5.
1309 4150 1655 4218 Consequens
1682 4145 1777 4201 fuit

197 4253 252 4296 ut
278 4244 366 4298 illa
398 4259 617 4312 quoque
644 4258 761 4311 qua:
791 4242 858 4296 de
908 4241 1088 4297 Piceni
1118 4243 1358 4311 partibus
1384 4256 1557 4309 nuper
1585 4238 1651 4291 ad
1680 4253 1777 4291 nos

196 4334 352 4387 missa
381 4334 572 4386 relatio
597 4332 876 4397 nuntiavit,
907 4348 1011 4387 non
1047 4332 1412 4402 pra-tereunda
1444 4340 1772 4400 putaremus;

195 4425 244 4477 id
272 4434 353 4478 est
387 4424 650 4493 plurimos
693 4425 1007 4477 clericorum
1052 4422 1504 4490 negotiationibus
1546 4422 1773 4475 inhone-

193 4506 286 4569 stis
314 4523 370 4569 et
392 4515 553 4568 lucris
578 4515 818 4582 turpibus
837 4515 1133 4577 imminere,
1156 4514 1301 4568 nullo
1324 4513 1527 4582 pudore
1549 4527 1774 4565 cernen-

194 4613 271 4657 tes
298 4604 670 4671 evangelicam
695 4604 1001 4669 lectionem,
1027 4605 1151 4671 quia
1185 4605 1297 4669 ipse
1324 4604 1576 4657 aniinus
1604 4617 1769 4671 nego-

196 4692 419 4746 tiatores
446 4708 477 4745 e
510 4693 709 4761 templo
734 4693 1045 4747 verberatos
1068 4691 1293 4757 ﬂagellis
1321 4693 1579 4746 asseritur
1607 4705 1777 4758 expu-

193 4784 335 4837 lisse.
381 4785 492 4836 Nec
550 4782 790 4851 Apostoli
841 4782 1002 4835 verba
1034 4784 1351 4845 recolentes,
1397 4783 1589 4849 quibus
1632 4782 1703 4835 ait
1761 4799 1776 4834 :

192 4869 359 4925 Nemo
383 4873 615 4925 militans
644 4871 747 4923 Deo
772 4872 964 4942 obligat
997 4888 1050 4923 se
1084 4874 1301 4941 negotiis
1326 4873 1657 4926 swrttlcribus
1687 4872 1772 4941 (11

194 4959 323 5014 Tim.
362 4966 448 5028 tt).
483 4960 821 5015 Psaltnistam
853 4978 1068 5031 quoque
1122 4963 1286 5015 David
1336 4963 1492 5015 surda
1523 4963 1771 5017 dissimu-

193 5052 360 5105 lantes
400 5068 534 5105 aure
563 5061 871 5105 cantantem
907 5070 919 5104 :
957 5052 1209 5115 Quoniam
1248 5070 1347 5106 non
1384 5055 1595 5123 (σφιουί
1618 5069 1773 5123 nego-

190 5139 449 5201 tiationrs,
480 5139 700 5193 introibo
746 5142 799 5193 in
830 5144 1087 5209 potentias
1122 5142 1331 5195 Domini
1386 5140 1481 5209 (I's
1520 5143 1557 5195 ι.
1590 5148 1716 5209 Lxx)
1754 5161 1765 5196 :

189 5230 410 5295 proinde
444 5230 772 5297 huiusmodi,
804 5240 895 5284 aut
924 5232 992 5285 ab
1019 5231 1248 5300 indignis
1296 5232 1519 5300 posthac
1548 5233 1765 5299 quaesti-

189 5320 286 5375 bus
309 5323 559 5376 noverint
581 5322 978 5389 abstinendum,
1001 5334 1053 5377 et
1081 5325 1147 5377 ab
1176 5324 1422 5377 omnibus
1445 5321 1769 5390 quibuslibet

189 5413 571 5479 negotiationis
616 5414 843 5481 ingeniis
872 5414 1274 5483 cupiditateque
1305 5415 1642 5477 cessandum,
1676 5424 1768 5469 aut

188 5503 238 5556 lo
265 5517 593 5571 quocunque
637 5505 802 5570 gradu
846 5504 953 5557 sint
1001 5504 1181 5573 positi,
1216 5519 1337 5558 mox
1370 5520 1398 5557 a
1428 5504 1767 5558 clericalihus

186 5593 375 5649 oﬂiciis
448 5595 721 5650 abstinere
772 5605 1051 5663 cogantur,
1108 5598 1361 5662 quoniam
1423 5596 1615 5649 domus
1673 5596 1763 5649 Di-i

189 5682 378 5738 domus
407 5686 690 5749 orationis,
736 5693 791 5739 et
836 5700 953 5739 esse
995 5686 1151 5739 debet
1178 5696 1233 5739 et
1263 5684 1387 5747 dici,
1441 5699 1506 5738 ue
1552 5682 1761 5737 ol‘licina

192 5777 565 5846 negotiationis
594 5786 642 5833 cl
675 5779 921 5848 εῖούιιςη
955 5787 1128 5847 potius
1157 5779 1220 5831 sit
1258 5778 1539 5831 latioaum.

1809 4570 1856 4627 D

1884 3335 1997 3389 lica:
2044 3336 2407 3388 communioni
2455 3337 2728 3399 convenit,
2774 3353 2880 3390 non
2932 3338 3232 3406 baptizatos
3282 3350 3460 3393 autem

1885 3440 1989 3478 non
2022 3440 2178 3493 posse
2234 3426 2373 3494 apud
2433 3427 2715 3480 ha'reticos
2770 3428 2992 3483 ulterius
3030 3430 3312 3498 baptizari.
3355 3431 3461 3486 Sed

1882 3533 2059 3585 neque
2116 3519 2358 3585 coyulaii
2414 3518 2574 3572 debet
2627 3531 2855 3588 nuptura
2922 3522 3193 3587 lueretico,
3253 3522 3459 3589 Judmo,

1881 3608 1966 3661 vel
2017 3621 2246 3675 pagano,
2279 3607 2379 3660 nisi
2440 3606 2579 3662 forte
2648 3612 2926 3677 promittat
2983 3614 3048 3665 ad
3104 3616 3460 3670 orthodoxam

1883 3701 2040 3754 liilent
2083 3716 2141 3754 se
2198 3716 2479 3769 personam
2523 3702 2822 3757 orthodoxe
2878 3706 3229 3774 copulandam
3284 3717 3457 3763 trans-

1881 3789 2038 3845 ferre.
2084 3791 2137 3844 Si
2165 3793 2283 3857 quis
2305 3800 2484 3845 autem
2538 3793 2675 3847 hanc
2699 3793 3064 3851 delinitionem
3111 3806 3308 3852 sancta:
3334 3815 3459 3869 syn-

1880 3883 1969 3937 odi
2016 3892 2378 3949 transgressus
2431 3882 2587 3938 fuerit
2619 3927 2633 3951 ,
2673 3890 2995 3957 correptioni
3043 3891 3314 3946 canonica!
3342 3893 3459 3947 sub-

1875 3975 2091 4040 jacehit.

1951 4064 2148 4118 (Jont'il.
2203 4064 2476 4133 Cartltag.,
2530 4066 2665 4120 titul.
2708 4067 2796 4120 2i.
2846 4067 2977 4121 Item
3007 4070 3207 4138 placuit
3263 4080 3316 4125 ut
3365 4072 3455 4125 lilii

1880 4154 2201 4208 clericorum
2232 4156 2521 4221 gentilibus
2557 4157 2643 4210 vel
2696 4159 2961 4214 hmreticis
3008 4161 3059 4213 in
3112 4167 3458 4219 matrimonio

1880 4260 1983 4299 non
2018 4244 2326 4313 junguntur.

1950 4358 2184 4415 XLVIII.
2219 4362 2365 4426 Quod
2410 4378 2510 4416 non
2536 4373 2767 4443 oporteat
2794 4366 2855 4417 ab
2886 4366 3140 4419 limi-etici!
3159 4383 3218 4419 eu
3242 4370 3387 4438 ogias

2550 4449 2794 4501 accrpere.

1950 4524 2148 4577 (Ioncil.
2210 4520 2568 4585 Laodicensi,
2600 4525 2677 4575 tit.
2730 4524 2820 4577 52.
2875 4525 3028 4591 Quod
3058 4542 3162 4579 non
3210 4540 3458 4598 Oporteat

1884 4615 1950 4669 ab
2008 4614 2269 4669 haereticis
2316 4616 2555 4683 eulogias
2627 4618 2888 4686 accipere,
2929 4634 3046 4685 qua:
3100 4629 3225 4672 sunt
3289 4621 3456 4675 male-

1882 4705 2141 4761 dictiones
2188 4706 2365 4774 potius
2410 4722 2567 4776 quam
2598 4707 3016 4762 benedictiones.

1955 4816 2135 4873 XLIX.
2164 4817 2313 4883 Quod
2334 4838 2435 4874 non
2462 4819 2675 4873 debeant
2700 4823 3048 4876 luerelicorum
3079 4826 3385 4893 l'aplisma'u

2483 4896 2824 4959 comprobari.

1952 4978 2014 5032 In
2046 4980 2335 5034 Canonibus
2364 4980 2743 5050 Apostolorum,
2774 4986 2852 5039 tit.
2893 4984 2977 5037 46.
3006 4986 3323 5056 Episcopum
3362 5001 3453 5044 aut

1881 5071 2251 5140 presbyterum
2321 5071 2695 5127 hmreticorum
2746 5077 3122 5145 suscipientem
3190 5080 3451 5146 baptisma

1877 5161 2117 5214 damnari
2165 5163 2526 5231 pratcipimus.
2556 5162 2686 5228 Qua:
2715 5166 2854 5218 enim
2917 5179 3200 5223 conventio
3254 5171 3450 5226 Christi

1877 5252 1939 5305 ad
1998 5252 2183 5309 Belial.
2239 5254 2320 5307 vel
2373 5268 2487 5321 qua:
2527 5269 2649 5322 pars
2705 5254 2842 5310 ﬁdeli
2898 5274 3018 5312 cum
3066 5258 3311 5315 inlidile?

1876 5362 1932 5416 L.
1981 5362 2077 5441 Q.’ll
2099 5365 2132 5416 d
2161 5363 2400 5441 lirclesim
2452 5363 2752 5433 baptismate
2780 5368 3063 5441 (inplicatus
3088 5372 3250 5441 denuo
3281 5373 3450 5441 bapti-

1943 5436 2081 5555 gari.
2130 5450 2232 5515 non
2285 5434 2483 5497 deleat,
2540 5446 2588 5488 et
2630 5455 2730 5491 uou
2781 5434 2853 5491 ita
2914 5438 3199 5508 baptizatus
3269 5434 3451 5498 delicat

1979 5516 2208 5555 .tDillﬂH.

1979 5516 2208 5571 .thtznn.

1948 5592 2008 5646 l't
2068 5594 2355 5649 Curionibus
2413 5598 2791 5665 Apostolorum,
2851 5603 2927 5654 tit.
2981 5601 3069 5655 47.
3133 5600 3443 5671 Episcopus,

1873 5696 1961 5735 aut
2008 5686 2305 5754 presbyter,
2351 5687 2393 5739 si
2425 5704 2544 5740 cum
2589 5690 2677 5756 qui
2702 5692 2991 5745 srcundum
3015 5694 3293 5749 veritatem
3346 5697 3443 5749 ha-

1873 5776 2044 5830 bllt‘t'll
2101 5776 2417 5845 baptismum
2467 5780 2640 5834 denuo
2710 5781 3073 5850 baptizaverit,
3127 5796 3217 5841 aut
3273 5788 3445 5856 pollu-
