4204 6552
781 454 880 509 863

1884 458 2215 514 (ilIlStZONII
2259 456 2577 511 Al"iiIC.-\.\'l
2621 456 2918 513 EPISCOPI

3912 457 4021 514 εει

778 574 889 617 tum
931 565 999 618 ab
1049 566 1246 637 impiis.
1300 577 1321 603 ⁸
1381 580 1434 622 et
1489 585 1592 623 non
1649 580 1794 625 recte
1851 573 2195 640 baptizatum,
2244 589 2349 624 non
2382 580 2422 630 Α
2456 570 2700 639 pieniL'im
2754 571 3000 637 gratiam,
3052 584 3170 623 cum
3229 585 3315 638 ναξ
3356 570 3553 624 itcntia:
3604 571 3835 639 imagine
3883 572 4022 625 reci-

780 653 1148 717 baptizaverit,
1189 658 1507 726 deponatur,
1551 670 1798 728 tanquam
1844 662 2093 716 deridens
2130 677 2343 715 crucem

779 753 832 795 et
889 757 1111 800 mortem
1173 749 1397 815 Domini,
1440 767 1537 805 nec
1575 753 1886 808 sacerdmes
1930 771 1959 807 a
1987 755 2132 808 falsis
2178 768 2347 809 sacer-

783 836 998 890 dotibus
1023 840 1141 906 jure
1169 842 1496 897 discernens.

855 971 935 1024 l.I.
980 973 1126 1036 Quod
1174 981 1221 1029 in
1245 982 1447 1033 nomine
1471 980 1524 1033 1'.-
1541 984 1733 1035 iuita-‘is
1762 984 1939 1037 deli-at
1992 985 2090 1055 bap
2116 987 2262 1040 ἰωή.

858 1081 919 1134 1η
950 1084 1239 1140 (Iunonibus
1281 1091 1354 1155 Ap
1389 1092 1652 1157 stolarum,
1687 1095 1763 1145 tit.
1798 1094 1885 1147 49.
1916 1095 1969 1148 Si
2000 1096 2117 1163 quis
2146 1096 2347 1164 episco-

788 1186 905 1235 pus,
956 1184 1047 1228 aut
1099 1179 1392 1247 presbyter,
1421 1180 1572 1247 juxta
1622 1193 1946 1252 praeceptum
1991 1185 2216 1247 ltomini,
2245 1201 2349 1238 non

788 1260 1133 1327 liaptizaverit
1188 1267 1239 1317 in
1297 1270 1514 1324 nomine
1575 1270 1765 1335 Patris,
1814 1284 1868 1327 et
1926 1274 2065 1341 Filii,
2102 1285 2156 1328 et
2185 1275 2354 1345 Spiri-

790 1364 872 1405 ius
906 1355 1096 1417 sancti,
1152 1357 1243 1409 sed
1295 1359 1345 1412 in
1401 1362 1567 1415 tribus
1594 1365 1710 1418 sine
1756 1366 1905 1420 initio
1935 1367 2227 1435 principiis,
2262 1375 2354 1421 aut

789 1442 839 1493 in
870 1443 1037 1497 tribus
1067 1446 1204 1510 ﬁliis,
1229 1459 1322 1502 aut
1349 1451 1399 1503 in
1430 1461 1477 1504 tr
1497 1452 1595 1507 bus
1626 1457 1930 1521 paracletis,
1961 1457 2260 1525 abjiciatur.

859 1552 963 1607 LII.
1022 1554 1099 1616 Qu
1137 1558 1170 1607 ti
1198 1577 1298 1611 mm
1335 1562 1509 1613 delirat
1534 1580 1639 1615 una
1678 1582 1725 1616 in
1758 1568 1862 1618 rsio
1882 1568 1935 1617 in
1963 1567 2284 1632 baptismate,

1038 1629 1183 1692 clausi
1234 1632 1286 1680 in
1342 1644 1501 1684 morte
1546 1632 1773 1699 Domni,
1825 1629 2106 1704 prorenirc.

863 1730 925 1783 In
981 1734 1269 1790 Canoiibits
1334 1742 1490 1808 .lpost
1529 1744 1711 1805 lorum,
1751 1756 1825 1797 tt.
1878 1746 1965 1801 ὅ).
1996 1749 2048 1801 Si
2090 1748 2208 1815 quis
2254 1750 2359 1817 cpi-

791 1839 1003 1892 scopus,
1034 1838 1124 1881 aut
1147 1834 1329 1903 prcshy
1347 1844 1445 1897 ter,
1476 1854 1579 1889 non
1615 1840 1805 1893 trinam
1842 1842 2159 1897 mersionem
2204 1844 2360 1898 unius

794 1917 1030 1983 mystcrii
1078 1919 1449 1985 celebret,sed
1490 1928 1654 1980 semel
1683 1940 1888 1997 mergat
1928 1931 1980 1984 in
2020 1932 2355 2000 baptismate,
2394 1925 2433 1983 Β

792 2004 933 2069 quod
982 2008 1095 2059 dari
1156 2010 1364 2064 videtur
1406 2014 1458 2067 in
1502 2015 1707 2071 Domini
1756 2030 1949 2086 morte,
2024 2023 2255 2090 deponat
2280 2040 2357 2078 tr:

793 2108 898 2144 non
953 2096 1094 2150 enim
1148 2098 1279 2152 dixit
1335 2103 1486 2157 nobis
1556 2106 1807 2161 Dominus
1856 2127 1870 2163 :
1915 2110 1968 2164 In
2019 2122 2190 2166 morte
2246 2128 2362 2166 mea

795 2184 1081 2252 baptizate,
1108 2191 1198 2243 sed
1233 2210 1245 2243 :
1280 2191 1477 2249 Enntes
1505 2197 1695 2252 docete
1722 2217 1910 2254 omnes
1936 2213 2140 2269 gentes,
2194 2204 2366 2273 bapti-

796 2284 980 2330 Lantes
1028 2293 1121 2334 eos
1165 2281 1218 2336 in
1251 2285 1467 2339 nomine
1507 2288 1701 2357 Patris,
1752 2299 1808 2345 et
1848 2290 1989 2355 Filii,
2043 2303 2095 2348 et
2138 2295 2366 2364 Spiritus

792 2366 985 2419 sancti.

1034 2480 1157 2536 LIII.
1213 2484 1290 2538 De
1346 2490 1552 2544 Ar'anis
1600 2509 1701 2547 non
1731 2497 2130 2566 rebaptizandis.

869 2591 945 2644 Et
991 2597 1203 2652 decretis
1241 2617 1390 2669 papa’
1439 2603 1638 2669 Siririi,
1696 2610 1827 2661 ti‘ul.
1883 2612 1933 2664 1.
1974 2612 2147 2665 Prima
2188 2614 2368 2683 itaque

798 2685 1004 2752 pagina:
1056 2696 1158 2743 tua:
1207 2690 1385 2748 fronte
1438 2697 1655 2764 signasti
1710 2702 2009 2770 baptizatos
2062 2706 2130 2758 ab
2196 2706 2370 2774 impiis

799 2775 1012 2831 Arianis
1069 2780 1328 2848 plurimos
1379 2787 1447 2839 ad
1508 2787 1663 2842 ﬁdem
1713 2792 2033 2848 catholicam
2093 2796 2365 2861 festinare,

796 2876 853 2920 et
898 2869 1153 2933 quosdam
1210 2873 1279 2927 de
1352 2875 1606 2932 {ratrilus
1680 2884 1874 2936 nostris
1920 2884 2136 2938 eosdem
2190 2886 2370 2941 denuo

799 2960 1073 3025 baptizare
1110 2960 1265 3028 velle,
1312 2967 1454 3033 quod
1504 2985 1607 3021 non
1637 2970 1786 3037 licet,
1836 2989 1957 3027 cum
2010 2974 2113 3029 hoc
2175 2976 2285 3030 ﬁeri
2315 2984 2371 3030 et

798 3052 1088 3117 Apostolus
1149 3065 1314 3118 vetet,
1381 3068 1435 3111 et
1486 3075 1719 3116 canones
1745 3064 2136 3133 contradicanl,
2166 3076 2221 3121 et
2252 3077 2372 3135 post

798 3149 1067 3195 cassatum
1118 3141 1453 3200 Ariminense
1500 3151 1785 3205 concilium
1833 3154 1994 3209 missa
2048 3156 2113 3208 ad
2162 3158 2370 3225 provin-

2447 663 2687 729 piamus?
2725 659 2971 715 Gravitas
3002 661 3183 729 itaque
3215 670 3311 713 tua
3337 663 3448 717 Inuc
3499 661 3564 715 ad
3619 664 3866 717 notitiam
3926 680 4024 717 eo.

2447 754 2840 821 episcoporum,
2866 754 2948 806 vel
2987 768 3080 822 per
3111 753 3391 822 synodum,
3420 755 3462 807 si
3500 763 3696 824 potest,
3712 756 3799 810 vel
3816 771 3914 824 per
3929 757 4026 809 ha-

2448 857 2564 895 rum
2606 842 2970 895 recitationem
2997 842 3156 895 faciat
3185 844 3489 910 pervenire,
3539 854 3598 899 ut
3628 861 3747 913 qua!
3770 846 3885 915 ipse
3911 856 4023 899 tam

2452 932 2752 985 necessario
2783 942 3126 999 percontatus
3160 948 3236 993 es,
3281 942 3336 986 et
3366 949 3463 986 nos
3500 935 3718 990 elimate
3754 937 4027 1005 respondi-

2451 1035 2585 1081 mus,
2603 1021 2871 1074 communi
2886 1019 3125 1073 omnium
3145 1021 3705 1092 consensusuidioque
3720 1034 4025 1079 serventur.

2522 1149 2651 1203 LIV.
2689 1149 2762 1202 De
2792 1152 2869 1203 Iis
2910 1151 2993 1218 qui
3022 1151 3263 1201 dicuntur
3290 1148 3526 1215 Cathari,
3547 1151 3601 1202 id
3626 1162 3720 1217 est,
3753 1154 3957 1207 mundi.

2527 1259 2722 1313 Conril.
2777 1259 3018 1324 Nicwno,
3070 1263 3148 1313 tit.
3200 1258 3253 1312 8.
3306 1258 3381 1315 De
3424 1262 3505 1315 his
3554 1263 3645 1330 qui
3704 1278 3765 1318 se
3827 1278 4029 1331 (ξος,ηο-

2455 1352 2660 1403 minant
2688 1350 2969 1411 Catliaros,
2993 1350 3043 1402 id
3071 1357 3171 1409 est,
3205 1349 3454 1413 mundos,
3485 1352 3527 1403 si
3560 1352 3846 1418 aliquando
3866 1368 4029 1406 vene-

2458 1440 2648 1493 rintad
2673 1438 2967 1493 Ecclesiain
2985 1437 3330 1502 catholicam,
3377 1439 3576 1505 placuit
3602 1450 3789 1493 saneto
3830 1449 3886 1493 et
3912 1457 4029 1493 nia-

2457 1544 2564 1596 gno
2620 1529 2850 1584 concilio
2909 1539 2988 1589 ut,
3020 1528 3417 1598 impositionem
3447 1545 3633 1584 manus
3680 1533 4035 1600 accipientes,

2458 1622 2535 1674 sie
2584 1621 2634 1672 in
2684 1620 2830 1673 clero
2860 1628 3231 1688 permaneant.
3274 1618 3397 1674 Ibec
3442 1628 3619 1673 autem
3649 1636 3756 1689 prae
3785 1624 4036 1676 omnibus

2460 1725 2554 1764 eos
2602 1708 2811 1776 scriptis
2856 1710 3111 1762 convenit
3178 1709 3417 1777 proﬁteri
3467 1710 3610 1777 quod
3648 1712 3924 1765 catholica:
3982 1721 4036 1765 et

2462 1799 2773 1868 apostolicae
2830 1798 3081 1852 Ecclesia:
3120 1797 3367 1865 dogmata
3394 1800 3687 1866 suscipiant
3724 1809 3779 1853 et
3807 1814 4035 1869 sequan-

2465 1898 2573 1955 tur,
2617 1888 2666 1941 ιιι
2698 1895 2802 1951 est,
2850 1897 2907 1941 et
2932 1888 3155 1955 bigamis
3196 1904 3256 1943 se
3285 1889 3706 1955 communicare,
3744 1899 3799 1944 et
3829 1891 3910 1946 his
3944 1894 4035 1960 qui

2466 1979 2517 2031 in
2581 1978 2957 2045 persecutione
3004 1978 3240 2046 prolapsi
3288 1988 3431 2041 sunt,
3476 1993 3599 2046 erga
3632 1996 3769 2049 quos
3807 1992 3863 2036 et
3914 1998 4028 2051 spa-

2466 2068 2535 2120 tia
2563 2068 2847 2122 constituta
2868 2076 3013 2133 sunt,
3042 2077 3097 2121 et
3127 2077 3363 2136 tempora
3395 2069 3634 2135 deﬁnita,
3666 2080 3719 2123 ut
3750 2073 3821 2125 ita
3856 2070 4039 2127 Eccle-

2465 2160 2555 2211 sia:
2608 2157 2887 2210 catholica:
2934 2166 2990 2210 et
3036 2158 3344 2226 apostolica:
3388 2158 3581 2226 placita
3641 2172 3937 2228 sequantur
3990 2162 4041 2215 in

2466 2252 2731 2308 omnibus.
2776 2248 3086 2319 Ubicunque
3144 2265 3292 2314 vero,
3334 2250 3445 2304 sive
3499 2251 3552 2304 in
3606 2252 3913 2305 civitatibus
3943 2253 4041 2319 ipsi

2466 2342 2568 2396 soli
2614 2340 2811 2407 reperti
2865 2339 3063 2392 l'uerint
3107 2338 3360 2400 ordinati,
3433 2339 3518 2408 qui
3572 2339 3917 2394 inveniuntur
3991 2342 4043 2393 in

2468 2435 2635 2495 clero,
2678 2434 2730 2487 in
2754 2434 2945 2486 eodem
2972 2431 3156 2485 habitu
3184 2442 3529 2499 perseverutt
3559 2449 3575 2486 :
3625 2434 3712 2485 ubi
3739 2443 3919 2487 autem
3950 2448 4042 2487 ca-

2470 2524 2682 2578 tholica:
2734 2522 2988 2577 Ecclesia:
3034 2524 3316 2590 episcopo,
3348 2524 3430 2575 vel
3480 2524 3813 2593 presbytero.
3846 2525 4046 2577 consti—

2471 2624 2587 2668 tuto
2633 2614 2850 2681 quidam
2894 2628 2962 2666 ex
3008 2612 3111 2665 illis
3165 2612 3477 2678 adveniunt,
3516 2621 3720 2667 certum
3769 2621 3852 2666 est
3904 2614 4049 2681 quod

2469 2705 2753 2773 episcopus
2802 2702 3045 2758 ecclesia:
3082 2701 3305 2757 habebit
3328 2704 3579 2771 'episcopi
3624 2704 3959 2771 dignitatem.
4002 2702 4052 2757 Is

2471 2807 2649 2853 autem
2690 2796 2783 2864 qui
2838 2797 3148 2850 nominatur
3190 2796 3333 2864 apud
3367 2812 3464 2850 eos
3518 2797 3825 2866 episcopus,
3878 2797 4053 2849 hono-

2472 2904 2584 2943 rem
2639 2887 2958 2957 presbyterii
3018 2886 3333 2955 possidebit,
3402 2887 3505 2942 nisi
3582 2886 3719 2940 fortc
3788 2887 4055 2955 placuerit

2472 2979 2725 3045 episcopo
2752 2976 2983 3029 n'ominis
3038 2990 3160 3028 eum
3192 2977 3396 3031 honore
3422 2980 3656 3033 censeri.
3712 2976 3765 3030 Si
3793 2991 3923 3030 vero
3950 2978 4053 3030 hoc

2472 3070 2521 3123 ei
2555 3069 2777 3121 minime
2820 3067 3104 3135 placuerit,
3134 3069 3435 3136 providebit
3471 3071 3544 3135 ei,
3573 3080 3665 3123 aut
3709 3071 4049 3140 chorepisco-

2473 3168 2647 3227 patus,
2681 3167 2775 3211 aut
2820 3157 3162 3226 presbyterii,
3215 3156 3411 3221 locum,
3445 3168 3503 3211 ut
3548 3159 3597 3211 in
3642 3160 3789 3213 clero
3831 3176 4055 3230 prorsus

798 3230 910 3284 cias
945 3247 975 3284 a
1004 3236 1317 3289 veneranda:
1344 3241 1615 3294 memoria:
1645 3242 2036 3309 prxdecessore
2062 3262 2181 3301 meo
2207 3246 2364 3302 Lihe-
2397 3265 2440 3325 ρ
2471 3265 2591 3304 esse
2618 3248 2882 3312 videatur,
2909 3262 3011 3303 nec
3052 3249 3106 3303 in
3137 3264 3242 3302 una
3264 3250 3482 3305 civitate
3502 3250 3611 3304 duo
3638 3250 3879 3321 episcopi
3930 3269 4053 3322 pro-

800 3320 880 3375 rio
947 3325 1215 3391 generalia
1265 3329 1484 3385 decreta
1531 3333 1883 3401 prohibeant;
1930 3352 2068 3405 quos
2099 3354 2197 3393 nos
2249 3355 2373 3395 cum

801 3411 1131 3481 Novatianis,
1183 3417 1408 3485 aliisque
1437 3420 1723 3487 limreticis,
1780 3426 1918 3480 sicut
1966 3430 2126 3480 estin
2169 3431 2375 3497 synodo

800 3503 1175 3571 constitutum,
1243 3522 1340 3575 per
1369 3508 1766 3567 invocationem
1825 3515 1993 3568 solam
2050 3518 2377 3585 septifurmis

799 3592 1049 3659 Spiritus,
1105 3596 1426 3665 episcopalis
1482 3617 1673 3656 manus
1721 3603 2065 3673 impositione
2092 3606 2375 3661 catholico-

800 3697 919 3735 rum
960 3687 1254 3740 conventui
1284 3689 1593 3745 socianius:
1643 3694 1787 3760 quod
1817 3695 1977 3749 etiam
2009 3705 2151 3751 totus
2187 3698 2380 3753 Oriens

801 3773 1169 3842 Occidensque
1228 3780 1479 3840 custodit,
1525 3797 1559 3834 a
1612 3797 1719 3850 quo
1772 3786 1981 3840 tramite
2030 3802 2126 3841 vos
2163 3803 2378 3856 quoque

802 3863 1027 3930 pestliac
1074 3867 1293 3922 minime
1348 3873 1601 3925 convenit
1659 3874 1897 3936 deviare,
1970 3878 2013 3931 si
2063 3894 2168 3932 non
2223 3881 2378 3935 vultis

802 3968 833 4004 a
876 3962 1062 4007 nostro
1110 3958 1339 4026 collegio
1389 3962 1633 4030 synodali
1663 3968 1925 4018 .ententia
1957 3970 2214 4035 separari.

875 4040 957 4095 Ex
1003 4045 1143 4098 decr.
1193 4064 1343 4116 pupa:
1392 4048 1598 4115 Iunoc.,
1634 4054 1711 4107 tit.
1746 4055 1833 4109 47.
1880 4056 2108 4113 Arianos
2157 4069 2376 4128 prseter-

803 4150 867 4187 ea
913 4144 1243 4205 exterasque
1285 4140 1524 4207 ejusdem
1565 4147 1707 4200 modi
1753 4156 1968 4215 pestes,
2017 4151 2140 4218 quia
2192 4167 2377 4206 eorum

807 4222 973 4277 laicos
1019 4240 1306 4282 conversos
1361 4230 1426 4283 ad
1470 4232 1751 4288 Dominum
1805 4240 1902 4290 sub
1935 4240 2162 4308 imagine
2212 4244 2377 4308 paeni-

807 4312 1006 4375 tentia:,
1052 4329 1115 4368 ac
1135 4317 1307 4370 sancti
1336 4318 1565 4386 Spiritus
1588 4325 2031 4391 sanctiﬁcatione,
2065 4344 2159 4395 per
2192 4346 2379 4383 manus

809 4400 1206 4469 impositionem
1261 4407 1594 4475 suscipimus,
1628 4426 1733 4464 non
1776 4414 1983 4467 videtur
2017 4416 2241 4471 clericos
2288 4434 2376 4471 co-

812 4505 926 4541 rum
958 4506 1079 4544 cum
1110 4495 1417 4558 sacerdotii,
1469 4510 1561 4553 aut
1587 4504 1863 4558 ministerii
1898 4508 2211 4575 cujuspiam,
2252 4526 2380 4564 sus-

808 4579 986 4647 cipere
1031 4582 1307 4651 dignitate,

812 4678 982 4724 ratum
1035 4687 1153 4727 esse
1204 4678 1578 4744 permittimus,
1624 4685 1767 4751 quod
1821 4687 2001 4754 utique
2059 4690 2109 4742 in
2165 4695 2381 4749 nomine

811 4760 1005 4825 Patris,
1058 4775 1110 4816 et
1160 4765 1298 4831 Filii,
1355 4781 1408 4822 et
1453 4772 1681 4839 Spiritus
1733 4779 1902 4831 sancti
1943 4781 2230 4848 perﬁcitur,
2277 4801 2379 4839 non

811 4866 1054 4909 sanctum
1087 4858 1343 4927 Spiritum
1376 4880 1469 4917 eos
1484 4868 1677 4922 habere
1693 4885 1758 4923 ex
1779 4872 1866 4924 illo
1886 4874 2059 4942 haptis
2083 4886 2203 4929 nate
2233 4879 2377 4932 aliis-

809 4961 913 5010 que
958 4950 1223 5017 mysteriis
1264 4953 1603 5021 arbitramur,
1662 4962 1914 5026 quoniam
1970 4981 2089 5019 cum
2128 4984 2157 5019 a
2192 4970 2379 5023 catho-

814 5035 911 5088 lica
970 5038 1070 5090 ﬁde
1122 5054 1306 5093 eorum
1365 5055 1611 5100 auctores
1664 5051 2024 5108 desciscerent
2100 5059 2380 5125 perfectio-

814 5142 933 5178 uem
966 5127 1212 5195 Spiritus,
1232 5148 1389 5199 quain
1420 5150 1756 5206 acceperant,
1789 5147 2103 5211 amiserunt,
2128 5165 2226 5203 nec
2252 5151 2380 5206 dare

813 5216 927 5282 ejus
979 5220 1357 5284 plenitudinem
1390 5237 1629 5292 possunt,
1660 5246 1776 5298 qua:
1805 5236 2036 5289 maxime
2088 5239 2140 5290 in
2170 5242 2380 5293 ordina-

817 5308 1047 5360 tionibus
1101 5323 1371 5377 0peratur,
1418 5332 1573 5383 quain
1630 5337 1723 5387 per
1765 5321 2054 5391 impietatis
2098 5344 2205 5382 sum
2262 5346 2381 5398 per-

820 5394 992 5447 tidiam
1042 5401 1215 5463 potiuv
1244 5418 1398 5468 quam
1432 5407 1584 5459 ﬁJem
1618 5410 1841 5465 dixerim
1875 5418 2236 5481 perdiderunt.
2262 5394 2382 5486 -Qni

818 5484 956 5535 enim
1004 5487 1111 5539 ﬁeri
1145 5500 1319 5555 potest
1358 5504 1413 5545 ut
1434 5511 1617 5551 eorum
1650 5504 1899 5566 proiinos
1947 5509 2251 5563 sacerdotes
2295 5514 2373 5565 di-

819 5585 951 5633 gnos
980 5576 1170 5631 Christi
1226 5581 1514 5639 honoribus
1565 5591 1912 5659 arbitremur,
1948 5613 2174 5664 quorum
2218 5603 2382 5659 Iaicos

824 5662 1180 5731 ιηιιιριῖεειξιυετ
1251 5681 1305 5722 ιιι
1355 5676 1491 5735 dixi,
1548 5680 1609 5730 .ttI
1656 5685 1824 5735 sancti
1910 5687 2134 5755 Siti-ilus
2213 5694 2379 5761 perci-

896 5819 915 5842 λ
952 5812 1068 5867 Ηιι·
1120 5821 1276 5871 ιριιυέι
1312 5840 1415 5878 non
1465 5838 1580 5880 sunt.
1634 5833 1770 5897 apud
1818 5835 2027 5890 Dionis.
2082 5842 2231 5910 Εκπρ-

2477 3338 2673 3393 bentur
2694 3339 2944 3393 existere.

2548 3452 2657 3506 LV.
2690 3451 2967 3519 Deliisqui
2995 3469 3029 3505 a
3056 3451 3219 3505 Paulo
3234 3452 3573 3534 Saniosateno
3605 3454 3674 3507 ad
3698 3454 3987 3510 EccleJam

3145 3533 3370 3576 veniunt.

2551 3635 2622 3689 Co
2661 3638 2742 3689 cil.
2807 3635 3043 3702 Nil-ano,
3098 3638 3178 3691 tit.
3225 3638 3313 3693 l9.
3356 3638 3432 3694 De
3484 3639 3822 3697 Paulianistis
3868 3645 3938 3698 ad
3964 3644 4052 3698 Ec-

2477 3726 2698 3779 clesium
2746 3727 3065 3780 catholicam
3109 3728 3540 3797 confugientibus
3568 3731 3811 3788 deﬁnitio
3851 3737 4053 3804 prolata

2477 3823 2578 3877 est,
2637 3824 2693 3868 ut
2741 3816 3079 3883 baptizentur
3130 3819 3473 3874 omnimodis.
3516 3821 3573 3875 Si
3626 3825 3716 3893 qui
3765 3836 3947 3880 autem
3992 3829 4053 3882 de

2478 3902 2561 3956 his
2613 3905 2883 3971 praeterito
2921 3912 3165 3975 tempore
3205 3907 3258 3960 in
3312 3910 3457 3963 clero
3488 3910 3708 3979 fuerint,
3747 3915 3794 3968 si
3845 3918 4054 3984 quidem

2478 3991 2825 4055 immaculati,
2869 4001 2926 4047 et
2984 3995 3481 4064 irreprehensibiles
3530 4006 3918 4074 apparuerint,
3960 4009 4053 4062 ha-

2479 4079 3000 4148 ptizatiordinentnr
3037 4085 3104 4137 ab
3139 4085 3396 4154 episcOpo
3446 4087 3695 4145 Ecclesiae
3739 4096 4055 4150 catholica:

2479 4170 2623 4237 quod
2671 4171 2713 4223 si
2740 4170 3000 4227 discessio
3044 4174 3366 4242 incongruos
3396 4179 3681 4245 invenerit,
3711 4183 3873 4252 abjici
3926 4189 4059 4241 tales

2477 4263 2788 4316 conveniet.
2840 4261 3097 4317 Similiter
3144 4276 3321 4319 autem
3394 4277 3450 4322 et
3499 4271 3568 4325 de
3617 4272 3958 4341 diaconissis,
4007 4288 4061 4331 et

2480 4352 2698 4404 omnino
2726 4352 2794 4406 de
2823 4353 2904 4406 his
2933 4354 3025 4421 qui
3053 4356 3151 4408 sub
3199 4359 3380 4425 regula
3409 4370 3706 4428 versantur,
3742 4364 3857 4421 hanc
3892 4367 4057 4421 forma

2479 4443 2796 4496 servabitur.
2855 4442 3190 4499 Meminimus
3244 4456 3423 4502 autem
3462 4450 3530 4504 de
3580 4452 3900 4511 diaconissis
3943 4473 4059 4525 qua:

2483 4535 2534 4585 in
2583 4534 2772 4587 eodem
2816 4533 2999 4588 habitu
3020 4551 3139 4590 esse
3168 4540 3478 4608 probantur,
3509 4542 3654 4608 quod
3682 4559 3790 4598 non
3823 4546 4061 4600 habeant

1367 4592 1617 4655 quoniam
1666 4595 1860 4661 quibus
1900 4597 2071 4652 solum
2118 4600 2379 4669 baptisma

2485 4639 2675 4676 manus
2734 4624 3152 4693 impositimietn,
3192 4637 3249 4681 et
3286 4628 3408 4684 ideo
3454 4632 3628 4688 modis
3672 4637 3925 4691 omnibus
3972 4653 4062 4691 cas

2492 4715 2629 4769 inter
2666 4717 2830 4770 Iaicos
2877 4718 3141 4786 deputari.

2596 4826 2724 4881 LVI.
2785 4827 2860 4880 D:
2915 4829 3032 4883 aliis
3081 4831 3332 4913 Itwreticis
3387 4837 3473 4903 qui
3543 4837 3612 4888 ad
3658 4837 3950 4893 Ecclesium

3153 4914 3378 4957 veniunt.

2560 5006 2755 5059 (Ioncil.
2806 5009 3131 5073 L'iodweusi,
3184 5012 3260 5063 tit.
3318 5012 3371 5064 7.
3427 5013 3502 5067 De
3560 5013 3642 5068 his
3718 5019 3810 5083 qui
3863 5022 3934 5071 ab
3960 5020 4064 5073 hae;

2484 5097 2664 5150 reticis
2712 5108 3115 5162 convertuntur.
3159 5101 3212 5154 id
3258 5110 3360 5167 est,
3414 5103 3741 5168 Novatianis,
3788 5124 3818 5160 a
3846 5118 3884 5162 ιι
3928 5109 4063 5164 ΡΙιο-

2486 5188 2742 5248 tinianis,
2793 5197 2884 5240 aut
2955 5188 3534 5248 Tessarescaedecatitis
3566 5236 3582 5261 ,
3638 5197 3751 5250 sive
3810 5200 4060 5267 baptizali

2484 5279 2594 5331 sint
2640 5278 2732 5337 illi.
2768 5293 2862 5331 seu
2918 5281 3313 5347 catechumeni,
3372 5299 3477 5337 non
3523 5294 3647 5339 ante
3704 5290 4063 5357 suscipiantur

2485 5383 2643 5434 quain
2696 5383 2881 5421 omnes
2930 5370 3159 5425 Intereses
3203 5373 3671 5439 anathematizent,
3699 5386 3754 5431 et
3801 5381 4064 5448 praecipue

2489 5456 2629 5506 illam
2668 5470 2770 5520 qua
2800 5456 3207 5525 detinebantur;
3235 5470 3289 5514 et
3336 5473 3460 5517 tunc
3482 5465 3697 5519 demum
3748 5467 3785 5520 ii
3810 5468 3902 5535 qui
3930 5470 4061 5538 apud

2490 5557 2584 5593 eos
2632 5542 2946 5597 dicebantur
2996 5547 3199 5610 ﬁdeles,
3230 5560 3423 5605 nostra:
3446 5552 3740 5609 doceantur
3768 5557 3893 5611 ﬁJei
3926 5576 4065 5629 synio

2490 5631 2689 5694 bolunt,
2723 5642 2776 5685 et
2807 5637 2947 5688 uncti
2979 5648 3166 5692 sancto
3188 5641 3495 5708 chrismate,
3523 5646 3597 5699 sic
3628 5650 3899 5716 mysteriis
3930 5668 4064 5705 cum.

2487 5720 2752 5776 municcnt
2774 5728 3141 5781 sacrosanctis.
