4204 6546
189 381 291 436 865

1411 371 1614 426 11111·λί
1639 369 1833 422 1111ιὲξί
1877 367 2290 427 (ἶλΝῑὶῚΙιὶυλΙ.

3349 371 3451 430 866

192 494 339 550 LVll.
381 494 466 577 tie
517 494 597 546 liis
628 493 714 560 qui
744 491 854 544 ueni
894 502 944 542 u:
981 490 1043 542 ab
1085 488 1269 542 lina-esi
1297 485 1658 553 (fataplirggar
1697 499 1744 533 in
1801 485 1845 542 Λ
1879 499 1954 540 ie,
1988 484 2078 534 sed
2117 493 2259 537 tuam
2291 483 2720 537 communionem
2755 498 2860 536 non
2892 484 3130 552 potuisse
3155 490 3368 550 mereri,
3396 506 3456 540 t‘.|

253 607 451 662 Conril.
485 605 678 660 Laodic
711 607 833 669 nail,
862 605 941 656 tit.
969 601 1022 655 8.
1052 601 1125 654 De
1154 601 1235 652 his
1264 598 1352 667 qui
1382 602 1773 652 convertuntur

186 703 250 755 ab
295 699 490 754 limresi
532 714 650 767 quin
671 697 863 750 dicitur
893 694 1374 763 Cataphrygarum,
1413 689 1513 742 etsi
1546 688 1598 740 in
1628 688 1771 740 cli-ro

185 791 272 859 qui
296 790 440 860 apud
469 803 564 843 eos
591 803 710 842 esse
725 786 962 840 creditur
981 783 1198 846 l'uerint,
1223 780 1323 835 etsi
1347 779 1580 832 maxime
1609 777 1772 829 iionii-

185 893 398 945 nentur,
420 882 518 936 hos
539 881 638 936 sub
661 879 809 934 omni
831 875 1103 946 diligentia
1135 874 1201 926 ab
1225 871 1494 941 episcopis
1518 868 1771 921 Ecclesiae

187 979 262 1032 vel
303 973 633 1046 presbyteris
663 971 853 1026 instrui
901 977 958 1023 et
1004 965 1261 1036 baptizari
1289 960 1591 1018 conveniet.

269 1085 451 1142 LVIII.
513 1083 588 1139 De
632 1084 710 1136 In;
762 1083 847 1151 qui
909 1080 1116 1151 venint
1170 1093 1202 1128 a
1258 1070 1586 1136 Novatianis,
1636 1077 1683 1121 et

780 1149 1157 1205 dloutensibus.

251 1271 337 1326 Ex
363 1270 580 1326 decretis
607 1283 756 1338 papa:
787 1263 1102 1327 Innocentii,
1133 1270 1213 1313 tit.
1237 1257 1326 1311 l5.
1352 1257 1420 1311 Ut
1445 1253 1720 1307 venientes
1743 1264 1771 1302 a

183 1359 602 1426 Novatianisntel
629 1355 1018 1418 Monteusibus,
1047 1366 1142 1422 per
1163 1363 1351 1402 manus
1376 1353 1580 1398 tantum
1600 1341 1770 1406 impo-

182 1458 432 1509 sitionem
461 1449 846 1518 suscipiantur,
876 1445 1000 1512 quia
1017 1439 1262 1510 quamvis
1288 1438 1355 1491 ab
1378 1431 1660 1489 haereticis.
1697 1439 1763 1481 ta-

183 1563 302 1599 nien
327 1546 378 1598 in
411 1541 612 1596 Christi
642 1539 862 1594 nomine
882 1534 1138 1604 baptizali
1161 1539 1303 1591 sunt,
1333 1541 1528 1598 printer
1558 1539 1653 1576 eos
1682 1520 1770 1587 qui

185 1636 320 1690 forte
343 1650 374 1687 a
399 1632 555 1686 nobis
575 1631 642 1682 ad
667 1629 786 1682 illos
804 1632 1146 1680 transeuntes
1170 1638 1181 1671 :
1209 1615 1523 1685 rebaptizati
1551 1619 1671 1664 sunt
1697 1628 1709 1670 ;
1730 1609 1774 1660 si

184 1728 582 1794 re~ipiscentes,
607 1728 664 1774 et
703 1717 886 1771 ruinas
915 1729 1042 1768 suas
1081 1711 1402 1778 cogitantes,
1448 1705 1624 1758 redire
1670 1717 1774 1752 ma-

183 1790 412 1878 luerint,
429 1813 531 1871 sub
548 1813 704 1881 longa
723 1806 1055 1881 paenitentis:
1076 1801 1441 1857 satisfactione
1460 1790 1772 1848 admittendi

181 1918 320 1964 sunt.

185 2021 315 2076 LIX.
352 2019 432 2072 De
455 2017 757 2072 Bonosian's
789 2012 1064 2073 Iiwreti'i'is,
1095 2007 1230 2077 quod
1259 2003 1458 2056 Juda'is
1489 2008 1608 2051 sunt
1639 2011 1774 2077 coin-

248 2091 518 2162 parandi,
566 2099 614 2139 cl
667 2089 728 2138 de
771 2067 1118 2150 suscipiendis
1159 2079 1376 2152 (terit-it,
1452 2087 1574 2149 quos
1642 2067 1775 2118 tn'cm

257 2151 514 2216 Bitonis
545 2169 820 2225 antequam
862 2155 1201 2205 damnaretur
1241 2151 1514 2199 ordinavit.

252 2277 336 2327 Ea:
402 2273 622 2325 decretis
677 2282 825 2336 papae
877 2263 1187 2324 Innoieiitii,
1250 2260 1330 2312 tit.
1380 2255 1469 2310 49.
1517 2253 1774 2306 Innocen-

183 2366 284 2420 ti-us
328 2362 622 2417 Laurentio
651 2360 906 2428 episcopo
933 2353 1198 2409 Seniensi.
1237 2350 1332 2404 Diu
1376 2345 1551 2402 mirati
1593 2356 1777 2396 sumus

179 2455 494 2510 dilection.s
555 2462 656 2504 tute
728 2449 922 2503 litteris
989 2445 1143 2499 lectis
1214 2439 1496 2495 haereticos
1566 2432 1777 2488 Pliotini

184 2561 396 2600 venena
455 2551 732 2598 iectantes
783 2540 837 2593 iii
869 2537 1143 2592 territorio
1185 2530 1488 2588 dilectionis
1544 2539 1776 2580 tutenon

181 2637 358 2691 solum
412 2651 557 2699 esse,
607 2631 702 2686 sed
753 2639 810 2685 et
857 2628 1068 2698 publice
1126 2625 1226 2679 sibi
1283 2618 1674 2681 conventicula,
1726 2615 1777 2667 in

185 2731 496 2797 aliquorum
542 2722 974 2795 possessionibus
1020 2731 1338 2790 pia-parere,
1380 2728 1499 2768 cum
1551 2711 1618 2764 de
1665 2717 1779 2762 toto

185 2837 324 2893 pene
407 2819 542 2875 orbe
614 2829 879 2884 nusquam
946 2822 1055 2866 tam
1125 2809 1278 2864 inulti
1339 2819 1501 2874 quam
1564 2803 1629 2855 ad
1683 2814 1780 2852 vos

181 2891 487 2978 delegerint
553 2908 820 2961 habitare.
905 2901 1143 2968 Quorum
1228 2897 1488 2954 doctrina:
1567 2891 1781 2946 nefaria.-

182 3012 381 3058 auctor
431 3001 646 3055 Marcus
698 2999 898 3053 dudutn
951 2995 1018 3049 de
1065 2995 1198 3047 urbe
1248 2995 1432 3059 pulsus
1464 2985 1781 3040 temeritatis

183 3105 349 3150 tanta:
390 3103 475 3149 est
514 3093 709 3146 ductus
757 3087 1002 3151 audacia,
1046 3093 1105 3138 ut
1135 3085 1362 3155 primum
1388 3081 1486 3135 sibi
1514 3080 1650 3131 inter
1687 3091 1782 3130 eos

184 3189 429 3244 vindicet
471 3187 672 3240 locum.
725 3182 832 3237 Sed
879 3197 945 3234 ne
996 3181 1220 3234 ulterius
1273 3172 1635 3230 debacchaudi
1686 3170 1779 3223 lia-
1811 3188 1853 3247 ς

183 3284 351 3336 beant
408 3280 742 3342 facuttatem,
787 3285 843 3330 et
894 3273 1098 3328 animas
1137 3269 1458 3338 simplicium
1507 3282 1568 3319 ac
1617 3264 1776 3319 rusti-

185 3391 376 3430 corum
400 3371 656 3427 secumin
682 3368 1082 3439 gehennamcui
1105 3364 1356 3420 destinati
1387 3370 1512 3416 sunt
1540 3359 1775 3422 trahant,

185 3478 368 3522 actum
384 3473 467 3520 est
479 3467 737 3518 adversus
749 3477 842 3517 eos
855 3477 882 3514 a
897 3458 1268 3514 defensoribus
1284 3453 1535 3509 Ecclesiae
1549 3460 1743 3504 nostra:
1762 3465 1776 3513 ;

185 3560 333 3627 quod
375 3571 474 3611 eos
505 3553 714 3626 possint
736 3551 1030 3622 expellere,
1055 3558 1113 3602 ut
1145 3547 1236 3616 qui
1290 3544 1560 3600 Christum
1615 3541 1778 3592 Deum

186 3666 254 3705 ex
301 3650 486 3703 Patris
514 3645 814 3700 substantia
844 3651 969 3698 ante
1015 3640 1208 3695 saicula
1234 3653 1336 3707 neg
1355 3645 1433 3690 int
1461 3634 1718 3703 genitum,
1747 3630 1779 3683 ii

187 3758 311 3797 cum
335 3739 541 3796 Iudaeis
562 3737 654 3807 qui
697 3736 826 3805 ejus,
847 3736 1099 3789 deitatem
1150 3739 1498 3801 negaverunt,
1547 3734 1601 3781 et
1642 3741 1781 3778 nunc

190 3849 364 3904 usque
389 3839 614 3900 negant,
639 3827 975 3898 participium
993 3827 1192 3880 habent
1212 3819 1592 3878 damnationis.
1610 3816 1780 3871 Tuum

188 3935 293 3989 est,
327 3923 500 3978 frater
529 3921 863 3982 cbarissime,
893 3933 1012 3986 qua:
1052 3922 1316 3986 praecepta
1357 3919 1483 3964 sunt
1531 3923 1637 3962 non
1699 3920 1775 3960 se-

188 4019 347 4085 gnius
367 4029 554 4084 agere,
572 4026 639 4066 ne
661 4011 869 4082 plebem
893 4009 985 4063 tibi
1008 4009 1262 4063 connniss
1299 4003 1784 4058 uidissimulaiiouc

189 4112 410 4182 ρει-ὼε,
444 4117 499 4161 et
541 4106 764 4173 incipias
796 4103 904 4157 Deo
918 4101 988 4155 de
1004 4100 1225 4171 perditis
1247 4097 1469 4153 reddere
1499 4096 1782 4150 rationem.

261 4201 353 4256 Ea:
402 4200 626 4254 decretis
672 4212 822 4266 pina:
870 4195 1066 4248 lunare
1105 4196 1181 4257 ti,
1239 4197 1317 4246 tit.
1376 4191 1465 4244 50.
1520 4191 1647 4242 Item
1697 4189 1786 4242 In~

191 4293 487 4349 noeentius
537 4289 802 4343 Martiano
853 4287 1112 4357 episcopo
1161 4286 1465 4340 l\'arsitano.
1508 4282 1786 4352 Superiori

193 4399 470 4456 tetltp0l'e,
523 4381 566 4437 si
591 4391 771 4435 tamen
806 4388 950 4434 recte
978 4382 1252 4442 recordor,
1287 4377 1529 4443 memini,
1584 4385 1692 4427 tam
1721 4375 1784 4427 ad

189 4477 544 4532 dlectionem
597 4481 739 4526 tuam
783 4486 944 4540 quam
997 4470 1063 4523 ad
1093 4469 1284 4523 fratres
1332 4475 1388 4520 et
1441 4467 1789 4535 coepisc0pos

193 4577 416 4622 nostros
450 4563 647 4618 Rufum
673 4602 689 4626 ,
747 4560 1034 4615 Eusebium
1068 4600 1082 4624 ,
1134 4567 1190 4614 et
1246 4568 1474 4612 cieteios
1547 4557 1787 4626 ejusdem
1823 4547 1872 4605 D

193 4661 340 4715 modi
390 4659 603 4712 litteras
647 4658 716 4708 de
740 4653 950 4708 clericis
1008 4651 1358 4707 Narsensiius
1412 4651 1786 4712 transmisisse,

192 4756 275 4810 bis
323 4751 586 4808 videlicet
636 4749 728 4816 qui
766 4761 826 4802 se
854 4757 979 4801 ante
1028 4744 1428 4798 damnationem
1479 4744 1674 4799 Bon0si
1702 4759 1787 4797 as-

190 4854 441 4904 sererem
492 4842 559 4897 ad
606 4841 796 4897 eodem
839 4850 946 4895 tam
977 4841 1318 4909 presbyteros
1347 4853 1505 4906 quam
1537 4837 1793 4892 diaconos

192 4941 509 5001 ordinatos,
558 4943 617 4990 ut
657 4933 701 4988 si
747 4935 939 4989 relicto
977 4943 1140 5003 atque
1187 4931 1441 4985 damnato
1467 4931 1583 4999 ejus
1608 4947 1793 4985 erroie

193 5034 402 5086 Vellent
461 5028 714 5084 Ecclesiae
759 5027 1020 5095 copulari,
1088 5027 1316 5080 libenter
1383 5027 1787 5094 reciperentur,

196 5139 264 5177 ne
287 5125 432 5177 forte
464 5120 556 5187 qui
589 5127 771 5171 essent
809 5117 954 5187 digni
981 5116 1359 5186 recuperanda:
1387 5118 1576 5170 salutis
1620 5117 1670 5169 in
1699 5131 1792 5170 co-

194 5216 317 5269 dem
343 5211 683 5282 deperirent.
717 5209 914 5264 Verum
939 5225 1082 5264 nunc
1106 5210 1156 5264 in
1183 5209 1480 5264 Ravennati
1511 5212 1640 5266 urbe
1663 5211 1791 5266 mihi

195 5305 523 5364 constituto,
549 5310 774 5370 propter
817 5301 1041 5356 Romani
1082 5303 1264 5371 populi
1297 5302 1644 5358 necessitates
1673 5317 1790 5358 cre-

197 5399 489 5459 berrimas,
512 5393 816 5450 Germanus
838 5395 928 5463 qui
950 5411 1008 5449 se
1037 5396 1228 5450 asserit
1256 5411 1375 5451 esse
1398 5398 1788 5468 presbyterum,

197 5501 362 5561 atque
392 5489 693 5559 Lupentius
717 5489 806 5557 qui
829 5503 886 5543 se
906 5488 1191 5544 diaconum
1217 5490 1365 5556 dicit,
1399 5493 1683 5547 multorum
1717 5505 1793 5548 ta-

200 5585 329 5638 lium
352 5583 511 5651 quasi
536 5581 807 5648 legatione
821 5592 1093 5652 suscepta,
1112 5599 1272 5653 prece
1289 5586 1421 5650 fusa,
1439 5587 1652 5642 dolori-5
1673 5605 1792 5657 pro-

200 5675 348 5744 prios
379 5673 695 5738 exprimere
723 5674 1076 5740 gestiverunt,
1109 5689 1411 5732 asserentes
1434 5680 1694 5748 siquidem
1714 5698 1794 5734 cc-

201 5763 396 5821 clesias
416 5764 471 5818 in
488 5762 791 5818 uilectionis
815 5772 917 5820 tua:
948 5767 1267 5822 constitutas
1302 5784 1334 5838 p
1355 5772 1568 5826 trochiis
1593 5774 1792 5828 retine-

1877 574 2132 626 vidi-lécet
2153 577 2360 626 ratione
2384 589 2487 641 qua
2515 574 2765 627 ltusticus
2787 575 2874 642 qui
2900 575 3000 626 Eam
3017 577 3232 628 nomine
3285 586 3452 631 tri-aia

1872 665 2214 720 ordinatione
2258 667 2649 737 presbyterium
2698 669 3045 735 susccp'sset.
3097 665 3158 720 Et
3196 684 3300 722 non
3350 671 3450 723 levi

1873 756 2260 824 impedimento
2307 757 2383 821 fit,
2454 757 2578 810 dum
2649 765 2742 808 aut
2792 757 2862 808 il;i
2915 757 3100 812 dolent
3153 759 3455 826 liujusmodi

1875 849 2146 901 hominem
2200 850 2251 902 in
2299 849 2524 903 eoi-lesia
2582 849 2823 912 ritiiieri,
2873 859 2965 902 aut
3013 851 3100 904 ille
3131 851 3205 903 si-~
3231 867 3460 921 peccare

1871 939 2072 992 debere
2103 939 2154 992 iii
2185 941 2320 993 alios
2349 940 2660 1006 arbitretur,
2704 939 2816 1010 [ἔπη
2863 941 3336 1013 quemadmodum]
3369 945 3458 1012 qui

1873 1029 1926 1081 iii
1973 1044 2032 1081 se
2076 1030 2319 1096 agnoscit
2360 1045 2480 1082 esse
2521 1043 2821 1097 peccaiuiii.
2867 1029 2933 1082 Et
2988 1033 3234 1099 quamvis
3261 1033 3326 1084 de
3365 1049 3451 1084 ca-

1871 1120 1993 1172 dem
2041 1133 2102 1172 re
2151 1119 2358 1188 plenius
2407 1119 2598 1172 l.ttcr.i:
2667 1134 2801 1171 ini-:e
2844 1121 3174 1183 contineant,
3207 1135 3340 1189 quas
3369 1140 3460 1174 sii-

1873 1211 2054 1280 perius
2102 1210 2414 1273 neuoravi,
2460 1219 2635 1263 tamen
2681 1210 2841 1263 otiam
2885 1227 3026 1266 nunc
3070 1213 3460 1265 adiiionendam

1873 1304 2125 1356 duximus
2182 1303 2572 1356 fraternitatem
2624 1313 2789 1364 tuam,
2873 1315 2930 1356 ut
2967 1304 3009 1356 si
3076 1320 3199 1358 iere
3249 1320 3350 1358 con
3388 1314 3464 1358 tat

1874 1396 2083 1464 aliquos
2136 1409 2262 1449 aue
2315 1395 2721 1446 damnationem
2753 1394 2946 1447 Bonosi
2995 1395 3059 1447 ab
3107 1395 3294 1449 eodem
3321 1395 3464 1448 ordi-

1875 1497 2052 1552 natos,
2088 1497 2274 1556 postea
2328 1485 2583 1544 voluisse.
2633 1485 2714 1538 vel
2763 1501 2904 1538 none
2947 1488 3082 1540 \elle
3110 1488 3328 1552 reverti,
3367 1501 3461 1539 cOs

1875 1575 2212 1645 recipiendos
2259 1590 2379 1628 esse
2409 1590 2711 1639 censemus,
2743 1575 2977 1628 maxime
3022 1590 3141 1629 cum
3180 1576 3464 1628 memorari

1877 1675 2118 1720 asserant
2169 1681 2227 1720 se
2277 1668 2328 1718 in
2391 1675 2596 1718 tantum
2634 1665 2889 1717 anteriori
2948 1675 3185 1734 tempore
3243 1665 3459 1718 ordina-

1876 1765 1980 1821 tos,
2031 1764 2090 1810 ut
2115 1765 2315 1809 sanctae
2346 1753 2743 1807 recordationis
2782 1757 2951 1807 virum
2984 1755 3143 1808 Cornu
3168 1756 3293 1808 lium
3346 1757 3462 1824 epi-

1878 1863 2101 1917 scopum
2127 1847 2386 1902 Siriniens
2410 1863 2433 1899 s
2458 1847 2620 1910 urbis,
2653 1863 2857 1900 necnon
2889 1856 2943 1900 et
2977 1848 3194 1902 l'iatreiu
3223 1860 3464 1902 nostrum

1879 1938 2142 2003 Nicetaiii,
2198 1938 2441 2005 aliosque
2475 1939 2762 1990 nonnullos
2799 1938 2962 1989 fuisse
3011 1950 3319 2006 przi-Sentcs,
3347 1953 3467 1993 cum

1880 2029 2198 2095 honoribus,
2242 2045 2379 2095 quos
2427 2044 2487 2082 se
2539 2029 2740 2081 habere
2795 2043 3243 2092 commemorant,
3303 2045 3467 2098 auge-

1880 2129 2085 2174 rentur.
2140 2117 2316 2182 Ilnde,
2372 2118 2538 2172 frater
2586 2119 2920 2183 cliarissinie,
2978 2120 3021 2174 si
3080 2135 3264 2174 corum
3294 2136 3470 2174 asser-

1882 2213 1954 2263 tio
2017 2211 2173 2263 fidem
2221 2209 2425 2278 recepit
2474 2209 2607 2272 veri,
2636 2209 3002 2278 suscipiendos
3049 2225 3166 2266 esse
3197 2211 3470 2278 ambigere

1881 2320 1986 2357 non
2032 2305 2197 2357 debes
2219 2347 2231 2368 ,
2285 2316 2422 2371 quos
2471 2302 2656 2354 tandiu
2686 2301 2944 2357 ecclesias
2973 2303 3071 2356 sibi
3099 2302 3327 2355 creditas
3349 2317 3469 2369 pas-

1879 2412 1970 2451 sus
2015 2410 2074 2450 es
2121 2396 2374 2448 retinere.

1906 2506 2016 2560 LX.
2061 2504 2211 2568 Quod
2249 2523 2349 2559 non
2381 2505 2727 2625 adiuittai‘iltnr
2759 2505 2828 2586 (id
2858 2505 3050 2559 clerum
3081 2506 3145 2558 ab
3178 2507 3437 2560 liwreticis

2553 2593 2611 2625 or
2652 2587 2800 2625 muti.

2553 2587 2800 2628 ordinati.

1956 2671 2038 2724 Ex
2098 2673 2288 2722 'zcretis
2321 2685 2467 2738 papa'
2499 2667 2812 2734 Innocentii,
2847 2671 2981 2724 titul.
3014 2671 3106 2725 53.
3138 2672 3362 2727 Ventum
3389 2685 3469 2727 est

1881 2762 1946 2816 ad
1980 2765 2190 2816 tertiam
2223 2762 2602 2828 qumstionem,
2628 2775 2746 2828 qui-
2771 2777 2868 2828 pro
2896 2761 2976 2814 sui
3009 2761 3321 2817 difficultate
3353 2765 3468 2816 lon-

1882 2857 2086 2924 giorem
2118 2855 2278 2921 exigit
2332 2854 2776 2922 disputationem,
2823 2870 2943 2910 cum
2989 2872 3089 2912 nos
3119 2858 3358 2912 dicamus
3401 2861 3468 2913 ab

1887 2947 2157 2999 ha:reticis
2215 2944 2493 2998 ordinatos
2536 2944 2878 2998 vulneratum
2931 2962 3028 3014 per
3078 2947 3223 3002 illam
3280 2966 3470 3004 manus

1887 3035 2284 3105 impositionem
2316 3035 2518 3088 habcre
2547 3045 2730 3104 caput.
2769 3033 2867 3088 Ubi
2901 3038 3092 3090 vulnus
3122 3036 3339 3092 infixum
3366 3052 3467 3103 est,

1887 3127 2153 3182 medicina
2185 3135 2266 3179 est
2297 3126 2620 3190 adhibenda,
2656 3144 2759 3195 qua
2790 3129 2957 3196 possit
2987 3131 3229 3199 recipere
3270 3133 3468 3187 sanita-

1891 3227 1998 3273 tem
2028 3236 2040 3272 :
2071 3233 2189 3286 quzc
2214 3219 2433 3283 sanitas,
2468 3228 2591 3287 post
2615 3219 2806 3272 vulnus
2833 3231 3041 3288 secuta,
3072 3222 3188 3276 sine
3217 3225 3474 3278 cicatrice

1886 3327 2007 3366 esse
2041 3327 2147 3364 non
2190 3310 2388 3379 poteiit
2425 3329 2434 3362 :
2467 3319 2632 3377 atque
2679 3312 2766 3364 ubi
2806 3315 3132 3380 ptenitentiae
3173 3317 3470 3370 remedium

1887 3403 2248 3458 necessarium
2288 3409 2392 3467 est,
2424 3401 2530 3455 illic
2567 3401 2924 3456 ordinationis
2954 3403 3128 3458 honor
3158 3404 3336 3458 locum
3369 3407 3465 3459 ha-

1887 3495 2016 3548 bere
2046 3508 2152 3546 non
2200 3494 2390 3561 possit,
2451 3507 2574 3544 nam
2606 3492 2674 3555 si,
2711 3500 2769 3545 ut
2810 3493 3024 3561 legitur,
3057 3495 3201 3562 quod
3233 3500 3469 3564 tetigerit

1891 3581 2198 3636 immundus
2237 3581 2568 3633 immundum
2621 3582 2745 3644 erit,
2793 3585 3064 3651 quomodo
3107 3586 3154 3640 ei
3207 3589 3473 3643 tribuetur

1890 3672 2034 3739 quod
2087 3671 2272 3725 mundi
2303 3669 2348 3722 ia
2395 3685 2458 3723 ac
2505 3671 2711 3739 puritas
2755 3675 3036 3728 consuevit
3068 3678 3350 3744 accipere?
3378 3682 3471 3734 sed

1889 3773 2076 3816 contra
2110 3763 2386 3826 asseiitur,
2419 3763 2653 3831 eumqui
2686 3763 2947 3818 honorem
2979 3768 3174 3833 amisit,
3211 3772 3469 3826 honorent

1889 3856 2020 3910 dare
2041 3869 2146 3908 non
2179 3868 2358 3921 posse,
2385 3853 2645 3907 necillmn
2677 3855 2877 3922 aliquid
2907 3861 3202 3928 accepisse,
3232 3863 3355 3929 quia
3388 3865 3472 3916 ni-

1895 3945 1969 3999 hil
1999 3946 2050 3998 in
2080 3947 2244 3998 dante
2290 3952 2409 3997 erat
2439 3945 2583 4012 quod
2617 3945 2704 3997 ille
2735 3955 2916 4013 posset
2957 3948 3221 4017 accipere,
3261 3953 3474 4020 acquie-

1893 4039 2112 4099 scimus,
2145 4045 2202 4089 et
2247 4051 2432 4090 verum
2481 4045 2565 4090 est
2594 4046 2762 4104 certe,
2797 4039 2920 4109 quia
2951 4043 3094 4109 quod
3139 4059 3243 4097 non
3291 4046 3479 4100 habuit

1893 4131 2023 4184 dare
2053 4144 2160 4182 non
2193 4127 2388 4198 potuit.
2421 4127 2836 4184 Damnationem
2879 4133 3065 4200 utique
3090 4150 3250 4202 quam
3292 4138 3480 4192 habuit

1893 4236 1990 4290 per
2017 4235 2236 4289 pravam
2267 4235 2455 4273 manus
2484 4220 2880 4288 impositionem
2905 4223 3073 4292 dedit,
3106 4235 3160 4280 et
3187 4229 3278 4296 qui
3311 4233 3478 4298 parti-

1893 4329 2023 4382 ceps
2055 4313 2228 4366 factus
2259 4323 2342 4366 est
2385 4312 2773 4381 damnationis,
2822 4321 3100 4386 quomodo
3151 4323 3347 4377 debeat
3383 4325 3477 4380 ho—

1896 4420 2083 4459 norem
2111 4405 2378 4472 accipere,
2411 4405 2653 4460 invenire
2702 4423 2810 4461 non
2843 4424 3085 4476 possunt.
3129 4411 3235 4466 Sed
3277 4414 3478 4471 dicitur

1896 4511 2024 4549 vera
2055 4511 2118 4549 ac
2144 4495 2288 4563 justa
2321 4496 2540 4562 legitimi
2596 4498 2896 4554 sacerdotis
2934 4501 3238 4558 benedictio
3267 4506 3479 4562 auferre

1895 4602 2056 4642 omne
2086 4587 2271 4639 vitium
2301 4587 2444 4655 quod
2475 4603 2503 4641 a
2538 4588 2730 4644 vitioso
2759 4585 3239 4661 fuerat'iiijectuin.

1966 4677 2050 4731 Ea:
2078 4679 2292 4731 decretis
2333 4695 2482 4748 papa:
2517 4678 2829 4747 Innocentii,
2865 4684 3002 4736 titul.
3041 4683 3129 4740 δι
3163 4686 3304 4757 Ergo
3335 4691 3378 4744 si
3408 4690 3478 4744 ita

1896 4777 2000 4835 est,
2034 4769 2376 4838 applicentur
2407 4771 2474 4825 ad
2503 4771 2898 4827 ordinationem
2929 4778 3197 4846 sacrilegi,
3230 4781 3482 4846 adulteri,

1897 4873 2060 4931 atque
2087 4863 2323 4916 omnium
2349 4863 2631 4918 criminum
2657 4867 2754 4928 rei,
2781 4867 2904 4934 quia
2931 4884 3026 4936 per
3048 4869 3479 4929 benedictionem

1899 4955 2258 5011 ordinationis
2284 4955 2530 5020 crimina,
2549 4956 2634 5010 vel
2657 4956 2806 5022 vitia,
2836 4967 3029 5026 putant
3051 4959 3270 5016 auferri.
3297 4951 3482 5018 Nullus

1893 5049 1964 5102 sit
1992 5047 2324 5116 poenitentiae
2355 5046 2526 5111 locus,
2566 5048 2693 5115 quia
2725 5048 2776 5101 id
2810 5059 2989 5118 potest
3035 5063 3290 5120 pnestare
3332 5058 3480 5109 ordi-

1899 5138 2047 5192 natio
2070 5139 2213 5205 quod
2240 5137 2396 5204 langa
2425 5137 2724 5194 satisfactio
2752 5151 3010 5208 pnes-tare
3031 5147 3346 5206 consuevit;
3382 5150 3478 5201 sed

1898 5237 2099 5284 nostra:
2130 5229 2215 5282 lex
2268 5238 2348 5282 est
2390 5228 2646 5282 Ecclesiae
2695 5231 3033 5288 venientibus
3073 5236 3141 5288 ab
3191 5235 3337 5291 luere
3365 5239 3480 5303 icis,

1896 5322 1986 5391 qui
2015 5329 2193 5374 tamen
2226 5320 2332 5374 illic
2364 5319 2618 5388 baptizati
2649 5330 2793 5388 sunt,
2829 5337 2924 5391 per
2955 5341 3144 5381 manus
3176 5328 3478 5398 impositio-

1903 5429 2024 5466 nem
2056 5413 2244 5466 laicam
2279 5421 2481 5465 tantum
2515 5412 2754 5469 tribuere
2782 5417 3240 5484 communionem,
3291 5438 3388 5475 nec
3416 5440 3483 5477 ex

1905 5505 1985 5558 liis
2015 5503 2247 5571 aliquem
2279 5504 2330 5559 in
2363 5503 2646 5559 clericatus
2669 5505 2928 5560 honorem
2956 5509 3039 5562 vel
3073 5511 3323 5580 exiguum
3352 5513 3478 5566 sub-

1903 5610 2110 5664 rogare.

1981 5686 2056 5738 Γπ
2089 5687 2151 5739 de
2184 5688 2305 5739 ritis
2337 5672 2729 5756 pomennoa,
2771 5691 2851 5741 t't.
2882 5687 2970 5744 55.
3001 5690 3064 5743 At
3093 5706 3221 5744 veto
3256 5692 3288 5744 ii
3327 5693 3412 5758 qui
3457 5710 3485 5745 a

1904 5780 2182 5833 Catholica
2219 5781 2283 5836 ad
2331 5782 2575 5837 lncresiui
2619 5784 2966 5849 transierunt,
2998 5800 3134 5853 quos
3175 5802 3280 5840 non
3328 5785 3485 5840 :tIilc.‘
