4204 6564
775 410 877 464 867

1893 400 2223 455 ClilSCONil
2267 398 2589 452 .-\l"l\lC.-\.\'l
2640 395 2945 451 EPISL‘Ul’l

3934 397 4035 450 1³³68

772 528 1006 589 oportet.
1042 519 1140 571 nisi
1175 533 1268 585 per
1301 517 1666 586 pteidtentiam
1697 514 1913 582 suscipi,
1943 514 2082 584 apud
2115 529 2210 567 vos
2239 530 2345 566 non
2385 520 2424 572 Α
2458 512 2710 565 clericum
2735 512 2845 565 tleri
2867 513 3214 579 ipsicanones
3242 526 3337 565 sua
3357 513 3683 566 auctoritate
3699 513 4033 581 permittunt.

770 611 947 661 solum
980 607 1348 677 pmnitcntiain
1380 622 1485 658 non
1521 616 1706 674 agunt,
1736 621 1919 658 verum
1954 605 2115 658 etiam
2147 605 2354 658 honore

773 698 1137 763 cumulantur,
1164 697 1255 750 sed
1279 695 1461 766 Anysii
1489 698 1757 764 quondam
1787 695 1964 749 fratris
2002 696 2190 759 nostri,
2216 696 2352 747 alio-

773 805 1000 857 rumque
1044 789 1387 842 sacerdotum
1435 803 1642 840 summa
1686 787 2003 842 deliberatio
2050 789 2161 841 hinc
2212 788 2348 849 fuit,

773 891 832 936 tit
861 896 996 948 quos
1027 879 1268 934 Bonosus
1297 879 1645 932 ordinaverat
1688 893 1754 931 ne
1785 893 1907 932 cum
1940 877 2130 930 eodem
2176 892 2352 930 rema-

774 979 983 1031 nerent,
1019 986 1082 1024 ac
1111 973 1263 1024 lieret
1303 987 1409 1022 non
1439 972 1711 1024 mediocre
1753 970 2090 1033 scandalum,
2122 969 2351 1022 ordinati

773 1063 1174 1130 reciperentur;
1201 1061 1443 1122 vicimus,
1469 1068 1527 1112 nt
1553 1063 1764 1126 opinor,
1791 1060 2060 1127 ambigua.
2084 1058 2200 1112 Jam
2223 1072 2352 1126 ergo

771 1152 916 1222 quod
948 1168 1045 1220 pro
1072 1151 1308 1204 remedio
1340 1151 1440 1204 hac
1468 1151 1786 1203 necessitate
1812 1153 2069 1218 temporis
2091 1157 2350 1202 statutum

773 1257 876 1310 est,
910 1254 1142 1309 constat,
1171 1245 1417 1313 primitus
1457 1259 1562 1297 non
1608 1243 1790 1308 fuisse,
1825 1258 1886 1296 ac
1929 1243 2093 1298 fuisse
2140 1244 2352 1308 regulas

775 1345 985 1390 veteres
1011 1350 1145 1401 quas
1176 1335 1242 1386 ab
1271 1332 1532 1401 apostulis
1560 1342 1650 1384 aut
1679 1333 1989 1399 apostolicis
2020 1333 2146 1385 viris
2189 1331 2353 1384 tradi-

777 1436 876 1488 tas,
900 1424 1138 1480 Ecclesia
1165 1424 1403 1478 Romana
1427 1423 1678 1487 custodit,
1702 1421 2190 1490 custodiendasque
2211 1437 2356 1475 man-

774 1516 865 1568 dat
895 1516 978 1570 his
1003 1516 1092 1583 qui
1121 1530 1240 1567 eam
1270 1515 1455 1566 audire
1487 1522 1907 1577 coosneverunt,
1935 1513 2030 1566 sed
2062 1513 2352 1565 necessitas

779 1606 1036 1673 temporis
1067 1604 1120 1656 id
1155 1603 1266 1654 lieri
1297 1602 1638 1670 magnopere.
1675 1602 1997 1670 postulabat.
2033 1601 2173 1669 Ergo
2210 1603 2350 1670 quod

780 1698 1072 1749 necessitas
1101 1711 1200 1762 pro
1228 1697 1470 1748 retne'tio
1502 1693 1724 1760 reperit,
1754 1706 2001 1747 cessante
2033 1693 2354 1746 necessitate

777 1788 937 1841 debet
987 1788 1171 1854 utique
1218 1801 1433 1840 cessare
1483 1787 1684 1853 pariter
1730 1786 1872 1854 quod
1921 1786 2170 1853 urgebat,
2223 1786 2347 1855 quia

2461 603 2606 656 Lude
2637 614 2848 657 constat
2875 603 2962 670 qui
2993 603 3058 656 de
3087 602 3364 656 Catholica
3398 602 3462 655 ad
3496 602 3534 656 Β
3557 618 3768 656 »ιιοειιηι
3803 605 4034 658 transic-

2456 705 2578 749 runt
2604 698 2930 759 damnatum,
2957 703 3118 764 atque
3134 709 3191 747 se
3221 695 3360 762 passi
3391 703 3516 747 sunt
3540 695 3621 748 vel
3651 696 3938 760 cupierunt
3967 698 4033 747 ab

2455 789 2640 842 eodem
2661 788 2916 851 ordinari,
2941 802 3046 840 non
3080 792 3383 856 oportuisse
3408 788 3762 839 ordinationis
3790 788 4039 840 ecclesia-

2455 881 2599 934 sticae
2620 879 2890 946 suscipere
2908 878 3241 944 dignitatem,
3257 876 3367 943 qui,
3385 891 3671 929 commune
3687 877 3926 928 omnium
3948 892 4039 929 εει

2455 973 2736 1025 clesiarum
2757 970 3015 1037 judicium
3045 971 3377 1034 deserentes,
3409 985 3558 1022 suam
3591 970 3942 1039 peculiariter
3985 971 4034 1022 in

2456 1063 2667 1116 Bonoso
2691 1064 2979 1116 vanitatem
2996 1063 3321 1132 sequendam
3337 1078 3455 1116 esse
3470 1063 3756 1118 cinxerunt.
3778 1063 3882 1116 Sed
3901 1064 4038 1118 tnui-

2458 1165 2539 1209 tos
2559 1164 2772 1208 constat
2792 1155 2894 1206 vim
2921 1169 3126 1222 passos,
3151 1163 3314 1222 atque
3342 1155 3538 1209 invitos
3569 1165 3852 1222 attractos,
3880 1173 4039 1226 repu-

2454 1255 2786 1315 gnautesque
2830 1248 2895 1300 ab
2929 1247 3117 1300 eodem
3155 1249 3453 1303 ordinatos.
3499 1249 3649 1302 Dicat
3685 1250 3835 1308 mihi.
3888 1252 4035 1313 volo.

2451 1340 2689 1406 quisquis
2715 1340 2814 1389 hoc
2837 1338 3022 1398 credit,
3052 1338 3094 1389 si
3126 1354 3230 1391 non
3262 1348 3379 1407 post
3410 1339 3806 1392 ordinationem
3838 1340 4034 1393 Βοηθεὶ

2455 1429 2707 1492 interluit,
2743 1444 2862 1482 cum
2886 1430 3178 1482 conﬁceret
3205 1441 3563 1492 sacramenta,
3594 1432 3636 1486 si
3667 1434 4034 1486 communiOni

2453 1520 2568 1586 ejus
2607 1535 2708 1571 non
2740 1530 2820 1572 est
2851 1521 3218 1590 participatus,
3249 1521 3291 1575 si
3322 1522 3504 1574 statim
3541 1523 3946 1578 discedentibus
3969 1523 4039 1576 do

2453 1611 2566 1675 ejus
2585 1610 2813 1676 pessimo
2832 1610 3188 1663 conciliabula
3205 1611 3270 1662 ad
3293 1609 3582 1664 Ecclesiam
3607 1614 3782 1674 rediit,
3801 1615 3900 1666 iste
3919 1615 4040 1668 talis

2456 1709 2627 1766 potest
2658 1700 2856 1753 habere
2885 1701 3122 1754 colorem
3169 1701 3400 1769 aliquem
3430 1704 3686 1755 C\CUS{Ilit
3710 1704 3813 1755 nis.
3862 1704 4035 1756 Crete.

2455 1805 2570 1842 rum
2593 1793 2678 1856 qui
2709 1799 2826 1858 post
2855 1807 3052 1844 annum
3079 1801 3171 1844 aut
3201 1806 3436 1845 mensem
3467 1795 3529 1846 al
3553 1791 3852 1847 Eeclesiam
3877 1799 4039 1848 redic-

777 1880 912 1933 alius
958 1888 1041 1933 est
1084 1877 1218 1932 ordo
1263 1877 1549 1944 legitimus,
1603 1877 1705 1929 alia
1747 1877 2044 1944 usurpatio,
2093 1891 2252 1943 quatit
2284 1875 2348 1928 ad
2389 1873 2428 1928 Β
2457 1881 3533 1949 rum,intelligimuseosquiinCalholica
3555 1893 3821 1937 noverunt
3840 1900 3899 1938 se
3921 1901 4038 1954 pro-

779 1987 1012 2042 przrsens
1043 1970 1153 2022 lieri
1184 1979 1392 2035 tempus
1422 1968 1664 2037 impellit.
1694 1966 1800 2020 Sed
1830 1982 2066 2020 canones
2092 1967 2233 2034 apud
2266 1967 2352 2019 Μ-

773 2079 939 2118 ωετιηι
985 2061 1260 2115 constiaiti
1305 2059 1371 2111 de
1424 2059 1735 2111 Novatiauis
1789 2057 1903 2110 Iicri
1951 2058 2350 2125 permiserunt:

778 2159 925 2226 prius
955 2155 1043 2208 ille
1070 2169 1243 2207 canon
1274 2167 1302 2203 a
1336 2151 1582 2204 Patribus
1625 2151 1901 2202 in~titutns
1942 2148 2221 2221 ponendus
2250 2157 2352 2213 est,

777 2256 838 2300 ut
867 2247 1132 2311 possimus
1158 2243 1460 2300 advertere.
1496 2242 1576 2293 vel
1607 2240 1758 2309 quid,
1787 2239 1870 2293 vel
1899 2238 2129 2306 qualiter
2151 2240 2219 2292 ab
2251 2239 2351 2292 eis-

784 2338 905 2392 dem
937 2349 1152 2390 sensum
1181 2334 1274 2393 sit,
1308 2332 1388 2384 vel
1422 2340 1767 2400 pta‘eeptum.
1809 2330 1884 2384 De
1909 2330 2009 2394 his,
2045 2329 2233 2397 inquit,
2264 2327 2354 2396 qui

773 2430 1058 2482 nominant
1087 2443 1146 2480 se
1177 2426 1321 2493 ipsos
1351 2424 1635 2485 Catharos,
1670 2423 1718 2474 id
1746 2432 1847 2487 est,
1879 2422 2131 2490 mundos,
2161 2432 2216 2475 et
2257 2422 2352 2474 ali-

776 2519 993 2589 quando
1043 2519 1263 2569 veniunt
1311 2515 1376 2568 ad
1425 2514 1747 2568 Cﬂlh'tllt‘atll
1796 2513 2108 2574 Ecclesiani,
2157 2513 2354 2580 placuit

777 2623 978 2666 sancta:
1000 2622 1201 2676 magna:
1223 2608 1449 2677 synodo,
1483 2616 1539 2658 nt
1561 2615 1782 2674 accepta
1807 2619 1994 2658 manus
2013 2604 2355 2674 impositione

771 2702 854 2754 "sic
882 2708 1134 2752 maneant
1160 2697 1210 2749 in
1243 2697 1409 2750 clero.
1445 2696 1740 2748 Possumus
1770 2710 1898 2748 vero
1927 2694 2107 2748 direre
2134 2692 2202 2746 de
2229 2694 2357 2746 solis

777 2793 882 2845 hoc
911 2788 1215 2843 Novatianis
1243 2802 1361 2840 esse
1390 2795 1744 2854 praeceptum,
1777 2801 1876 2838 nec
1905 2785 1972 2836 ad
1999 2785 2225 2836 aliarum
2251 2784 2355 2835 ha:-

781 2898 958 2936 resmn
985 2881 1212 2934 clericos
1235 2879 1506 2947 pertinere
1531 2895 1543 2941 ;
1579 2892 1698 2928 nam
1727 2876 1771 2928 si
1801 2875 1985 2941 utique
2015 2875 2080 2927 de
2109 2873 2357 2926 omnibus

779 2981 854 3030 ita
884 2974 1187 3034 delinirent,
1221 2969 1547 3023 addidissent
1575 2985 1603 3021 a
1637 2968 1964 3025 Novatianis,
1997 2967 2220 3034 aliisque
2249 2965 2355 3017 ha:-

781 3070 962 3122 retieis
1005 3072 1337 3120 revertentes
1377 3065 1572 3116 debere
1608 3062 1658 3113 in
1703 3075 1856 3114 suum
1887 3059 2129 3113 ordinem
2168 3055 2353 3125 recipi.

776 3159 936 3227 Quid
964 3159 1006 3211 si
1037 3163 1106 3210 ita
1134 3164 1297 3220 esset,
1331 3156 1491 3206 etiam
1524 3151 1652 3204 illud
1685 3151 1936 3212 maxime,
1968 3147 2112 3216 quod
2133 3147 2199 3200 de
2223 3145 2356 3198 Pau-

783 3251 1006 3305 lianistis
1052 3249 1252 3302 dictum
1302 3256 1416 3309 est,
1460 3244 1657 3310 poterit
1702 3241 2043 3305 conﬁrmare,
2095 3254 2124 3291 a
2166 3238 2358 3304 quibus

784 3346 1060 3408 venientes
1111 3342 1273 3396 etiam
1324 3337 1582 3406 baptizari
1617 3335 1951 3404 ptmcipiunt.
1987 3332 2358 3400 Nunquidnam

780 3453 906 3492 cum
938 3435 1005 3490 de
1037 3431 1378 3487 Pauliauistis
1412 3429 1623 3495 jubcnt.
1656 3441 1846 3480 omnes
1874 3425 1962 3493 qui
1994 3423 2062 3476 ab
2095 3421 2358 3476 luereticis

783 3533 1130 3582 revertuntur
1173 3537 1268 3592 erit
1295 3530 1332 3573 τι
1375 3521 1478 3573 hoc
1521 3519 1768 3584 exemplo
1818 3513 2166 3583 baptizandi?
2213 3511 2356 3582 quod

772 3633 906 3674 cum
935 3616 1111 3671 nullus
1136 3615 1330 3666 audeat
1359 3611 1558 3674 facere,
1587 3607 1655 3661 de
1687 3607 1816 3676 ipsis
1845 3614 2054 3661 tantum
2085 3619 2203 3657 esse
2226 3617 2359 3672 prie-

783 3707 1000 3780 ceptum
1031 3708 1172 3760 ratio
1198 3704 1551 3757 demonstrat.
1581 3698 1821 3764 Denique
1847 3699 2145 3765 bapt'aatos
2167 3696 2269 3748 rite
2293 3694 2359 3748 ab

783 3798 1110 3868 evangelista
1142 3795 1387 3862 Philippo
1417 3791 1606 3845 Petrus
1625 3830 1642 3856 ,
1669 3797 1725 3844 et.
1749 3786 1985 3842 Joannes
2011 3786 2128 3840 sola
2169 3799 2360 3839 manus

785 3892 1128 3964 impositione
1155 3891 1560 3948 consummant,
1590 3881 1710 3936 illos
1748 3895 1876 3934 vero
1919 3893 2056 3946 quos
2085 3877 2362 3946 apostolus

785 3983 982 4038 Paulus
1009 3981 1230 4036 Joannis
1257 3978 1576 4046 baptismate
1606 3975 1908 4041 baptizatos
1936 3971 2157 4039 reperit,
2190 3971 2358 4022 inter-

785 4077 1098 4145 rogavitque
1121 4088 1186 4126 an
1215 4072 1473 4139 Spiritum
1504 4077 1747 4121 sanctum
1775 4064 2156 4130 suscepissent,
2189 4061 2360 4114 faten-

785 4168 928 4221 tibus
955 4180 1012 4218 se
1043 4163 1170 4217 iliud
1229 4179 1296 4214 ne
1323 4159 1537 4228 quidem
1582 4171 1774 4212 nomen
1805 4155 2038 4220 audisse,
2079 4153 2238 4220 jussit
2266 4167 2361 4206 eos

787 4257 1067 4327 baptizari.
1102 4255 1305 4308 Videtis
1332 4265 1462 4318 ergo
1494 4251 1595 4303 rite
1624 4249 1929 4316 baptizatos
1961 4247 2051 4300 illo
2082 4246 2225 4299 dono
2270 4247 2361 4298 itc-

786 4351 890 4404 rari
919 4364 1022 4402 non
1054 4360 1236 4414 po<se,
1284 4353 1338 4398 et
1369 4343 1524 4395 aliter
1561 4342 1675 4394 sola
1709 4353 1848 4408 aqua
1897 4339 2037 4391 lotos
2079 4335 2358 4404 baptizari,

787 4444 840 4495 in
864 4439 1078 4493 nomine
1107 4435 1298 4495 Patris,
1325 4443 1377 4486 et
1401 4432 1541 4494 Filii,
1568 4440 1622 4485 et
1649 4431 1879 4497 Spiritus
1904 4431 2094 4488 sancti.
2124 4443 2363 4482 necessa-

789 4530 924 4582 rium
955 4525 1239 4595 pervideri.
1275 4523 1349 4575 Ita
1389 4531 1444 4574 et
1473 4524 1537 4574 de
1577 4519 1886 4574 Novatianis
1925 4528 2126 4571 tantum
2154 4518 2358 4585 jussum

787 4635 908 4674 esse
938 4619 1114 4672 lucida
1159 4614 1592 4668 manil‘cstatione
1627 4612 1935 4677 perlrgitur,
1968 4609 2112 4678 quod
2157 4609 2356 4662 idcirco

787 4713 1092 4764 distinctum
1139 4723 1260 4760 esse
1291 4705 1418 4772 ipsis
1461 4702 1666 4757 duabus
1697 4701 1985 4755 lneresibus
2017 4699 2153 4753 ratio
2183 4699 2357 4752 mani-

791 4802 920 4854 l'esta
942 4797 1198 4854 declarat.
1231 4796 1354 4862 quia
1387 4792 1742 4855 Paulianistte,
1768 4792 1818 4844 in
1850 4791 2064 4843 nomine
2090 4788 2279 4854 Patris,
2307 4798 2360 4842 et

790 4890 928 4954 Filii,
960 4899 1010 4942 et
1043 4888 1272 4957 Spiritus
1300 4886 1492 4947 sancti,
1527 4884 1743 4936 minime
1775 4885 2064 4951 baptizant,
2096 4898 2196 4936 nec
2219 4883 2357 4950 apud

794 4983 920 5033 ἰςιυε
949 4980 1016 5032 de
1041 4979 1241 5036 unitate
1268 4975 1550 5044 potestatis
1581 4975 1793 5038 dixitne,
1823 4975 1925 5026 hoc
1954 4983 2057 5037 est,
2083 4971 2276 5037 Patris,
2305 4982 2361 5026 et

793 5070 929 5133 Filii;
960 5050 1271 5134 etSpiritus
1301 5065 1489 5127 sancti,
1522 5064 1746 5132 tjurestio
1776 5062 2063 5131 aliquando
2089 5072 2356 5116 commota

792 5166 890 5217 est,
924 5165 977 5209 et
1023 5156 1145 5208 ideo
1185 5153 1251 5205 de
1280 5153 1528 5204 omnibus
1558 5151 1870 5217 segregans,
1907 5152 2018 5202 hate
2059 5150 2172 5202 sola
2222 5151 2359 5204 lecta

791 5257 894 5306 est,
929 5244 1017 5298 cui
1052 5243 1185 5296 istud
1218 5241 1498 5294 crederent
1524 5239 1950 5304 concedendum,
1982 5242 2106 5307 quia
2151 5242 2275 5294 nihil
2309 5243 2360 5295 in

798 5336 990 5398 Patris,
1011 5345 1065 5388 et
1088 5333 1225 5394 Filii,
1250 5345 1304 5385 et
1325 5330 1555 5398 Spiritus
1585 5330 1776 5393 sancti,
1808 5341 2147 5384 saeramento
2179 5348 2363 5400 pecca-

795 5435 933 5478 rent.
958 5424 1011 5478 Si
1039 5425 1157 5492 quis
1181 5437 1308 5476 vero
1331 5421 1396 5473 de
1417 5420 1693 5473 Catbolica’
1715 5420 1781 5472 ad
1806 5421 2049 5473 haeresim
2079 5423 2360 5486 transiens,

802 5525 892 5570 aut
921 5517 1090 5571 fidelis
1118 5515 1182 5569 ad
1205 5515 1527 5584 apostasiam
1558 5523 1832 5568 revertens
1858 5523 1911 5568 et
1941 5515 2258 5583 resipiscens
2289 5531 2367 5570 re-

799 5609 916 5662 dire
944 5608 1191 5672 voluerit,
1227 5605 1462 5673 nunquid
1493 5605 1680 5659 eadem
1709 5606 1917 5659 ratione
1941 5608 2137 5674 poterit
2165 5617 2218 5660 et
2249 5607 2362 5661 cle-

801 5714 915 5750 rum
944 5697 1203 5753 committi
1233 5714 1244 5748 :
1274 5710 1500 5763 quorum
1541 5695 1885 5748 commissum
1926 5710 2030 5748 non
2075 5697 2175 5748 nisi
2208 5697 2359 5764 longa

802 5787 1109 5850 prs-nitentia
1155 5784 1353 5854 poterit
1405 5784 1654 5846 abolere;
1701 5798 1797 5835 nee
1840 5792 1959 5850 post
1996 5785 2360 5850 pinitentiam

2458 1984 2574 2041 pter
2595 1974 2719 2025 vitia
2741 1989 2835 2025 sua
2865 1989 2970 2026 non
2995 1989 3152 2041 posse
3182 1976 3454 2042 suscipere
3484 1976 3879 2028 ordinationem
3907 1993 3919 2027 :
3955 1976 4036 2028 id-

2457 2068 2602 2119 circo
2631 2066 2695 2118 ad
2727 2067 2870 2118 illum
2905 2067 3226 2134 perrexisse,
3265 2069 3386 2133 quia
3419 2067 3614 2134 pas-im
3643 2067 3760 2119 sine
3790 2068 3896 2119 ulla
3928 2069 4038 2120 dis-

2455 2158 2702 2210 cussione
2732 2155 3095 2208 ordinationes
3137 2156 3350 2210 iElicitas
3385 2157 3632 2214 fariebat.
3667 2157 3953 2210 credente:
3983 2172 4040 2210 se

2457 2260 2612 2310 pos-se
2630 2261 2723 2313 per
2741 2245 2892 2297 istam
2916 2245 3302 2299 institutionem
3323 2245 3495 2300 locum
3520 2248 3569 2299 in
3587 2245 3826 2299 Ecclesia
3845 2248 4038 2301 catho-

2458 2334 2555 2386 lica
2598 2335 2856 2401 reperire,
2883 2334 2948 2387 de
2970 2350 3077 2402 quo
3103 2344 3228 2387 ante
3258 2335 3692 2403 desperaverant.
3726 2335 3880 2390 Nunc
3910 2336 4038 2389 illud

2456 2427 2593 2494 quod
2624 2435 2868 2494 superest
2917 2426 3208 2492 interrogo,
3241 2427 3332 2493 qui
3378 2435 3499 2495 post
3527 2441 3768 2480 mensem
3801 2435 3895 2478 aut
3925 2443 4040 2479 am-

2458 2518 2595 2586 plius
2626 2518 2798 2578 rediit,
2829 2532 2948 2570 cum
2985 2533 3044 2571 se
3072 2518 3334 2586 presbyte.
3354 2534 3438 2570 u-n
3481 2532 3509 2570 a
3540 2517 3754 2570 Bonoso
3796 2516 4041 2570 cnnlitle-

2459 2618 2540 2662 ret
2584 2609 2903 2672 ordinatimi,
2948 2610 2990 2661 si
3033 2624 3141 2662 non
3190 2619 3526 2663 scramenta
3561 2609 3817 2672 venfecit,
3854 2610 4035 2662 sinon

2459 2700 2667 2768 pepulis
2695 2699 2982 2763 distribuit,
3009 2699 3054 2753 si
3078 2714 3183 2753 non
3209 2700 3397 2752 missas
3424 2701 3716 2752 secundum
3743 2709 4036 2754 consuetu—

2455 2788 2633 2840 dinem
2663 2788 2969 2856 complevit,
2989 2789 3115 2856 quid
3144 2789 3212 2843 de
3240 2789 3321 2842 his
3351 2788 3636 2853 censeatis,
3669 2804 3877 2856 quasso,
3910 2806 4035 2858 pro-

2459 2879 2612 2929 matis
2656 2878 2925 2945 apertius?
2966 2878 3044 2931 Ad
3075 2893 3337 2932 summam
3375 2886 3523 2932 certe
3575 2879 3662 2947 qui
3710 2879 3843 2932 nihil
3873 2895 3903 2932 a
3936 2879 4040 2933 Bo-

2461 2983 2592 3021 noso
2631 2978 2955 3036 acceperunt
3003 2967 3079 3022 rei
3109 2979 3235 3021 sunt
3273 2979 3544 3037 usurpata:
3596 2969 3898 3036 dignitatis,
3948 2972 4036 3038 q..i

2459 3058 2915 3112 conficiendorum
2967 3067 3431 3112 sacramentorum
3477 3057 3578 3111 sibi
3632 3058 4038 3112 vindicaverunt

2464 3160 2556 3203 aut
2588 3166 2692 3202 non
2724 3149 3554 3211 vindicaveruntauctoritatem,
3581 3157 3745 3215 atque
3775 3148 3828 3201 id
3857 3164 3915 3202 se
3939 3164 4037 3217 pu-

2388 3217 2431 3274 C
2467 3251 2717 3295 taverunt
2746 3256 2865 3294 esse
2893 3240 3035 3308 quod
3068 3240 3150 3293 his
3182 3240 3324 3292 nulla
3354 3238 3529 3293 fuerat
3559 3240 3787 3306 regulari
3827 3241 4035 3294 ratione

2462 3349 2798 3388 (Σιδηρυδειηη.

2533 3421 2615 3475 lia:
2663 3424 2878 3476 decretis
2926 3437 3077 3490 papa:
3113 3419 3420 3485 Innocentii,
3475 3421 3610 3473 titul.
3657 3418 3742 3473 56.
3791 3419 4037 3474 Pervidet

2461 3531 2587 3584 ergo
2615 3516 2831 3570 dilectio
2859 3523 3034 3567 vestra
3067 3514 3326 3566 liactrnns
3369 3512 3493 3564 talia
3528 3512 3808 3574 transisse,
3851 3521 3907 3565 et
3942 3513 4034 3564 ad—

2462 3610 2651 3661 vertite
2677 3607 2820 3676 quod
2850 3616 2911 3660 ut
2937 3604 3112 3659 dicitis
3140 3603 3432 3658 neceSsitas
3473 3601 3777 3670 imperavit,
3808 3603 3861 3654 in
3902 3616 4034 3671 pace

2457 3701 2567 3767 jam
2597 3698 2852 3752 ecclesias
2879 3697 3203 3749 constitutas
3230 3708 3336 3747 non
3359 3707 3518 3761 posse
3539 3706 3889 3760 praesumere;
3921 3693 4034 3751 sed,

2464 3798 2520 3841 ut
2546 3803 2686 3855 εδει-θ
2721 3787 2936 3850 accidit,
2984 3787 3192 3853 quoties
3220 3799 3252 3837 a
3295 3783 3506 3853 populis
3533 3792 3626 3835 aut
3657 3799 3688 3836 a
3722 3783 3878 3836 turba
3911 3799 4036 3852 pec-

2461 3888 2632 3941 catur,
2663 3877 2788 3945 quia
2818 3877 2870 3930 in
2901 3891 3090 3930 omnes
3121 3884 3340 3944 propter
3381 3872 3774 3926 multitudinem
3807 3889 3913 3926 non
3941 3889 4036 3942 po-

2465 3976 2568 4021 test
2598 3967 2878 4029 vindicari,
2912 3966 3140 4019 inultum
3187 3966 3363 4018 soleat
3393 3964 3641 4018 transire.
3690 3961 3878 4017 Priora
3909 3978 4037 4031 ergo

2463 4058 2777 4110 dimittenda
2803 4058 2923 4110 dico
2953 4057 3045 4109 Dei
3071 4056 3296 4122 judicio,
3328 4056 3395 4109 de
3420 4055 3633 4124 reliquo
3663 4057 3897 4109 maxima
3927 4057 4038 4110 sol-

2465 4148 2740 4202 licitudine
2767 4149 3193 4216 prtecaVendum.

2535 4236 2712 4307 Ejusd.
2733 4254 2782 4290 m
2812 4239 2890 4289 tit.
2924 4235 3011 4289 57.
3049 4235 3268 4290 Veniam
3300 4252 3440 4290 nunc
3471 4237 3538 4291 ad
3567 4237 3860 4292 maximum
3887 4242 4038 4308 quasi

2464 4329 2729 4396 quoddam
2764 4329 2938 4381 thema
2966 4327 3272 4390 Photinum,
3305 4336 3361 4382 et
3388 4330 3529 4397 quod
3557 4329 3686 4382 mihi
3717 4331 3938 4384 anxium
3959 4339 4040 4384 est

2465 4437 2529 4474 ac
2575 4419 2967 4483 t.i.licill.mum,
3016 4418 3278 4485 majorum
3331 4434 3569 4472 meorum
3610 4420 3883 4473 revolvam
3913 4436 4032 4474 sen-

2469 4515 2681 4567 tentias.
2717 4512 2914 4566 Fuerat
2955 4513 3024 4564 de
3055 4512 3145 4565 illo
3189 4526 3406 4580 quoquo
3434 4522 3612 4582 pacto,
3659 4521 3719 4565 ut
3747 4513 3909 4566 etiam
3940 4513 4037 4581 ipsi

2466 4606 2926 4668 commeministis,
2955 4604 3152 4672 aliquid
3184 4605 3369 4672 utique
3411 4606 3626 4671 gravius
3653 4607 4034 4668 constitutum;

2470 4714 2651 4750 verum
2679 4697 2929 4765 quoniam
2956 4697 3006 4750 id
3035 4712 3130 4765 per
3157 4712 3422 4752 tumorem
3451 4695 3520 4750 [αι
3553 4713 3662 4760 υιιι,
3698 4707 3755 4752 ut
3776 4701 4036 4762 asseritis,

2467 4793 2776 4860 subreptum
2803 4791 2928 4845 huic
2969 4791 3083 4844 sedi
3110 4799 3165 4844 et
3192 4792 3426 4846 elicitum
3455 4808 3547 4860 per
3575 4793 3792 4847 insidias
3813 4794 4036 4848 demon-

2467 4886 2666 4947 stratis,
2699 4884 2822 4951 quia
2853 4897 2940 4937 res
2959 4883 3025 4935 ad
3054 4882 3279 4935 salutem
3312 4881 3506 4936 rediit:
3540 4885 3749 4936 veniam
3778 4900 3881 4937 nos
3901 4884 4036 4938 banc

2468 4977 2519 5028 in
2552 4983 2756 5028 tantum
2779 4974 2930 5026 vobis
2955 4972 3338 5036 annitentibus,
3367 4980 3490 5041 post
3509 4971 4034 5037 condemnationem,

2471 5079 2618 5116 more
2649 5062 2948 5131 apostolico
2995 5062 3365 5130 sabrogamus,
3405 5063 3674 5130 tantisque
3707 5066 3908 5116 vestris
3954 5080 4038 5118 as-

2469 5157 2812 5219 :crtionibns,
2843 5154 3101 5220 vobisque
3130 5166 3236 5207 tam
3267 5155 3438 5218 bonis,
3472 5163 3579 5208 tam
3609 5155 3785 5210 charis
3810 5171 3917 5208 non
3946 5159 4035 5208 tta-

2470 5262 2524 5296 re
2551 5259 2894 5307 consensum,
2928 5243 3176 5296 omnibus
3203 5243 3350 5295 duris
3376 5243 3535 5297 rebus
3575 5243 3761 5297 durius
3804 5245 4033 5298 arbitra-

2468 5348 2605 5384 mur.
2655 5331 2762 5384 Pro
2794 5341 2969 5385 vestra
3000 5346 3128 5400 ergo
3169 5331 3580 5400 approbatione,
3614 5334 3807 5388 fratres
3835 5335 4036 5389 charis-

2467 5424 2607 5484 siini,
2636 5427 2898 5477 sententia
2927 5437 2991 5477 ac
3028 5425 3387 5492 postulatione
3411 5426 3719 5494 episcopum
3749 5424 4034 5481 Pbminum

2467 5515 2719 5568 habetote
2748 5513 2950 5568 licitum
2983 5515 3055 5568 ita
3087 5517 3438 5575 consuluere,
3472 5526 3530 5568 ut
3566 5514 3613 5568 di
3635 5518 3951 5584 precemini,
3984 5527 4036 5572 et

2469 5617 2704 5660 nostram
2733 5607 2785 5660 in
2808 5607 2996 5660 melius
3025 5621 3336 5660 conversam
3354 5606 3708 5670 sententiam,
3739 5606 3930 5662 labore
3954 5610 4035 5661 vel

2470 5699 2778 5752 testimonio
2827 5706 3007 5752 vestro
3051 5705 3334 5768 compotes
3379 5698 3486 5750 voti
3537 5699 3811 5767 suscipite.
3865 5700 4036 5767 Atque

2469 5787 2799 5843 Eustathium
2831 5804 2861 5841 a
2891 5803 2975 5842 me
2995 5789 3287 5856 srepissime
3312 5790 3717 5857 comprobatum
3749 5789 3915 5842 nolite
3941 5805 4031 5843 ex-
