4204 6542
747 431 838 484 871

747 632 834 696 qui
863 630 927 683 ad
955 629 1251 683 iterandmn
1298 627 1643 695 baptismum,
1683 624 1767 676 vel
1808 631 1952 676 metu
1995 625 2191 680 coacti,
2225 622 2305 672 Vt’l

749 737 930 774 rrrore
961 721 1190 772 traducti
1218 727 1361 781 sunt,
1394 725 1447 771 et
1479 732 1619 770 nunc
1645 730 1704 770 se
1735 724 1920 769 contra
1947 714 2225 768 catholicae
2253 714 2313 761 li-

725 811 833 867 ,dcl
865 808 1455 874 sacramentumegissc
1485 816 1895 872 recognoscant,
1925 819 1986 860 ea
2017 813 2098 859 est
2128 812 2317 857 custo-

749 902 940 953 dienda
972 899 1110 952 mod:
1133 901 1289 962 ratio,
1324 914 1426 967 qua
1475 899 1524 951 in
1555 899 1868 950 societatem
1918 905 2182 959 nostram,
2216 910 2320 948 non

754 988 850 1040 ni'-i
886 1003 979 1054 rer
1017 988 1342 1054 poenitentia:
1375 987 1688 1047 remedium,
1721 994 1775 1038 et
1807 1001 1901 1053 per
1932 985 2320 1052 impositionem

754 1079 1076 1146 episcopalis
1106 1093 1294 1131 tnauus
1324 1076 1718 1131 communionis
1747 1075 2008 1143 recipiant
2039 1075 2320 1127 unitatem.

757 1167 1022 1236 'l‘empora
1053 1167 1412 1236 pmnitudiuis,
1449 1163 1624 1220 habita
1658 1165 2044 1229 moderatione,
2075 1173 2166 1218 tuo
2196 1179 2326 1218 con-

757 1257 1022 1312 stituenda
1038 1257 1258 1325 judicio,
1281 1263 1438 1323 prout
1455 1269 1834 1308 conversorum
1854 1255 2062 1306 animos
2077 1253 2326 1320 inspexe-

761 1351 834 1401 ris
862 1363 980 1401 esse
1010 1349 1251 1411 devotos,
1283 1347 1587 1416 pariterque
1633 1347 1793 1398 etiam
1845 1345 2104 1398 habentes
2145 1342 2329 1398 senilis

759 1442 932 1496 aetatis
967 1442 1243 1507 intuitum,
1273 1450 1327 1493 et
1353 1439 1712 1507 periculorum
1737 1450 2094 1504 quorumque,
2126 1441 2218 1486 aut
2255 1449 2330 1487 tc-

763 1530 1087 1596 gritudinum
1131 1528 1476 1595 reSpicientes
1521 1525 1886 1579 necessitates.
1929 1523 1984 1577 In
2033 1525 2243 1592 quibus,
2287 1521 2332 1576 si

763 1621 882 1688 quis
911 1621 978 1674 ita
1021 1620 1253 1687 graviter
1301 1625 1572 1686 urgeatur,
1603 1623 1660 1670 ut
1706 1617 1831 1670 dum
1877 1616 2050 1670 adhuc
2091 1615 2331 1683 pmnitet,

766 1714 833 1765 de
861 1711 1030 1765 salute
1077 1711 1240 1778 ipsius
1269 1712 1602 1778 tItthBI'CIIII',
1641 1717 1856 1778 oportet
1884 1708 1931 1762 ei
1962 1723 2055 1776 per
2084 1707 2333 1762 sacerdo-

769 1804 928 1856 talem
974 1801 1380 1855 sollicitndiuuu
1420 1798 1813 1853 connunnionis
1840 1797 2009 1864 gratia
2038 1797 2331 1852 subveniri.

1851 419 2180 475 (ZRIS!LONII
2225 416 2544 470 Ab‘ltltiANI
2597 417 2912 470 LI’ISCUl‘I.

747 548 843 596 bus
873 538 1114 593 similiter
1143 537 1355 590 dilectio
1397 542 1484 588 tua
1533 548 1629 586 nos
1658 532 1884 586 credidit
1926 531 2305 588 consulendos,
2346 538 2380 588 Α

3889 412 3991 466 8Ἰξ

2668 528 2844 582 I.-\'l.\.
2886 529 2956 582 Ile
2988 529 3292 596 martyribus
3322 528 3694 580 hwrcticormn.

2495 637 2688 691 (fortcit’.
2724 639 2914 690 Ltltttltt‘
2947 642 3048 702 nsi,
3080 640 3154 690 tit.
3197 637 3284 689 3i.
3320 636 3472 702 Quod
3513 649 3702 688 omnes
3726 633 3991 686 Christia-

2425 743 2522 780 nos
2550 742 2653 780 non
2681 737 2930 796 oporteat
2955 729 3204 781 deserere
3221 738 3485 794 martyres
3499 725 3720 789 Christi,
3749 725 3896 778 etire
3926 724 3991 774 ad

2424 815 2912 884 pseudomartyres,
2945 815 2996 868 id
3025 824 3126 879 est,
3170 815 3569 877 haereticorum,
3603 821 3657 866 et
3686 828 3825 881 quos
3854 812 4000 880 ipsos

2423 914 2633 958 COIlinﬂ
2678 905 2957 960 hazreticos
2985 906 3296 967 exstitisse;
3335 904 3390 956 hi
3422 918 3653 971 namque
3693 910 3821 956 sunt
3867 903 4000 954 alie-

2426 997 2534 1049 nati
2564 1012 2592 1048 a
2625 995 2753 1050 Deo.
2783 997 2901 1051 Sint
2929 997 3090 1065 igitur
3119 999 3404 1050 anathema
3427 997 3519 1063 qui
3549 996 3615 1049 ad
3642 996 3778 1049 tales
3817 1009 4004 1049 acces-

2426 1087 2611 1140 seriut.

2496 1176 2691 1230 Cencil.
2737 1175 3010 1247 Carthag.,
3039 1179 3120 1231 tit.
3159 1176 3250 1232 50.
3303 1176 3432 1230 Item
3478 1175 3676 1245 placuit
3723 1185 3780 1229 ut
3813 1175 4005 1228 altaria

2429 1282 2546 1336 qtae
2577 1268 2771 1334 passim
2816 1283 2912 1334 par
2939 1282 3097 1335 agros
3139 1277 3194 1320 et
3226 1283 3321 1332 per
3349 1268 3480 1328 vias,
3515 1276 3770 1334 tanquam
3801 1279 4008 1318 mento-

2430 1359 2522 1411 rite
2557 1367 2847 1426 martyrum
2889 1357 3314 1423 constituuntur,
3346 1358 3616 1424 inquibus
3647 1358 3852 1410 nullum
3885 1371 4011 1408 cor-

2433 1463 2550 1515 pus,
2586 1455 2677 1500 aut
2722 1447 2958 1514 reliquiae
2997 1456 3290 1516 martyrum
3329 1449 3557 1501 condita:
3588 1448 3908 1516 probantur,
3945 1449 4012 1498 ab

2433 1539 2696 1606 episc0pis
2739 1537 2830 1604 qui
2875 1537 3004 1591 locis
3041 1538 3242 1591 eisdem
3284 1545 3538 1606 pra-sunt,
3587 1539 3631 1591 si
3662 1537 3776 1592 lieri
3808 1544 4010 1606 potest,

2434 1635 2784 1680 evertuntur:
2827 1626 2870 1678 si
2913 1635 3092 1680 autem
3141 1627 3243 1681 hoc
3291 1643 3385 1695 per
3433 1629 3691 1682 tumultus
3722 1627 4016 1696 populares

2437 1733 2542 1771 non
2566 1717 2778 1778 sinitur,
2815 1725 2990 1770 tamen
3025 1717 3208 1785 plebes
3230 1719 3625 1772 admoneamur
3673 1733 3740 1772 ne
3773 1718 3865 1771 illa
3897 1719 4017 1770 loca

2439 1809 2798 1875 frequentem,
2833 1808 3002 1875 utqui
3035 1816 3185 1862 recte
3215 1809 3453 1877 sapiunt,
3486 1809 3630 1874 nulla
3655 1809 3728 1862 ibi
3757 1809 4018 1878 supersti-

773 1919 786 1968 l
819 1916 925 1968 XV.
972 1916 1036 1970 Ut
1067 1916 1119 1967 hi
1148 1917 1232 1985 qni
1263 1915 1322 1966 ab
1353 1914 1603 1967 httrretizis
1635 1913 1878 1980 baptizati
1911 1920 2048 1971 sunt,
2076 1911 2186 1964 sola
2211 1926 2332 1964 san-

2454 1897 2585 1949 .ione
2625 1897 2860 1950 devincti
2895 1906 3201 1963 teneantur,
3234 1908 3288 1952 et
3316 1899 3537 1952 omnino
3583 1898 3730 1951 nulla
3755 1899 4021 1952 memoria

1057 1989 1122 2038 cti
1151 1987 1374 2052 Spir-dus
1401 1986 1722 2036 inrowtione
1745 1988 2036 2046 ﬁrmentur.

844 2097 927 2150 lix
953 2097 1168 2149 decretis
1207 2110 1352 2163 papa:
1382 2093 1588 2156 Leonis,
1636 2095 1716 2146 tit.
1749 2091 1834 2146 48.
1881 2091 2010 2144 Nam
2043 2090 2096 2143 hi
2133 2090 2222 2158 qui
2251 2091 2335 2143 ba-

773 2189 847 2255 pti
881 2202 1022 2239 mum
1045 2194 1374 2253 acceperunt
1404 2183 1470 2236 ab
1498 2183 1782 2246 luereticis,
1813 2195 1934 2236 cum
1965 2179 2216 2249 baptizati
2248 2193 2342 2231 an-

774 2293 858 2331 tea
887 2292 994 2330 non
1041 2275 1300 2339 fuissent,
1341 2274 1454 2326 sola
1497 2274 1670 2327 sancti
1714 2271 1943 2341 Spiritus
1984 2271 2340 2334 iuvatatione,

781 2383 875 2434 per
916 2366 1314 2434 itnpositiouem
1363 2379 1616 2417 manuum
1653 2359 2003 2417 coolirmandi
2051 2370 2192 2424 sunt,
2222 2361 2345 2428 quia

775 2459 1001 2511 formam
1033 2465 1236 2510 tantum
1268 2456 1513 2525 baptismi
1545 2456 1661 2508 sine
1686 2452 2125 2508 Sanctiﬁcationis
2151 2454 2348 2504 virtute

777 2556 1140 2616 sumpserunt.
1175 2545 1239 2598 Et
1271 2546 1408 2599 hanc
1452 2544 1708 2611 regulam,
1745 2553 1804 2596 ut
1831 2542 2000 2602 scitis,
2031 2543 2348 2594 servandam

780 2643 833 2694 in
865 2639 1109 2694 omnibus
1140 2637 1389 2692 Ecclesiis
1411 2636 1780 2706 pnedicamus,
1802 2641 1872 2688 ’ut
1893 2633 2163 2687 lavacrum
2185 2633 2350 2687 semel

787 2731 972 2783 initum
1021 2729 1163 2781 nulla
1195 2727 1481 2781 iteratione
1509 2727 1758 2790 violetur,
1792 2726 2005 2779 dicente
2045 2724 2304 2793 Apostolo
2337 2741 2350 2777 :

787 2820 930 2872 Unus
959 2816 1121 2881 Deus,
1155 2832 1256 2870 una
1289 2815 1440 2882 ﬁdes,
1472 2831 1633 2869 unum
1665 2816 1950 2885 baptisma,
1975 2814 2126 2880 cujus
2152 2814 2352 2867 ablatio

789 2911 930 2962 milia
959 2907 1241 2961 iteratiote
1269 2908 1576 2960 temeranda
1605 2915 1704 2970 est,
1729 2906 1842 2971 sed,
1877 2914 1936 2958 ut
1965 2906 2216 2969 diximus,
2241 2905 2354 2959 sola

785 3000 1142 3054 sanetilicatio
1173 2998 1402 3067 Spiritus
1429 3000 1598 3054 sancti
1641 2999 1969 3064 invocanda,
2018 3007 2074 3051 ιιι
2105 2998 2246 3066 quod
2291 2998 2356 3052 ab

788 3092 1051 3145 lucreticis
1097 3106 1254 3144 nemo
1304 3090 1530 3160 accipit,
1585 3105 1613 3144 a
1661 3091 1941 3146 catholicis
1988 3089 2359 3144 sacerdotibus

786 3187 1167 3249 consequatur.

966 3290 1146 3349 LXVI.
1176 3291 1255 3346 De
1284 3293 1362 3347 his
1390 3295 1472 3363 qni
1502 3295 1552 3346 in
1583 3295 1888 3363 (egritudine
1928 3296 2064 3363 bapti
2097 3311 2180 3346 ma

1365 3381 1652 3434 consequun
1662 3376 1761 3418 tur.

863 3477 1060 3532 (ςοηαι.
1100 3475 1560 3535 Novactesarimsi,
1611 3475 1688 3526 tit.
1723 3472 1806 3528 12.
1839 3473 1894 3529 Si
1938 3475 2057 3543 quis
2100 3476 2151 3528 in
2207 3475 2360 3542 τηετί-

798 3564 977 3615 tudine
1017 3564 1177 3619 t’uerit
1233 3566 1554 3634 baptizatus,
1613 3567 1678 3618 ad
1733 3567 1991 3621 honorem
2045 3567 2360 3638 presbyterii

795 3667 904 3704 non
948 3662 1124 3721 potest
1154 3655 1479 3722 pronmveri,
1503 3655 1627 3722 quia
1678 3671 1782 3708 non
1815 3671 1882 3710 ex
1928 3658 2204 3725 proposito
2235 3657 2364 3710 liiles

794 3746 934 3812 ejus,
1087 3761 1157 3801 ex
1206 3746 1528 3800 necessitate
1563 3745 1879 3800 descendit:
1926 3747 2027 3801 nisi
2077 3745 2212 3801 forte
2242 3763 2364 3815 pro-

801 3849 916 3903 pter
960 3853 1192 3905 sequens
1214 3837 1447 3891 studium
1481 3841 1618 3905 ejus,
1636 3846 1691 3892 et
1712 3838 1892 3904 Iidem,
1915 3849 2074 3906 atque
2090 3839 2364 3892 hominum

799 3926 1098 3981 raritatem.
1133 3927 1254 3980 talis
1283 3927 1452 3994 possit
1481 3927 1708 3981 admitti.

874 4014 999 4068 Com
1015 4016 1072 4068 il.
1111 4015 1434 4081 Laodicea...
1465 4018 1545 4070 tit.
1589 4018 1674 4070 47.
1710 4017 1860 4083 Quod
1884 4026 2136 4086 oporteat
2158 4033 2254 4072 eos
2277 4019 2366 4084 qui

802 4108 855 4160 in
886 4107 1198 4173 argritudinc
1228 4109 1530 4177 percipiunt
1552 4109 2142 4178 baptisma,postquam
2171 4125 2369 4163 conva-

801 4198 1017 4261 luerint,
1069 4197 1220 4251 Iidem
1267 4200 1593 4267 perdiscere,
1644 4210 1699 4254 et
1743 4201 1883 4254 scire
1927 4199 2080 4270 cujus
2133 4200 2370 4255 muneris

803 4288 1091 4357 participes
1115 4286 1236 4341 facti
1268 4299 1415 4344 sunt.

877 4377 1075 4430 Concil.
1107 4377 1377 4448 (Iarthag.,
1420 4380 1499 4432 tit.
1528 4378 1610 4431 η.
1647 4377 1715 4433 Ut
1741 4389 2070 4448 aegrotantes
2097 4383 2140 4436 si
2188 4397 2284 4452 pro
2313 4397 2372 4436 se

807 4471 1136 4540 respondere
1167 4487 1272 4526 non
1295 4481 1536 4541 possunt,
1562 4489 1682 4527 cum
1707 4473 1998 4528 voluntatis
2021 4489 2206 4528 eorum
2231 4476 2374 4528 testi-

2441 1993 2738 2053 ntartyrum
2798 1984 3148 2053 probabiliter
3185 1997 3520 2055 acceptetur,
3561 1986 3661 2039 nisi
3699 1985 3791 2040 ubi
3828 2001 4026 2054 corpus

2443 2086 2534 2128 aut
2556 2075 2746 2142 aliqua:
2787 2075 3026 2143 reliquiae
3055 2085 3200 2140 sunt,
3234 2085 3329 2128 aut
3374 2077 3525 2144 origo
3552 2076 3778 2144 alicujus
3817 2077 4028 2129 habita-

2445 2166 2630 2233 tionis,
2663 2164 2747 2219 vel
2820 2165 3199 2234 possessionis,
3248 2165 3333 2220 vel
3406 2166 3673 2234 passiouis
3714 2166 4029 2221 ﬁdelissima

2448 2255 2657 2323 origine
2717 2256 2983 2308 traditur:
3036 2270 3159 2308 nam
3209 2269 3331 2323 qua:
3400 2271 3497 2324 per
3536 2255 3767 2320 somnia,
3822 2265 3880 2309 et
3936 2271 4031 2325 per

2448 2360 2650 2410 manes,
2701 2345 2857 2412 quasi
2910 2345 3268 2399 revelationes
3309 2347 3674 2414 quorumlibet
3723 2347 4028 2409 hominum,

2451 2437 2757 2506 ubicunque
2787 2437 3190 2492 constituuntur
3241 2437 3452 2502 altaria,
3485 2437 3800 2492 omnimodo
3845 2453 4032 2507 repro-

2451 2530 2664 2583 bentur.

2454 2638 2612 2692 LXX.
2647 2637 2725 2692 De
2761 2641 2838 2692 I.is
2868 2641 2950 2710 qui
2985 2639 3049 2692 ab
3080 2639 3355 2702 hwreticis,
3395 2639 3470 2692 uel
3504 2637 3706 2692 Judteis
3740 2639 4037 2707 [istiritutis

2897 2727 3072 2763 eorum
3099 2711 3238 2762 dona
3264 2711 3568 2778 suscipiunt.

2528 2799 2726 2852 (JonciI.
2767 2799 2785 2849 l
2807 2800 3092 2863 aodicensi,
3127 2801 3212 2852 tit.
3260 2799 3350 2852 37.
3379 2797 3535 2863 Quod
3576 2814 3684 2853 non
3723 2807 3982 2867 oporteat
4010 2813 4039 2850 a

2461 2890 2658 2943 ludatis
2687 2889 2768 2942 vel
2799 2890 3069 2942 haereticis
3093 2904 3157 2944 ea
3186 2903 3304 2957 qua:
3324 2889 3608 2942 mittuntur
3636 2903 3866 2943 munera
3898 2888 4040 2942 festi-

2461 2995 2524 3033 va
2546 2979 2839 3046 suscipere,
2869 2991 2968 3032 nec
2992 2993 3112 3032 cum
3134 2978 3213 3031 eis
3242 2978 3376 3032 festa
3403 2977 3705 3032 celebrare.

2607 3088 2785 3143 LXXI.
2821 3089 2896 3143 Ite
2931 3088 3241 3144 Christianis
3270 3090 3355 3158 qui
3379 3087 3686 3142 Judwarum
3715 3104 3905 3157 azyma

3077 3159 3427 3213 comederunt.

2381 3235 2428 3296 (ἶ
2528 3254 2706 3308 Concil
2773 3253 3099 3318 Laodicensi,
3124 3256 3205 3308 tit.
3261 3253 3349 3307 58.
3402 3252 3557 3318 Quod
3612 3269 3720 3307 non
3780 3264 4038 3322 oporteat

2460 3365 2646 3419 azyma
2679 3364 2709 3401 a
2739 3346 2938 3402 ludat-is
2979 3348 3247 3418 accipere,
3275 3357 3332 3400 et
3357 3349 3760 3401 communicare
3793 3347 4044 3416 impieta-

2461 3442 2603 3494 tihus
2634 3455 2842 3494 eorum.

2466 3550 2668 3605 LXXII.
2716 3550 2794 3604 De
2825 3551 3133 3606 Christianis
3177 3550 3550 3605 celebrantibus
3593 3553 3724 3619 festa
3755 3552 4046 3621 gentilium.

2546 3663 2743 3716 Concil.
2797 3662 3126 3727 Laodicensi,
3169 3667 3248 3717 tit.
3310 3663 3401 3719 39.
3458 3662 3610 3727 Quod
3656 3679 3768 3717 non
3799 3674 4052 3733 oporteat

2466 3767 2586 3804 cum
2617 3752 2907 3819 grntilibus
2937 3754 3069 3805 festa
3093 3754 3389 3818 celebrare,
3417 3763 3472 3806 et
3500 3755 3905 3807 communicare
3927 3771 4048 3823 pra-

2467 3842 2721 3896 vitatibus
2741 3858 2927 3896 eorum
2953 3846 3043 3911 qui
3072 3844 3190 3898 sine
3218 3843 3330 3898 Deo
3355 3852 3500 3898 sunt.

2471 3952 2675 4007 LXXIII
2743 3955 2819 4008 De
2867 3956 3119 4010 hwreticis
3170 3956 3482 4009 intrantibus
3537 3958 3592 4010 in
3623 3957 3922 4024 ecclesiam,
3976 3965 4051 4012 cet

2963 4028 3206 4078 basilicas
3233 4039 3540 4095 martyrum.

2543 4115 2743 4169 Concil.
2788 4114 3027 4177 LaOtllC.,
3061 4117 3140 4168 tit.
3167 4119 3220 4168 ὕ.
3251 4113 3406 4181 Quod
3435 4116 3671 4170 bzeretici
3700 4132 3807 4171 non
3827 4120 4053 4186 permit-

2475 4210 2618 4263 tendi
2657 4212 2763 4262 sint
2792 4209 2994 4277 ingredi
3044 4209 3098 4262 in
3124 4207 3342 4262 domum
3398 4207 3514 4273 Dei,
3547 4207 3601 4262 in
3626 4208 3821 4263 haeresi
3850 4225 4059 4278 perma-

2476 4309 2688 4354 nentes.

2478 4410 2706 4465 LXXIV.
2753 4410 2979 4480 Captivis
3021 4411 3158 4464 cibos
3192 4410 3545 4464 immolatitios
3573 4427 3664 4480 per
3699 4413 4060 4464 necessitatem

2720 4481 3099 4535 contedentibns
3125 4497 3239 4546 pan
3267 4491 3425 4534 tentia
3448 4480 3802 4534 concedenda.

809 4561 1046 4661 monium
1078 4562 1184 4661 sui.
1211 4564 1983 4661 periculopropr-iudixeritit,
2009 4565 2370 4661 baptiz-en-lur.
2408 4594 2454 4651 D
2556 4591 2635 4646 Ex
2663 4592 2878 4646 dede,“
2907 4609 3055 4661 papa
3077 4591 3285 4658 Leonis,
3315 4592 3446 4645 ωυιο
3471 4591 3562 4644 ‘6.
3591 4590 3655 4646 Hi
3686 4600 3873 4646 autem
3903 4592 4066 4646 (Ἀπί,

811 4652 877 4704 Et
907 4660 964 4754 ili
988 4651 1215 4754 scenicis
1258 4661 1423 4721 atque
1452 4655 1798 4709 llismouibus
1842 4658 2157 4724 ameri’que
2189 4655 2374 4724 ln'jus'
2483 4687 2646 4742 stiani
2676 4687 2768 4754 qui
2798 4651 2936 4740 inter
2967 4651 3062 4740 eos
3086 4701 3116 4738 a
3135 4651 3327 4754 quibus
3357 4684 3553 4737 fuerint
3577 4684 3835 4752 captivati
3867 4689 4067 4738 immo-

810 4744 950 4796 "md'
981 4759 1222 4813 persoms
1249 4748 1612 4802 reconc'ml'o
1644 4765 1749 4802 ¹¹⁰¹¹
1779 4760 2023 4818 negem”
2487 4779 2666 4832 latitiis
2715 4779 2848 4830 cibis
2891 4785 3202 4831 asseruntur
3255 4792 3374 4831 esse
3413 4777 3623 4845 polluti,
3677 4777 4066 4830 consultationi

2486 4868 2761 4922 charitatis
2795 4877 2897 4920 tua:
2940 4868 3040 4921 hoc
3068 4869 3231 4921 etiam
3275 4867 3705 4937 respondendum
3736 4882 3861 4922 esse
3893 4869 4068 4923 credi-

2490 4961 2682 5025 dimus,
2715 4969 2772 5014 ut
2818 4960 3147 5030 pmnitentia:
3185 4960 3553 5014 satisfactione
3580 4969 3900 5028 purgentur,
3950 4976 4071 5028 qua:

2495 5067 2598 5104 non
2630 5060 2738 5104 tam
2769 5053 3026 5118 temporis
3056 5048 3389 5116 longitudine
3407 5064 3569 5118 quam
3590 5051 3770 5104 cordis
3798 5064 4070 5119 compun-

2493 5144 2671 5196 ctione
2702 5143 2971 5210 pensanda
3017 5151 3118 5196 est.
3151 5139 3214 5195 Et
3245 5143 3358 5195 sive
3408 5142 3511 5195 hoc
3540 5149 3715 5194 terror
3755 5141 4070 5203 extorserit,

2493 5235 2605 5289 sive
2645 5232 2811 5286 fames
2858 5233 3106 5295 suaserit,
3139 5248 3245 5286 non
3273 5232 3544 5286 dubitetur
3571 5230 3922 5296 abolendum,
3953 5247 4074 5284 cum

2495 5323 2798 5390 hujusmodi
2840 5324 2990 5378 cibus
3033 5337 3131 5391 pro
3167 5331 3312 5376 metu
3340 5333 3433 5374 aut
3478 5321 3794 5389 indigentia,
3828 5337 3939 5375 non
3979 5336 4076 5389 pro

2497 5415 2766 5481 religionis
2787 5416 3135 5468 veneratione
3165 5413 3233 5468 sit
3269 5421 3536 5482 sumptus.

813 4853 1012 4908 LXVII.
1070 4854 1514 4934 De,_(.htistianis
1565 4862 1651 4934 qui
1701 4863 2040 4925 sabbtttizare,
2106 4866 2180 4917 rel
2225 4865 2379 4934 juxta

1022 4927 1292 4996 quemdam
1327 4932 1532 4982 modum
1555 4927 1827 5000 judaizuie
1868 4945 2167 4988 noscuntur.

884 5036 1082 5091 Comil.
1116 5036 1443 5102 Laodicensi,
1504 5044 1585 5093 tit.
1636 5041 1726 5095 29.
1785 5044 1938 5108 Quod
1984 5060 2092 5098 non
2136 5054 2382 5114 oporteat

813 5128 1151 5182 Christianos
1188 5127 1462 5194 judaizare
1484 5139 1540 5182 et
1566 5132 1722 5184 otiari
1767 5133 1818 5184 in
1848 5132 2107 5198 Salibato,
2138 5136 2230 5187 sed
2258 5149 2385 5202 0pc-

817 5219 926 5271 rari
966 5232 1061 5270 eos
1091 5218 1140 5269 in
1175 5219 1362 5271 eodem
1386 5221 1507 5272 die:
1545 5219 1891 5288 ιιτωΐειιρηιρς
1927 5231 2105 5275 autem
2140 5224 2190 5274 in
2223 5237 2386 5275 vene.

821 5311 1031 5362 ratione
1081 5307 1415 5366 Dominicuut
1454 5312 1615 5376 diem,
1666 5314 1710 5365 si
1761 5329 1954 5368 vacare
2011 5315 2301 5378 voluerint,
2334 5324 2389 5367 ut

817 5396 1129 5460 Christiani,
1158 5400 1258 5452 hoc
1275 5401 1490 5453 faciant.
1522 5403 1674 5466 Quod
1693 5405 1742 5467 si
1773 5407 1968 5475 reperti
1995 5406 2189 5460 fuerint
2209 5406 2387 5459 iudai-

822 5503 964 5552 zare,
991 5490 1270 5540 anathema
1304 5490 1412 5542 sint
1435 5507 1464 5544 a
1493 5491 1724 5548 Clu-isto.

1241 5598 1464 5655 LXVIII.
1498 5604 1571 5657 De
1598 5606 1960 5661 schismaticis.

901 5709 1099 5763 Conril.
1165 5710 1481 5778 Lactliccnsi,
1518 5717 1593 5768 tit.
1646 5716 1733 5770 33.
1768 5720 1921 5783 Quod
1980 5737 2084 5772 non
2145 5729 2390 5788 oporteat

827 5817 946 5857 cum
975 5804 1235 5862 haereticis
1264 5818 1354 5861 aut
1382 5809 1732 5865 schismaticis
1764 5814 1962 5880 pariter
1992 5827 2173 5867 orare.

2501 5523 2635 5579 LXX
2649 5523 2704 5576 ν.
2737 5524 2972 5587 Qualiter
2986 5523 3202 5577 debeant
3223 5524 3275 5575 in
3297 5519 3522 5575 Ecclesia
3539 5522 3730 5590 suscipi
3745 5525 4073 5591 pauitans.

2563 5633 2760 5687 (.‘oncil.
2789 5630 3060 5700 Carthag.,
3101 5629 3176 5681 tit.
3214 5627 3294 5680 I0.
3349 5626 3416 5680 Ut
3459 5628 3849 5697 pmnitentibus
3878 5645 4076 5683 secuti-

2496 5723 2619 5773 dum
2644 5719 2997 5773 diderentiam
3021 5724 3364 5785 peccatorum
3391 5715 3626 5784 opiscopi
3651 5716 3877 5770 arbitrio
3902 5718 4078 5784 paeni-

2499 5812 2677 5864 tenti;e
2715 5818 2959 5879 tempora
2987 5808 3362 5868 decernuntur,
3407 5815 3461 5859 et
3491 5814 3546 5859 ut
3581 5806 3867 5876 presbyter
3892 5807 4085 5860 incon-
