4204 6540
162 424 268 482 875

1415 414 1839 471 υιιΕνιΑιὶιυΜ
1876 416 2297 474 CANONICUM.

3341 410 3447 469 874

160 541 303 602 culto
348 542 607 613 episcopo
675 554 781 593 non
840 536 1157 592 reconciliet
1211 533 1591 605 poenitentem,
1649 532 1751 588 nisi
1782 542 1829 599 Α
1856 535 2081 589 veniunt
2108 535 2271 588 etiam
2313 546 2455 588 nunc
2503 531 2588 586 lex
2621 535 2839 598 antiqua
2866 531 3238 599 regularisque
3264 545 3448 588 serva-

157 636 409 693 absentia
435 634 677 704 episcopi
724 631 1051 686 necessitate
1082 638 1311 699 cogente
1338 648 1349 680 :
1384 628 1757 695 cujuscunque

157 735 345 780 autem
393 724 709 793 pmuitcntis
758 722 1032 791 publicutn
1082 732 1137 774 et
1187 719 1613 787 vulgatissirnum
1649 718 1758 770 cri-

157 833 285 873 men
323 824 427 882 est,
486 815 632 884 qt‘OtI
676 815 982 868 universam
1033 811 1333 867 Ecclesiam
1381 809 1755 875 commoverit,

156 915 286 961 ante
316 904 505 960 absida
537 920 728 959 manus
754 905 802 957 ei
835 904 1161 973 imponatur.

157 1014 396 1071 LXXVI.
428 1015 509 1069 De
536 1016 616 1070 Itis
642 1017 730 1085 qui
774 1016 843 1068 ad
864 1014 1101 1068 ord‘nem
1144 1014 1447 1083 presbyterii
1486 1014 1598 1066 sine
1628 1029 1756 1065 exa-

603 1086 889 1140 minatione
925 1087 1149 1154 provecti
1178 1095 1317 1138 sunt.

228 1199 432 1255 Concil.
487 1198 732 1263 Niceno,
786 1200 923 1252 titul.
975 1197 1028 1251 9.
1075 1198 1257 1269 Siqui
1309 1196 1613 1269 presbyteri
1643 1197 1761 1253 sine

158 1293 567 1348 examinatione
604 1302 730 1349 sunt
760 1291 1025 1362 provecti,
1065 1292 1149 1346 vel
1178 1306 1303 1346 cum
1356 1290 1762 1346 discutereutur

162 1394 388 1455 peccata
417 1401 514 1440 sua
554 1386 790 1441 confessi
815 1392 961 1448 sunt,
1000 1393 1055 1440 et
1097 1383 1344 1438 homines
1373 1391 1562 1438 contra
1593 1398 1760 1438 cano-

154 1494 256 1534 nes
279 1479 538 1535 commoti
564 1494 754 1533 manus
783 1477 1048 1535 confessis
1068 1464 1350 1546 imponere
1369 1484 1719 1530 tentaverunt
1743 1494 1757 1540 ;

159 1574 295 1628 tales
318 1573 504 1641 regula
532 1589 639 1628 non
668 1574 927 1639 admittit,
958 1572 1085 1642 quia
1101 1571 1246 1640 quod
1276 1569 1755 1641 irreprehensibile

161 1676 243 1722 est
266 1668 539 1723 catholica
563 1666 804 1722 defendit
826 1665 1091 1721 Ecclesia.

282 1761 399 1826 Quo
426 1772 654 1831 tempore
690 1763 1043 1829 presbyterum
1074 1766 1347 1816 conveniat
1376 1760 1635 1813 ordinari.

228 1853 433 1907 Coucil.
478 1852 943 1907 Natuecwsuriensi
966 1893 979 1916 ,
1013 1852 1149 1905 titul.
1182 1851 1267 1905 II.
1314 1849 1602 1920 Presbyter
1633 1860 1758 1904 ante

159 1946 495 1999 tricesimum
519 1946 693 1999 :t-tatis
720 1960 830 1998 sua:
878 1959 1077 1997 annum
1109 1942 1421 1998 nullatenus
1449 1941 1754 2005 ordinetur,

157 2038 281 2092 licet
312 2038 472 2092 valde
521 2038 592 2091 sit
649 2038 881 2105 dignus;
923 2036 1017 2090 sed
1066 2034 1165 2088 hoc
1211 2043 1424 2103 tempus
1473 2033 1755 2088 observet:

156 2146 281 2183 nam
318 2129 583 2184 Dominus
612 2138 796 2185 n05Ier
820 2128 1093 2182 tricesimo
1129 2127 1312 2181 aetatis
1335 2140 1445 2181 sua:
1472 2138 1615 2179 anno
1660 2124 1757 2179 ba-

153 2222 390 2293 ptizatus
420 2231 527 2289 est,
554 2231 607 2277 el
631 2223 711 2278 sic
738 2222 904 2290 coepit
932 2220 1150 2277 docere.

155 2332 415 2391 LXXVII.
479 2336 554 2390 De
583 2338 661 2389 his
717 2338 801 2401 qui
843 2338 895 2390 in
936 2336 1371 2405 persecutiouibus
1420 2347 1754 2406 negaverunt,

402 2418 452 2460 et
495 2410 823 2475 postmodum
852 2410 904 2459 in
936 2409 1072 2462 clero
1097 2410 1319 2491 promoti
1342 2418 1483 2462 sunt.

223 2522 430 2578 Concil.
470 2519 713 2585 Nicteno,
762 2519 936 2574 tit.lO.
990 2518 1313 2587 Quicunque
1367 2520 1637 2590 delapsis
1692 2522 1759 2575 ad

153 2614 400 2668 ordinem
442 2614 572 2667 clcri
633 2612 866 2683 promoti
914 2621 1059 2675 sunt,
1107 2626 1204 2680 per
1258 2610 1639 2677 ignorantiam,
1672 2614 1757 2666 vel

154 2706 527 2762 ordinantium
559 2704 1068 2769 dissimulationem,
1099 2703 1204 2756 hoc
1235 2702 1619 2759 ecclesiastita:
1652 2721 1759 2758 non

154 2798 474 2887 prmiudicat
496 2796 717 2864 regulae,
748 2794 954 2863 cogniti
981 2808 1216 2863 namque
1246 2793 1610 2864 deponantur.

154 2910 436 2966 LXXVIII.
500 2908 578 2962 De
631 2910 780 2963 laicis
823 2908 909 2979 qui
955 2916 1286 2979 negaverunt,
1329 2916 1378 2959 et
1444 2908 1507 2961 de
1561 2908 1637 2962 his
1674 2926 1762 2978 qut

222 2980 747 3063 abrenuntiaverunt,
822 2977 872 3032 et
932 2977 1119 3032 iterum
1190 2977 1260 3031 ad
1316 2979 1565 3032 steculum
1639 2987 1763 3031 sunt

226 3069 487 3107 εοιιιοενδι.

222 3145 429 3200 Concll.
468 3141 708 3205 Nicwna,
742 3140 822 3197 tit.
850 3140 909 3194 Il
930 3139 1079 3194 et”.
1110 3138 1188 3194 De
1217 3139 1409 3208 bisqui
1439 3148 1634 3209 prteter
1664 3155 1761 3195 ne-

153 3239 473 3296 cessitatem
505 3232 843 3305 praevaricati
894 3238 1042 3295 sunt,
1069 3238 1166 3285 aut
1197 3241 1397 3301 praeter
1429 3230 1758 3286 ablationem
1789 3280 1834 3305 Δ,

150 3330 499 3395 Iaeultatum,
539 3334 634 3380 aut
677 3331 875 3391 praeter
924 3322 1245 3393 periculum,
1273 3322 1359 3376 vel
1401 3322 1604 3393 aliquid
1658 3323 1762 3376 hu-

150 3420 391 3492 iusmodi
420 3416 570 3488 quod
595 3414 794 3470 factum
822 3422 907 3469 est
942 3413 1041 3469 sub
1073 3413 1358 3484 tyrannide
1393 3413 1611 3478 Licinii,
1644 3413 1762 3483 pla-

151 3516 264 3572 cuit
289 3509 530 3582 synodo,
558 3505 807 3576 quamvis
833 3505 1172 3560 humanitate
1202 3506 1505 3574 probentur
1530 3506 1756 3574 indigni,

156 3614 338 3659 tamen
397 3602 480 3658 eis
528 3600 964 3657 benevolentiam
1024 3599 1379 3656 commodari.
1441 3600 1763 3670 Quicunque

156 3709 285 3763 ergo
332 3692 609 3748 veraciter
665 3690 1058 3762 pmnitudinem
1097 3698 1315 3758 gerunt,
1376 3688 1548 3745 tribus
1604 3692 1761 3747 annis

159 3785 346 3841 ﬁdeles
376 3785 525 3839 inter
561 3784 844 3838 audientes
870 3783 1197 3849 habeantur,
1246 3790 1302 3837 et
1329 3798 1427 3839 sex
1455 3784 1611 3839 annis
1642 3801 1763 3840 om-

157 3878 213 3933 ni
242 3892 306 3932 se
326 3873 667 3931 contritione
696 3871 953 3940 dejiciant
970 3915 984 3937 ,
1016 3871 1230 3927 duobus
1249 3882 1433 3928 autem
1460 3874 1618 3929 annis
1642 3876 1764 3931 sine

156 3968 443 4027 oblatione
468 3964 670 4036 populo
692 3961 745 4017 in
778 3962 1026 4017 oratione
1052 3963 1477 4018 communicent.

225 4059 556 4127 Quicunque
610 4056 789 4109 vocati
829 4070 927 4126 per
975 4054 1229 4124 gratiam,
1259 4055 1492 4121 primum
1542 4057 1764 4127 quidem

157 4153 428 4223 impetum
474 4155 915 4202 monstraverunt
957 4145 1296 4215 deponentes
1342 4147 1547 4202 militiae
1577 4149 1765 4216 cingu-

158 4247 303 4313 lum,
351 4240 707 4315 postmodum
736 4254 867 4294 vero
910 4238 978 4293 ad
1018 4238 1298 4308 proprium
1344 4240 1607 4295 vomitum
1637 4248 1765 4295 sunt

156 4336 396 4407 relapsi,
437 4334 510 4388 ita
534 4340 593 4385 ut
621 4330 839 4399 quidam
865 4336 921 4385 et
950 4329 1211 4399 pecunias
1240 4329 1558 4395 tribuerent,
1588 4338 1644 4385 et
1671 4331 1767 4385 be-

162 4427 370 4482 neliciis
427 4421 677 4477 militiam
729 4426 1061 4491 repeterent,
1105 4418 1144 4474 ii
1196 4417 1383 4475 decem
1436 4420 1592 4475 annis
1643 4430 1767 4489 post

162 4517 387 4575 triennii
434 4525 650 4585 tempus
678 4514 695 4581 (
726 4527 835 4582 quo
869 4512 1011 4566 inter
1036 4510 1321 4566 audientes
1343 4521 1503 4567 erunt
1531 4512 1550 4582 )
1603 4512 1657 4567 in
1686 4514 1767 4567 af.

1867 629 2027 693 bitur,
2084 627 2155 681 ita
2196 636 2255 680 ιιι
2282 626 2327 679 si
2356 626 2477 693 quis
2506 625 2779 693 egreditur
2803 624 2869 678 de
2900 641 3149 694 corpore,
3181 625 3373 681 ultimo
3399 636 3451 682 et

1866 725 2172 780 necessario
2205 723 2402 778 viatico
2431 722 2651 776 minime
2694 721 2957 790 privetur.
2993 720 3147 785 Quod
3186 721 3233 775 si
3261 720 3448 791 despe-

1865 826 2033 879 ratus,
2081 825 2137 869 et
2182 823 2506 869 consecutus
2556 814 3015 877 communionem,
3058 810 3456 884 oblationisque

1865 910 2136 978 particeps
2161 906 2333 961 factus
2362 907 2557 961 iterum
2588 906 2945 971 convaluerit,
2976 906 3047 960 sit
3079 906 3219 961 inter
3239 921 3336 962 eos
3360 907 3451 974 qui

1865 999 2303 1056 communionem
2335 998 2600 1053 orationis
2621 995 2996 1051 tantummodo
3025 1005 3450 1066 consequuntur.

1867 1090 2208 1152 Generaliter
2234 1101 2413 1145 autem
2468 1089 2612 1145 omni
2642 1090 2865 1145 cuilibet
2905 1090 2958 1143 in
2988 1090 3136 1145 exitu
3173 1091 3373 1159 posito,
3402 1100 3459 1145 et

1865 1181 2113 1251 po.-centi
2141 1181 2245 1235 sibi
2277 1180 2674 1237 communionis
2702 1182 2934 1249 gratiam
2958 1179 3139 1245 tribui,
3169 1180 3458 1252 episcopus

1869 1275 2221 1345 probabiliter
2249 1290 2317 1329 ex
2345 1274 2623 1330 oblatione
2643 1272 2772 1327 dare.
2792 1274 3033 1330 debebit.

2191 1388 2400 1444 LXXX.
2438 1390 2513 1443 De
2551 1392 2931 1445 cateclmmeuis
2962 1391 3145 1461 lapsis.

1939 1508 2136 1564 Concil.
2174 1507 2416 1573 Nicano,
2461 1509 2539 1560 tit.
2576 1507 2663 1561 ll.
2708 1506 2782 1560 De
2826 1506 3232 1560 cateclmmeuis
3268 1515 3458 1563 sancto

1865 1609 1921 1656 et
1966 1614 2163 1666 magno
2212 1599 2441 1653 concilio
2471 1598 2674 1667 placuit
2714 1606 2772 1650 ttt
2802 1597 2969 1651 tribus
3000 1596 3152 1650 annis
3182 1598 3289 1651 sint
3319 1598 3460 1653 inter

1868 1693 2151 1747 audientes
2184 1690 2591 1754 tantummodo;
2620 1698 2743 1759 post
2789 1690 2902 1744 lucc
2949 1698 3127 1744 autem
3158 1705 3281 1745 cum
3309 1699 3460 1746 cate-

1870 1784 2150 1840 Lhumenis
2176 1795 2351 1839 orent.

1792 1917 1838 1976 Β
1944 1896 2178 1952 LXXXI.
2210 1896 2284 1951 De
2304 1898 2612 1968 presbyteris
2645 1900 2728 1976 qui
2751 1902 3142 1976 immolaverunt
3166 1912 3392 1958 tempore

2464 1971 2858 2038 persecutionis.

1943 2079 2140 2135 Concil.
2172 2081 2474 2150 Ancyreusi,
2511 2081 2591 2133 tit.
2636 2082 2677 2133 l.
2711 2078 3064 2153 Prcsbyteros
3097 2083 3456 2148 immolantes,

1865 2184 1924 2229 et
1954 2175 2146 2229 iterum
2178 2175 2445 2231 luctamen
2478 2175 2757 2239 adeuntes,
2787 2175 2830 2228 si
2866 2177 2966 2229 hoc
2992 2192 3097 2229 non
3128 2192 3226 2245 per
3252 2177 3461 2233 illusio—

1867 2283 1992 2323 nem
2021 2265 2277 2341 aliquam,
2311 2267 2402 2321 sed
2450 2282 2515 2321 ex
2546 2267 2775 2320 veritate
2802 2266 3045 2331 fecerint,
3083 2283 3180 2323 nec
3211 2278 3338 2324 ante
3367 2286 3464 2340 pa-

1866 2369 2070 2425 rantes,
2103 2369 2159 2415 et
2187 2358 2505 2415 alfectantes
2535 2367 2699 2428 atque
2731 2358 3022 2413 suadentes
3051 2366 3108 2412 ut
3129 2361 3463 2415 :cstimentur

1867 2454 2087 2525 quidem
2121 2454 2403 2509 tormentis
2442 2452 2639 2522 aptari,
2672 2452 2766 2505 sed
2811 2451 2970 2519 hujus
2999 2452 3114 2507 visu
3148 2462 3378 2521 tantum,
3409 2463 3465 2510 et

1870 2550 2057 2603 habitu
2088 2547 2301 2615 subjici.
2333 2547 2433 2601 hos
2463 2546 2670 2614 placuit
2698 2546 2961 2599 honorem
2985 2546 3200 2613 quidem
3226 2547 3464 2602 retinere

1868 2641 2101 2713 propriae
2122 2641 2292 2704 sedis,
2319 2640 2513 2695 offerre
2534 2655 2687 2702 vero,
2717 2650 2808 2693 aut
2838 2639 3040 2707 alloqui
3066 2641 3344 2711 populum,
3370 2650 3463 2695 aut

1868 2735 2091 2791 omnino
2121 2733 2555 2789 sacerdotalibus
2584 2732 2730 2801 fungi
2763 2731 2957 2788 officiis
2996 2750 3103 2789 non
3134 2735 3315 2789 licere.

2072 2848 2332 2903 LXXXII.
2365 2848 2440 2901 De
2461 2849 2696 2902 diaconis
2724 2849 2810 2917 qui
2831 2850 3250 2905 immolaverunt.

1942 2962 2143 3017 Concil.
2176 2963 2397 3029 Ancyr.,
2430 2962 2510 3012 tit.
2543 2958 2597 3013 2.
2624 2958 2845 3013 Diaconi
2869 2960 3119 3014 similiter
3140 2960 3459 3031 quiimmo-

1869 3058 2140 3118 laverunt,
2172 3055 2435 3109 honorem
2467 3052 2684 3122 quidem
2713 3053 2971 3115 habeant,
3003 3062 3219 3108 cessent
3237 3069 3367 3109 vero
3394 3054 3463 3109 ab

1870 3146 2019 3203 omni
2070 3159 2229 3199 sacro
2273 3143 2595 3207 ministerio,
2626 3141 2745 3195 sive
2774 3157 2803 3195 a
2851 3156 3013 3211 pune,
3041 3142 3156 3196 sive
3210 3157 3239 3195 a
3294 3142 3463 3198 calice

1872 3236 2172 3300 oilerendo,
2204 3235 2286 3289 vel
2332 3234 2695 3303 praedicando.
2735 3233 2887 3299 Quod
2919 3235 2963 3289 si
3002 3233 3221 3302 quidam
3252 3234 3462 3303 episcoo

1867 3345 2061 3401 porum
2090 3327 2291 3382 conscii
2322 3334 2449 3380 sunt
2472 3325 2672 3379 laboris
2704 3340 2911 3388 eorum,
2956 3333 3011 3377 et
3042 3324 3378 3387 humilitatis,
3411 3330 3465 3377 et

1869 3418 2325 3483 mansuetudinis,
2356 3427 2410 3472 et
2457 3416 2731 3471 voluerint
2756 3418 2834 3471 eis
2885 3415 3088 3483 aliquid
3118 3415 3348 3483 amplius
3372 3416 3465 3470 tri-

1867 3511 2057 3577 buere,
2087 3510 2171 3564 vel
2202 3509 2463 3573 adimere,
2494 3522 2660 3576 penes
2691 3508 2836 3577 ipsos
2876 3508 2979 3562 erit
3004 3516 3267 3577 potestas.

1868 3619 2148 3679 LXXXIII.
2184 3619 2256 3674 De
2298 3621 2375 3674 Itis
2415 3621 2498 3688 qui
2543 3636 2608 3672 ea:
2650 3620 2774 3689 fuga
2830 3620 3184 3685 comprehensi
3223 3628 3366 3683 sunt,
3416 3625 3470 3675 et

2364 3707 2456 3759 per
2487 3692 2587 3743 vim
2610 3690 2968 3743 immolarunt.

1938 3784 2138 3841 Concil.
2170 3784 2474 3851 Ancyrano,
2506 3783 2587 3835 tit.
2634 3779 2688 3833 5.
2739 3780 2842 3847 Qui
2894 3781 3163 3849 fugientes
3212 3797 3466 3852 compre—

1870 3878 2022 3933 hensi
2054 3884 2195 3938 sunt,
2229 3875 2313 3927 vel
2370 3889 2399 3926 a
2449 3872 2762 3928 domesticis
2812 3873 3013 3938 traditi,
3054 3874 3138 3929 vel
3190 3874 3458 3945 ademptis

1870 3967 2239 4031 facultatibus,
2271 3966 2578 4021 sustinuere
2609 3974 2900 4032 tormenta,
2935 3975 3029 4019 aut
3078 3968 3131 4021 in
3162 3969 3462 4023 custodiam

1872 4061 2003 4119 trusi
2056 4060 2530 4129 proclamaverunt
2595 4073 2655 4111 se
2705 4055 3045 4113 Christianos
3102 4074 3244 4126 esse,
3288 4069 3342 4115 et
3397 4075 3464 4117 eo

1868 4169 2042 4223 usque
2070 4152 2277 4206 astricti
2324 4160 2470 4216 sunt,
2514 4160 2574 4205 ut
2620 4166 2813 4204 manus
2860 4166 3048 4206 eorum
3099 4153 3461 4222 comprehen-

1868 4243 2061 4297 dentes
2082 4242 2348 4295 violenter
2398 4240 2771 4301 attraherent,
2806 4248 2861 4294 et
2918 4241 3141 4298 funestis
3181 4244 3465 4304 sacrificiis

1870 4334 2249 4398 admoverent,
2282 4341 2375 4387 aut
2425 4331 2628 4402 aliquid
2660 4332 2851 4401 polluti
2896 4333 3003 4389 cibi
3036 4350 3133 4405 per
3163 4338 3463 4393 necessita-

1871 4434 1982 4482 tem
2012 4440 2230 4481 sumere
2278 4433 2622 4491 cogerentur,
2658 4424 2985 4480 confitentes
3037 4427 3235 4495 iugiter
3262 4444 3321 4484 se
3341 4445 3465 4486 esse

1869 4517 2229 4582 Christianos,
2259 4525 2315 4571 et
2368 4517 2568 4571 luctum
2598 4517 2676 4570 rei
2705 4532 2824 4585 qua:
2872 4520 3097 4587 contigit
3128 4522 3465 4579 incessabili-

160 4609 409 4666 dictione
438 4612 797 4705 permaneant
821 4621 837 4671 ;
872 4602 971 4703 sed
1011 4603 1078 4704 .iu
1117 4602 1201 4658 his
1231 4603 1482 4704 omnibus
1511 4606 1763 4674 proposi-
1795 4642 1853 4705 υ
1875 4618 1961 4666 ter
1984 4612 2337 4664 ostendentes
2366 4608 2511 4663 omni
2544 4607 2869 4677 dejectione,
2896 4619 2952 4666 et
2977 4612 3184 4675 habitu,
3212 4622 3266 4669 et
3294 4615 3467 4671 humi-

162 4708 276 4757 tum
336 4707 397 4752 et
452 4693 693 4766 speciem
744 4692 1073 4764 paenitentia:
1115 4692 1371 4748 convenit
1434 4694 1761 4764 explorare:

160 4797 443 4865 quotquot
463 4787 609 4842 enim
648 4794 818 4849 metu,
846 4794 901 4839 et
935 4784 1207 4856 lacrymis,
1234 4794 1398 4856 atque
1429 4788 1767 4857 paenitentia,

161 4883 249 4938 vel
279 4880 445 4937 bonis
474 4875 731 4947 operibus
774 4874 939 4930 rebus
968 4874 1099 4944 ipsis
1148 4876 1560 4931 conversionem
1591 4894 1766 4945 suam,

164 4990 273 5033 non
299 4970 730 5034 simulationem,
756 4966 1151 5031 demonstrant,
1185 4967 1220 5022 ii
1248 4965 1527 5023 definitum
1559 4980 1769 5040 tempus

164 5062 466 5122 auditionis
518 5058 826 5131 implentes,
875 5065 987 5111 tum
1026 5058 1243 5111 demum
1289 5055 1531 5115 fidelibus
1562 5063 1612 5116 in
1641 5078 1766 5118 ora-

165 5161 316 5213 tione
358 5150 791 5215 communicent,
836 5147 1184 5218 postmodum
1240 5163 1372 5204 vero
1422 5149 1605 5206 licebit
1658 5153 1769 5223 epi-

165 5264 337 5322 scopo
378 5247 452 5303 de
483 5244 567 5300 his
596 5242 799 5313 aliquid
828 5241 1115 5296 humanius
1158 5242 1421 5311 cogitare.
1454 5245 1771 5318 Quicunque

168 5358 299 5400 vero
343 5335 724 5397 indifferenter
765 5333 1029 5400 tulerunt,
1083 5341 1139 5389 et
1196 5333 1403 5388 aditum
1463 5336 1771 5395 introeundi

167 5436 466 5493 ecclesiam
488 5430 592 5487 sibi
617 5426 862 5483 arbitrati
889 5435 1015 5484 sunt
1050 5427 1118 5481 ad
1167 5428 1580 5486 conversionem
1611 5448 1771 5503 posse

170 5530 445 5591 suflicere,
471 5525 507 5579 ii
553 5520 835 5577 definitum
888 5528 1102 5591 tempus
1149 5520 1325 5576 modis
1369 5521 1618 5579 omnibus
1662 5524 1767 5579 im-

169 5624 415 5697 plebunt.

175 5740 414 5801 LXXIX.
445 5738 527 5794 De
569 5738 649 5791 Itis
704 5754 788 5801 qut
850 5740 1262 5792 communionem
1321 5748 1546 5801 tempore
1591 5743 1773 5796 mortis

836 5817 1139 5876 exposcunt.

250 5904 452 5962 tioneil.
492 5900 733 5961 Niceno,
786 5899 919 5953 titul.
964 5897 1044 5952 I5.
1096 5898 1171 5954 De
1202 5900 1284 5957 his
1337 5902 1428 5972 qui
1460 5903 1524 5958 ad
1571 5903 1773 5960 exitum

608 5994 872 6055 PATnoL.
922 5990 1332 6053 LXXXVIII.

1878 4704 2031 4760 litate
2064 4703 2214 4767 vine;
2246 4702 2346 4757 hos
2389 4701 2538 4756 velut
2590 4710 2745 4757 extra
2787 4702 3042 4758 delictum
3078 4708 3405 4765 constitutos
3435 4726 3469 4767 a

1877 4796 2271 4853 communionis
2302 4795 2476 4865 gratia
2531 4810 2640 4851 non
2672 4798 2874 4851 vetari:
2930 4798 2974 4853 si
3016 4814 3147 4854 vero
3205 4802 3467 4870 prohibiti

1877 4895 2004 4943 sunt
2044 4887 2111 4941 ab
2142 4886 2411 4956 aliquibus
2438 4896 2660 4956 propter
2696 4886 3016 4957 ampliorem
3056 4892 3346 4957 cautelam,
3380 4896 3467 4950 vel

1877 4984 2101 5047 propter
2115 4975 2475 5045 quorumdam
2498 4977 2883 5045 ignorantiam,
2898 4980 3079 5035 statim
3097 4982 3424 5053 recipiantur
3450 5004 3465 5050 ;

1878 5070 1983 5125 hoc
2046 5077 2224 5124 autem
2278 5069 2543 5133 similiter,
2582 5077 2640 5124 et
2691 5069 2758 5124 de
2786 5070 3016 5136 clericis,
3048 5072 3202 5128 etde
3255 5078 3467 5132 caeteris

1876 5162 2027 5217 laicis
2070 5162 2359 5217 observare
2389 5161 2698 5216 conveniet.
2752 5162 3113 5232 Perquisétum
3168 5178 3249 5220 est
3278 5176 3462 5225 autem

1874 5265 1933 5312 et
1960 5256 2109 5323 illud,
2138 5255 2182 5309 si
2215 5263 2437 5325 possunt
2465 5254 2630 5309 etiam
2677 5248 2919 5326 laici‘qui
2960 5256 3013 5311 in
3044 5256 3141 5313 has
3164 5262 3464 5316 necessita-

1875 5348 1946 5405 tis
1974 5348 2247 5417 angustias
2287 5348 2612 5410 inciderunt,
2646 5349 2713 5401 ad
2744 5348 3029 5406 clericatus
3057 5352 3304 5409 ordinem
3336 5370 3467 5425 pro-

1875 5441 2121 5497 moveri:
2151 5442 2357 5513 placuit
2387 5456 2516 5510 ergo
2550 5449 2605 5495 et
2636 5442 2733 5495 bos
2764 5451 3017 5511 tanquam
3047 5444 3138 5513 qui
3174 5444 3302 5500 nihil
3334 5462 3463 5516 pec-

1876 5535 2137 5602 caverint,
2161 5533 2204 5588 si
2236 5542 2291 5589 ct
2320 5533 2629 5605 prmcedens
2681 5547 2868 5589 eorum
2912 5534 3016 5589 vita
3049 5536 3344 5606 probabilis
3370 5540 3463 5606 sit,

1877 5630 1945 5685 ad
1974 5629 2077 5685 hoc
2105 5628 2339 5685 officium
2368 5628 2617 5699 provehi.

1880 5740 2164 5797 LXXXIV.
2194 5742 2268 5795 De
2300 5742 2377 5795 Itis
2416 5742 2499 5809 qui
2530 5742 2746 5794 diversis
2790 5743 2958 5795 causis
2992 5741 3299 5811 gentilitatis
3354 5743 3460 5799 ritu

2392 5813 2587 5881 aliquid
2621 5823 2946 5883 peregerunt.

1955 5907 2151 5961 Concil.
2205 5908 2500 5974 Autumno.
2532 5913 2609 5961 tit.
2660 5904 2708 5957 I.
2771 5904 2844 5961 De
2893 5907 2971 5961 his
3026 5906 3116 5977 qui
3156 5904 3468 5963 sacriﬁcare

3102 5996 3182 6057 28
