4204 6556
701 445 707 451 ’
791 448 899 505 875

1961 437 2304 500 CRISCONII
2338 434 2666 497 AFRICANI
2707 436 3015 498 EPISCOPI

3990 439 4088 496 876

787 560 971 621 ωεοιί
997 567 1145 625 sunt,
1193 553 1416 628 insuper
1443 563 1504 612 et
1546 562 1909 612 coenavernnt
1948 553 2003 610 in
2034 554 2223 612 idolio.
2254 552 2389 622 Qui-
2413 556 2465 618 Α
2487 551 2766 623 jiciantur,
2798 552 3012 610 duobus
3039 559 3221 611 autem
3245 554 3368 613 aliis
3392 554 3514 613 sine
3540 553 3824 615 oblatione
3851 572 4094 621 commu-

786 668 1004 724 cunque
1032 663 1225 707 eorum
1263 662 1387 704 cum
1435 645 1768 701 ducerentur
1813 645 2023 701 laetiore
2051 645 2239 701 habitu
2269 645 2386 701 fue-

786 756 940 813 runt,
973 751 1031 800 et
1057 738 1395 798 vestimentis
1432 737 1850 809 pretiosioribus
1876 737 1959 793 usi
1986 743 2134 804 sunt,
2166 749 2222 793 et
2249 750 2387 807 prte-

786 847 998 914 paratae
1040 851 1210 894 omna:
1263 831 1639 889 indifferenter
1682 831 1976 903 participes
2031 831 2383 896 exstiterunt,

788 930 995 1002 placuit
1021 943 1119 984 eos
1145 928 1290 982 inter
1317 925 1598 981 audientes
1636 938 1746 979 uno
1772 938 1918 980 anno
1947 923 2226 993 constitui,
2267 935 2387 978 suc-

789 1024 1048 1080 cumbere
1078 1020 1252 1077 tribus
1273 1020 1449 1086 annis,
1473 1019 1528 1074 in
1556 1017 1807 1074 oratione
1826 1032 1956 1074 vero
1980 1017 2386 1073 communicare

786 1117 1031 1184 biennio,
1080 1123 1136 1172 et
1167 1123 1295 1170 tunc
1325 1112 1392 1168 ad
1437 1112 1788 1184 perfectionis
1816 1111 2044 1183 gratiam
2072 1110 2381 1182 pervenire.

788 1210 1069 1281 Quotquot
1096 1217 1277 1262 autem
1303 1204 1670 1261 ascenderunt
1714 1203 1914 1275 templa
1948 1210 2101 1260 veste
2149 1202 2381 1273 lugubri,

785 1313 844 1362 et
863 1301 1238 1360 recumbentes
1266 1312 1367 1370 per
1395 1312 1557 1355 omne
1586 1305 1801 1368 tempus
1830 1296 2032 1353 ﬂevere
2059 1295 2383 1365 discubitus,

785 1405 833 1460 si
866 1398 1276 1469 compleverunt
1298 1393 1674 1467 paenitentiam
1706 1392 1926 1449 triennii
1950 1391 2234 1463 temporis,
2267 1392 2386 1447 sine

786 1494 1066 1553 oblatione
1111 1490 1493 1560 suscipiantur.
1548 1487 1608 1545 Si
1654 1496 1837 1544 autem
1866 1503 1975 1544 non
2014 1484 2383 1542 manducave-

781 1597 932 1652 runt,
960 1585 1182 1643 biennio
1213 1582 1443 1653 subjecti
1487 1580 1844 1653 pmnitentiae,
1887 1579 2050 1634 tertio
2090 1592 2234 1633 anno
2264 1577 2385 1635 sine

783 1678 1064 1735 oblatione
1090 1674 1516 1741 communicent,
1562 1679 1621 1729 ut
1650 1669 2045 1743 perfectionem
2084 1668 2380 1740 quadrien-

781 1770 875 1827 nio
905 1773 1329 1837 consequantur.
1378 1762 1555 1819 Penes
1601 1762 1891 1833 episcopos
1940 1768 2120 1817 autem
2148 1760 2254 1816 erit
2284 1774 2386 1832 po-

781 1869 972 1924 testas,
1006 1858 1226 1914 modum
1272 1854 1705 1912 conversationis
1734 1868 1924 1909 eorum
1952 1852 2269 1923 probantes,
2297 1851 2381 1908 vel

2492 644 2680 700 nicent
2703 652 2761 699 et
2788 646 3019 717 septimo
3052 661 3196 703 anno
3229 650 3468 719 perfecte
3496 651 3855 721 recipiantur.

2564 733 2653 789 Ex
2673 735 2888 790 decretis-
2921 753 3075 808 papte
3114 737 3326 807 Leonis,
3363 741 3445 795 tit.
3477 740 3567 795 30.
3602 740 3658 797 Si
3692 743 3951 799 convivio
3978 746 4093 803 solo

2488 828 2770 897 gentilium
2793 838 2850 884 et
2877 830 3018 884 escis
3043 830 3395 886 immolatitiis
3419 833 3501 887 usi
3525 841 3671 900 sunt,
3697 845 3933 905 possunt
3958 837 4093 907 jeju-

2489 917 2590 974 niis
2639 926 2696 974 et
2741 932 2936 974 manus
2974 921 3327 990 impositione
3353 923 3599 992 purgari,
3630 932 3691 978 ut
3733 924 4000 996 deinceps
4028 927 4091 983 ab

2490 1009 2815 1083 idolothytis
2838 1011 3180 1068 abstinentes
3206 1024 3683 1070 sacramentorum
3727 1015 3936 1072 Christi
3966 1032 4093 1089 pos-

2489 1102 2602 1158 sint
2630 1117 2753 1159 esse
2780 1105 3098 1176 participes.
3119 1103 3179 1160 Si
3206 1114 3387 1162 autem
3416 1115 3511 1163 aut
3532 1106 3674 1163 idola
3706 1111 4089 1178 adoraverunt,

2489 1203 2585 1250 aut
2612 1194 2945 1263 homicidiis,
2973 1198 3063 1253 vel
3086 1197 3541 1257 fornicationibus
3569 1203 3932 1258 contaminati
3950 1214 4092 1274 sunt,

2489 1286 2559 1341 ad
2586 1288 3026 1345 communionem
3073 1303 3192 1359 eos,
3250 1292 3352 1348 nisi
3378 1306 3478 1363 per
3504 1294 3889 1364 pmnitentiam
3922 1296 4095 1368 publi-

2486 1394 2606 1436 cam
2637 1396 2748 1437 non
2775 1390 2998 1453 oportet
3024 1382 3257 1440 admitti.

2487 1492 2817 1552 LXXXVIII.
2872 1493 2955 1551 De
2990 1496 3072 1553 his
3114 1497 3479 1624 ᾳέῗωῗὲωτιιέἱι
3514 1500 3864 1571 sacriﬁcandi
3906 1518 4093 1560 causas

2560 1679 2761 1736 Concil.
2793 1680 3014 1754 Ancyr.,
3049 1681 3129 1736 tit.
3157 1680 3213 1736 8.
3245 1683 3528 1755 Quotquot
3557 1691 3743 1741 autem
3774 1701 3889 1751 non
3918 1688 4093 1747 solum

2488 1772 2593 1842 ipsi
2622 1773 2996 1841 deviaverunt,
3027 1773 3123 1829 sed
3146 1774 3310 1830 etiam
3330 1774 3752 1833 insurrexerunt
3780 1787 3840 1834 et
3866 1794 4095 1851 compa.

2489 1862 2672 1918 lerunt
2699 1864 2916 1934 fratres,
2948 1872 3005 1921 et
3031 1880 3225 1921 causas
3249 1865 3620 1937 prtebuerunt,
3646 1878 3708 1924 ut
3737 1880 4092 1942 cogerentur,

781 1952 1070 2009 humanius
1100 1964 1228 2019 orsa
1281 1963 1376 2005 eos
1403 1962 1588 2018 agere.
1620 1946 1704 2003 vel
1744 1946 1972 2016 amplius
2003 1954 2214 2016 tempus
2242 1945 2379 2015 adii-
2407 1937 2457 2000 B
2487 1956 2544 2012 hi
2574 1972 2670 2027 per
2691 1957 2983 2014 triennium
3009 1959 3229 2029 quidem
3260 1960 3438 2016 locum
3458 1961 3604 2017 inter
3631 1963 3929 2021 audientes
3955 1965 4093 2021 acci-

783 2061 931 2102 cere.
968 2047 1105 2100 Ante
1152 2043 1334 2097 omnia
1384 2055 1517 2097 vero
1570 2038 1886 2112 praecedens
1921 2052 2111 2093 eorum
2172 2038 2280 2092 vita
2326 2045 2381 2093 et

783 2137 1058 2209 posterior
1105 2133 1428 2203 inquiratur,
1468 2138 1527 2187 et
1562 2132 1635 2186 ita
1684 2130 1763 2185 eis
1799 2128 2143 2201 impertiatur
2182 2129 2381 2185 huma-

785 2231 949 2286 nitas.

851 2319 940 2374 Ea:
992 2317 1211 2372 decretis
1261 2328 1413 2386 papa:
1464 2311 1667 2379 Siricii,
1709 2313 1792 2366 tit.
1843 2310 1898 2365 3.
1960 2307 2245 2380 Adjectum
2298 2317 2383 2366 est

782 2412 948 2471 etiam
1000 2409 1262 2479 quosdam
1321 2404 1661 2461 Christianos
1702 2402 1773 2458 ad
1816 2402 2145 2473 apostasiam
2187 2399 2382 2473 (quod

780 2506 887 2562 dici
919 2505 1074 2560 nefas
1101 2502 1226 2574 est)
1276 2508 1645 2565 transeuntes,
1695 2506 1751 2554 et
1798 2496 2068 2554 idolorum
2118 2497 2268 2553 cultu
2314 2512 2380 2555 ac

782 2595 1173 2656 sacrificiorum
1240 2590 1702 2649 contaminatione
1755 2588 2092 2660 profanatos,
2155 2603 2293 2658 quos
2347 2603 2381 2645 a

784 2689 988 2748 Christi
1014 2698 1248 2756 corpore
1293 2690 1349 2739 et
1396 2681 1661 2752 sanguine
1710 2695 1819 2750 quo
1858 2679 2061 2736 dudum
2109 2680 2381 2754 redempti

779 2783 996 2847 fuerant
1026 2774 1382 2840 renascendo,
1410 2773 1663 2845 iubemus
1693 2771 1968 2838 abscindi;
2001 2778 2058 2827 et
2079 2770 2124 2826 si
2155 2772 2379 2842 resipis-

780 2882 969 2931 centes
996 2871 1138 2928 forte
1168 2866 1457 2937 aliquando
1486 2864 1689 2921 fuerint
1716 2863 1784 2919 ad
1831 2864 2068 2919 lamenta
2098 2866 2375 2933 conversi,

779 2968 867 3024 his
894 2963 1133 3037 quandiu
1168 2961 1354 3015 vivunt
1391 2955 1600 3027 agenda
1629 2954 1951 3028 paenitentia
1979 2962 2081 3021 est,
2113 2963 2170 3012 et
2214 2954 2269 3011 in
2296 2955 2378 3012 ul-

780 3059 916 3115 timo
945 3056 1052 3110 line
1078 3067 1178 3110 suo
1209 3049 1671 3108 reconciliationis
1691 3046 1864 3118 gratia
1888 3046 2200 3115 tribuenda,
2227 3047 2374 3119 quia,

780 3152 1016 3207 docente
1066 3145 1315 3211 Domino,
1368 3141 1621 3199 nolumus
1650 3147 1881 3196 mortem
1921 3138 2248 3211 peccatoris,
2279 3138 2378 3196 sed

780 3249 991 3299 tantum
1018 3247 1079 3294 ut
1105 3243 1455 3294 convertatur
1475 3240 1533 3289 et
1554 3231 1722 3287 vivat.

779 3371 1044 3432 LXXXV.
1069 3367 1149 3425 De
1177 3368 1257 3423 his
1286 3369 1372 3439 qui
1390 3365 1573 3421 timore
1594 3365 1724 3420 ritus
1749 3363 2020 3436 gentilium
2047 3371 2373 3435 peregerunt.

852 3504 1055 3562 Concil.
1086 3501 1390 3572 Ancyrano,
1423 3499 1506 3554 tit.
1541 3496 1593 3552 5.
1625 3497 1703 3553 De
1725 3497 1811 3553 his
1856 3496 1948 3567 qui
1976 3496 2138 3552 minis
2166 3504 2380 3553 tantum

780 3613 996 3658 cessere
1022 3608 1330 3668 poenarum,
1353 3599 1447 3646 aut
1473 3589 1781 3661 privatione
1814 3589 2135 3645 facultatum
2177 3589 2377 3657 territi,

782 3698 879 3747 aut
902 3685 1314 3756 demigratione,
1346 3681 1805 3747 sacrificaverunt,
1835 3688 1893 3737 et
1917 3680 2182 3736 hactenus
2205 3680 2380 3752 pinni-

784 3778 987 3836 tudinis
1007 3776 1341 3845 negligentes
1359 3785 1539 3841 neque
1567 3770 1839 3837 conversi,
1873 3786 2015 3827 nunc
2051 3770 2209 3841 hujus
2239 3786 2376 3828 con-

788 3870 905 3926 cilii
932 3877 1181 3938 tempore
1201 3870 1374 3920 semet
1396 3861 1709 3918 obtulerunt
1725 3862 2096 3918 conversionis
2120 3877 2231 3919 sua:
2249 3879 2380 3920 con-

784 3963 905 4019 silia
931 3960 1229 4031 capientes,
1272 3955 1476 4027 placuit
1504 3968 1677 4026 usque
1713 3954 1782 4010 ad
1825 3956 2079 4025 magnum
2108 3956 2252 4013 diem
2281 3971 2380 4016 eos

783 4056 928 4112 inter
955 4052 1237 4108 audientes
1263 4049 1490 4121 suscipi,
1519 4058 1576 4104 et
1604 4057 1728 4121 post
1748 4062 2004 4119 magnum
2035 4050 2181 4107 diem
2205 4051 2379 4108 trien-

784 4149 939 4206 nium
985 4144 1361 4217 pmnitentiam
1416 4154 1597 4211 agere,
1649 4149 1707 4198 et
1761 4142 2111 4212 postmodum
2167 4143 2379 4200 duobus

787 4235 947 4293 annis
986 4234 1104 4290 sine
1137 4232 1413 4288 oblatione
1448 4230 1887 4299 communicare;
1919 4239 1977 4288 et
2006 4240 2133 4289 tunc
2160 4232 2377 4289 demum

788 4341 887 4383 sex
920 4324 1075 4381 annis
1095 4322 1380 4395 completis
1405 4320 1473 4376 ad
1510 4322 1863 4392 perfectionis
1910 4324 2139 4393 gratiam
2185 4339 2377 4395 perve-

790 4418 911 4474 nire
937 4434 948 4470 :
974 4416 1021 4474 si
1059 4430 1191 4471 vero
1219 4413 1437 4484 quidam
1466 4421 1596 4470 ante
1634 4413 1776 4470 hanc
1818 4413 2082 4485 synodum
2137 4414 2376 4486 suscepti

785 4517 916 4568 sunt
944 4506 1013 4563 ad
1062 4505 1454 4577 paenitentiam,
1495 4519 1564 4562 ex
1611 4503 1705 4561 illo
1756 4512 2003 4576 tempore
2055 4505 2268 4560 initium
2295 4506 2377 4564 eis

787 4599 1038 4659 sexennii
1065 4605 1439 4670 computetur:
1467 4597 1515 4652 si
1550 4595 1697 4666 quod
1724 4603 1905 4653 autem
1941 4597 2263 4669 periculum,
2289 4598 2376 4655 vel

790 4691 983 4748 mortis
1011 4688 1369 4761 exspectatio,
1410 4694 1506 4742 aut
1543 4701 1629 4793 ex.
1664 4686 1996 4793 infirmitate,
2030 4697 2126 4743 aut
2153 4703 2222 4744 ex
2272 4688 2376 4744 alia
2405 4678 2458 4742 ι)
2553 4713 2752 4769 conc“.
2780 4713 2971 4783 Laod.’
3008 4716 3089 4771 ιει⁸
3115 4715 3206 4772 56,
3238 4717 3390 4785 Quod
3429 4736 3536 4776 ηοη
3610 4733 3870 4793 oporteat

792 4783 1081 4842 occasione
1105 4780 1414 4851 contigerit,
1442 4779 1525 4835 his
1550 4778 1650 4835 sub
1665 4777 1979 4835 definitione
1999 4787 2201 4837 statuta
2223 4795 2376 4837 com-

788 4876 979 4934 munio
1007 4890 1115 4932 non
1137 4882 1380 4945 negetur.

791 5010 1079 5071 LXXXVI.
1111 5008 1190 5066 De
1210 5012 1291 5066 his
1312 5010 1399 5081 qui
1425 5010 1479 5065 in
1501 5009 1625 5067 locis
1642 5007 1898 5065 idolorum
1918 5011 2379 5070 manducarcrnnt.

860 5122 1066 5178 Concil.
1090 5121 1391 5193 Ancyrano,
1427 5119 1507 5176 tit.
1536 5119 1591 5175 6.
1635 5119 1712 5177 De
1737 5120 1820 5176 his
1868 5122 1960 5192 qui
2009 5122 2159 5179 festis
2188 5124 2381 5182 diebus

788 5215 1071 5286 gentilium
1112 5212 1167 5267 in
1198 5212 1649 5267 remotiseorum
1678 5212 1816 5269 locis
1851 5214 2099 5269 convivia
2131 5216 2375 5272 celebra-

790 5317 941 5374 runt,
972 5308 1234 5376 cibosque
1258 5304 1508 5374 proprios
1553 5301 1858 5360 deferenles
1889 5305 2093 5361 ibidem
2119 5310 2379 5366 comede-

789 5409 939 5467 runt,
971 5398 1175 5471 placuit
1217 5402 1341 5466 post
1378 5396 1754 5464 paenitentiam
1785 5396 1985 5452 biennii
2016 5414 2111 5455 eos
2137 5401 2334 5471 suscipi
2364 5420 2379 5467 ;

794 5502 975 5547 utrum
1005 5504 1135 5544 vero
1165 5501 1288 5541 cum
1308 5485 1599 5554 oblatione,
1628 5486 1825 5556 singuli
1845 5488 2224 5559 episcoporum
2252 5506 2380 5560 pro-

794 5583 988 5637 bantcs
1016 5580 1182 5634 vitam
1234 5591 1443 5642 eorum,
1486 5585 1538 5631 ct
1581 5577 1819 5646 singulos
1863 5588 2016 5635 actus
2045 5582 2379 5640 examinem.

801 5688 1111 5746 IXXKVII.
1146 5687 1225 5742 Dc
1253 5687 1328 5740 his
1352 5689 1436 5758 qui
1465 5689 1756 5759 frequenter
1790 5691 1939 5743 idolis
1962 5693 2381 5753 immofavcrunt.

872 5801 1066 5857 Cuncil.
1104 5801 1324 5869 Ancyr.,
1358 5798 1439 5853 tit.
1473 5798 1527 5853 7.
1559 5802 1619 5855 lli
1650 5803 1741 5873 qui
1768 5806 2005 5859 secundo
2022 5816 2075 5861 et
2108 5809 2268 5865 tertio
2297 5825 2381 5865 sa-

797 5892 1160 5950 criﬁcaverint
1187 5892 1386 5959 coacti,
1427 5900 1656 5960 quatuor
1687 5900 1838 5951 annis
1877 5901 2209 5968 pmniteiitite
2246 5905 2377 5959 sub-

2483 2051 2655 2122 piant,
2696 2066 2798 2122 per
2844 2050 2989 2107 aliud
3023 2066 3151 2109 vero
3189 2054 3512 2111 sexennium
3540 2056 3882 2127 pirnitentia‘.
3924 2059 4093 2130 subji-

2482 2142 2697 2198 ciantur
2747 2142 2977 2213 acriori,
3015 2150 3074 2200 et
3118 2142 3226 2201 alio
3277 2159 3420 2201 anno
3461 2149 3909 2205 communionem
3976 2152 4093 2207 sine

2485 2233 2763 2290 oblatione
2798 2234 3138 2305 percipiant,
3180 2243 3242 2291 ut
3282 2236 3679 2307 perfectionem
3724 2241 3952 2312 expleto
4002 2242 4096 2298 de-

2483 2322 2684 2379 cennio
2731 2330 3160 2394 consequantur.
3208 2322 3358 2383 Inter
3404 2327 3518 2386 haec
3564 2338 3750 2387 autem
3797 2340 3857 2390 et
3902 2348 4092 2389 eorum

2483 2412 2597 2467 vita
2625 2414 2901 2483 pensanda
2929 2423 3032 2472 est.
3080 2464 3098 2485 ,

2481 2522 2776 2582 LXXXIX.
2805 2524 2888 2583 De
2913 2528 2997 2582 his
3032 2530 3121 2611 qui
3164 2545 3294 2656 cui?“
3317 2541 3491 2657 essenlt
3524 2534 3894 2591 catechumeni
3934 2538 4091 2594 idolis

3082 2617 3238 2657 immo
3298 2618 3450 2657 vei-im
3479 2642 3493 2657 .

3082 2617 3493 2658 tmntotaverunt.

2552 2707 2753 2764 Concil.
2801 2710 3021 2782 Δίωνι,
3054 2711 3137 2767 tit.
3189 2712 3279 2768 11.
3342 2713 3453 2771 Eos
3498 2717 3591 2787 qui
3635 2729 3765 2775 ante
3819 2720 4088 2790 baptisma

2481 2800 2929 2857 saerilicaverunt
2951 2801 3132 2871 idolis,
3161 2811 3220 2859 et
3264 2815 3453 2875 postea
3494 2808 3765 2879 baptisma
3804 2815 4087 2872 consecuti

2480 2898 2626 2955 sunt,
2659 2890 2865 2961 placuit
2886 2891 2957 2947 ad
2979 2892 3227 2949 ordinem
3274 2898 3521 2966 provehi,
3575 2914 3644 2956 eo
3671 2902 3820 2971 quod
3847 2905 4089 2974 proben—

2482 2991 2573 3039 tur
2601 2984 2794 3041 abluti.

2714 3092 2826 3150 XC.
2858 3092 2939 3148 De
2968 3094 3051 3150 his
3077 3097 3164 3167 qui
3201 3097 3548 3155 divinationes
3574 3113 3850 3176 expetunt.

2552 3199 2751 3258 Concil.
2790 3203 3010 3275 Ancyr.,
3054 3206 3135 3261 tit.
3168 3205 3260 3262 25.
3291 3208 3394 3275 Qui
3423 3210 3791 3272 divinationes
3817 3230 4084 3290 expetunt

2406 3305 2454 3370 ο
2483 3302 2540 3350 et
2560 3309 2769 3351 morem
2794 3297 3074 3366 gentilium
3099 3300 3524 3371 subsequuntur,
3550 3308 3718 3363 autin
3739 3310 3940 3369 domos
3958 3329 4085 3372 suas

2480 3386 2859 3457 hujuscemodi
2903 3389 3158 3448 homines
3203 3390 3558 3452 introducunt
3608 3402 3938 3470 exquirendi
3986 3407 4084 3462 ali-

2481 3477 2608 3547 quid
2635 3483 2753 3532 arte
2796 3476 3068 3546 malefica,
3096 3488 3191 3537 aut
3237 3483 3494 3553 expiandi
3530 3501 3717 3554 causa,
3750 3493 3858 3548 sub
3899 3497 4083 3565 regula

2482 3566 2838 3639 quinquennii
2882 3569 3109 3641 jaceant
3145 3574 3449 3632 secundum
3494 3581 3701 3649 gradus
3749 3586 4083 3655 paenitentia:

2481 3658 2758 3716 delinitos.

2902 3752 2986 3812 De
3011 3756 3093 3813 his
3118 3759 3207 3830 qui
3225 3760 3439 3833 angelos
3462 3763 3662 3821 colunt.

2556 3866 2760 3925 Concil.
2790 3867 2962 3926 Laod.
2980 3910 2998 3941 ,
3029 3872 3111 3925 tit.
3139 3871 3228 3927 '55.
3280 3874 3435 3942 Quod
3461 3891 3571 3932 non
3612 3885 3873 3950 oporteat
3899 3880 4083 3943 Chris-

2483 3961 2663 4018 tianos
2691 3961 2995 4019 Ecclesiam
3029 3964 3124 4021 Dei
3152 3965 3495 4038 relinquere,
3539 3978 3597 4025 et
3622 3970 3728 4042 ire,
3778 3984 3946 4046 atque
3989 3993 4083 4035 an~

2482 4054 2634 4123 gelos
2667 4055 2977 4122 nominare,
3029 4065 3083 4113 et
3116 4063 3571 4131 congregationes
3598 4062 3806 4136 facere,
3837 4086 3959 4143 quae
3999 4075 4081 4129 in-

2480 4144 2713 4200 terdicta
2742 4154 3066 4205 noscuntur.
3129 4147 3187 4202 Si
3239 4151 3359 4218 quis
3409 4151 3572 4220 igitur
3621 4155 3879 4216 inventus
3925 4163 4084 4220 fuerit

2481 4232 2608 4289 huic
2635 4235 2863 4289 occulta:
2891 4235 3212 4294 idololatriae
3234 4240 3497 4308 serviens,
3515 4243 3586 4298 sit
3607 4246 3924 4312 anathema.
3957 4254 4081 4321 quia

2480 4324 2811 4396 derelinquit
2883 4326 3171 4384 Dominum
3246 4342 3491 4388 nostrum
3550 4334 3738 4393 Jesum
3802 4340 4079 4400 Christum

2481 4412 2675 4470 Filium
2705 4415 2821 4481 Dei,
2856 4425 2913 4472 et
2939 4431 3000 4473 se
3031 4418 3352 4477 idololatrire
3380 4424 3615 4481 tradidit.

2487 4525 2556 4583 Ut
2592 4526 2805 4584 clericus
2826 4544 3005 4591 ntagus
3034 4543 3082 4585 et
3101 4532 3396 4616 incantator
3424 4552 3528 4591 non
3560 4539 3649 4606 sit,
3684 4556 3849 4613 neque
3867 4543 4081 4616 phy’ac—

3116 4606 3243 4659 feria
3271 4607 3455 4675 faciat.

3911 4733 4082 4785 sai-ris

2483 4804 2675 4863 omciis
2699 4807 2927 4873 deditos,
2961 4808 3045 4862 vel
3074 4808 3319 4877 cl».ricos,
3350 4827 3536 4883 magos
3567 4822 3663 4868 aut
3705 4815 4080 4876 incantatores

2484 4899 2743 4959 existere.
2793 4906 2885 4954 aut
2933 4900 3266 4970 phylacteria
3321 4902 3534 4971 facere,
3590 4922 3712 4977 qua:
3774 4912 4078 4969 animarum

2484 5004 2702 5046 suarum
2747 4991 2962 5046 vincula
3010 4994 3454 5065 comprobantur.
3503 4997 3611 5054 Eos
3653 5011 3840 5058 autem
3870 5006 3966 5075 qui
3997 5007 4081 5063 bis

2486 5091 2712 5139 utuntur
2735 5083 2802 5139 ab
2832 5083 3072 5140 Ecclesia
3102 5086 3224 5160 pelli
3254 5090 3615 5161 prmcipimus.

2482 5193 2617 5251 XCI.
2679 5196 2756 5251 De
2816 5198 2894 5252 his
2941 5201 3026 5268 qui
3079 5202 3149 5255 ad
3194 5207 3562 5276 presbyterium
3608 5210 3689 5265 uel
3738 5212 4075 5272 diaconatum

2551 5278 2928 5354 promoventur,
2962 5278 3007 5324 ct
3040 5282 3161 5327 ante
3189 5275 3568 5333 ordinationem
3621 5294 3957 5351 peccatorum
3981 5288 4079 5343 sibi

2550 5348 2668 5392 sunt
2698 5348 2905 5394 conscii.

2552 5448 2751 5504 Concil.
2804 5448 3178 5524 Novwca'sar.,
3232 5460 3312 5513 tit.
3346 5462 3409 5516 9.
3434 5461 3753 5537 Presbyter,
3787 5485 3829 5525 sn
3870 5485 4080 5539 praeco.

2485 5550 2712 5612 cupatus
2760 5546 3029 5615 corporali
3059 5559 3283 5619 peccato
3312 5555 3664 5624 provehatur,
3716 5569 3772 5616 et
3796 5562 4080 5622 confessus

2484 5633 2646 5689 fuerit
2667 5634 2734 5690 de
2754 5650 2813 5691 se
2834 5637 2979 5705 quod
3000 5651 3126 5695 ante
3142 5642 3537 5701 ordinationem
3555 5649 3868 5721 deliquerit,
3892 5655 4079 5713 izblata

2483 5739 2593 5779 non
2622 5736 2935 5795 consecret;
2989 5744 3213 5788 manens
3263 5735 3317 5790 in
3364 5739 3586 5810 riliquis
3636 5742 3875 5799 cilicium
3911 5764 4081 5820 proli.

2485 5822 2568 5870 ter
2593 5816 2825 5873 studium
2872 5819 3097 5893 bonum,
3147 5839 3270 5882 nam
3318 5840 3541 5899 peccata
3580 5836 3790 5907 reliqua
3834 5816 4081 5911 plerique

2482 5908 2737 5968 dixerunt
2794 5927 2892 5984 per
2935 5931 3127 6006 manus
3181 5921 3583 5996 impositionem
3637 5944 3802 6003 posse
3836 5908 4074 5991 dimitti.
