4204 6588
127 437 222 498 877

1341 388 1781 489 ennvtsmun
1818 420 2240 482 CANONICUM.

3307 417 3415 480 878

124 551 274 623 Quod
314 553 364 610 si
393 552 466 610 de
503 565 565 610 se
619 567 727 609 non
755 549 920 608 fuerit
945 549 1063 620 ipse
1084 547 1384 614 confessus,
1435 552 1494 602 et
1548 541 1698 610 argui
1729 539 1781 598 Α
1803 533 1951 605 quod
1980 532 2238 590 sanctitas
2257 537 2445 590 vestra
2483 529 2794 590 necessario
2843 545 2944 589 nos
2990 529 3266 591 instruere
3291 532 3413 608 dig-9

127 647 400 704 manifeste
425 647 766 719 nequiverit,
816 641 1101 718 potestatis
1151 654 1264 697 suae
1298 637 1506 711 judicio
1553 637 1712 694 relin-

126 749 337 810 quatur.

186 831 387 888 Concit.
429 833 582 898 eod.,
626 832 707 886 tit.
737 830 827 886 10.
903 829 1079 887 Simili
1103 828 1269 884 modo
1314 827 1477 884 etiam
1525 825 1715 882 diaco-

125 942 239 991 nus,
266 927 312 980 si
337 925 525 982 eodem
549 933 774 996 peccato
799 923 1171 989 succubuerit,
1205 922 1272 979 ab
1303 921 1498 980 ordine
1525 919 1714 975 minis-

124 1021 240 1075 terii
264 1019 636 1074 subtrahatur.

124 1132 275 1190 XCII.
305 1131 383 1187 De
432 1134 1064 1216 diaconis__qui‘tentpcre
1108 1129 1456 1216 ordinationis
1485 1127 1551 1183 de
1580 1144 1714 1198 nup-

652 1211 737 1257 ti.a
772 1211 998 1258 alleuati
1035 1211 1174 1257 sunt.

185 1315 386 1372 Concil.
426 1317 646 1386 Ancyr.,
679 1317 755 1369 tit.
783 1316 836 1371 9.
870 1315 1090 1370 Diaeoni
1119 1315 1429 1384 quicunque
1456 1310 1716 1368 ordinan-

121 1419 202 1467 tur
241 1411 294 1466 in
328 1411 440 1480 ipsa
498 1411 841 1464 ordinatione
883 1411 1170 1479 protestati
1203 1417 1328 1464 sunt
1377 1415 1434 1461 et
1459 1406 1716 1462 dixerunt

120 1507 253 1562 velle
301 1524 360 1566 se
409 1507 661 1577 conjugio
705 1505 985 1574 copulari,
1037 1504 1164 1573 quia
1205 1501 1285 1558 sic
1333 1517 1560 1558 manere
1608 1517 1716 1557 non

123 1611 368 1670 possunt,
407 1602 442 1656 ii
470 1601 513 1655 si
543 1597 883 1670 postmodum
917 1611 1115 1651 uxores
1145 1595 1418 1661 duxerint,
1451 1596 1505 1649 in
1537 1595 1720 1650 minis-

122 1694 255 1748 terio
279 1700 554 1756 maneant,
607 1701 893 1761 proritcrea
928 1687 1072 1758 quod
1119 1687 1200 1743 eis
1230 1688 1520 1757 episc0pus
1549 1686 1720 1740 licen-

121 1789 247 1842 tiam
288 1787 522 1843 dederit.
593 1784 916 1851 Quicunque
961 1795 1092 1836 sane
1122 1789 1408 1834 tacuerunt
1448 1787 1504 1833 et
1533 1792 1720 1832 susce-

119 1892 316 1951 perunt
357 1894 548 1933 manus
598 1877 1000 1947 impositimem
1045 1873 1271 1942 professi
1301 1871 1712 1936 continentiam,

117 1981 170 2026 ct
201 1983 392 2041 postea
435 1970 636 2041 nuptiis
666 1957 888 2036 obligati
916 1976 1074 2029 sunt,
1107 1981 1136 2020 a
1168 1965 1472 2020 ministerio
1503 1977 1719 2018 cessare

118 2062 416 2118 debebunt.

184 2195 372 2251 XClll.
420 2195 490 2251 Ut
518 2195 804 2268 presbyteri
836 2195 1045 2250 modum
1090 2193 1188 2248 sibi
1234 2193 1459 2247 debitum
1491 2201 1715 2247 servent.

185 2309 276 2365 Ea:
306 2310 529 2365 densis
557 2324 708 2378 parte
757 2309 974 2374 Gelasii,
1007 2308 1084 2361 tit.
1111 2307 1164 2362 ti.
1197 2306 1306 2361 Nec
1347 2307 1524 2360 minus
1553 2304 1719 2359 etiam

114 2402 470 2473 presbyteros
517 2408 706 2454 contra
745 2413 900 2452 suum
932 2398 1150 2451 modum
1198 2395 1422 2450 tendere
1462 2395 1720 2464 prohibe-

113 2509 236 2549 mus
255 2534 272 2559 ,
319 2507 421 2547 nec
445 2490 738 2560 episcopali
766 2489 980 2558 fastigio
1010 2490 1190 2544 debita
1217 2489 1433 2543 sibimet
1461 2487 1723 2542 audacter

112 2601 438 2644 assumere:
473 2601 579 2639 non
629 2585 949 2640 conﬁciendi
1013 2584 1364 2646 chrismatis,
1425 2596 1532 2635 non
1587 2596 1720 2635 eon-

111 2677 440 2747 signationis
480 2674 806 2747 pontiﬁcalis
846 2674 1163 2728 aihihendae
1215 2672 1435 2727 sibimet
1483 2671 1725 2740 arripere

113 2772 474 2840 facultatem;
521 2789 630 2828 non
679 2781 946 2843 praesente
993 2769 1238 2840 quolibet
1292 2768 1565 2832 antistite,
1619 2767 1722 2821 nisi

111 2864 355 2921 fortasse
401 2866 732 2936 jubeantur,
757 2862 1144 2926 velorationis,
1188 2861 1276 2916 vel
1304 2861 1532 2916 actionis
1553 2874 1723 2914 sacrae

109 2969 418 3029 suppetere
442 2959 546 3014 sibi
585 2966 917 3028 praesumant
941 2956 1248 3021 licentiam;
1277 2968 1454 3022 neque
1484 2953 1582 3006 sub
1607 2953 1724 3019 ejus

112 3062 345 3124 aspectu
370 3096 386 3118 ,
428 3053 530 3107 nisi
555 3051 864 3122 jubeantur,
897 3058 990 3104 aut
1027 3049 1217 3104 sedere
1248 3053 1597 3116 pracsmnant,
1633 3050 1727 3096 aut

110 3147 458 3202 venerabilia
499 3153 736 3200 tractare
764 3141 1054 3215 mysteria;
1110 3154 1213 3193 nec
1251 3137 1349 3191 sibi
1382 3135 1726 3190 meminerint

1814 635 1942 682 nata
1967 633 2070 682 εει.

2079 738 2262 796 XCIV.
2303 736 2385 793 De
2409 739 2690 812 privilegiis
2722 739 3165 810 presbyterorum.

1886 855 2045 910 Conc.
2079 853 2320 919 Nicamo,
2353 857 2433 910 tit.
2464 853 2549 909 i8.
2595 854 2850 912 Pervenit
2892 853 2960 911 ad
2985 862 3236 912 sanctum
3265 869 3420 929 mag-

1812 963 2054 1017 numque
2097 948 2390 1004 concilium
2419 948 2562 1020 quod
2593 949 2649 1004 in
2678 949 3000 1019 quihusdam
3039 949 3177 1008 locis
3203 958 3263 1007 et
3285 951 3419 1008 civi-

1815 1040 2015 1095 tatibus
2060 1038 2388 1111 presbyteris
2412 1041 2640 1112 gratiam
2675 1054 2845 1096 sacrm
2881 1043 3280 1099 communionis
3298 1043 3421 1100 dia-

1815 1132 1939 1188 coni
1993 1132 2288 1202 praebeant,
2345 1132 2491 1202 quod
2530 1147 2632 1188 nec
2675 1132 2864 1202 regula
2891 1171 2907 1199 ,
2932 1146 3036 1188 nec
3077 1134 3419 1191 consuetudo

1817 1227 2058 1292 tradidit,
2090 1235 2151 1282 ut
2175 1227 2244 1282 ab
2268 1225 2350 1282 his
2392 1226 2486 1296 qui
2516 1233 2844 1297 potestatem
2883 1241 2996 1282 non
3039 1224 3241 1284 habent
3282 1227 3419 1285 θῦε-

1817 1320 1968 1376 rendi
1996 1363 2011 1387 ,
2074 1320 2151 1375 illi
2208 1319 2298 1390 qui
2347 1319 2586 1376 offerunt
2633 1334 2830 1389 corpus
2879 1319 3079 1376 Christi
3127 1320 3418 1392 accipiant.

1817 1411 1931 1467 Nec
1958 1426 2069 1466 non
2098 1419 2154 1466 et
2180 1410 2311 1466 illud
2353 1409 2591 1466 innotuit
2616 1410 2766 1480 quod
2801 1410 3021 1482 quidam
3049 1411 3268 1468 diaconi
3293 1419 3424 1467 ante

1820 1506 2109 1577 episc0pos
2149 1519 2307 1561 sacra
2344 1505 2526 1562 oblata
2558 1507 2898 1574 contingant.
2946 1504 3072 1562 Haec
3114 1507 3276 1577 igitur
3305 1522 3423 1562 om-

1822 1598 1910 1654 nia
1960 1606 2297 1664 resecentur,
2353 1605 2407 1652 et
2453 1597 2505 1652 in
2535 1612 2632 1652 sua
2661 1597 2876 1653 diaconi
2912 1611 3170 1654 mensura
3207 1612 3425 1668 perma-

1822 1700 2006 1757 neant,
2039 1691 2274 1746 scientes
2317 1690 2463 1759 quod
2517 1690 2898 1760 episcoporum
2927 1689 3148 1760 quidem
3191 1689 3424 1745 ministri

1822 1783 1960 1842 sint.
2012 1782 2298 1839 inferiores
2345 1789 2528 1836 autem
2576 1781 2908 1851 presbyteris
2935 1780 3261 1836 habeantur.
3321 1779 3428 1836 Per

1822 1874 2068 1929 ordinem
2099 1889 2231 1945 ergo
2272 1881 2397 1942 post
2444 1872 2793 1943 presbyteros
2821 1871 3048 1940 gratiam
3074 1885 3244 1926 sacra:
3274 1885 3426 1926 com-

1823 1966 2093 2020 munionis
2125 1965 2416 2035 accipiant.
2445 1973 2539 2018 aut
2561 1963 2822 2033 episcopo
2844 1963 2944 2029 eis,
2970 1973 3060 2016 aut
3081 1963 3423 2036 presbytero,

1823 2058 2170 2127 porrigente;
2225 2056 2318 2110 sed
2349 2071 2451 2110 nec
2475 2059 2667 2109 seuere
2697 2054 2748 2108 in
2781 2053 2961 2108 medio
2989 2053 3426 2124 presbyterorum

1822 2148 2062 2202 diacouis
2115 2147 2308 2210 liceat;
2356 2145 2481 2216 quia
2529 2146 2574 2198 si
2601 2145 2705 2199 hoc
2735 2143 2848 2211 ﬁat,
2880 2153 3077 2213 printer
3105 2142 3344 2211 regulam
3373 2150 3430 2196 et

1822 2239 2068 2294 ordinem
2111 2239 2374 2307 probatur
2404 2238 2659 2292 existere.
2720 2235 2777 2288 Si
2833 2234 2954 2303 quis
2983 2235 3148 2288 etiam
3180 2241 3305 2302 post
3330 2233 3428 2287 has

1823 2330 2162 2386 deﬁnitiones
2206 2328 2428 2383 obedire
2478 2326 2733 2391 noluerit,
2776 2339 2806 2379 a
2861 2324 3164 2379 ministerio
3208 2339 3428 2380 cessare

1831 2421 2069 2475 debebit.

1896 2511 2093 2565 Concil.
2122 2508 2456 2573 Laodicensi,
2492 2513 2566 2560 (τι.
2601 2506 2689 2560 20.
2717 2506 2869 2572 Quod
2901 2521 3008 2560 non
3034 2513 3289 2575 oporteat
3309 2505 3424 2560 dia-

1828 2617 2024 2657 conum
2069 2615 2256 2654 emam
2291 2601 2610 2670 presbytero
2637 2597 2849 2664 sedere,
2889 2596 2986 2651 sed
3011 2597 3256 2663 jussione
3279 2613 3429 2666 pres-

1828 2691 2000 2764 byteri
2053 2690 2238 2746 sedrat
2271 2690 2566 2745 :‘similiter
2615 2688 2858 2743 diaconis
2907 2689 3082 2742 honor
3112 2688 3423 2742 exhibeam!

1828 2785 1896 2838 ab
1927 2770 2369 2852 obsequentibus,
2387 2781 2440 2835 id
2462 2789 2563 2841 est,
2589 2779 2938 2835 subdiaconis
2961 2787 3016 2834 et
3040 2780 3295 2834 omnibus
3317 2781 3426 2834 cle-

1829 2879 1973 2932 ricis.

1901 2965 1984 3019 Er.
2017 2965 2233 3019 decretis
2265 2980 2414 3035 papa:
2450 2963 2669 3029 Gelasii,
2701 2964 2780 3018 tit.
2832 2962 2886 3017 8.
2933 2961 3086 3030 Quod
3118 2980 3225 3020 non
3268 2980 3434 3035 opor-

1833 3064 1943 3111 teat
1996 3056 2048 3108 in
2095 3053 2434 3127 presbyterio
2482 3054 2767 3109 diaconum
2815 3053 3027 3118 sedere,
3078 3070 3201 3110 cum
3247 3055 3431 3112 divina

1833 3147 2194 3210 celebrantur,
2241 3148 2327 3200 vel
2368 3145 2770 3200 ecclesiasticus
2824 3145 3074 3213 habetur,
3123 3147 3435 3216 quicunque

112 3238 227 3293 ulla
278 3241 495 3293 ratione
524 3234 755 3292 concedi
799 3234 918 3289 sine
941 3247 1151 3289 summo
1181 3229 1455 3300 pontiﬁce,
1502 3227 1722 3282 subdia-

1833 3245 2109 3304 tractatus,
2153 3238 2292 3293 sacri
2339 3237 2587 3307 corporis
2653 3238 3104 3307 prmi-agationem
3156 3239 3255 3293 sub
3309 3256 3436 3295 con-

108 3347 324 3388 conum
360 3329 444 3384 vel
471 3329 746 3399 acolytum
772 3328 861 3396 jus
890 3327 1088 3380 habere
1116 3324 1378 3387 faciendi;
1431 3338 1530 3376 nec
1570 3336 1724 3390 pror-

110 3437 204 3475 sus
236 3420 585 3481 addubitem,
626 3419 671 3473 si
709 3415 1002 3485 quidquam
1033 3415 1099 3469 ad
1138 3413 1446 3483 episcopale
1493 3412 1729 3466 ministe-

106 3507 260 3563 rium
303 3506 620 3578 specialiter
662 3504 938 3573 pertinens
965 3518 1064 3558 suo
1111 3511 1260 3556 motu
1301 3501 1609 3572 putaverint
1637 3516 1724 3555 cx~

107 3598 490 3670 sequendum,
536 3597 796 3653 continuo
845 3610 904 3651 se
947 3595 1272 3665 presbyterii
1329 3593 1611 3663 dignitate,
1671 3600 1727 3648 et

107 3707 278 3746 sacra
329 3688 717 3744 communione
766 3685 987 3756 privari.
1018 3684 1172 3751 Quod
1202 3681 1316 3738 ﬁeri
1351 3697 1576 3738 necesse
1619 3693 1722 3749 est,

106 3795 472 3845 censeamus,
531 3780 579 3833 si
620 3793 810 3833 eorum
841 3777 1071 3848 praesule
1108 3775 1392 3831 diﬁ'erente
1417 3774 1727 3843 hujusmodi

106 3874 288 3928 fuerit
349 3869 726 3941 prevaricatio
771 3869 1158 3939 comprobata,
1215 3881 1318 3922 nec
1363 3866 1483 3935 ipso
1539 3879 1728 3920 eorum

106 3967 391 4036 episeopo
429 3978 463 4018 a
513 3963 672 4032 culpa
719 3962 1078 4017 conniventize
1123 3969 1179 4016 et
1207 3959 1413 4014 ultione
1450 3964 1728 4023 vacaturo,

105 4059 161 4114 si
194 4057 576 4116 immoderata
605 4055 866 4111 facientes
893 4051 1311 4110 dissimulaverit
1339 4049 1631 4105 vindicare.

185 4150 413 4204 Concil.
469 4148 748 4216 Carthag.,
813 4148 892 4200 tit.
945 4144 998 4200 6.
1055 4145 1382 4200 Fortunatus
1448 4142 1734 4212 episcopus

103 4241 302 4296 dixit:
353 4241 408 4294 ln
457 4239 744 4310 praeteritis
792 4238 1037 4294 conciliis
1081 4245 1344 4292 statutum
1393 4235 1733 4290 meminimus

105 4349 241 4389 esse
290 4341 358 4388 ut
379 4333 655 4395 chrisma,
689 4330 776 4386 vel
799 4330 1176 4386 reconciliatio
1199 4329 1598 4398 ptenitcntium,
1633 4341 1733 4381 nec

105 4443 224 4481 non
276 4434 342 4481 et
392 4423 696 4495 puellarum
744 4422 1103 4485 consecratio,
1164 4436 1194 4474 a
1240 4420 1575 4490 presbyteris
1626 4433 1736 4472 non

107 4522 286 4585 ﬁant;
340 4519 388 4572 si
437 4517 557 4586 quis
586 4524 766 4571 autem
794 4515 1076 4572 emerserit
1101 4513 1206 4568 hoc
1225 4511 1453 4580 iaciens,
1496 4510 1625 4581 quid
1669 4510 1737 4566 de

107 4629 180 4668 eo
205 4609 582 4668 statuendqu
612 4608 726 4662 sit?

189 4702 470 4758 Aurelius
499 4701 787 4769 episcopus
826 4696 998 4752 dixit:
1033 4694 1252 4750 Audivit
1297 4693 1538 4763 dignatio
1559 4699 1740 4747 vestra

103 4797 545 4870 suggestionem
608 4792 786 4847 fratris
835 4789 1142 4861 coepiscopi
1199 4786 1369 4842 nostri
1425 4785 1740 4852 Fortunati,

106 4892 250 4961 quid
314 4887 389 4941 ad
441 4887 558 4939 lure
602 4883 794 4938 dicitis.
828 4881 910 4936 Ab
941 4878 1205 4936 universis
1231 4877 1502 4948 episcopis
1534 4875 1738 4930 dictum

108 4994 201 5039 est
232 5002 245 5035 :
289 4976 627 5034 Chrismatis
659 4974 928 5030 confectio
953 4980 1010 5026 et
1041 4970 1341 5041 puellarum
1399 4971 1740 5027 consecratio

105 5092 137 5129 a
177 5069 545 5145 presbyteris
590 5081 698 5120 non
723 5064 851 5129 ﬁat,
911 5063 996 5119 vel
1025 5061 1384 5117 reconciliare
1409 5076 1739 5131 quemquam

107 5173 164 5225 in
201 5165 446 5239 publica
486 5163 650 5216 mirsa
687 5160 1003 5232 presbytero
1033 5172 1142 5212 non
1191 5157 1385 5214 licere:
1432 5157 1536 5212 hoc
1565 5159 1742 5212 omni-

104 5270 224 5320 bus
252 5261 473 5332 placet.

221 5350 450 5409 Concil.
527 5346 799 5416 Cartltag.,
894 5345 972 5398 tit.
1022 5344 1076 5398 7.
1148 5343 1398 5399 Aurelius
1460 5343 1744 5413 cpiscopus

109 5447 267 5501 dixit
298 5463 312 5494 :
349 5441 410 5494 Si
441 5437 726 5508 quisquam
759 5435 810 5490 in
841 5434 1085 5505 periculo
1127 5433 1288 5489 fuerit
1319 5434 1660 5493 constitutu-=.
1688 5441 1743 5488 ct

107 5552 176 5594 se
209 5527 600 5591 reconciliare
639 5523 834 5579 divinis
877 5524 1136 5578 altaribus
1167 5525 1398 5593 petierit,
1460 5525 1503 5578 si
1535 5525 1738 5593 epime-

109 5648 226 5705 pu-s
260 5629 478 5682 absens
504 5621 701 5684 fuerit,
746 5619 904 5673 debet
936 5619 1120 5685 utique
1164 5619 1443 5688 presbyter
1467 5619 1747 5673 Const-lere

110 5725 507 5798 episrorutn,
561 5721 614 5764 et
657 5713 732 5766 sic
778 5712 1166 5781 periclitantem
1208 5710 1322 5779 ejus
1363 5721 1632 5779 praecepto
1663 5727 1749 5765 rc-

113 5815 451 5874 concilinxe
478 5826 489 5862 :
520 5821 682 5878 quant
715 5820 826 5860 rem
878 5804 1137 5860 debemus
1163 5805 1239 5859 sal
1269 5805 1364 5860 .hri
1398 5821 1527 5859 CUM:
1555 5807 1625 5858 ιιι)
1673 5824 1749 5859 ιυ-

113 5915 375 5970 liorare.
426 5905 504 5957 Ah
551 5901 813 5956 universis
863 5899 1128 5970 episcopis
1159 5900 1376 5953 'diCtum
1407 5910 1528 5954 est:
1576 5900 1753 5954 l‘lmel

1829 3340 2016 3400 spectu
2046 3330 2335 3401 pontiﬁcis,
2361 3345 2456 3384 seu
2486 3330 2805 3399 presbyteri,
2839 3330 2940 3383 nisi
2983 3330 3068 3385 his
3096 3331 3433 3401 absentibus,

1821 3422 1911 3490 jus
1958 3439 2066 3476 non
2112 3422 2348 3477 habeant
2376 3421 2685 3475 exercendi.
2731 3420 2864 3475 Cum
2907 3421 3052 3475 enim
3089 3422 3312 3477 decreta
3338 3437 3431 3478 ve-

1827 3515 2147 3570 nerabiliutn
2177 3515 2520 3570 sanctionum
2554 3529 2652 3568 nos
2680 3530 2895 3582 quoque
2937 3528 3270 3584 magnopere
3300 3531 3428 3571 cus—

1829 3607 2005 3663 todire
2043 3609 2300 3668 nitamur,
2351 3619 2416 3660 ac
2444 3605 2562 3660 sine
2589 3619 2780 3659 eorum
2806 3604 3111 3673 dispendio,
3143 3605 3309 3660 etiam
3341 3605 3434 3663 illa

1829 3715 1947 3771 quae
1991 3717 2080 3770 pro
2137 3701 2366 3770 alicujus
2408 3699 2656 3754 utilitatis
2701 3698 2935 3754 fortasse
2983 3701 3310 3770 compendio
3359 3701 3435 3756 vi-

1816 3792 2079 3858 .deantur,
2112 3793 2346 3846 laxanda
2375 3792 2640 3845 dicamus.

1834 3926 1990 3984 XCV.
2040 3927 2106 3982 Ut
2155 3926 2364 3980 diaconi
2403 3941 2701 3979 mensuram
2747 3926 3013 3994 propriam
3029 3924 3185 3996 juxta
3213 3923 3435 3983 Patrum

2355 4005 2552 4050 statuta
2579 3997 2900 4051 custodiant.

1906 4109 1992 4164 Ea:
2036 4111 2177 4162 decr.
2225 4123 2373 4179 papa:
2420 4107 2647 4173 Gelasii,
2699 4109 2778 4161 tit.
2820 4106 2880 4162 -7.
2913 4107 3184 4165 Diaconos
3219 4125 3440 4181 quoque

1837 4199 2114 4272 propriam
2145 4199 2529 4252 constituimus
2559 4212 2780 4252 servare
2803 4213 3135 4264 mensuram,
3169 4215 3272 4255 nec
3300 4201 3439 4256 ultra

1837 4302 2083 4348 tenorem
2135 4291 2374 4360 paternis
2423 4289 2725 4345 canonibus
2781 4290 3101 4360 deputatum
3157 4293 3435 4363 quidpiam

1841 4394 2048 4440 tentare
2076 4383 2461 4454 permittimus,
2498 4382 2631 4436 nihil
2662 4397 2851 4436 eorum
2881 4398 2982 4436 suo
3018 4383 3319 4438 ministerio
3346 4399 3436 4454 pe-

1840 4483 1984 4529 nitus
2014 4473 2310 4543 applicare,
2335 4487 2451 4542 qua:
2473 4472 2660 4543 piimis
2689 4471 2966 4526 ordinibus
2999 4474 3216 4541 proprie
3248 4474 3434 4530 decre-

1843 4565 1918 4620 vit
1942 4565 2256 4635 antiquitas,
2290 4565 2494 4634 absqne
2523 4565 2802 4634 episcOpo,
2832 4563 2915 4619 vel
2949 4565 3269 4636 presbytero
3297 4567 3433 4637 hap-

1767 4651 1822 4713 D
1849 4657 2015 4712 tizare
2058 4673 2164 4712 non
2216 4655 2480 4718 audeant,
2515 4655 2613 4709 nisi
2652 4654 2924 4724 praedictis
2972 4654 3215 4711 fortassis
3244 4656 3438 4714 olliciis

1843 4749 2058 4818 longius
2106 4747 2416 4804 constitutis
2465 4747 2763 4802 necessitas
2812 4755 3055 4802 extrema
3121 4749 3438 4820 compellat,

1843 4843 1987 4912 quod
2033 4849 2089 4895 et
2132 4840 2282 4895 laicis
2308 4840 2627 4895 Christianis
2670 4839 2852 4894 facere
2882 4840 3202 4909 plerumque
3229 4857 3435 4898 conce-

1844 4934 2010 4988 ditur.

1844 5067 2022 5123 XCVI.
2070 5065 2145 5121 De
2173 5068 2564 5144 cliorepiscopo1
2592 5068 2647 5144 id
2670 5076 2764 5133 est,
2799 5068 2990 5144 vicario
3018 5069 3286 5140 episcoyi;
3318 5089 3435 5144 qua

2243 5139 2310 5190 ad
2340 5140 2452 5211 ejus
2482 5138 2703 5207 ofﬁcium
2733 5140 3046 5208 pertineant.

1921 5251 2119 5306 Concil.
2153 5252 2420 5323 Ancyran,
2456 5253 2535 5303 tit.
2570 5249 2656 5303 12.
2690 5250 3108 5321 ChorepiscOpis
3130 5267 3240 5308 non
3265 5257 3434 5312 licere

1850 5343 2196 5416 presbyteros
2239 5351 2332 5398 aut
2357 5343 2612 5397 diaconos
2658 5341 2930 5405 ordinare,
2965 5344 3057 5397 sed
3087 5358 3189 5400 nec
3218 5348 3438 5419 presby-

1850 5437 1977 5492 teris
2006 5436 2242 5491 civitatis
2287 5437 2404 5493 sine
2444 5443 2716 5505 praecepto
2769 5435 3012 5506 episcopi
3044 5436 3128 5492 vel
3161 5437 3355 5494 litteris
3388 5441 3441 5497 in

1856 5542 2176 5596 unaquaque
2197 5527 2470 5596 parochia.

1930 5619 2124 5672 t‘onril.
2161 5619 2421 5682 Antioch”
2475 5621 2553 5669 fit.
2609 5617 2694 5671 10.
2743 5617 2839 5684 Qa"
2872 5619 2920 5670 En
2944 5618 3075 5670 vicis
3104 5618 3190 5674 vel
3225 5631 3440 5690 posses-

1859 5711 2097 5765 sionibus
2127 5710 2496 5780 citot'e|_iisc-'ipi
2541 5713 2906 5776 nominantur,
2963 5711 3207 5778 quamvis
3252 5723 3444 5765 manus

1861 5809 2256 5874 ii..positio..em
2304 5807 2587 5876 cpiscopor
2630 5822 2678 5857 ill
2732 5806 3101 5876 perceperint,
3155 5813 3208 5858 et
3241 5811 3295 5856 ut
3324 5803 3446 5874 epit

1860 5900 2010 5968 Scopi
2058 5900 2354 5955 consecrati
2389 5909 2530 5956 sunt.
2568 5907 2747 5954 tamen
2779 5909 2976 5955 saneto:
3007 5899 3215 5971 synodo
3241 5897 3447 5968 placuit
