4204 6542
147 397 244 453 881

1349 386 1775 445 BREVIARIUM
1816 386 2235 445 CANONICUM.

137 535 168 573 α
224 515 458 569 Domino
515 509 819 567 tenebatur.
868 506 927 561 Si
971 505 1116 560 enim
1145 504 1286 559 inter
1316 504 1566 559 homines
1595 502 1735 558 solet
1765 507 1813 565 Α
1842 510 1966 572 post
1998 506 2065 557 ab
2092 502 2209 558 aliis
2244 510 2445 573 raptas,
2467 500 2673 572 placuit
2692 505 2804 558 erui
2828 547 2841 573 ,
2887 515 2939 561 et
2968 506 3046 562 eis
3076 504 3229 561 reddi
3248 506 3446 576 quibus

136 610 293 663 bona:
333 606 457 661 fidei
507 611 819 661 contractus
869 598 1017 655 nulla
1056 600 1271 653 ratione
1316 597 1477 663 solvi,
1531 605 1736 666 quanto

134 702 308 769 magis
354 702 454 754 ista
502 696 846 768 pollicitatio,
894 709 1058 763 quam
1085 708 1206 748 cum
1233 691 1347 747 Deo
1392 691 1734 761 pepigerunt,

134 793 274 848 solvi
314 793 432 848 sine
482 790 717 845 vindicta
777 804 885 842 non
934 786 1169 856 poterit?
1225 787 1359 838 Nam
1388 784 1430 838 si
1461 781 1738 852 apostolus

134 886 359 949 Paulus,
416 900 536 954 qua:
579 901 609 938 a
674 882 957 953 proposito
1021 878 1296 934 viduitatis
1356 877 1736 941 discesserant,

132 980 271 1033 dixit
318 994 413 1034 eas
442 978 646 1032 habere
674 975 1112 1037 damnationem,
1165 972 1289 1041 quia
1320 972 1547 1043 primam
1580 968 1739 1022 fidem

133 1072 344 1125 irritam
377 1071 646 1133 fecerunt,
680 1076 884 1139 quanto
919 1067 1097 1136 potius
1129 1064 1362 1131 virgines
1391 1079 1512 1132 qua:
1543 1062 1738 1133 prioris

132 1164 515 1235 promissionis
545 1164 702 1217 fidem
732 1161 982 1230 frangere
1005 1170 1132 1213 sunt
1163 1156 1416 1213 conalaa?

202 1258 291 1313 Ea:
320 1261 461 1314 decr.
491 1275 641 1327 pupa:
663 1256 874 1318 Leonis,
926 1256 1005 1308 tit.
1032 1252 1122 1306 ‘26.
1170 1250 1513 1321 Propositum
1549 1264 1737 1304 mona-

136 1351 221 1406 (hi
254 1351 478 1421 proprio
509 1350 733 1404 arbitrio
764 1356 858 1401 aut
886 1345 1171 1399 voluntate
1199 1354 1511 1410 susceptum
1559 1340 1737 1395 deseri

133 1461 241 1500 non
290 1453 477 1516 potest
532 1444 737 1509 absque
788 1436 1233 1512 peccatozquod
1281 1435 1423 1489 enim
1476 1434 1595 1501 quis
1627 1434 1737 1488 Deo

132 1540 305 1605 vovit,
331 1541 495 1595 debet
521 1550 577 1593 et
605 1539 852 1593 reddere.
889 1534 1043 1591 Unde
1069 1536 1157 1604 qui
1186 1534 1370 1587 relicta
1395 1531 1738 1601 singularita-

132 1631 201 1686 tis
241 1630 586 1701 professione
616 1628 681 1683 ad
713 1628 959 1682 militiam
990 1625 1076 1681 vel
1108 1626 1173 1679 ad
1207 1624 1418 1693 nuptias
1449 1623 1739 1676 devo'utus

132 1731 237 1788 est,
308 1723 538 1793 publici:
594 1721 925 1791 pmnitentia:
1002 1718 1370 1775 satisfactione
1430 1714 1738 1786 purgandus

132 1825 237 1883 est,
288 1817 451 1887 quia,
496 1816 623 1870 etsi
652 1815 913 1871 innocens
962 1813 1156 1868 militia
1197 1820 1253 1866 et
1298 1811 1585 1865 honestum
1635 1824 1735 1879 po-

1841 602 1965 648 ante
2016 594 2230 648 fuerant
2258 592 2620 664 desponsatas,
2675 595 2889 651 etiamsi
2940 597 3017 652 eis
3056 612 3086 652 a
3133 598 3446 668 raptoribus

1839 685 1922 739 vis
1949 684 2095 739 illata
2120 685 2428 741 constiterit

1912 776 1997 831 Ex
2026 778 2243 832 decretis
2270 777 2474 845 Sir-iiii,
2524 780 2607 833 tit.
2637 778 2691 832 4.
2724 780 2800 835 De
2821 780 3095 851 conjugali
3124 792 3302 838 autem
3324 783 3444 841 vio-

1842 870 2045 924 latione
2073 870 2370 939 rcquisisti,
2428 870 2473 926 si
2501 871 2884 942 desponsatam
2916 874 3003 929 alii
3036 875 3273 946 puellam
3307 876 3445 931 alter

1842 961 1895 1014 iu
1926 963 2329 1016 matrimonium
2358 965 2527 1032 possit
2552 964 2840 1035 accipere?
2872 966 2993 1031 hoc,
3023 983 3091 1022 ne
3116 969 3229 1032 tiat,
3268 967 3447 1024 modis

1842 1054 2091 1108 omnibus
2144 1054 2491 1122 inhibemus,
2563 1058 2688 1126 quia
2739 1056 2832 1111 illa
2883 1057 3208 1125 benedictio,
3277 1075 3442 1129 quam

1842 1157 2087 1217 nUptura:
2128 1147 2385 1204 sacerdos
2422 1150 2678 1219 imponit,
2728 1150 2870 1221 apud
2926 1150 3113 1207 fideles
3160 1154 3443 1221 cujusdam

1841 1238 2106 1306 sacrilegii
2138 1239 2305 1294 instar
2349 1248 2449 1302 est,
2504 1240 2549 1295 si
2584 1240 2689 1294 ulla
2715 1242 3146 1312 transgressione
3189 1243 3438 1300 violetur.

1912 1350 2043 1406 CVI.
2099 1350 2178 1405 De
2221 1352 2301 1405 his
2349 1354 2432 1424 qui
2472 1354 2726 1422 virginum
2780 1352 3198 1424 corruptionibus
3246 1355 3443 1409 conscii

2588 1435 2726 1479 sunt.

1914 1518 2112 1573 Concil.
2148 1519 2363 1588 Ancyr.,
2418 1521 2495 1572 tit.
2526 1518 2614 1573 24.
2647 1518 2875 1586 Quidam
2923 1534 3176 1590 sponsam
3208 1522 3441 1589 habens,

1842 1626 2086 1667 sororem
2119 1612 2235 1679 ejus
2255 1611 2505 1676 violavit,
2541 1622 2595 1667 et
2615 1612 2890 1680 gravidam
2918 1611 3015 1667 red
3040 1613 3172 1677 tidit;
3201 1622 3445 1682 postmo-

1843 1706 1966 1758 dum
1997 1705 2377 1772 desponsatam
2408 1704 2507 1759 sibi
2558 1706 2711 1760 duxit
2751 1721 2974 1761 uxorem
2998 1749 3011 1771 ,
3046 1706 3136 1759 illa
3172 1720 3300 1761 vero
3324 1722 3443 1775 qua:

1844 1808 2098 1867 corrupta
2135 1806 2219 1853 est
2249 1797 2442 1867 laqueo
2469 1814 2529 1853 se
2560 1799 2787 1867 peremit
2814 1816 2826 1852 :
2862 1799 2918 1852 hi
2949 1798 3040 1867 qui
3072 1798 3289 1854 fuerunt
3313 1814 3446 1853 con-

134 1918 241 1964 test
266 1923 389 1964 esse
411 1907 744 1977 conjugium,
767 1906 1097 1963 electionem
1121 1904 1404 1961 meliorum
1432 1902 1738 1959 deseruisse
1772 1885 1817 1947 Β
1842 1892 1936 1947 scii
1963 1900 2085 1961 post
2108 1892 2403 1947 decennem
2432 1891 2859 1948 satisfactionem
2899 1892 3034 1963 jussi
3067 1902 3195 1947 sunt
3241 1893 3445 1963 suscipi

134 2004 503 2071 transgressio
526 2012 628 2057 est.

204 2096 313 2150 Tit.
338 2095 429 2150 87.
470 2095 669 2150 Puellae
720 2110 840 2163 qua:
888 2110 995 2149 non
1028 2099 1314 2163 parentum
1340 2101 1543 2145 coacta:
1572 2089 1741 2159 impc-

131 2191 235 2254 rio,
294 2188 392 2244 sed
422 2196 723 2259 spontaneo
757 2185 984 2255 judicio,
1031 2172 1356 2254 virginitatis
1400 2181 1739 2252 propositum

129 2291 297 2352 atque
328 2281 572 2336 habitum
603 2288 1001 2350 susceperunt,
1054 2280 1100 2333 si
1156 2287 1345 2348 postea
1394 2276 1606 2345 nuptias
1638 2274 1737 2327 eli-

129 2384 285 2447 gunt,
318 2377 765 2445 praevaricantur,
799 2372 1013 2429 etiamsi
1035 2371 1277 2426 nondum
1306 2371 1384 2423 eis
1410 2369 1579 2436 gratia
1611 2382 1740 2421 cou-

130 2469 461 2523 secrationis
492 2467 761 2522 accessit:
804 2466 961 2535 cujus
1000 2465 1191 2533 utique
1220 2478 1327 2517 non
1362 2461 1743 2516 fraudarentur

131 2577 383 2627 munere,
412 2561 458 2615 si
488 2563 540 2615 in
568 2561 850 2630 proposito
878 2564 1278 2628 permanerent.

202 2651 292 2707 Ea:
323 2654 545 2706 decretis
571 2667 722 2722 papa:
748 2650 967 2717 Gclusii,
1000 2652 1079 2703 tit.
1112 2647 1201 2702 20.
1236 2647 1547 2715 Virginibus
1569 2645 1742 2700 sacris

132 2759 342 2804 temere
389 2763 448 2803 se
471 2748 730 2817 quosdam
762 2748 972 2802 sociare
996 2745 1367 2815 cognovimus,
1417 2754 1473 2798 et
1514 2742 1741 2813 postdi-

129 2851 315 2899 catum
350 2842 463 2898 Deo
495 2842 833 2912 propositum
864 2842 1069 2896 incesta
1118 2839 1319 2895 foedera
1369 2839 1740 2907 sacrilegaqne

130 2938 403 3005 miscere;
434 2953 571 3005 quos
596 2936 844 3006 prolinus
881 2952 1096 3005 aequum
1127 2942 1210 2989 est
1247 2948 1277 2987 a
1304 2947 1459 2988 sacra
1493 2946 1742 2986 commu-

131 3031 301 3086 nione
356 3029 573 3085 detrudi
626 3037 682 3083 et
730 3030 833 3084 nisi
886 3043 985 3098 per
1012 3027 1286 3098 publicam
1346 3024 1740 3096 probatamque

131 3123 520 3193 paenitentiam
558 3121 783 3176 omnino
834 3134 943 3175 non
973 3119 1139 3188 recipi
1174 3135 1188 3171 :
1223 3126 1315 3170 aut
1346 3116 1426 3169 his
1456 3125 1605 3169 certe
1625 3114 1739 3167 via-

133 3214 301 3268 ticum
326 3214 393 3267 de
418 3213 620 3268 saeculo
644 3212 1069 3277 transeuntibus,
1087 3210 1130 3265 si
1156 3217 1338 3263 tamen
1362 3207 1735 3278 paenituerint,

132 3323 241 3363 non
272 3319 522 3375 negetur.
1597 3293 1601 3297 ’

134 3419 242 3477 Cll.
286 3420 370 3475 De
400 3423 478 3475 his
519 3421 605 3491 qui
636 3421 899 3475 adulteras
951 3419 1138 3471 habent
1166 3434 1379 3485 uxores,
1408 3417 1484 3471 vel
1517 3416 1740 3471 adulteri

738 3492 1157 3561 comprobantur.

205 3582 413 3638 Concit.
445 3585 748 3653 Amyrnno,
776 3584 856 3635 tit.
893 3580 980 3634 19.
1018 3580 1075 3635 Si
1104 3579 1257 3647 cujus
1279 3595 1418 3633 uxor
1439 3578 1741 3634 adulterata

135 3679 324 3743 fuerit,
376 3676 461 3730 vel
506 3676 552 3731 si
582 3677 699 3744 ipse
751 3674 1077 3730 adulterium
1130 3672 1487 3735 commiserit,
1533 3679 1781 3741 septem,

134 3768 411 3825 ar‘nuorum
476 3768 793 3839 poenitentia
865 3775 1085 3837 oportet
1159 3780 1284 3821 eum
1349 3764 1740 3835 perfectionem

131 3863 425 3932 consequi,
456 3863 749 3917 secundum
777 3860 1036 3931 pristinos
1057 3857 1271 3929 gradus.

133 3980 269 4036 Clll.
314 3979 398 4034 De
427 3980 506 4033 his
550 3993 665 4049 qua:
694 3990 871 4047 partus
909 3992 1030 4049 suos
1055 3990 1121 4029 ex
1153 3974 1497 4043 fornicatione
1527 3973 1742 4028 diversis

679 4050 845 4103 modis
877 4048 1197 4101 interimunt.

208 4143 417 4199 Concit.
453 4143 670 4213 Ancyr.,
705 4142 784 4194 tit.
818 4138 912 4193 20.
945 4138 1025 4193 De
1053 4136 1371 4192 mulieribus
1412 4152 1531 4205 qua:
1579 4136 1745 4191 forni-

135 4247 359 4303 cantur,
410 4245 465 4291 et
494 4244 682 4305 partus
702 4248 829 4287 suos
854 4239 1071 4301 negant,
1104 4230 1188 4285 vel
1215 4244 1332 4298 qua:
1368 4235 1533 4297 agunt
1558 4244 1740 4282 secum

134 4342 192 4385 ut
226 4341 389 4384 utero
440 4337 736 4396 conceptos
768 4325 1068 4389 excutiant,
1123 4322 1347 4391 antiqua
1395 4320 1616 4388 quidem
1651 4320 1746 4374 de-

136 4426 314 4478 fluitio
345 4437 517 4491 usque
539 4421 603 4476 ad
622 4421 827 4477 exitum
849 4419 973 4474 vita:
994 4431 1089 4472 eas
1109 4414 1177 4470 ab
1200 4412 1448 4470 Ecclesia
1476 4418 1741 4474 removet;

134 4518 433 4572 humanius
484 4524 664 4570 autem
714 4527 859 4568 nunc
911 4509 1240 4572 deﬁnimus,
1309 4514 1369 4559 ut
1432 4503 1512 4559 eis
1555 4503 1741 4558 decem

1844 1988 2139 2042 secundum
2170 1987 2369 2055 gradus
2399 1986 2734 2056 paenitentia:
2761 1987 3110 2042 constitutos.

1842 2099 1996 2154 CVII.
2029 2099 2241 2154 Laicum
2270 2101 2540 2169 pellentem
2592 2102 2861 2172 conjugem
2899 2117 3049 2154 suam
3081 2101 3442 2155 communione

2467 2174 2796 2239 privandum.

1916 2261 1982 2317 In
2007 2263 2303 2318 Canonibus
2335 2264 2717 2333 Apostolorum,
2757 2266 2836 2320 tit.
2876 2264 2966 2317 48.
3000 2265 3054 2319 Si
3086 2265 3209 2333 quis
3241 2265 3439 2330 laicus,

1844 2371 2066 2410 uxorem
2092 2356 2365 2426 prepriam
2397 2355 2621 2425 pellens,
2652 2354 2881 2410 alteram
2905 2356 2990 2411 vel
3018 2356 3085 2411 ab
3115 2356 3222 2412 alio
3251 2355 3441 2411 dimis-

1844 2462 1958 2504 sam
1991 2447 2224 2510 duxerit,
2255 2445 2637 2501 communione
2669 2448 2931 2516 privetur.

1880 2557 2058 2613 CVIII.
2112 2559 2188 2613 De
2237 2560 2681 2699 ρνειςὸειιῗνὶδ,ιιιιί¹
2716 2576 2904 2613 uxores
2951 2570 3281 2631 acceperunt,
3329 2562 3409 2616 vel

2462 2639 2680 2684 urmcutt
2706 2638 2846 2684 sunt.

2462 2638 2680 2684 urtttt‘tttt
2706 2638 2846 2684 Sunt.

1916 2730 2114 2785 Εοηε.ἰ.
2148 2729 2524 2795 Nor-woman,
2557 2732 2637 2783 tit.
2686 2734 2734 2785 1.
2768 2729 3077 2803 Presbyter,
3122 2734 3169 2788 si
3218 2749 3448 2789 uxorem

1845 2823 2111 2891 acceperit
2135 2865 2149 2889 ,
2191 2823 2257 2876 ab
2288 2824 2477 2877 ordine
2505 2823 2809 2892 deponatur
2838 2841 2851 2888 ;
2904 2824 2946 2877 si
2984 2839 3112 2879 vero
3142 2824 3442 2882 fornicatus

1848 2917 2023 2980 fuerit,
2058 2924 2151 2969 aut
2200 2915 2521 2970 adulterium
2547 2917 2897 2985 perpetrarit,
2925 2917 3160 2988 amplius
3187 2919 3315 2988 pelli
3348 2919 3441 2974 de-

1847 3009 1935 3064 bet
1960 3017 2013 3063 et
2039 3009 2101 3061 ad
2129 3009 2499 3079 prnuiaentiam
2529 3009 2717 3078 redigi.

1848 3126 1980 3184 CIX.
2007 3127 2157 3192 Quod
2190 3127 2483 3182 sacerdOIes
2527 3126 2804 3251 etdL’fuita:
2839 3145 2954 3181 cum
2985 3127 3283 3183 mulieribus
3305 3130 3447 3183 coire

2455 3216 2559 3251 non
2620 3215 2646 3251 e
2682 3208 2823 3251 eant.

2455 3216 2559 3252 non
2583 3208 2823 3251 debeant.

1767 3260 1814 3325 ϐ
1920 3289 2005 3343 Ea:
2027 3290 2241 3344 decretis
2263 3306 2413 3360 papa:
2438 3288 2749 3355 Innocentii,
2786 3292 2865 3345 tit.
2898 3290 2982 3344 16.
3012 3292 3277 3347 l’ratterea
3296 3291 3448 3361 quod

1846 3383 2064 3454 dignum
2094 3392 2150 3439 et
2174 3383 2451 3454 pudicum,
2474 3391 2531 3438 et
2555 3384 2956 3449 honestumest,
2987 3394 3175 3438 tenere
3201 3382 3444 3438 Ecclesia

1845 3477 2157 3533 omnimodo
2180 3475 2377 3540 debet,
2398 3485 2455 3528 ut
2477 3473 2788 3529 sacerdotes
2809 3482 2864 3527 et
2887 3473 3085 3528 Levita:
3100 3489 3224 3528 cum
3253 3473 3442 3529 uxori-

1844 3569 1944 3622 bus
1971 3569 2081 3622 suis
2122 3583 2231 3622 non
2259 3575 2483 3631 coeant,
2521 3567 2647 3635 quia
2670 3575 2698 3604 ι
2736 3565 2977 3637 mysterii
2999 3565 3299 3636 quotidiani
3342 3581 3443 3621 ne-

1847 3661 2187 3716 cessitatibus
2213 3668 2582 3729 occupantur;
2632 3657 2895 3727 scriptum
2924 3665 3006 3711 est
3035 3656 3177 3711 enim
3212 3674 3225 3708 :
3258 3654 3447 3712 Sancti

1846 3764 2040 3817 estote,
2082 3752 2340 3821 quoniam
2381 3760 2437 3806 et
2475 3764 2575 3819 ego
2619 3758 2839 3805 sanctus
2864 3764 2981 3803 sum
3016 3747 3273 3803 Domitius
3308 3748 3449 3802 Deus

1846 3849 1987 3905 Deus
2030 3858 2223 3903 vester.
2258 3846 2392 3902 Nam
2433 3847 2479 3903 si
2522 3845 2714 3916 priscis
2743 3844 3078 3914 temporibus
3127 3842 3196 3897 de
3240 3841 3447 3912 templo

1848 3943 1942 3997 Dei
1967 3948 2278 3998 sacerdotes
2310 3954 2453 3995 anno
2482 3938 2616 3994 vicis
2637 3953 2749 3993 suae
2779 3952 2886 3992 non
2914 3933 3301 4000 discedebant,
3336 3934 3445 3988 sic-

1847 4044 1905 4091 ut
1931 4035 2001 4090 de
2032 4033 2296 4089 Zacharia
2327 4032 2585 4101 legimus,
2636 4046 2738 4087 nec
2768 4030 2987 4086 domum
3028 4043 3180 4083 suam
3222 4026 3447 4083 omnino

1849 4127 2159 4197 tangebam,
2191 4126 2384 4194 quibus
2413 4126 2600 4193 utique
2620 4130 2846 4194 propter
2874 4120 3080 4177 sobolis
3108 4118 3447 4175 succcessio-

1848 4219 2023 4277 netnb
2073 4219 2257 4274 uxoris
2300 4231 2430 4272 usus
2480 4214 2657 4271 fuerat
2708 4214 3005 4277 relaxatus,
3061 4211 3187 4279 quia
3226 4226 3291 4265 cx
3340 4207 3449 4263 alia

1851 4313 2011 4377 tribu,
2043 4319 2098 4366 et
2128 4319 2489 4381 praeterquam
2520 4324 2590 4363 ex
2619 4307 2831 4363 semine
2861 4306 3045 4358 Aaron
3089 4304 3157 4356 ad
3184 4302 3449 4357 sacerdo-

1849 4404 1981 4459 tium
2002 4402 2183 4457 nullus
2204 4401 2383 4456 fuerat
2401 4413 2703 4471 praeceptus
2736 4396 3026 4461 accedere;
3051 4404 3255 4463 quanto
3280 4392 3450 4462 magis

1850 4498 1904 4552 hi
1927 4496 2236 4553 sacerdotes
2252 4494 2337 4549 vel
2356 4494 2554 4549 Levita:
2576 4491 2889 4562 pudicitiam
2908 4504 2975 4542 ex
2993 4487 3077 4542 dic
3093 4485 3448 4541 ordinationis

136 4627 413 4670 annorum
444 4619 659 4681 tempus
707 4607 1006 4665 secundum
1064 4604 1314 4675 pmfixos
1342 4598 1543 4671 gradus
1569 4599 1746 4671 pleni.
1781 4626 1826 4686 υ
1852 4604 1963 4644 suae
1985 4602 2201 4644 servare
2227 4586 2444 4649 debent,
2477 4584 2671 4654 quibus
2700 4581 2786 4636 vel
2812 4576 3312 4686 sacerdoriumzvel
3344 4573 3448 4629 mi-

138 4704 326 4758 tentic
360 4702 676 4770 largiamur.

136 4817 272 4871 μιν.
319 4815 402 4870 De
428 4816 699 4870 homicidis
738 4814 818 4869 vel
857 4814 920 4867 de
960 4813 1039 4866 his
1063 4813 1146 4882 qui
1177 4825 1283 4865 non
1322 4823 1506 4864 suome
1532 4806 1748 4861 homici-

673 4887 815 4940 dium
843 4886 1229 4940 commiserunt.

212 4983 356 5037 Com:
383 4982 598 5050 Ancyr.,
628 4981 709 5033 tit.
733 4977 800 5032 21
827 4987 882 5033 et
910 4977 998 5031 22.
1031 4976 1133 5043 Qui
1170 4974 1484 5043 voluntarie}
1514 4970 1747 5027 homici-

140 5073 289 5129 dium
338 5071 600 5135 fecerint,
651 5072 984 5141 preniteutize
1036 5068 1252 5139 quidem
1291 5067 1493 5137 jugiter
1523 5079 1581 5119 se
1626 5064 1747 5118 sul;-

145 5170 403 5233 mittaut;
439 5167 827 5236 perfectionem
865 5180 994 5220 vero
1024 5166 1167 5220 circa
1191 5166 1312 5218 vit-.e
1340 5165 1520 5218 exitus
1551 5178 1744 5216 conse-

141 5271 405 5333 quantur.
451 5262 527 5315 De
577 5260 880 5315 homicidiis
908 5274 1017 5314 non
1049 5266 1246 5327 sponte
1277 5254 1579 5311 commissis
1602 5252 1747 5322 prior

142 5356 365 5426 quidem
396 5354 671 5418 definitio,
708 5362 831 5423 post
860 5361 1178 5422 septenuem
1215 5348 1592 5420 paenitentiam
1625 5360 1746 5415 per-

146 5452 443 5505 lectionem
496 5449 752 5516 consequi
809 5445 1081 5516 praecipit;
1132 5441 1369 5502 secunda
1418 5455 1550 5495 vero
1589 5436 1745 5505 quin-

144 5545 370 5602 auennii
412 5554 627 5612 tempus
656 5560 739 5611 ex;
766 5542 898 5597 lere.

242 5642 355 5698 CV.
402 5639 480 5693 De
505 5637 804 5707 desponsuti
855 5634 1061 5705 puellis,
1083 5644 1132 5688 et
1160 5631 1221 5686 ub
1244 5632 1365 5685 aliis
1396 5628 1672 5697 corruptis.

219 5734 423 5792 (.‘oncit.
480 5733 699 5800 Ancyra,
748 5730 825 5783 tit.
881 5727 967 5782 l0.
1018 5728 1380 5798 Desponsatas
1444 5719 1647 5793 puellas
1696 5723 1752 5774 et

219 5913 240 5931 "
268 5894 499 5967 Dionys.
528 5890 705 5960 Exig..
736 5888 1028 5943 ministerii.

1852 4678 2136 4736 nisterium
2158 4679 2277 4734 sine
2302 4676 2648 4731 successione
2671 4681 2773 4736 est,
2811 4685 2913 4725 nec
2939 4667 3310 4739 praeteritdies
3338 4681 3446 4735 qua

1853 4773 1939 4828 vel
1979 4788 2008 4826 a
2054 4769 2332 4827 sacrificiis
2361 4766 2599 4832 divinis,
2654 4766 2736 4820 vel
2782 4779 2813 4817 a
2873 4760 3211 4831 baptismatis
3262 4757 3446 4814 oflicio

1855 4866 2081 4922 vacent?
2111 4864 2243 4919 Nam
2273 4862 2320 4919 si
2342 4859 2540 4916 Paulus
2570 4859 2638 4913 ad
2656 4857 2969 4912 Corinthios
2995 4853 3182 4909 scribit
3208 4852 3393 4908 dicens
3426 4871 3437 4905 :

1852 4958 2127 5015 Abstinete
2152 4970 2247 5011 vos
2274 4953 2342 5008 ad
2364 4962 2595 5023 tempus,
2630 4958 2689 5004 ut
2726 4949 2927 5003 vacetis
2960 4946 3213 5011 orationi,
3248 4954 3302 4999 et
3335 4944 3446 4999 hoc

1856 5056 2036 5124 utique
2064 5052 2217 5108 laicis
2244 5048 2527 5121 prtecepit;
2551 5047 2721 5101 multo
2753 5044 2922 5112 magis
2945 5041 3281 5108 sacerdotes,
3318 5040 3439 5108 qui-

1856 5152 1956 5203 bus
1991 5155 2047 5202 et
2076 5143 2265 5199 orandi
2295 5150 2351 5197 et
2384 5137 2868 5206 sacrificandijuge
2890 5135 3129 5190 officium
3154 5142 3255 5191 est,
3291 5146 3437 5184 sem-

1856 5257 1949 5311 per
1993 5239 2265 5294 debebunt
2316 5235 2384 5287 ab
2439 5230 2748 5300 hujusmodi
2800 5230 3079 5285 consortio
3126 5226 3437 5279 abstinere:

1855 5332 2021 5403 quisi
2050 5326 2449 5385 contaminatus
2496 5322 2657 5378 fuerit
2710 5320 2916 5375 carnali
2972 5316 3438 5387 concupiscentia,

1855 5440 1963 5496 quo
1989 5423 2193 5496 pudore
2214 5418 2299 5475 vel
2319 5417 2627 5475 sacrificare
2649 5413 2874 5470 forsitan
2903 5410 3199 5482 usurpauit,
3222 5415 3316 5461 aut
3335 5420 3443 5476 qua

1855 5517 2191 5579 conscientia
2233 5526 2410 5584 quove
2452 5509 2648 5566 merito
2689 5504 2936 5563 exaudiri
2965 5517 3024 5558 se
3068 5499 3258 5565 credit,
3318 5511 3445 5552 cum

1854 5619 2055 5676 dictum
2084 5616 2155 5670 sit
2181 5631 2192 5666 :
2225 5610 2419 5667 Omnia
2450 5605 2650 5662 munda
2680 5602 2913 5667 mundis,
2940 5596 3304 5670 coinquinatis
3335 5609 3443 5653 att-

1856 5722 1961 5769 tem
1985 5717 2039 5765 et
2066 5704 2369 5763 inlidclibus
2393 5700 2526 5758 nihil
2547 5698 2827 5755 mundum.

1929 5872 1953 5909 ι’
1981 5868 2198 5938 Dionys.
2229 5864 2383 5935 Exig.
2431 5864 2665 5915 urortus.
