4204 6578
735 426 840 484 883

806 546 892 603 Er
914 546 1128 602 decretis
1153 552 1301 612 papa:
1344 533 1555 598 Leonis,
1589 529 1667 582 tit.
1697 523 1786 578 I7.
1832 521 1941 577 Lex
1971 508 2315 574 continentia:
2346 506 2396 568 Α

735 641 931 702 eadem
961 648 1045 698 est
1072 634 1257 691 altaris
1282 627 1538 687 ministris
1568 634 1687 692 quae
1699 613 1967 688 episcopis
1996 619 2157 679 atque
2172 618 2318 677 pres~

735 733 962 807 byteris,
1013 727 1106 800 qui
1136 742 1258 783 cum
1308 726 1491 776 essent
1516 714 1639 783 laici
1669 713 1783 768 sive
1815 708 2066 767 lectores,
2092 698 2239 755 licito
2268 701 2324 750 et

737 788 938 884 unxores
978 824 1195 883 ducere,
1245 824 1301 872 et
1339 812 1476 868 tilios
1507 816 1810 880 procreare,
1845 803 2179 872 potuerunt:
2228 788 2322 844 sed

739 936 869 980 cum
897 917 962 974 ad
990 913 1274 987 praedictos
1301 902 1644 979 pervenerint
1668 895 1887 967 gradus,
1918 888 2085 957 erupit
2113 884 2192 939 eis
2214 896 2323 935 non

930 973 1080 1080 quod
1112 973 1483 1062 licuit.-Unde
1508 1002 1570 1049 ut
1610 991 1680 1047 de
1704 986 1909 1047 carnali
1947 982 2039 1036 fiat
2084 973 2327 1048 spiritale

739 1074 1070 1176 coniugi-um,
1118 1101 1337 1168 oportet
1379 1104 1472 1146 eos
1521 1099 1627 1142 nec
1676 1080 1948 1137 dimittere
1996 1084 2215 1134 uxores,
2271 1074 2327 1121 ct

739 1158 1027 1268 quasiiioit
1051 1189 1288 1245 habeant
1312 1184 1391 1238 sic
1415 1179 1638 1242 habere,
1665 1188 1774 1243 quo
1794 1178 1850 1225 et
1878 1167 2024 1223 salva
2051 1166 2123 1219 sit
2150 1158 2329 1216 chari-

740 1297 827 1345 tas
849 1283 1266 1344 connubiorum,
1302 1283 1357 1331 et
1381 1279 1562 1330 cesset
1584 1263 1827 1337 Operatio
1858 1257 2189 1330 nuptiarum.

815 1379 1014 1436 Concil.
1049 1372 1252 1435 Carth.,
1304 1369 1383 1429 tit,
1414 1362 1503 1417 ‘23.
1529 1357 1781 1415 Aurelius
1829 1354 2114 1423 CpIsCtlptIS
2145 1340 2282 1397 dixit
2314 1357 2325 1393 :

744 1474 1025 1536 Addimus,
1051 1468 1246 1523 fratres
1276 1455 1599 1521 charissimi,
1624 1461 1905 1524 praeterea,
1935 1457 2056 1499 cum
2094 1440 2161 1493 de
2196 1448 2332 1504 quo-

743 1567 992 1626 rumdam
1028 1562 1345 1619 clericorum
1377 1548 1622 1623 quamvis
1653 1549 1912 1601 lectormu
1959 1550 2087 1604 erga
2132 1546 2333 1587 uxores

745 1656 995 1732 preprias
1016 1645 1407 1709 ineontiuentia
1437 1643 1751 1700 referretur,
1775 1630 2002 1703 placuit,
2029 1625 2175 1696 quod
2205 1623 2336 1677 etin

746 1718 973 1810 diversis
1001 1743 1243 1803 conciliis
1269 1741 1538 1794 lirmatum
1561 1738 1663 1790 est.
1688 1737 1746 1784 ut
1771 1720 2087 1781 subdiaconi
2114 1718 2207 1787 qui
2249 1729 2338 1768 sa-

748 1859 841 1901 cra
869 1838 1126 1913 mysteria
1156 1835 1516 1893 contrectant,
1570 1832 1626 1879 et
1671 1819 1883 1876 diaconi
1930 1823 1986 1869 et
2012 1806 2332 1882 presbyteri,

747 1931 848 1990 sed
875 1911 941 1986 et
957 1923 1219 1997 episcopi,
1248 1916 1552 1975 secundum
1590 1911 1771 1983 priora
1794 1912 2016 1969 statuta,

749 2023 1012 2080 uxoribus
1041 2033 1099 2073 se
1121 2015 1448 2076 abstineant,
1471 2016 1527 2063 et
1554 2014 1806 2072 tanquam
1832 2013 1940 2053 non
1976 1993 2234 2050 habentes
2261 1989 2339 2043 vi-

752 2116 979 2174 deantur
1007 2123 1159 2175 esse;
1192 2104 1339 2177 quod
1377 2102 1477 2156 nisi
1500 2096 1748 2157 fecerint,
1774 2094 1841 2148 ab
1870 2087 2240 2146 ecclesiastici
2264 2098 2342 2138 rc-

751 2210 1072 2262 moveantur
1094 2175 1292 2256 oltieio.
1326 2195 1564 2250 Creteros
1614 2195 1796 2244 autem
1844 2183 2074 2239 clericos
2120 2177 2187 2233 ad
2236 2175 2341 2232 hoc

753 2314 866 2357 non
884 2296 1006 2366 cogi
1030 2294 1133 2350 nisi
1163 2288 1458 2346 maturiore
1483 2292 1665 2340 :L-tate.

752 2425 869 2487 CX.
903 2424 1031 2493 Qua:
1058 2424 1294 2480 mittier-es
1324 2437 1439 2493 cum
1462 2417 1732 2487 episcopo,
1766 2408 2079 2493 presbytero,
2104 2404 2343 2468 diacono,

1250 2491 1468 2547 debeant
1492 2484 1827 2541 commorari.

830 2613 1031 2671 Concil.
1065 2608 1216 2672 Nic,
1261 2607 1342 2663 tit.
1372 2604 1428 2658 3.
1460 2598 1740 2657 lnterdixit
1786 2609 1884 2666 per
1930 2590 2110 2649 omnia
2153 2598 2347 2655 magna

757 2705 1000 2780 synodus
1028 2717 1138 2758 non
1162 2700 1440 2770 episcopo,
1465 2710 1571 2749 non
1592 2689 1934 2763 presbytero,
1957 2698 2067 2739 non
2091 2681 2344 2743 diacono,

757 2813 863 2857 nec
891 2794 1056 2852 alicui
1084 2791 1306 2850 omnino
1333 2788 1426 2858 qui
1458 2786 1513 2842 in
1538 2784 1687 2840 clero
1710 2787 1813 2845 est,
1865 2777 2030 2833 licere
2073 2772 2347 2830 subintro-

759 2891 979 2949 ductam
998 2885 1199 2943 habere
1219 2881 1521 2941 mulierem,
1543 2873 1649 2930 nisi
1677 2872 1815 2927 forte
1851 2878 2083 2923 matrem
2123 2870 2217 2918 aut
2261 2874 2353 2915 so-

757 2995 964 3046 rorem,
1005 2983 1099 3032 aut
1139 2973 1381 3037 amitam,
1417 2967 1507 3025 vel
1545 2980 1639 3023 eas
1664 2970 1874 3019 tantum
1917 2969 2182 3029 personas
2231 2965 2354 3021 qua:

759 3069 1128 3143 suspicionem
1155 3064 1438 3133 etlugiunt.

834 3140 922 3219 Ea:
948 3159 1168 3217 decretis
1205 3170 1355 3228 papa:
1396 3151 1599 3220 Siricii,
1628 3150 1709 3205 tit.
1757 3145 1846 3203 12.
1920 3140 2172 3200 Feminas
2222 3150 2354 3194 vero

1879 396 2214 461 CRISCONII
2255 385 2573 449 AFRICANI
2621 381 2923 441 EPIStTOPI

3910 369 4022 429 834

2681 494 2836 554 CXV.
2872 494 2945 547 {a’e
2973 495 3356 549 catechumenis
3386 491 3764 564 peccatoribus.

2496 614 2693 671 Concil.
2718 611 3095 682 Nora’cwsar.,
3116 612 3193 665 tit.
3222 608 3275 665 5.
3307 609 3742 666 Cutecliumeuus
3769 603 3816 659 si
3845 602 4020 671 ingre-

2426 707 2611 763 diatur
2632 706 2941 773 ecclesiam,
2966 712 3021 759 et
3043 704 3097 759 in
3120 704 3365 759 ordinem
3394 717 3585 758 eorum
3615 699 3711 769 qui
3741 696 4021 752 instruun-

2427 812 2517 860 tur
2544 804 2786 867 assistat,
2815 801 2901 856 hic
2924 808 3103 854 autem
3120 807 3177 853 et
3197 796 3566 868 deprehensus
3589 791 3750 848 fuerit
3766 800 4022 862 peccans,

2427 899 2474 953 si
2497 898 2713 967 quid-un
2738 908 2879 964 genu
2911 893 3080 949 flectit
3104 892 3310 958 audiat,
3349 899 3404 946 et
3434 904 3544 945 non
3571 887 3854 955 delinquat
3881 882 4022 938 ulte-

2430 991 2568 1047 rius:
2593 990 2635 1045 si
2661 1003 2791 1045 vero
2819 998 2876 1045 et
2896 987 3121 1043 audiens
3144 985 3467 1057 peccaverit,
3492 983 3818 1053 expellatur.

2697 1101 2881 1158 CXVI.
2913 1102 2990 1157 De
3028 1101 3396 1157 catechumeua
3427 1104 3753 1170 prtvgnante.

2446 1242 2447 1245 η
2502 1218 2750 1289 Ejusdem
2772 1218 2851 1271 :it.
2875 1214 2928 1270 fi.
2960 1214 3251 1273 Gravidam
3275 1220 3490 1285 oportet
3511 1211 3789 1281 baptizare
3810 1208 4033 1277 quando

2430 1312 2700 1368 voluerit:
2726 1310 2858 1366 nihil
2884 1309 3027 1363 enim
3059 1309 3111 1363 in
3137 1309 3241 1363 huc
3280 1324 3399 1377 qu:e
3430 1305 3570 1376 parit
3601 1301 3847 1357 nascenti
3875 1313 4033 1354 cont-

2432 1405 2688 1467 municat,
2725 1411 3007 1473 propterea
3037 1401 3182 1471 «μιηά
3233 1397 3655 1467 uniuscujusque
3706 1408 3868 1451 suum
3899 1406 4034 1464 pro-

2434 1498 2670 1571 positum
2702 1496 2754 1551 in
2785 1493 3128 1551 (amicssime
3158 1494 3483 1548 decimetur.

2471 1611 2675 1670 CXViI.
2714 1610 2863 1675 Quod
2892 1626 2995 1664 nou
3029 1616 3176 1676 oport
3201 1613 3261 1656 ’.λι
3292 1607 3342 1657 in
3384 1602 3574 1673 bigami
3604 1599 3801 1671 nuptiis
3845 1610 4003 1652 orare

3057 1695 3127 1745 tr.
3148 1696 3172 1730 δ
3211 1685 3427 1745 ytcruut.

2510 1796 2711 1853 Conril.
2743 1781 3117 1853 Norwca’sxrq
3143 1787 3278 1841 litui.
3333 1786 3386 1839 7.
3433 1783 3817 1854 Presbyterum
3867 1778 3923 1833 in
3954 1777 4041 1831 bi-

2059 1899 2223 1954 etintn
2270 1893 2338 1949 ab
2367 1878 2415 1939 B
2445 1889 2589 1961 gami
2621 1888 2821 1958 nuptiis
2859 1884 3124 1955 prandere
3173 1898 3281 1936 non
3312 1878 3586 1942 convenit,
3615 1878 3741 1944 quia
3776 1888 3903 1928 eum
3930 1886 4044 1941 pa:-

2444 1982 2681 2037 nitcntize
2729 1979 2973 2044 liigamus
2998 1982 3179 2038 egeat,
3208 1973 3326 2041 quis
3357 1970 3460 2025 erit
3480 1967 3763 2039 presbyter
3799 1964 3893 2035 qui
3918 1977 4046 2033 pro-

2442 2083 2565 2145 pter
2596 2069 2906 2126 convivium
2953 2064 3152 2120 talibus
3199 2061 3404 2134 nuptiis
3429 2059 3601 2131 porsit
3630 2054 3878 2127 prwbere
3907 2067 4045 2107 con-

2442 2180 2664 2223 sensum
2686 2168 2708 2215 ’ἐ

2517 2275 2746 2335 CXVIII.
2818 2274 2898 2330 De
2948 2273 3033 2329 his
3084 2272 3171 2343 qui
3214 2267 3513 2326 mulieribus
3565 2264 3817 2319 adulteris
3870 2256 4051 2333 juncti

3168 2352 3306 2397 sunt.

2518 2441 2718 2497 Concil.
2754 2437 3102 2494 Norwaa'sar.
3136 2434 3194 2487 tit
3207 2473 3242 2499 .,
3274 2432 3327 2486 8.
3358 2430 3549 2485 Mulier
3575 2426 3859 2498 cujusdam
3891 2421 4052 2477 adul-

2450 2543 2618 2592 terata
2649 2531 2765 2586 laici
2790 2527 3092 2592 constituti,
3122 2526 3165 2581 si
3186 2524 3465 2579 evidenter
3499 2529 3778 2588 arguatur,
3811 2515 3937 2570 talis
3981 2512 4054 2567 ad

2449 2626 2803 2685 ministerium
2843 2621 2973 2678 cleri
3015 2617 3201 2674 venire
3231 2633 3338 2669 non
3368 2614 3587 2684 pulerit.
3645 2609 3704 2664 Si
3751 2622 3883 2661 vero
3929 2611 4053 2674 post

2452 2720 2849 2778 ordinationem
2874 2714 3171 2770 adulterata
3202 2708 3386 2773 fuerit,
3416 2705 3687 2761 dimittere
3714 2710 4055 2756 eamconve-

2454 2812 2572 2870 nit:
2607 2807 2751 2879 quod
2787 2806 2833 2863 si
2878 2820 2999 2860 cum
3050 2804 3139 2858 ilia
3171 2797 3493 2862 eonvixerit,
3540 2791 3907 2851 ministerium
3948 2787 4055 2846 sibi

2456 2904 2801 2963 commissum
2827 2914 2938 2956 non
2967 2895 3166 2968 poterit
3194 2894 3461 2951 obtinere.

2456 3026 2641 3085 CXIX.
2672 3024 2821 3089 Quod
2848 3020 3132 3092 presbyteri
3170 3018 3330 3089 plebis
3358 3016 3410 3092 in
3434 3012 3667 3092 _ecclesia
3696 3010 3922 3092 ciuitatis
3961 3023 4057 3063 nec

2529 3082 2859 3222 arari/icium.
2898 3082 3124 3162 offerre,
3169 3082 3261 3143 nec
3316 3086 3617 3141 ministrare
3672 3082 3892 3136 debeant
3944 3094 4058 3150 qua:

2532 3186 2561 3222 0
2623 3173 2866 3221 ..t:zsttltt.

2532 3173 2706 3224 obLta
2732 3173 2866 3219 sunt.

763 3269 875 3313 non
902 3253 1035 3309 alias
1082 3264 1203 3307 esse
1230 3248 1466 3319 patimur
1509 3243 1564 3298 in
1593 3239 1842 3298 domibus
1863 3236 2204 3299 clericorum,
2253 3229 2354 3285 nisi
2382 3257 2431 3320 ο
2536 3281 2714 3338 Cruci!
2745 3278 3080 3334 Nowmsar
3152 3275 3210 3329 ῆι
3257 3272 3324 3327 15
3379 3267 3931 3343 Preshylcrimrisin
3958 3280 4025 3321 ec

2588 3294 2713 3337 :ttt‘tt
2745 3294 2791 3333 λγ
2805 3294 3123 3339 aviariusan,
3152 3294 3232 3329 tu.
3257 3294 3345 3328 ιο.
3380 3294 3685 3339 ι’ωδιηίυη
3712 3294 3854 3325 ruris
3874 3294 3931 3322 ιιι
3958 3294 4052 3321 ευ-

764 3363 861 3407 eas
888 3354 1095 3404 tantum
1121 3359 1256 3416 quas
1275 3348 1500 3412 propter
1518 3336 1663 3394 solas
1685 3330 2142 3390 necessitudinum
2163 3340 2356 3382 causas

765 3439 1017 3498 habitare
1037 3450 1161 3494 cum
1188 3433 1395 3492 eisdem
1422 3428 1661 3503 synodus
1687 3426 1901 3482 Nicmna
1930 3421 2196 3495 permisit.

931 3550 1069 3609 CXI.
1090 3548 1171 3605 De
1198 3538 1510 3619 presbyteris
1540 3543 1630 3616 qui
1654 3541 1923 3596 habuerint
1950 3555 2043 3593 con
2044 3536 2215 3608 jugia.

842 3667 1044 3725 Concit.
1092 3664 1413 3736 Cangrens.,
1454 3660 1535 3714 tit.
1582 3655 1639 3710 4.
1679 3648 2282 3722 Quicunqucdisecruit
2329 3661 2363 3701 a

771 3760 1090 3834 presbytero
1135 3755 1229 3825 qui
1278 3766 1502 3810 uxorem
1544 3747 1752 3813 habuit,
1780 3744 1925 3817 quod
1954 3756 2063 3798 non
2112 3745 2364 3810 oporteat

772 3831 842 3912 eo
884 3848 1227 3908 ministrante
1266 3845 1335 3902 de
1381 3841 1661 3901 oblatione
1704 3836 2028 3910 percipere,
2074 3831 2363 3888 anathema

771 3943 867 4002 sit.

773 4052 938 4115 CXII.
968 4052 1050 4109 De
1072 4052 1154 4107 his
1182 4066 1297 4122 qua:
1326 4046 1525 4103 duobus
1556 4041 1804 4122 fratribus
1844 4038 2133 4109 nupserim,
2160 4033 2243 4091 vel
2278 4033 2368 4107 qui

1115 4113 1245 4176 duas
1266 4135 1470 4175 sorores
1497 4113 1791 4180 acceperint
1816 4125 2022 4166 uxores.

851 4239 1053 4296 Concit.
1101 4234 1483 4300 Novwcwsar.,
1528 4229 1612 4283 tit.
1639 4225 1695 4280 2.
1728 4224 1917 4281 Mulier
1945 4223 1993 4279 si
2018 4220 2230 4279 duobus
2256 4218 2369 4275 fra-

779 4332 958 4390 tribus
981 4328 1245 4399 nupserit,
1269 4323 1555 4394 abjiciatur
1582 4332 1755 4389 usque
1771 4316 1839 4373 ad
1862 4324 2117 4383 mortem,
2145 4327 2357 4370 verum-

780 4433 969 4483 tamen
998 4422 1052 4478 in
1078 4420 1249 4485 exitu,
1278 4423 1500 4488 propter
1517 4409 1961 4476 misericordiam,
1993 4408 2037 4465 si
2060 4404 2372 4479 promiserit

783 4514 932 4588 quod
978 4514 1122 4568 facta
1178 4508 1463 4566 incolumis
1523 4505 1685 4574 hujus
1712 4498 2109 4573 conjunctionis
2158 4495 2372 4553 vincula

787 4606 1068 4673 dissolvat,
1112 4605 1347 4660 fructum
1374 4598 1706 4672 poenitentia:
1733 4603 2119 4666 consequatur.
2146 4590 2299 4658 Quod
2326 4589 2374 4646 si

787 4695 1049 4755 defecerit
1076 4693 1270 4748 mulier
1321 4700 1414 4746 aut
1452 4691 1533 4745 vir
1572 4688 1629 4745 in
1661 4687 1857 4743 talibus
1884 4685 2109 4757 nuptiis,
2140 4680 2371 4738 difﬁcilis

786 4789 896 4848 erit
917 4785 1229 4860 ptenitentia
1260 4785 1313 4839 in
1343 4783 1451 4839 vita
1476 4780 1834 4853 permanenti.

1193 4894 1374 4951 CXIII.
1406 4893 1485 4948 De
1510 4890 1830 4951 multinubis.

869 5016 1067 5075 Concil.
1101 5011 1590 5069 Noramcesariensis
1615 5012 1692 5063 tit.
1722 5007 1777 5063 3.
1810 5006 1885 5061 De
1909 5006 1990 5061 his
2011 5004 2099 5074 qui
2124 5004 2174 5058 in
2204 5002 2372 5074 pluri-

794 5127 912 5170 mas
931 5110 1147 5181 nuptias
1168 5106 1489 5169 inciderunt,
1514 5111 1570 5159 et
1589 5110 1799 5173 tempus
1818 5099 2032 5171 quidem
2055 5098 2376 5170 praeﬁnitum

798 5204 1144 5262 manifestum
1172 5208 1276 5269 est,
1305 5198 1401 5256 sed
1429 5197 1771 5257 conversatio
1800 5210 1987 5254 eorum
2016 5202 2072 5251 et
2100 5193 2231 5249 fides
2253 5202 2381 5250 tem-

799 5314 901 5370 pus
932 5295 1230 5352 abbreviat.

800 5411 986 5471 CXIV.
1014 5411 1091 5468 De
1119 5412 1198 5467 his
1223 5412 1310 5482 qui
1342 5426 1488 5464 suam
1535 5407 2004 5477 concupiscentiam
2040 5404 2321 5476 adimplere
2349 5422 2384 5461 a

1277 5481 1387 5536 Deo
1414 5496 1517 5536 non
1547 5482 1928 5552 permittuntur.

877 5598 1080 5655 Concil.
1112 5594 1490 5665 Novwcwsar.,
1527 5596 1611 5650 tit.
1633 5593 1688 5649 4.
1728 5593 1783 5650 Si
1805 5593 1924 5666 quis
1952 5594 2231 5649 mulierem
2252 5606 2384 5648 eon-

806 5689 1090 5758 eupiscens
1126 5687 1470 5758 proposuerit
1490 5701 1611 5742 cum
1642 5701 1709 5742 ea
1737 5685 2118 5753 corcnmbcre,
2166 5685 2383 5754 etcogi-

805 5782 940 5838 tatio
989 5783 1103 5851 ejus
1131 5796 1241 5837 non
1278 5780 1525 5850 pervenit
1547 5778 1613 5836 ad
1650 5777 1920 5846 etlectum,
1971 5784 2193 5849 apparet
2239 5775 2383 5848 quod

805 5871 980 5947 gratia
999 5871 1092 5927 Dei
1120 5870 1374 5928 liberatus
1395 5870 1482 5926 sit.

2466 3377 2633 3434 clesia
2685 3371 2919 3428 civitatis
2946 3370 3200 3439 episcopo
3233 3374 3497 3437 praesente
3522 3406 3537 3430 ,
3585 3363 3671 3418 vel
3724 3357 4061 3431 presbyteris

2466 3470 2617 3525 urbis
2648 3466 2837 3537 ipsius,
2868 3462 3063 3518 olTerre
3092 3476 3203 3515 non
3226 3467 3473 3529 possunt,
3506 3468 3605 3509 nec
3631 3467 3831 3524 panem
3859 3448 4060 3506 sancti-

2468 3560 2685 3617 licatmn
2714 3557 2864 3623 dare,
2888 3555 3223 3622 calicemque
3239 3551 3537 3622 porrigere.
3567 3545 3625 3601 Si
3644 3560 3777 3600 vero
3808 3544 4062 3598 absentes

2468 3654 2525 3711 bi
2576 3653 2792 3715 fuerint,
2843 3658 2897 3705 et
2926 3648 2994 3703 ad
3024 3646 3257 3703 dandam
3300 3643 3605 3699 orationem
3645 3646 3933 3703 vocentur,
3960 3633 4064 3688 soli

2469 3745 2603 3801 dare
2630 3742 2923 3799 debebunt.
2954 3735 3340 3808 Chorepiscopi
3367 3746 3586 3806 quoque
3629 3729 3699 3786 ad
3748 3725 4062 3797 exemplum

2468 3839 2684 3911 quidem
2729 3846 2784 3892 et
2830 3834 3057 3891 formam
3099 3832 3437 3903 septuaginta
3487 3826 3741 3882 videntur
3792 3837 3954 3888 esse,
4004 3828 4066 3874 ut

2471 3930 2829 3993 eomministri
2852 3938 3032 3983 autem
3061 3934 3285 3997 propter
3312 3919 3550 3978 studium
3576 3914 3724 3988 quod
3746 3927 3878 3982 erga
3927 3928 4066 3984 pau-

2471 4040 2634 4100 peres
2663 4022 2919 4080 exhibent
2941 4021 3294 4074 honorcnttir.

2472 4138 2634 4197 CXX.
2664 4136 2814 4201 Quod
2840 4136 2894 4190 in
2916 4133 3140 4203 qttalhet
3161 4145 3352 4199 magna
3386 4128 3613 4192 civitate,
3645 4129 3839 4203 septem
3863 4130 4066 4203 tanturn

2547 4192 2792 4293 diacones
2837 4192 2948 4261 esse
2988 4208 3039 4258 tt.
3056 4202 3227 4268 beant,
3249 4192 3411 4272 juxta
3462 4196 3811 4268 apostolorum
3841 4192 4067 4262 disposi-

2544 4293 2754 4336 tionem.

2550 4389 2750 4446 Coucil.
2792 4384 3252 4451 Norwrarser.,tit.
3289 4379 3373 4438 l4.
3390 4377 3608 4435 Diaconi
3633 4383 3841 4447 septem
3867 4373 4071 4429 debent

2475 4499 2598 4543 esse
2620 4480 3063 4553 juxta.rcgulam,
3088 4477 3216 4531 licet
3250 4484 3304 4529 et
3332 4471 3489 4527 valde
3517 4484 3709 4540 magna
3754 4466 3826 4522 sit
3852 4466 4066 4529 civitas,

2480 4575 2712 4646 idipsum
2738 4582 2922 4628 autem
2968 4576 3022 4626 et
3074 4568 3303 4623 Actuum
3362 4560 3730 4634 apostolorum
3778 4555 4069 4614 Iiberinsi-

2480 4676 2629 4724 uuat.

2657 4776 2841 4836 CXXI.
2901 4776 2976 4831 De
3028 4776 3107 4830 his
3150 4774 3240 4845 qui
3276 4777 3485 4843 nuptias
3534 4775 3892 4823 exsecrantur.

2555 4894 2755 4951 Concil.
2807 4890 3029 4962 Gangra,
3073 4890 3150 4944 tit.
3185 4886 3237 4941 I.
3269 4886 3326 4941 Si
3369 4884 3489 4957 quis
3515 4883 3786 4953 vituperat
3817 4878 4071 4962 nuptias,

2484 4998 2541 5046 et
2580 4986 2933 5043 dormientem
2973 4997 3091 5039 cum
3116 4981 3235 5036 viro
3263 4993 3360 5035 suo
3392 4956 3615 5032 Iidelem
3658 4989 3723 5029 ac
3761 4956 4076 5041 religiosam

2485 5082 2808 5147 detestatur,
2865 5086 2958 5133 aut
3003 5074 3297 5147 culpabiles
3342 5073 3595 5139 mstimat,
3660 5067 3807 5123 velut
3858 5068 3957 5135 qui
4027 5067 4077 5119 in

2486 5188 2657 5243 regno
2702 5170 2799 5227 Dei
2849 5168 3072 5226 introire
3121 5182 3229 5223 non
3279 5172 3532 5237 possunt,
3592 5158 3883 5215 anathema
3906 5156 4008 5213 sit.

2560 5302 2765 5361 CXXII.
2792 5301 2871 5359 De
2899 5302 2979 5357 Itis
3010 5301 3096 5372 qui
3122 5299 3486 5354 abominantur
3514 5313 3600 5352 eos
3635 5296 3722 5367 qui
3765 5291 4016 5349 carnibus

3127 5380 3416 5427 vescuntur.

2566 5489 2766 5546 Concil.
2808 5487 3032 5560 Gangr.,
3083 5486 3161 5540 tit.
3208 5484 3261 5539 2.
3304 5484 3362 5539 Si
3397 5483 3515 5554 quis
3544 5495 3762 5538 carnem
3802 5478 4080 5543 edentem,

2494 5593 2695 5658 praeter
2739 5581 3074 5653 sanguinem,
3119 5585 3174 5633 et
3232 5575 3390 5633 idolis
3444 5571 3781 5630 immolatum
3822 5577 3882 5626 et
3917 5568 4085 5627 sntio-

2498 5692 2709 5743 catum,
2761 5691 2883 5732 cum
2941 5673 3201 5742 religione
3244 5678 3300 5727 et
3357 5668 3480 5735 fide,
3516 5668 3863 5733 condemnat,
3941 5664 4084 5719 velut

2499 5788 2653 5845 spem
2693 5776 2915 5841 propter
2967 5764 3272 5834 liujusmodi
3315 5761 3717 5836 perceptionem
3744 5773 3854 5815 non
3883 5755 4085 5813 habetr

2498 5873 2608 5921 tem
2700 5857 2983 5915 anathema
3029 5855 3118 5913 sit.
