4204 6542
178 451 277 514 885

1349 441 1776 502 BREVIARIUM
1814 441 2041 501 ΩΔΝΟΝ
2054 446 2234 505 ICUII.

3360 453 3468 515 886

236 560 466 624 CXXIII.
492 562 575 618 De
603 565 766 638 seruis
789 561 877 633 qui
906 564 1087 638 iugum
1103 560 1394 638 famulatus
1442 558 1692 630 abjiciunt
1788 560 1843 622 Α
1868 567 1924 614 et
1970 560 2232 631 despiciat
2282 579 2378 620 eos
2430 567 2524 635 qui
2553 580 2676 626 cum
2703 570 3009 629 reverentia
3038 570 3217 638 birris,
3272 580 3328 631 et
3345 574 3469 634 aliis

632 634 1043 689 Christianitatis
1062 634 1293 689 obtentu.

238 745 437 802 Concil.
497 745 815 815 Gangretts.,
847 743 983 799 titul.
1034 742 1088 797 5.
1140 742 1198 799 Si
1250 743 1374 811 quis
1419 756 1634 801 servum
1663 742 1763 799 sub

174 848 432 912 pra-textu
478 838 645 894 divini
701 838 879 893 cultus
943 836 1140 891 doceat
1178 838 1454 893 dominum
1517 844 1764 893 contem-

173 947 291 988 nere
355 932 655 1003 proprium,
713 938 774 984 ut
812 928 1054 984 discedat
1106 928 1173 985 ab
1218 929 1336 999 ejus
1362 927 1640 997 obsequio,
1666 940 1766 983 nec

172 1026 217 1080 ei
258 1043 379 1081 cum
436 1023 819 1080 benevolentia
880 1030 936 1078 et
996 1022 1145 1079 omni
1199 1022 1410 1078 honore
1474 1018 1764 1085 deserviat,

174 1122 452 1178 anathema
489 1117 581 1173 sit.
1518 1136 1519 1139 ‘

233 1248 468 1308 CXXIV.
512 1248 593 1303 De
632 1248 711 1302 his
753 1248 838 1319 qui
862 1255 1140 1301 conventus
1162 1246 1393 1301 ecclesiae
1423 1251 1692 1315 spernunt.

234 1366 433 1422 Concil.
477 1362 796 1433 Gangrens.,
853 1363 932 1415 tit.
993 1363 1045 1417 5.
1078 1360 1135 1416 Si
1169 1360 1288 1430 quis
1342 1358 1502 1414 docet
1545 1357 1765 1413 domum

170 1460 255 1515 Dei
318 1456 785 1529 contemptibilem
840 1471 981 1518 es.=e,
1032 1463 1086 1510 et
1133 1462 1433 1519 conventus
1486 1452 1581 1527 qui
1624 1452 1677 1507 in
1703 1465 1767 1506 ea

165 1551 542 1613 cel-'brantur,
605 1548 901 1602 anathema
941 1547 1031 1600 sit.

232 1687 439 1745 CXXV.
472 1689 547 1743 De
572 1688 650 1742 Itis
678 1689 763 1759 qui
791 1687 1144 1740 ecclesiastica
1172 1684 1465 1740 ministeria
1511 1690 1700 1753 praeter

698 1760 972 1817 ecclesiam
1000 1759 1228 1829 iaciunt.

228 1872 426 1929 Concil.
488 1871 807 1944 Gangrens.,
834 1874 913 1925 tit.
950 1870 1004 1925 6.
1042 1870 1099 1925 Si
1140 1871 1262 1941 quis
1293 1879 1448 1927 extra
1481 1867 1765 1927 ecclesiam

1862 653 2261 720 communibus,
2336 665 2392 712 et
2436 656 2610 713 solitis
2685 669 2911 718 utuntur
2994 664 3268 732 vestibus,
3337 683 3470 724 ana-

1865 742 2051 801 thema
2095 745 2185 805 sit.

1936 834 2023 894 Ea:
2072 838 2262 895 decret.
2305 859 2427 912 pap.
2480 842 2706 911 σωθείη
2748 847 2827 901 tit.
2877 845 2965 903 14.
3001 846 3298 905 Didicimus
3327 863 3470 904 enim

1866 937 1893 966 ι
1934 930 2148 991 Domini
2176 935 2492 992 sacerdotes
2518 937 2931 1008 superstitiosos
2964 941 3144 1009 potius
3184 940 3355 996 cultui
3385 941 3470 995 in-

1865 1022 2089 1091 servire,
2145 1038 2308 1096 quam
2374 1030 2569 1085 mentis
2606 1030 2693 1085 vel
2748 1029 2873 1085 Iidei
2903 1032 3124 1101 puritati
3168 1052 3179 1085 :
3221 1033 3317 1089 sed
3360 1047 3469 1087 non

1866 1113 2085 1182 mirum,
2108 1116 2151 1169 si
2171 1126 2363 1172 contra
2383 1120 2808 1177 ecclesiasticum
2827 1137 3035 1178 morem
3048 1121 3273 1191 faciunt,
3295 1124 3388 1194 qui
3414 1123 3468 1177 in

1866 1200 2109 1260 Ecclesia
2138 1222 2243 1262 non
2268 1218 2576 1273 creverunt,
2637 1211 2755 1278 sed,
2803 1212 2913 1267 alio
2941 1213 3223 1268 venientes
3254 1213 3465 1278 itinere,

1866 1310 2051 1357 secum
2109 1297 2225 1353 haec
2280 1300 2335 1355 in
2398 1299 2695 1357 Ecclesium
2751 1319 2870 1374 qua:
2939 1304 2990 1358 in
3060 1302 3165 1358 alia
3236 1319 3467 1360 conver-

1866 1389 2075 1454 satione
2140 1390 2476 1461 habuerant,
2542 1395 2858 1450 iutulerunt.
2935 1396 3134 1451 Amicti
3191 1395 3360 1467 pallio
3417 1402 3473 1450 et

1868 1482 2080 1541 lumbos
2108 1487 2411 1556 przecincti,
2463 1489 2692 1546 credunt
2719 1505 2779 1547 se
2820 1500 3021 1545 sanctae
3075 1492 3370 1562 Scriptum
3407 1491 3472 1544 Ii-

1870 1576 1991 1632 dem
2033 1594 2142 1635 non
2191 1594 2287 1648 per
2314 1583 2582 1652 spiritum,
2634 1583 2729 1638 sed
2778 1597 2876 1653 per
2918 1583 3175 1650 litteram,
3224 1585 3471 1654 comple«

1872 1679 2062 1727 turos:
2091 1687 2217 1726 nam
2264 1673 2309 1729 si
2340 1673 2407 1731 ad
2439 1674 2541 1731 hoc
2584 1675 2685 1735 ista
2720 1685 2989 1746 praecepta
3030 1684 3157 1734 sunt
3183 1684 3240 1731 ut
3295 1677 3473 1732 taliter

1870 1770 2242 1829 servarentur,
2297 1780 2395 1820 cur
2450 1781 2557 1819 non
2613 1766 2745 1821 fiant
2774 1768 2977 1837 pariter
3000 1783 3119 1837 qua:
3149 1778 3469 1839 sequuntur,

1872 1862 1935 1908 ut
1990 1854 2225 1910 lucernae
2274 1856 2530 1913 ardentes
2571 1874 2678 1913 una
2728 1875 2852 1914 cum
2907 1860 3102 1916 baculo
3160 1869 3469 1917 teneantur.

163 1981 405 2021 seorsum
438 1974 740 2022 conventus
770 1964 1029 2027 celebrat,
1056 1972 1111 2018 et
1142 1963 1451 2034 despiciens
1480 1958 1761 2017 ecclesiam

1876 1943 2090 2002 Habent
2155 1965 2312 2003 suum
2370 1950 2473 2005 ista
2536 1952 2877 2023 mysterium,
2935 1960 2993 2008 et
3046 1952 3474 2022 intelligentibus

163 2073 221 2113 ea
274 2074 400 2128 quae
445 2066 576 2113 sunt
622 2056 869 2113 ecclesia:
892 2056 1128 2111 voluerit
1166 2070 1450 2126 usurpare,
1501 2069 1609 2109 non
1637 2069 1767 2109 con-

162 2153 410 2207 veniente
461 2150 805 2222 presbytero,
826 2150 981 2219 juxta
1007 2149 1289 2205 decretum
1333 2147 1608 2217 episcopi,
1634 2161 1762 2201 ana—

165 2246 340 2302 thema
392 2248 485 2302 sit.

226 2358 460 2416 CXXVI.
504 2357 586 2413 De
638 2358 988 2413 oblationibus
1017 2360 1278 2427 fructuum
1299 2373 1413 2427 qua:
1439 2357 1694 2411 ministris

643 2430 874 2484 ecclesia:
920 2430 1280 2499 conferuntur.

227 2540 429 2595 (.‘oncil.
487 2540 804 2613 Gangrens.,
851 2541 930 2593 tit.
976 2540 1028 2593 7.
1079 2539 1136 2595 Si
1165 2541 1288 2609 quis
1335 2540 1641 2597 oblationes
1679 2554 1768 2595 ec-

158 2631 334 2686 clesia:
377 2640 531 2687 extra
582 2632 866 2688 ecclesiam
913 2632 1161 2703 accipere
1196 2632 1282 2687 vel
1333 2632 1464 2687 dare
1513 2632 1763 2695 voluerit,

157 2732 356 2791 praeter
378 2724 768 2780 conscientiam
790 2725 1057 2795 episcopi,
1083 2724 1169 2780 vel
1195 2725 1311 2794 ejus
1340 2726 1425 2780 cui
1457 2724 1766 2793 hujusmodi

156 2815 333 2872 cilicia
369 2818 659 2873 commissa
688 2826 834 2882 sunt,
863 2832 965 2877 nec
1009 2833 1134 2874 cum
1164 2818 1283 2888 ejus
1333 2818 1564 2874 voluerit
1606 2832 1767 2890 agere

154 2910 420 2977 consilio,
470 2910 761 2965 anathema
809 2908 899 2965 sit.
1596 2916 1603 2925 ‘

154 3043 415 3101 CXXVII.
441 3044 522 3100 De
563 3046 643 3100 Itis
687 3061 802 3117 qua
828 3046 885 3099 in
914 3060 1037 3100 usus
1078 3061 1361 3116 pauperum
1408 3047 1763 3115 conferuntur.

225 3158 431 3213 Concil.
487 3157 714 3227 Cangr.,
768 3159 849 3211 tit.
882 3155 935 3210 8.
995 3156 1072 3212 De
1120 3157 1204 3213 liIs
1251 3172 1372 3227 quae
1404 3158 1457 3211 in
1482 3174 1610 3214 usus
1632 3174 1765 3228 pau-

151 3264 343 3320 per-nm
410 3248 803 3315 conferuntur,
852 3248 898 3303 si
934 3249 1055 3317 quis
1101 3247 1309 3303 dederit
1358 3249 1444 3301 vel
1489 3249 1758 3319 acceperit

1868 2037 1941 2091 ita
1997 2037 2146 2093 clara
2195 2047 2340 2105 sunt,
2388 2048 2448 2095 ut
2495 2056 2559 2096 ea
2590 2044 2779 2112 magis,
2839 2058 2946 2114 qua
2976 2044 3156 2113 decet,
3191 2046 3469 2115 significa-

1871 2132 2022 2188 tione
2065 2146 2373 2191 serventur.
2429 2136 2564 2193 Nam
2624 2138 2680 2194 in
2726 2139 3034 2197 lumborum
3082 2145 3474 2215 praecinctione

1868 2230 2114 2297 castitas,
2167 2231 2219 2285 in
2278 2232 2473 2289 baculo
2529 2235 2772 2304 regimen
2838 2238 3134 2308 pastorale,
3185 2239 3241 2294 in
3294 2239 3474 2295 lucer-

1870 2323 1955 2380 nis
1999 2324 2313 2380 ardentibus
2360 2327 2491 2381 boni
2548 2326 2729 2398 fulgor
2781 2332 2963 2401 operis
3028 2330 3121 2403 (de
3170 2346 3281 2403 quo
3334 2333 3471 2388 dici—

1871 2425 1979 2483 tur,
2032 2417 2124 2474 Sic
2172 2435 2339 2489 opera
2380 2431 2561 2477 vestra
2616 2423 2857 2496 luceant)
2919 2426 3235 2483 indicatur:
3269 2428 3474 2484 habent

1870 2518 2051 2566 tamen
2102 2512 2266 2567 istum
2299 2515 2525 2569 forsitan
2569 2516 2796 2583 cultum,
2841 2533 3049 2574 morem
3107 2519 3286 2589 potius
3308 2534 3471 2589 quam

1871 2603 2145 2659 rationem
2181 2614 2496 2674 sequentes,
2557 2608 2649 2675 qui
2697 2609 3086 2665 remotioribus
3118 2610 3364 2665 habitant
3388 2610 3471 2666 lo-

1868 2694 1968 2760 cis,
2030 2710 2082 2750 et
2140 2697 2329 2765 procul
2379 2712 2409 2751 a
2462 2698 2673 2754 caeteris
2714 2698 2935 2769 degunt.
2996 2700 3065 2755 Et
3097 2711 3212 2772 post
3251 2718 3469 2771 pauca:

1870 2786 2222 2843 Discernendi
2272 2806 2302 2845 a
2350 2789 2511 2860 plebe
2554 2791 2645 2846 vel
2684 2793 2896 2848 cmteris
2948 2808 3136 2848 sumus
3192 2794 3466 2859 doctrina,

1870 2894 1980 2934 non
2013 2890 2184 2948 veste,
2216 2884 2656 2946 conversatione,
2692 2899 2801 2939 non
2832 2884 3042 2951 habitu,
3072 2886 3270 2941 mentis
3322 2884 3470 2953 puri-

1874 2978 2005 3037 tate,
2063 2988 2173 3029 non
2228 2974 2400 3031 cultu.
2454 2974 2591 3031 Nam
2643 2976 2694 3030 si
2755 2975 2982 3032 studere
3034 2976 3357 3045 incipiamus
3378 2990 3472 3029 no-

1872 3065 2050 3132 vitali,
2105 3066 2363 3122 traditum
2410 3067 2567 3124 nobis
2614 3083 2645 3121 a
2692 3066 2945 3123 Patribus
2997 3068 3247 3124 ordinem
3288 3067 3469 3122 calca-

1867 3157 2063 3225 bimus,
2118 3166 2179 3213 ut
2232 3160 2407 3217 locum
2458 3176 2854 3231 supervacuum
2886 3161 3361 3231 superstitionibus
3391 3160 3471 3216 fa-

1868 3249 2312 3317 ciamus;rudes
2362 3267 2492 3322 ergo
2533 3252 2774 3308 ﬁdelium
2818 3260 3033 3308 mentes
3082 3252 3149 3308 ad
3199 3252 3327 3307 talia
3355 3267 3468 3308 non

154 3296 343 3320 νη.--
416 3296 756 3304 ,---_____--__-
788 3296 803 3315 ,
852 3296 898 3303 -_
939 3296 1053 3317 τ.--
1106 3296 1308 3303 πη---
1490 3296 1757 3319 "nr---
1869 3296 2078 3307 -...__-
2107 3296 2312 3317 ,-.._-...
2364 3296 2490 3322 -.ον
2535 3296 2774 3308 ....-.......
2818 3296 3033 3308 ...νηηυ
3082 3296 3149 3308 ....
3200 3296 3327 3307 .......
3355 3296 3468 3308 ...η-

152 3340 336 3395 oblata
386 3350 585 3410 prmter
620 3339 956 3409 episcopum,
1008 3338 1095 3393 vel
1139 3354 1262 3393 eum
1307 3339 1400 3407 qui
1432 3341 1757 3394 constitutus
1784 3296 1833 3364 Ο
1858 3342 2121 3402 debemus
2149 3345 2445 3413 inducere;
2476 3345 2711 3402 docendi
2743 3348 2885 3403 enim
2932 3356 3060 3403 sunt
3091 3347 3267 3417 potius
3305 3362 3469 3417 quam

151 3442 236 3490 cst
274 3436 348 3490 ab
387 3449 456 3489 eo
487 3433 557 3488 ad
620 3432 1038 3503 dispensandam
1085 3431 1512 3488 misericordiam
1551 3448 1755 3503 paupe-

150 3527 332 3593 ribus,
377 3535 435 3581 et
483 3526 578 3595 qui
628 3525 743 3593 dat,
783 3534 841 3581 et
882 3525 975 3594 qui
1023 3524 1241 3594 accipit,
1273 3525 1564 3579 anathema
1594 3526 1683 3578 sit.

224 3636 512 3693 CXXVIII.
548 3635 628 3692 De
673 3637 755 3692 liis
805 3636 892 3709 qui
930 3653 1035 3719 non
1059 3636 1282 3719 legitime
1308 3638 1361 3690 in
1389 3636 1686 3707 virginitate

801 3718 1105 3777 perustum.

226 3821 437 3878 Concil.
493 3820 718 3892 Gangr.,
773 3822 851 3876 tit.
916 3820 968 3875 9.
1024 3820 1341 3891 Quicunque
1390 3823 1758 3893 virginitatem

149 3916 500 3981 custodiens,
538 3914 689 3969 velut
714 3915 1039 3969 horrescens
1066 3916 1301 3985 nuptias,
1343 3925 1627 3987 temperat,
1659 3933 1761 3973 nec

148 4016 382 4078 propter
428 4007 536 4063 hoc
582 4005 727 4076 quod
778 4006 980 4062 bonum
1028 4013 1084 4061 et
1132 4017 1380 4062 sanctum
1427 4015 1511 4063 est
1558 4022 1759 4065 nomen

153 4102 486 4169 virginitatis
512 4100 755 4167 assumit,
797 4098 1085 4154 anathema
1114 4099 1204 4155 sit.

223 4210 474 4269 CXXIX.
532 4210 613 4269 De
665 4213 747 4266 Itis
792 4211 878 4283 qui
905 4227 999 4282 pro
1043 4210 1341 4282 uirginitate
1368 4212 1687 4281 superbiant.

223 4326 435 4380 Concil.
491 4324 835 4395 suprascrip.,
886 4323 969 4379 tit.
1005 4322 1091 4377 10.
1143 4322 1203 4380 Si
1264 4324 1385 4394 quis
1420 4338 1488 4379 ex
1536 4325 1618 4381 his
1668 4325 1760 4396 qui

150 4418 527 4488 virginitatem
579 4424 803 4486 propter
850 4415 1133 4470 Dominum
1210 4425 1429 4478 servant
1484 4418 1762 4477 extollitur

149 4511 422 4567 adversus
470 4509 811 4580 conjugatos,
854 4510 1139 4569 anathema
1181 4511 1271 4569 sit.

148 4620 371 4678 CXXX.
396 4621 479 4677 De
499 4623 580 4679 his
600 4624 685 4695 qui
709 4639 937 4694 agapas,
968 4623 1023 4678 id
1057 4633 1133 4678 est

766 4696 896 4751 risui
944 4695 1155 4752 ducunt.

224 4810 437 4866 Council.
493 4811 858 4881 suprascript,
909 4812 990 4867 tit.
1040 4812 1214 4870 ILSi
1244 4816 1365 4884 quis
1409 4817 1637 4887 despicit
1662 4834 1760 4874 eos

147 4903 242 4965 qui
285 4900 529 4957 ﬁdeliter
569 4915 790 4970 agapas,
843 4902 897 4955 id
936 4911 1036 4967 est,
1088 4906 1361 4974 convivia,
1430 4909 1758 4978 pauperibus

144 4992 444 5056 exhibent,
500 5000 558 5047 et
608 5002 830 5062 propter
871 4994 1132 5050 honorem
1190 4996 1401 5053 Domini
1452 5010 1757 5057 convocant

145 5083 375 5151 fratres,
428 5092 486 5140 et
534 5084 771 5142 noluerit
797 5087 1199 5145 communicare
1244 5090 1615 5161 hujuscemodi
1658 5111 1757 5153 vo-

145 5178 484 5244 cationibus,
546 5177 698 5247 parvi
754 5178 993 5247 pendens
1037 5182 1186 5250 quod
1235 5183 1474 5252 geritur;
1521 5186 1751 5242 anathea-

145 5285 236 5325 tua
290 5271 379 5327 sit.

218 5380 470 5440 CXXXI.
524 5380 602 5437 De
636 5384 715 5438 his
764 5386 849 5455 qui
889 5386 1062 5454 palliis
1100 5397 1329 5457 utuntur,
1378 5403 1427 5448 et
1472 5395 1665 5453 idcirco

798 5458 1118 5525 superbiant.

221 5564 433 5621 Concil.
486 5565 714 5637 (ἔπῃ,
762 5569 841 5623 tit.
892 5567 982 5624 12.
1050 5569 1105 5625 Si
1186 5573 1308 5643 quis
1352 5576 1589 5634 virorum
1632 5595 1762 5650 pro-

144 5664 280 5730 pter
312 5658 706 5714 continentiam
746 5675 866 5730 quae
923 5671 1162 5732 putatur,
1220 5669 1417 5724 amictu
1457 5672 1603 5741 pallii
1657 5674 1764 5730 uti-

143 5758 265 5822 tur,
317 5753 479 5824 quasi
540 5767 641 5824 per
678 5752 784 5810 hoc
822 5754 1025 5812 habere
1084 5773 1146 5815 se
1188 5760 1453 5830 justitiam
1511 5766 1757 5836 credens,

225 5915 253 5945 ⁸
280 5906 510 5979 Dionys.
546 5908 700 5981 Exig.
736 5909 885 5968 addit
912 5912 1179 5982 quosdam.

1865 3435 2165 3503 laudandi,
2220 3451 2321 3493 nec
2359 3436 2744 3507 imponendum
2775 3453 2965 3494 eorum
3008 3445 3091 3493 est
3121 3438 3324 3504 oculis,
3372 3438 3469 3494 sed

1857 3527 2132 3582 mentibus
2158 3526 2484 3585 infundenda
2515 3539 2780 3600 praecepta
2813 3539 2957 3589 sunt.

1932 3635 2192 3695 CXXXII.
2260 3638 2341 3699 De
2386 3641 2687 3696 mulieribus
2742 3660 2855 3711 qua:
2896 3652 3111 3698 utuntur
3160 3644 3395 3698 uirilibus

2508 3712 2845 3771 indumentis.

1934 3800 2135 3859 Concil.
2168 3800 2396 3871 Gangr.,
2449 3806 2527 3859 tit.
2589 3806 2679 3861 15.
2734 3806 2794 3863 Si
2839 3823 2945 3877 qua
3002 3808 3196 3864 mulier
3241 3820 3467 3880 propter

1860 3895 2253 3952 continentiam
2303 3895 2331 3935 δ
2380 3912 2543 3967 quam
2586 3907 2759 3967 putat,
2811 3899 3055 3955 habitum
3111 3908 3308 3967 mutat,
3362 3917 3466 3971 pro

1862 3985 2026 4042 solito
2076 3987 2331 4045 muliebri
2391 3989 2650 4046 amictum
2702 3990 2911 4046 virilem
2964 3992 3162 4061 sumit,
3232 3994 3467 4049 anathe-

1864 4091 1953 4133 ma
1998 4078 2091 4134 sit.

1936 4191 2218 4252 CXXXIII.
2275 4195 2353 4253 De
2391 4199 2474 4273 liis
2522 4201 2608 4269 qui
2652 4210 2795 4273 velut
2832 4212 3099 4270 peccatum
3147 4204 3389 4273 copulam

2365 4269 2607 4323 deserunt
2650 4269 2968 4339 nuptiarum.

1936 4358 2134 4414 Conril.
2183 4360 2502 4433 Cangrens.,
2533 4363 2669 4419 titul.
2711 4362 2799 4419 14.
2824 4364 3012 4436 Siqua
3044 4368 3240 4423 mulier
3286 4370 3462 4423 virum

1865 4451 2142 4525 preprium
2188 4452 2501 4523 relinquens
2579 4455 2858 4513 discedere
2932 4458 3185 4524 voluerit,
3244 4461 3461 4531 nuptias

1865 4556 2164 4613 exsecrata,
2191 4549 2478 4605 anathema
2505 4551 2593 4603 sit.

1163 4627 1425 4695 pastione!
1446 4644 1755 4697 νωρετυθην
1786 4672 1841 4733 D
1959 4658 2244 4720 CXXXIV.
2301 4661 2380 4717 De
2435 4662 2517 4717 bis
2566 4665 2653 4734 qui
2702 4664 3113 4721 Christianitatis
3161 4666 3373 4721 obtentu

2415 4734 2703 4805 despiciunt
2749 4738 2906 4805 filios.

1941 4823 2140 4879 Concil.
2184 4822 2408 4895 (ἴδηαι,
2458 4825 2540 4878 tit.
2593 4824 2680 4880 15.
2740 4827 2797 4882 Si
2844 4829 2965 4896 quis
3019 4830 3158 4884 filios
3201 4845 3331 4886 suos
3364 4846 3459 4887 re-

1865 4914 2119 4985 linquens
2172 4929 2283 4969 non
2332 4930 2428 4970 eos
2486 4916 2710 4984 enutrit,
2766 4927 2822 4973 et
2863 4920 3008 4988 quod
3059 4920 3127 4975 ad
3182 4936 3242 4976 se
3293 4924 3461 4991 perti-

1865 5015 1976 5073 net,
2025 5022 2133 5061 non
2174 5006 2241 5061 ad
2285 5009 2537 5079 pietatem
2570 5010 2736 5065 divini
2780 5011 2973 5076 cultus,
3030 5012 3306 5079 informat,
3361 5016 3455 5069 sed

1863 5112 1960 5168 per
1996 5098 2342 5155 occasionem
2371 5100 2718 5156 continentia:
2743 5102 2995 5174 negligit,
3025 5105 3313 5160 anathema
3366 5106 3459 5160 sit.

1956 5207 2217 5266 CXXXV.
2260 5210 2340 5265 De
2388 5212 2471 5283 bis
2522 5213 2609 5283 qui
2663 5222 2903 5283 parentes
2950 5215 3359 5271 Christianitatis

2058 5334 2059 5339 η
2341 5282 2547 5347 obtentu
2595 5294 2945 5340 contemnunt.

1930 5392 2135 5449 Concil.
2180 5392 2494 5465 Gangrens.,
2545 5396 2680 5450 titul.
2748 5395 2837 5452 i6.
2905 5396 3223 5466 Quicunque
3280 5399 3372 5453 lilii
3427 5416 3459 5455 a

1863 5487 2178 5557 parentibus
2221 5488 2320 5540 sub
2366 5496 2630 5558 praetextu
2674 5487 2839 5543 divini
2920 5489 3096 5545 cultus
3140 5490 3459 5559 abscedunt,

1865 5596 1971 5637 nec
2010 5581 2244 5637 debitam
2294 5583 2653 5639 reverentiam
2709 5583 3018 5653 dependunt
3060 5583 3184 5651 illis,
3237 5585 3330 5657 qui
3373 5585 3460 5643 di-

1866 5671 2053 5727 vinum
2104 5673 2309 5728 cultum
2343 5673 2447 5731 sibi
2502 5674 2691 5744 procul
2740 5675 2908 5733 dubio
2964 5674 3293 5748 praeferunt,
3325 5691 3461 5734 aua-

1866 5764 2050 5821 thema
2101 5766 2190 5820 sit.

1953 5916 1987 5964 ιν
2015 5919 2237 5994 Dionys.
2280 5924 2459 5997 Exig.,
2489 5940 2604 5998 qua:
2637 5935 2869 6000 putatur.
