4204 6564
771 470 869 526 887

869 580 1152 644 CXXXVI.
1215 577 1296 632 In
1340 574 1634 631 mulieribus
1694 585 1807 644 (μιαί
1852 585 1906 622 se
1970 564 2242 619 attondent

1207 646 1618 704 Christianitatis
1669 641 1900 696 obtentu.

838 774 1038 830 Concit.
1073 770 1387 840 Gangrens.,
1421 765 1501 817 tit.
1537 761 1623 816 17.
1655 759 1712 815 Si
1735 773 1842 829 qua
1897 757 2091 812 mulier
2131 762 2356 826 propter

765 867 1008 921 divinum
1059 862 1282 924 cultum,
1343 864 1403 910 ut
1428 855 1682 917 aestimat,
1709 853 1886 908 crines
1909 847 2184 916 attondet,
2215 859 2356 916 quos

767 959 817 1013 ei
848 959 988 1012 Deus
1031 954 1098 1008 ad
1137 950 1496 1021 subiectionis
1521 947 1841 1004 memoriam
1883 943 2071 998 tribuit
2099 951 2357 1010 tanquam

769 1056 1101 1117 praeceptum
1130 1045 1434 1102 dissolvens
1465 1039 1789 1097 obedientia:
1808 1082 1822 1106 ,
1849 1037 2135 1092 anathema
2158 1034 2249 1090 sit.

770 1153 1076 1210 CXXXVII.
1104 1154 1182 1208 De
1213 1157 1292 1208 his
1315 1155 1400 1224 qui
1424 1153 1696 1208 Dominico
1717 1152 1799 1203 die
1821 1151 2089 1221 jejunant,
2115 1156 2359 1217 tauquam

1151 1228 1282 1280 nihil
1324 1223 1432 1295 pra:
1459 1225 1661 1279 caeteris
1685 1223 1852 1291 ttiﬂ'eri
1869 1231 1976 1276 nte.

846 1342 1045 1394 Lonril.
1099 1338 1321 1408 Gangra,
1363 1336 1498 1388 titul.
1540 1334 1630 1389 I8.
1688 1331 1746 1387 Si
1802 1331 1922 1400 quis
1968 1336 2188 1398 propter
2228 1339 2362 1380 cono

775 1434 1054 1486 lincttlialtt
1116 1447 1235 1498 qua:
1294 1437 1540 1499 putatur,
1606 1435 1699 1482 aut
1739 1423 2136 1482 contumaciam
2166 1422 2219 1476 in
2277 1419 2365 1475 die

776 1527 1054 1579 lmininico
1089 1524 1330 1593 jejunat,
1367 1524 1656 1577 anathema
1686 1521 1773 1574 sit.

844 1635 1174 1692 CXXXVIII.
1240 1637 1314 1689 De
1368 1637 1446 1689 his
1495 1636 1579 1705 qui
1611 1636 1692 1688 die
1720 1632 1994 1688 Dominico
2039 1643 2085 1685 ct
2119 1629 2294 1684 diebus

1135 1707 1462 1762 Pentecostes
1534 1722 1700 1776 genua
1773 1707 2006 1774 ﬂectunt.

846 1825 1045 1880 Coucil.
1097 1825 1324 1888 Mearm,
1379 1824 1462 1876 tit.
1521 1819 1611 1875 20.
1670 1821 1932 1886 Quoniam
1969 1829 2094 1874 sunt
2149 1817 2368 1887 quidam

1885 443 2219 500 thISCONII
2265 437 2584 496 AFRICANI
2627 433 2936 493 EI‘ISCOI’I

2373 559 2426 620 Α
2457 555 2726 625 particeps
2770 550 2981 605 videtur
3031 546 3286 612 existere,
3336 545 3461 617 quia
3495 543 3793 601 venerandi
3849 542 4051 614 princi-

3944 429 4047 485 8“

2457 649 2539 718 pis
2569 646 2790 700 auribus
2835 641 3140 698 molestiam
3189 639 3414 695 tentavit
3458 637 3682 703 inferre,
3727 643 3921 693 contra
3977 634 4056 692 le-

2457 754 2551 809 ges
2595 737 2873 793 licclesirc.
2923 735 2980 790 Si
3035 734 3196 802 igitur
3247 732 3397 786 adire
3442 733 3745 802 principem
3803 743 4056 784 necessa-

2457 834 2538 888 ria
2591 846 2750 886 causa
2801 828 3068 898 deposcit,
3116 827 3220 882 hoc
3267 833 3461 896 agatur
3529 840 3654 880 cum
3702 829 3942 876 tractatu
4002 827 4056 874 et

2461 925 2690 980 consilio
2747 919 3150 991 metr0politani
3182 926 3239 974 et
3283 927 3607 972 czeterorum
3667 914 4058 984 episcoporum

2461 1018 2551 1088 qui
2599 1016 2654 1070 in
2694 1014 2885 1070 eadem
2935 1011 3218 1084 provincia
3270 1018 3699 1073 commorantur,
3748 1006 3843 1077 qui
3894 1004 4057 1059 etiam

2463 1109 2898 1182 proﬁciscentem
2957 1108 3065 1164 suis
3109 1112 3509 1176 prosequantur
3531 1102 3796 1174 epistolis.

2535 1227 2763 1286 CXLIII.
2843 1226 2924 1280 ﬂe
2978 1225 3239 1278 damnatis
3294 1223 3574 1292 episcOpis,
3629 1227 3717 1272 aut
3770 1216 3978 1270 clericis

2893 1297 3196 1350 adeuntibus
3245 1294 3626 1360 imperatorem.

2537 1394 2739 1450 Concit.
2783 1391 3052 1458 Antioch,
3123 1391 3203 1443 tit.
3261 1387 3350 1441 12.
3409 1385 3467 1440 Si
3541 1385 3663 1453 quis
3735 1398 3766 1438 a
3839 1379 4068 1454 proprio

2466 1489 2728 1559 episc0po
2778 1484 3084 1556 presbyter,
3143 1489 3236 1536 aut
3290 1478 3572 1545 diaconus,
3627 1483 3722 1530 aut
3767 1489 3798 1529 a
3853 1472 4070 1545 synodo

2471 1580 2635 1634 fuerit
2685 1576 2974 1647 episcopus
3018 1573 3157 1627 forte
3213 1571 3526 1637 damnatus,
3586 1578 3644 1624 et
3722 1564 4074 1638 imperatoris

2473 1672 2691 1726 auribus
2719 1668 2982 1723 molestus
3012 1665 3301 1729 exstiterit,
3333 1670 3550 1734 oportet
3569 1659 3635 1715 ad
3665 1661 3841 1727 majus
3857 1657 4074 1727 episco-

2474 1776 2666 1828 porum
2722 1757 2966 1814 converti
3010 1755 3322 1820 concilium,
3381 1763 3438 1807 et
3459 1769 3576 1823 qua:
3616 1753 3935 1822 putaverint
3975 1748 4071 1802 ha-

2478 1855 2609 1910 bere
2633 1852 2799 1922 justa,
2850 1849 3097 1922 plurimis
3133 1845 3403 1917 episcopis
3432 1853 3740 1915 suggerant,
3772 1854 4078 1912 eorumque

775 1915 828 2011 i."
883 1917 970 1970 die
1029 1914 1310 1968 Dominico
1361 1927 1538 1980 genua
1590 1912 1891 1975 nemcws’
1951 1919 2005 1964 et
2057 1911 2109 1964 in
2179 1909 2370 1965 diebus
2400 1909 2867 2002 Bdiscussiones.
2899 1959 2962 1997 ac
2999 1909 3204 2011 judicia
3263 1909 3662 2009 prinstoletitur.
3695 1937 3750 1992 Si
3782 1950 3914 1990 vero
3965 1909 4080 1988 hanc

775 2006 1124 2063 Pentecostes
1165 2026 1177 2061 :
1217 2017 1274 2060 ut
1322 2007 1505 2062 omnia
1558 2006 1611 2060 in
1660 2006 1923 2061 universis
1991 2005 2124 2060 locis
2176 2021 2371 2060 conso-

776 2107 973 2153 nanter
1013 2100 1394 2164 observentur,
1443 2097 1650 2168 placuit
1693 2106 1885 2150 sancto
1935 2096 2168 2152 concilio
2219 2106 2371 2151 stan-

775 2199 860 2246 tes
918 2201 940 2225 ε
987 2191 1074 2243 die
1134 2189 1424 2245 Dominico
1481 2199 1604 2245 vota
1664 2191 1994 2260 persolvere.

784 2303 1070 2361 CXXXIX.
1149 2305 1228 2359 De
1276 2307 1351 2358 his
1397 2307 1482 2382 qui
1540 2308 1892 2382 eccies'a‘sticu
1929 2305 2133 2375 jejunio
2191 2304 2378 2376 absque

1258 2380 1567 2431 necessitate
1606 2379 1908 2435 dissolvunt.

854 2494 1051 2548 Concil.
1101 2490 1418 2563 Cangreus.,
1479 2495 1556 2544 tit.
1617 2492 1705 2544 I9.
1757 2489 1813 2545 Si
1858 2491 1978 2560 quis
2035 2504 2224 2544 eorum
2275 2488 2368 2558 qui

785 2585 1134 2642 continentia:
1181 2583 1421 2650 student,
1471 2584 1678 2651 absque
1729 2581 2056 2637 necessitate
2089 2595 2377 2651 corporea,

783 2677 982 2732 tradita
1015 2679 1068 2732 in
1099 2691 1386 2733 commune
1406 2675 1612 2745 jejunia
1645 2683 1701 2730 et
1730 2675 1797 2728 ab
1829 2672 2076 2730 Ecclesia
2110 2673 2381 2727 custodita

782 2768 1156 2837 superbiendo
1179 2767 1445 2832 dissolvit,
1494 2766 1716 2820 stimulo
1758 2780 1869 2819 sua:
1894 2763 2238 2832 cogitationis
2281 2763 2380 2818 im-

781 2861 1003 2932 pulsus.
1061 2861 1346 2915 anathema
1398 2859 1486 2914 sit.

857 2971 1017 3026 CXL.
1043 2970 1120 3026 De
1147 2973 1226 3025 his
1257 2972 1342 3041 qui
1365 2971 1604 3023 collectas
1637 2985 1749 3035 qua:
1778 2971 1911 3037 ﬁunt
1942 2971 1994 3020 in
2024 2975 2311 3034 martyrum

1110 3041 1680 3096 commeinoratiunibus
1711 3049 2068 3093 exsecrantur.

865 3153 1044 3210 Concit
1109 3152 1336 3226 Gangr.,
1390 3157 1468 3207 tit.
1521 3153 1610 3206 29.
1659 3154 1716 3208 Si
1760 3153 1880 3222 quis
1935 3151 2201 3222 superbia:
2257 3165 2386 3207 usus

789 3248 990 3304 aﬂ‘ectu
1046 3257 1346 3304 conventus
1393 3247 1741 3302 abominatur
1767 3246 1862 3314 qui
1891 3245 1959 3300 ad
2013 3243 2385 3300 confessiones

795 3348 1093 3411 martyrum
1141 3339 1514 3401 celebrantur,
1571 3344 1628 3391 et
1685 3335 1990 3389 ministeria
2037 3349 2156 3404 qua:
2206 3333 2260 3387 in
2306 3334 2386 3392 eis

788 3432 928 3485 tiunt
955 3430 1113 3485 simul
1145 3447 1268 3485 cum
1297 3445 1488 3485 eorum
1522 3428 1800 3483 memoriis
1827 3433 2216 3488 exsecrantur.
2257 3440 2390 3481 ana.

791 3525 974 3578 thema
1005 3524 1095 3578 sit.

791 3634 976 3691 CXLI.
1009 3634 1087 3717 De
1117 3637 1195 3690 his
1224 3635 1311 3706 qui
1339 3636 1392 3688 in
1421 3636 1595 3716 aliena
1623 3635 1872 3715 parochia
1901 3640 2088 3701 printer
2134 3631 2389 3686 conscien—

1021 3707 1144 3759 tiam
1167 3722 1375 3760 suorum
1401 3706 1757 3774 episcoporum
1790 3706 2154 3758 immorantur.

866 3817 1068 3874 Concit.
1121 3819 1388 3884 Antioch,
1444 3819 1520 3871 tit.
1577 3817 1633 3871 ξ’).
1685 3815 1741 3871 Si
1787 3817 1909 3886 quis
1958 3815 2262 3886 presbyter,
2299 3823 2394 3868 aut

798 3908 1078 3972 diaconus,
1107 3919 1159 3961 et
1219 3907 1440 3962 omnino
1472 3906 1699 3977 quilibet
1754 3921 1822 3960 ex
1859 3906 2028 3970 clero,
2078 3903 2392 3975 parochiam

799 4006 1077 4076 propriam
1124 4004 1381 4059 deserens
1461 4001 1530 4055 ad
1594 4002 1751 4056 aliam
1825 4000 2220 4071 properaverit,
2271 3998 2395 4054 dein

801 4110 1026 4152 omnino
1083 4094 1392 4160 demigrans
1448 4092 1502 4146 in
1560 4092 1665 4146 alia
1742 4091 1998 4161 parocbia
2070 4104 2166 4160 per
2226 4089 2395 4144 multa

803 4197 1048 4257 tempora
1079 4185 1265 4239 ηἰιίειιτ
1296 4185 1588 4250 immorari,
1618 4183 1844 4240 ulterius
1879 4183 2077 4238 ibidem
2135 4197 2244 4238 non
2290 4182 2396 4236 mi-

804 4284 1017 4346 nistret,
1085 4279 1319 4334 maxime
1367 4279 1412 4334 si
1473 4279 1690 4335 vocanti
1740 4294 1839 4334 suo
1887 4278 2184 4348 episcopo,
2222 4285 2276 4332 et
2305 4289 2397 4331 re-

805 4371 957 4440 gredi
1016 4370 1082 4425 ad
1129 4372 1402 4441 propriam
1451 4370 1762 4440 parochiam
1821 4369 2211 4434 commonemi,
2263 4369 2397 4427 obe-

804 4465 919 4519 dire
960 4463 1369 4533 contempserit.
1402 4461 1557 4528 Quod
1582 4462 1625 4516 si
1654 4462 1706 4516 in
1755 4461 1858 4517 hac
1903 4460 2400 4531 indisciplinatione

808 4556 1086 4626 perdurat,
1137 4571 1164 4608 a
1217 4554 1518 4610 ministerio
1577 4553 1757 4608 modis
1804 4553 2056 4610 omnibus
2110 4567 2398 4608 removea-

809 4659 917 4714 tur,
971 4651 1042 4702 ita
1091 4658 1148 4702 ut
1188 4662 1534 4716 nequaquam
1581 4647 1759 4703 locum
1832 4645 2188 4701 restitutionis
2246 4646 2397 4700 inve-
2427 4673 2480 4732 Ι)

809 4742 922 4795 niat
956 4761 966 4793 :
999 4742 1045 4794 si
1079 4756 1206 4794 vero
1234 4755 1331 4809 pro
1357 4741 1458 4794 hae
1479 4754 1643 4794 causa
1673 4741 1984 4794 damnatqu
2017 4739 2153 4793 alter
2182 4739 2396 4810 episco-

807 4849 911 4903 pus
968 4833 1246 4902 suscipiat,
1307 4833 1392 4886 hic
1448 4832 1612 4886 etiam
1653 4846 1682 4884 a
1759 4832 2035 4887 communi
2084 4840 2402 4886 coerceatur

812 4926 1050 4997 synodo,
1112 4924 1260 4981 velut
1289 4926 1381 4993 qui
1439 4925 1811 4982 ecclesiastica
1869 4925 2164 4981 constituta
2214 4923 2404 4980 dissolc

813 5031 918 5072 vat.

902 5131 1114 5187 CXLII.
1153 5132 1231 5186 De
1261 5133 1514 5202 episcopis
1555 5131 1860 5187 adeuntibus
1913 5133 2296 5199 imperatorem.

889 5246 1085 5300 Concil.
1156 5245 1421 5313 Antioch,
1488 5247 1568 5300 tit.
1620 5245 1710 5299 II.
1789 5246 1846 5300 Si
1911 5245 2032 5314 quis
2100 5244 2404 5314 episcopus,

818 5349 912 5394 aut
950 5341 1252 5410 presbyter,
1307 5348 1400 5393 aut
1444 5341 1671 5410 quilibet
1699 5341 1897 5409 regulae
1926 5340 2197 5408 subjectus
2222 5340 2408 5394 Eccle-

819 5433 928 5494 sitc,
976 5443 1167 5501 praeter
1197 5432 1484 5487 concilium
1520 5443 1572 5487 et
1615 5433 1824 5486 litteras
1863 5434 2240 5502 episcoporum
2283 5445 2410 5500 pro-

821 5523 1026 5589 vineim,
1083 5532 1137 5576 et
1192 5523 1461 5594 prmcipuc
1492 5525 1910 5593 metropolitani,
1945 5523 2135 5577 adierit
2171 5523 2407 5592 impera-

827 5624 1023 5680 torem,
1088 5615 1232 5669 hunc
1290 5616 1571 5684 reprobari
1629 5627 1681 5669 et
1738 5615 1895 5685 abjici
1954 5625 2233 5682 oportere,
2304 5629 2407 5668 non

827 5703 998 5758 solum
1049 5720 1076 5758 a
1107 5707 1510 5771 connnunione,
1537 5721 1722 5761 verum
1779 5717 1825 5761 et
1881 5709 1945 5762 ab
2004 5709 2206 5762 honore.
2256 5707 2410 5775 cujus

901 5874 925 5935 ξι
969 5865 1179 5935 [iionys
1221 5866 1350 5935 Iixig
1381 5909 1396 5934 ,
1426 5866 1666 5920 Domino.

903 5932 926 5976 ιι
958 5931 1238 6000 ludicetur,
1292 5931 1508 6010 DiOnyS.
1540 5935 1690 6007 Exig.

2475 2038 2629 2110 parvi
2672 2035 2974 2107 pendentes
3020 2033 3235 2088 molesti
3293 2035 3494 2086 t'uerint
3573 2029 3916 2101 imperatori,
3979 2025 4076 2080 bos

2475 2132 2620 2185 nulla
2668 2129 2822 2184 venia
2867 2127 3059 2195 dignos
3107 2140 3250 2191 esse,
3313 2141 3410 2179 nec
3442 2123 3625 2178 locum
3675 2121 4069 2177 satisl‘actionis

2477 2223 2698 2285 habere,
2750 2234 2852 2274 nec
2897 2233 3050 2288 spem
3105 2216 3298 2270 futura:
3326 2215 3683 2271 restitutionis
3731 2215 3951 2285 penitus
3981 2227 4078 2282 op-

2477 2315 2643 2385 periri
2701 2313 3076 2382 dijudicanius.

2551 2406 2750 2463 Concil.
2804 2405 3077 2473 Carthag.,
3113 2405 3191 2456 tit.
3220 2401 3312 2456 71.
3345 2400 3556 2455 Placuit
3577 2407 3637 2454 ut
3659 2398 3974 2468 quicunque
4015 2396 4082 2449 ab

2481 2499 2807 2568 imperatore
2838 2495 3202 2565 cognitionem
3223 2491 3545 2562 judiciorum
3563 2489 3904 2560 publicorum
3942 2486 4078 2556 peti-

2480 2591 2641 2654 verit,
2700 2590 2906 2643 honore
2929 2587 3150 2657 proprio
3177 2585 3438 2656 privetur.
3475 2583 3534 2638 Si
3561 2590 3741 2636 autem
3768 2579 4083 2649 episcopale

2480 2681 2740 2752 judicium
2793 2679 2859 2733 ab
2907 2679 3235 2748 imperatore
3264 2673 3639 2746 postulaverit,
3665 2671 3802 2726 nihil
3830 2670 3878 2723 ei
3911 2669 4072 2724 obsit.

2483 2792 2712 2848 CXLIV.
2764 2793 2842 2845 De
2917 2791 3240 2844 dissensione
3297 2803 3412 2859 qua:
3493 2803 3648 2859 super
3724 2785 4083 2859 episcOporum

2550 2864 2878 2941 judiqrtioue
2927 2861 3201 2941 contingit,
3254 2854 3332 2913 vel
3387 2875 3502 2911 cum
3557 2854 3628 2908 ab
3667 2854 3938 2941 .omnibus
3990 2869 4082 2907 sua

2553 2927 2818 3004 'prt'wincia
2867 2927 3139 3001 episcopus
3194 2939 3496 2985 constanter
3563 2927 3882 2980 excluditur.

2558 3027 2757 3082 Concil.
2804 3025 3066 3088 Antioch,
3118 3023 3199 3078 tit.
3248 3019 3338 3076 Η.
3390 3018 3449 3076 Si
3495 3019 3616 3090 quis
3670 3019 3972 3089 episcopus
4019 3015 4086 3071 de

2491 3127 2654 3180 certis
2707 3120 3074 3178 criminibusb
3111 3119 3403 3190 judicatur,
3454 3127 3513 3174 et
3567 3117 3852 3186 contingat
3900 3116 3970 3171 de
4023 3131 4087 3170 eo

2490 3215 2850 3288 provinciales
2876 3214 3162 3285 episcopos
3183 3211 3442 3269 dissidere
3465 3255 3480 3278 ,
3529 3225 3653 3266 cum
3696 3208 3974 3278 judicatus
4023 3210 4088 3262 ab

2414 3301 2462 3366 C
2494 3308 2614 3364 aliis
2667 3308 2929 3362 innocens
2993 3304 3258 3371 creditur,
3311 3318 3438 3360 reus
3487 3301 3555 3357 ab
3585 3300 3705 3356 aliis
3766 3300 4087 3364 aestimatur,

2493 3419 2594 3474 pro
2639 3414 2659 3440 ε
2678 3402 2848 3471 ipsius
2874 3398 3244 3469 ambiguitatis
3271 3395 3616 3452 absolutione
3640 3401 3846 3450 sancta:
3883 3390 4090 3464 synodo

2499 3492 2723 3563 placuit,
2775 3501 2835 3545 ut
2878 3489 3330 3560 metropolitanus
3369 3486 3653 3558 episcopus
3702 3499 3734 3539 a
3763 3483 3944 3538 vicina
3967 3497 4090 3552 pro-

2496 3582 2672 3638 vincia
2711 3579 2923 3651 judices
2975 3581 3113 3634 alios
3173 3584 3462 3644 convocet,
3530 3575 3624 3645 qui
3666 3573 4092 3630 controversiam

2502 3673 2719 3739 tollant,
2777 3681 2838 3726 ut
2895 3686 2996 3742 per
3042 3685 3138 3726 eos
3199 3668 3384 3736 simul,
3441 3676 3496 3723 et
3566 3680 3666 3736 per
3736 3662 4093 3735 provinciales

2499 3777 2788 3835 episcopos
2832 3762 2979 3832 quod
3024 3761 3226 3831 justum
3295 3763 3467 3814 visum
3509 3755 3672 3813 fuerit
3737 3757 4090 3826 approbetur.

2570 3856 2773 3913 Concii.
2827 3855 3100 3923 Antioch,
3150 3855 3230 3908 tit.
3265 3851 3354 3907 15.
3402 3850 3462 3906 Si
3509 3851 3631 3919 quis
3683 3849 4000 3920 episcopus,
4031 3845 4095 3900 de

2501 3952 2665 4008 certis
2722 3950 3042 4006 criminibus
3071 3955 3379 4008 accusatus,
3436 3942 3833 4000 condemnetur
3880 3940 3947 3994 ab
3976 3953 4093 3993 om-

2501 4044 2661 4100 nibus
2707 4041 2980 4113 episcOpis
3029 4037 3274 4109 ejusdem
3317 4033 3628 4107 provinciae,
3649 4033 3943 4101 cunctique
3969 4045 4096 4085 con-

2501 4144 2762 4192 sonanter
2785 4133 3033 4189 eamdem
3079 4140 3270 4185 contra
3314 4141 3438 4184 eum
3467 4124 3701 4181 formam
3729 4121 3941 4178 decreti
3968 4136 4093 4191 pro-

2502 4227 2742 4292 tulerint,
2784 4225 2930 4280 bunc
2973 4221 3115 4293 apud
3144 4221 3282 4277 alios
3309 4217 3459 4275 nullo
3491 4215 3653 4272 modo
3681 4214 3946 4286 iudicari.
4004 4211 4095 4265 sed

2503 4320 2712 4375 ﬁrmam
2742 4313 3194 4373 concordantium
3231 4312 3612 4383 episcoporum
3660 4306 3957 4378 provincia:
3986 4319 4098 4357 ma-

2503 4425 2636 4468 nere
2701 4408 3048 4465 sententiam.

2577 4502 2775 4556 Concit.
2811 4499 3088 4570 Carthag.,
3116 4499 3194 4552 tit.
3230 4497 3316 4552 19.
3348 4494 3599 4550 Aurelius
3626 4493 3919 4563 episcopus
3946 4489 4095 4544 dixit:

2507 4597 2759 4666 Quisquis
2807 4597 3184 4666 episcoporum
3215 4599 3522 4656 accusatur,
3555 4590 3622 4644 ad
3672 4588 3932 4659 primates
3974 4600 4100 4655 pro-

2654 4704 2698 4742 ;e
2731 4689 2894 4759 ipsius
2934 4701 3152 4743 causam
3183 4684 3390 4739 delerat
3419 4689 3722 4746 accusator,
3759 4696 3858 4737 nec
3894 4694 3926 4734 a
3955 4694 4102 4734 coui-

2509 4781 2767 4836 munione
2815 4780 3177 4850 suspendatur
3229 4776 3317 4832 cui
3375 4775 3583 4830 crimen
3635 4770 3953 4836 intenditur,
4004 4769 4102 4822 nisi

2511 4874 2577 4928 ad
2627 4887 2848 4928 causam
2895 4885 3048 4927 suam
3097 4868 3379 4925 dicendam
3419 4867 3717 4923 electorum
3744 4864 3988 4934 judicum
4021 4862 4103 4914 die

2511 4978 2713 5024 statuta
2765 4965 2958 5021 litteris
3027 4971 3287 5020 evocatus
3343 4959 3566 5016 minime
3621 4955 3947 5020 occurrerit,
4005 4954 4103 5005 hoc

2514 5073 2617 5130 est,
2651 5061 2790 5117 infra
2843 5059 3076 5130 spatium
3125 5055 3326 5111 mensis
3353 5069 3420 5110 ex
3450 5068 3512 5108 ea
3542 5052 3632 5108 die
3660 5065 3767 5120 qua
3797 5063 3922 5104 eum
3967 5047 4107 5101 litte.

2515 5171 2606 5211 ras
2659 5153 2937 5222 accepisse
2980 5149 3285 5206 constiterit
3320 5165 3332 5199 ;
3365 5142 3511 5214 quod
3563 5142 3611 5197 si
3674 5139 3886 5208 aliquas
3955 5150 4106 5191 veras

2517 5245 2854 5303 necessitatis
2902 5256 3095 5299 causas
3135 5236 3462 5311 probaverit,
3510 5233 3704 5303 quibus
3747 5246 3872 5287 eum
3920 5243 4107 5283 occur-

2516 5355 2639 5395 rere
2697 5353 2806 5393 non
2877 5334 3121 5405 potuisse
3181 5327 3528 5386 manifestum
3594 5325 3683 5388 sit,
3757 5336 3937 5378 causa:
4004 5335 4106 5373 sua:

2517 5430 2762 5487 dicendae
2815 5430 2956 5483 intra
2999 5427 3228 5480 alterum
3277 5433 3518 5477 mensem
3591 5417 3855 5484 integram
3916 5413 4110 5465 habeat

2526 5523 2869 5584 facultatem;
2923 5531 3111 5572 verum
3179 5521 3288 5567 tam
3321 5510 3409 5566 diu
3459 5516 3581 5580 post
3635 5519 3876 5560 mensem
3919 5516 4110 5556 secun-

2520 5612 2662 5669 dum,
2695 5625 2801 5664 non
2861 5605 3246 5671 communicet,
3298 5602 3471 5657 donec
3500 5604 3780 5670 purgetur.
3843 5595 3900 5649 Si
3932 5601 4108 5647 autem

2519 5705 2588 5760 aul
2609 5705 2897 5760 concilium
2926 5698 3228 5756 universale
3253 5694 3683 5753 anniversarium
3700 5703 3991 5748 occurrere
4015 5700 4108 5742 no-

2611 5873 2630 5901 ε
2663 5861 2861 5916 'l'ntius.
2891 5858 3109 5927 Dionys.
3135 5854 3283 5924 Exig.
