4204 6546
155 418 258 473 889

1385 415 1817 475 BIiEVIARIUM
1855 416 2277 479 CANONICUM.

3342 424 3455 482 890

155 533 338 600 luerit,
384 542 444 588 ut
494 532 579 588 vel
620 532 695 589 ibi
747 546 910 589 causa
936 530 1055 602 ejus
1076 532 1414 599 terminetur,
1466 533 1580 602 ipse
1610 534 1663 587 in
1693 547 1753 590 se
1779 536 1832 596 Α
1857 546 1978 587 eum
2036 531 2215 588 nullus
2259 534 2314 588 in
2336 533 2438 590 hac
2477 548 2538 591 re
2562 533 2813 590 inventus
2853 535 2925 592 sit
2952 535 3237 608 episcopus
3263 536 3355 609 qui
3382 537 3454 595 de

155 626 520 682 damnationis
549 624 876 681 sententiam
927 624 1129 681 dixisse
1157 625 1451 695 judicetur,
1502 634 1749 695 tempore

152 736 286 776 sane
338 736 446 790 quo
494 736 602 775 non
648 718 1035 782 communicat,
1093 734 1192 773 nec
1254 717 1306 772 in
1337 734 1434 772 sua
1498 716 1747 784 ecclesia,

151 816 238 869 vel
299 816 557 885 parochia
615 815 999 870 communicet.
1057 817 1353 870 Accusator
1404 824 1584 869 autem
1637 813 1751 881 ejus

150 907 193 960 si
217 921 496 974 nunquam
526 906 716 961 diebus
740 920 917 961 causa
937 905 1176 961 dicendae
1214 905 1443 960 defuerit
1466 916 1490 943 ι
1520 906 1571 978 [a
1603 920 1753 961 com-

151 997 416 1052 munione.
472 1012 580 1053 non
632 1006 997 1053 removeatur.
1056 998 1111 1053 Si
1162 1012 1291 1051 vero
1346 996 1636 1066 aliquando
1658 996 1751 1051 de-

150 1090 338 1161 fuerit]
365 1091 692 1147 subtrahens
712 1106 771 1148 se
800 1091 1052 1147 restituto
1099 1090 1154 1145 in
1202 1090 1581 1145 communione
1634 1090 1749 1159 epi-

148 1201 343 1256 scopo,
406 1185 521 1256 ipse
573 1194 920 1241 removeatur
950 1199 981 1237 a
1028 1184 1410 1239 communione
1437 1192 1746 1238 accusator:

150 1276 225 1331 ita
280 1286 464 1331 tamen
526 1286 587 1332 ut
641 1292 743 1332 nec
809 1276 909 1345 ipsi
967 1276 1234 1331 aditnatur
1302 1274 1527 1329 facultas
1576 1288 1751 1328 causa:

150 1371 497 1440 peragenda‘,
528 1370 571 1425 si
602 1385 661 1425 se
691 1371 753 1423 ad
780 1369 921 1425 diem
949 1384 1236 1424 occurrere
1270 1368 1293 1405 δ
1323 1370 1452 1440 [non
1494 1368 1749 1434 voluisse,

149 1464 243 1519 sed
297 1480 408 1519 non
442 1464 702 1533 potuisse,
749 1463 1061 1533 probaverit
1094 1479 1107 1515 :
1138 1460 1265 1515 illud
1304 1476 1433 1515 vero
1464 1460 1663 1530 placuit
1696 1467 1750 1514 ut

148 1571 271 1611 cum
330 1555 516 1625 agerel
548 1557 776 1624 coeperit
802 1554 853 1608 in
904 1555 1281 1625 epISCttpUI'UIII
1310 1555 1534 1621 judicio.
1562 1554 1607 1609 si
1633 1554 1749 1607 l'ue-

146 1649 220 1703 rit
268 1649 605 1703 accusatoris
656 1663 885 1717 persona
947 1648 1250 1717 culpabilis,
1310 1648 1376 1701 ad
1419 1645 1751 1715 urguendum

150 1758 257 1795 non
308 1742 652 1809 admittatur,
706 1744 805 1799 nisi
855 1742 1102 1812 preprias
1147 1743 1358 1797 caus‘as.
1418 1757 1525 1796 non
1568 1752 1747 1799 tamen

148 1838 551 1893 ecclesiasticas
580 1853 821 1892 asserere
868 1838 1115 1892 voluerit.

221 1974 354 2037 Qua’
383 1978 553 2046 forma
610 1978 663 2028 in
709 1975 1040 2028 accusatione
1071 1976 1318 2045 episcopi,
1354 1978 1580 2044 diaconi,
1626 1985 1675 2029 et

567 2058 868 2100 cwterornm
899 2048 1093 2100 srrvuri
1138 2049 1338 2101 debeat.

217 2140 425 2193 (.oncil.
481 2137 755 2208 (.‘arthag.,
786 2142 867 2191 tit.
903 2138 991 2192 ‘20.
1018 2138 1074 2193 Si
1103 2150 1281 2193 autem
1308 2138 1631 2210 presbyteri,
1666 2138 1747 2194 ch

145 2232 391 2298 diaconi,
412 2232 611 2288 fuerint
630 2234 897 2299 accusati,
921 2234 1177 2302 adjuncto
1199 2234 1300 2290 sibi
1322 2248 1388 2289 ex
1410 2234 1597 2288 vicinis
1618 2234 1750 2289 locis

149 2334 173 2363 ⁸
204 2326 466 2395 proprius
514 2328 805 2397 episcOpus
833 2327 1078 2396 legitimo
1122 2342 1347 2382 numero
1396 2326 1747 2395 collegarum,

144 2430 284 2485 quos
328 2418 398 2471 ab
443 2419 634 2471 eodem
684 2419 923 2473 accusati
981 2418 1254 2489 petierint,
1291 2418 1342 2473 Id
1372 2431 1474 2483 ρει,
1526 2435 1633 2473 una
1658 2433 1747 2475 se-

142 2526 268 2565 cum
320 2514 378 2564 in
429 2511 729 2582 presbyteri
790 2512 1007 2567 nomine
1056 2528 1172 2577 sex,
1236 2513 1288 2567 in
1348 2513 1561 2569 diaconi
1614 2523 1744 2577 tres,

143 2606 391 2673 ipsorum
420 2620 638 2660 causam
683 2606 976 2660 discutiant
1009 2606 1217 2665 eadem.
1251 2606 1481 2671 dierum,
1511 2612 1569 2661 et
1616 2605 1749 2661 dila—

141 2698 381 2755 tionum.
432 2706 485 2751 et
541 2714 570 2750 a
618 2699 1000 2751 communione
1041 2697 1429 2763 remotionum,
1459 2704 1515 2751 et
1542 2696 1746 2752 discus-

140 2789 301 2843 sione
371 2802 749 2858 personarum,
812 2788 951 2843 inter
1009 2799 1358 2843 accusatores
1417 2796 1471 2842 et
1510 2803 1605 2843 eos
1657 2787 1748 2858 qui

141 2888 502 2945 accusantur,
535 2879 706 2934 forma
739 2889 973 2934 servata.
1009 2879 1360 2949 Reliquorum
1390 2888 1569 2935 autem
1597 2880 1747 2935 cleri-

137 2986 336 3025 corum
370 2987 565 3028 causas
614 2972 779 3028 etiam
821 2972 969 3027 solus
1015 2973 1303 3044 episcopus
1344 2973 1446 3029 loci
1491 2982 1748 3043 agnoscat

137 3071 193 3117 et
251 3064 429 3118 tinial.

210 3171 426 3228 CXLV.
478 3172 554 3228 De
606 3176 905 3228 vacantibus
948 3177 1218 3243 episc0pis,
1266 3177 1402 3244 quod
1450 3176 1675 3229 alienam

463 3246 737 3299 ecclesiam
784 3248 1066 3315 pervadere
1112 3262 1215 3300 non
1249 3246 1488 3299 debeant.

209 3337 420 3393 Concit.
472 3338 741 3401 Antioch,
786 3341 863 3389 tit.
911 3337 998 3390 Ili.
1033 3338 1088 3392 Si
1154 3340 1273 3406 quis
1331 3338 1617 3408 episcopus
1646 3353 1740 3391 va-

138 3445 277 3487 cans
351 3429 407 3484 in
466 3430 754 3484 ecclesiam
805 3439 1086 3485 vacantem
1134 3431 1398 3500 prosiliat,
1452 3431 1743 3499 sedemque

141 3521 436 3593 pervadat,
470 3520 676 3590 absque
729 3520 939 3589 integro
970 3521 1131 3590 perfe«
1154 3531 1317 3589 toque
1348 3521 1597 3586 concilio,
1656 3520 1743 3574 hic

136 3614 440 3683 abjiciatur
487 3628 712 3668 necesse
761 3621 863 3680 est,
890 3622 945 3667 et
989 3615 1033 3667 si
1084 3624 1310 3670 etnictus
1333 3612 1559 3683 populus
1586 3628 1743 3683 quem

135 3704 371 3775 diripuit
432 3718 556 3758 eum
626 3703 830 3760 habere
885 3705 1178 3773 delegerit;
1249 3706 1545 3776 perfectum
1617 3720 1745 3761 vero

134 3794 438 3849 concilium
493 3794 625 3849 illud
650 3804 754 3859 cst,
806 3794 894 3851 ubi
942 3796 1244 3852 interfuerit
1292 3798 1744 3869 metropolitanus

135 3888 394 3941 antistes.

132 4000 376 4057 CXLVI.
416 3999 486 4056 Ut
526 4002 699 4056 nullus
740 4003 811 4057 ad
856 4004 1207 4075 episcopatum
1248 4024 1343 4077 pro
1383 4024 1437 4063 se
1464 4010 1744 4065 constituat

734 4080 1155 4144 promovendttm.

209 4167 423 4223 tloiicil.
474 4168 741 4234 Antioch.,
784 4173 865 4223 tit.
895 4169 981 4223 ‘25.
1013 4169 1280 4243 Episcopo
1309 4188 1417 4230 non
1449 4172 1617 4231 licere
1646 4192 1745 4247 pro

132 4277 193 4317 se
241 4263 485 4317 alterum
542 4277 914 4317 successorem
968 4263 1069 4317 sibi
1097 4266 1455 4331 constituere,
1507 4267 1634 4323 licet
1676 4270 1743 4325 ad

133 4358 349 4410 exitum
383 4356 507 4409 vitae
532 4355 842 4425 perveniat;
883 4357 1030 4424 quod
1070 4358 1113 4411 si
1163 4358 1267 4413 tale
1303 4360 1504 4430 aliquid
1546 4366 1744 4417 factum

134 4448 326 4517 fuerit,
380 4448 590 4503 irritum
639 4463 757 4503 esse
804 4448 1173 4516 hujuscemodi
1220 4454 1588 4509 constitutum.
1619 4456 1746 4511 Ser-

133 4554 296 4599 vetur
347 4554 534 4597 autem
579 4542 667 4613 jus
716 4544 1158 4610 ecclesiasticum,
1191 4546 1242 4599 id
1268 4548 1551 4604 continens
1581 4564 1741 4619 opor-

1854 625 2063 691 majore
2123 624 2345 681 civitate
2398 626 2465 682 ad
2512 627 2780 684 minorem
2840 629 3113 686 transiret.
3173 627 3453 700 Undeap-

1854 729 2012 790 paret
2053 721 2296 776 avaritiae
2350 735 2447 776 eos
2487 719 2681 777 ardore
2712 720 3058 787 inﬂammari,
3086 732 3141 776 et
3169 721 3452 779 ambitioni

1852 814 2079 879 servire,
2130 824 2185 869 et
2246 824 2305 869 ut
2356 812 2782 869 dominationem
2837 822 3017 884 agant.
3078 811 3136 868 Si
3202 813 3453 869 omnibus

1854 907 2053 977 placet,
2085 905 2391 975 hujusmodi
2418 904 2684 975 pernicies
2725 906 2916 961 saevius
2949 915 3003 959 et
3029 905 3299 961 attsterius
3337 904 3453 959 vin-

1854 1001 2086 1066 dicetur,
2146 1010 2205 1055 ut
2278 1016 2378 1056 nec
2426 1000 2620 1055 laicam
2667 1000 3104 1055 communionem
3140 1000 3339 1055 habeat
3359 998 3453 1069 qui

1856 1092 1978 1146 talis
2024 1101 2126 1157 est.
2161 1089 2575 1159 ReSponderunt
2604 1090 2881 1146 universi:
2909 1088 3112 1144 Placet.

1854 1206 2128 1263 CXLVIII.
2165 1205 2299 1260 Item
2331 1206 2376 1259 si
2399 1222 2491 1274 per
2522 1206 2855 1260 ambitionem
2895 1205 3066 1260 sedem
3115 1207 3449 1273 mutaverint,

1928 1297 2019 1333 nec
2042 1282 2092 1333 in
2130 1280 2269 1333 exitu
2301 1277 2714 1332 communionem
2760 1279 2944 1330 saltem
2974 1278 3224 1331 laicorum
3266 1293 3453 1351 conse-

1925 1362 2167 1420 quatitur.

1927 1459 2127 1515 Concit.
2162 1476 2452 1531 sttprascr.,
2487 1462 2566 1513 tit.
2628 1458 2682 1512 2.
2732 1456 2890 1513 Osius
2941 1459 3223 1529 episcopus
3271 1459 3447 1516 dixit:

1855 1553 2026 1608 Etiam
2056 1554 2101 1608 si
2136 1553 2256 1608 talis
2281 1552 2476 1620 aliquis
2501 1552 2767 1607 exstiterit
2802 1551 3142 1614 temerarius,
3169 1562 3230 1607 ut
3258 1552 3451 1607 fortas-

1853 1648 1929 1703 sis
1976 1646 2137 1700 talem
2205 1644 2612 1699 excusationem
2673 1643 2903 1699 alferens
2950 1653 3255 1711 asseveret,
3307 1642 3454 1712 quod

1853 1738 2035 1808 populi
2060 1737 2267 1791 litteras
2288 1736 2588 1806 acceperit,
2605 1749 2727 1789 cum
2752 1734 3093 1790 manifestum
3116 1735 3185 1791 sit
3209 1735 3453 1805 potuisse

1853 1828 1879 1864 ά
1914 1845 2116 1897 paucos
2141 1828 2363 1898 prmmio
2387 1837 2437 1883 et
2464 1826 2717 1883 mercede
2746 1828 3019 1897 corrumpi
3046 1842 3139 1882 eos
3167 1828 3257 1897 qui
3282 1829 3452 1883 since-

1773 1912 1823 1972 B
1855 1937 1971 1976 rain
2015 1922 2173 1975 tidem
2204 1936 2313 1975 non
2341 1920 2564 1985 habent,
2597 1930 2654 1975 ut
2683 1921 2981 1976 clamarent.
3010 1921 3061 1975 in
3113 1918 3365 1983 ecclesia,
3397 1929 3454 1974 et

1857 2016 2032 2084 ipsum
2082 2020 2266 2083 petere
2315 2011 2628 2067 viderentur
2679 2012 3030 2085 episcopum,
3079 2012 3296 2066 omnino
3352 2009 3451 2065 has

1854 2108 2069 2162 fraudes
2098 2105 2431 2161 damnandas
2463 2120 2585 2161 esse
2615 2106 2881 2170 arbitror,
2916 2107 2988 2159 ita
3021 2113 3080 2159 ut
3127 2119 3228 2160 nec
3255 2103 3451 2158 laicam

1855 2199 1907 2253 in
1943 2202 2046 2253 line
2076 2198 2515 2252 communionem
2550 2196 2670 2251 talis
2699 2196 2949 2266 accipiat.
3007 2196 3064 2251 Si
3092 2197 3249 2251 vobis
3274 2193 3452 2251 omni-

1853 2291 1955 2347 bus
1976 2290 2157 2361 placet
2185 2290 2426 2345 statuite.
2462 2288 2712 2361 Synodus
2741 2289 3021 2360 respondit
3054 2306 3066 2343 :
3097 2285 3282 2344 Placet

1852 2425 2080 2481 CXLIX.
2118 2425 2185 2479 Ut
2216 2427 2351 2478 inter
2380 2425 2644 2479 discordes
2671 2427 2959 2494 episcOpos,
2991 2424 3452 2496 comprovinciales

1928 2499 2185 2551 antistites
2230 2497 2485 2556 audiant;
2530 2496 2666 2567 quod
2709 2497 2753 2550 si
2785 2497 3067 2567 damnatus
3110 2497 3450 2567 appellaverit

1930 2569 2219 2647 Romanum
2272 2566 2607 2635 pontiﬁcem,
2657 2567 2712 2620 id
2752 2566 3125 2621 observandum
3162 2566 3297 2637 quod
3340 2568 3451 2636 ipse

1927 2648 2206 2693 censuerit.
3274 2676 3277 2677 ,

1926 2751 2127 2806 Concil.
2158 2750 2394 2814 Sardic.,
2423 2751 2501 2803 tit.
2533 2751 2587 2805 ’5.
2612 2748 2769 2805 Osius
2795 2750 3083 2821 episcopus
3110 2748 3246 2804 dixit
3270 2767 3285 2804 :
3314 2748 3448 2804 Illud

1851 2858 2069 2912 quoque
2098 2841 2412 2897 necessario
2444 2839 2807 2909 adjiciendum
2860 2850 2961 2906 est,
2994 2851 3054 2895 ut
3108 2841 3349 2912 episc0pi
3376 2842 3446 2897 de

1851 2950 1949 2989 sua
1997 2933 2277 3003 provincia
2322 2932 2389 2986 ad
2431 2932 2591 2986 aliam
2646 2934 3001 3002 provinciam,
3058 2934 3110 2988 in
3160 2948 3265 3003 qua
3320 2943 3447 2990 sunt

1853 3026 2133 3094 episcopi,
2168 3040 2276 3080 non
2306 3032 2617 3088 transeant,
2653 3025 2753 3079 nisi
2785 3026 2923 3079 forte
2948 3043 2973 3077 a
3036 3025 3289 3081 fratribus
3333 3028 3448 3084 suis

1855 3115 2085 3179 invitati,
2130 3129 2199 3168 ne
2245 3114 2529 3169 videamur
2576 3114 2799 3182 januam
2849 3115 3102 3171 claudere
3144 3118 3445 3175 charitatis.

1854 3204 2005 3271 Quod
2037 3204 2084 3261 si
2107 3204 2161 3258 in
2205 3204 2384 3273 aliqua
2414 3206 2692 3274 provincia
2721 3206 2914 3277 aliquis
2943 3209 3229 3279 episcopus
3258 3218 3449 3266 contra

1771 3278 1815 3340 C
1849 3298 2071 3352 fratrem
2118 3312 2274 3353 suum
2324 3298 2636 3369 episcopum
2684 3300 2832 3357 litem
2880 3302 3166 3371 habuerit,
3197 3321 3336 3361 unus
3379 3306 3449 3364 de

1850 3391 2061 3447 duobus
2090 3406 2156 3447 ex
2198 3392 2304 3447 alia
2333 3393 2611 3463 provincia
2651 3394 2885 3451 advocet
2915 3398 3230 3468 episcopum
3262 3398 3452 3471 cogni-

1850 3492 2045 3540 torem.
2115 3484 2270 3551 Quod
2318 3487 2365 3542 si
2416 3487 2611 3557 aliquis
2665 3499 2685 3523 υ
2745 3490 3123 3561 episcoporum
3180 3492 3452 3561 judicatus

1849 3576 2013 3633 fuerit
2042 3577 2093 3632 in
2123 3578 2299 3647 aliqua
2347 3593 2535 3642 causa,
2586 3587 2641 3635 et
2671 3590 2827 3649 putat
2878 3598 2937 3637 se
2985 3584 3182 3640 bonam
3229 3599 3448 3641 causam

1850 3667 2084 3734 habere,
2133 3677 2193 3722 ut
2242 3668 2442 3724 iterum
2480 3670 2770 3725 concilium
2823 3683 3135 3729 renovetur.
3188 3673 3242 3730 Si
3296 3674 3448 3731 vobis

1851 3759 2045 3829 placet,
2095 3760 2275 3816 sancti
2306 3758 2453 3817 Petri
2480 3765 2798 3818 memoriam
2846 3765 3196 3832 bonoremus,
3226 3776 3284 3823 ut
3313 3770 3449 3824 scri-

1849 3852 2009 3908 batur
2039 3852 2106 3907 ab
2127 3852 2210 3908 his
2240 3854 2333 3923 qui
2358 3868 2578 3911 causam
2612 3856 2994 3913 examinarunt
3022 3860 3162 3915 lulio
3197 3861 3446 3919 Romano

1850 3947 2129 4015 episcopo,
2152 3954 2206 4001 et
2228 3946 2272 4001 si
2285 3945 2614 4016 judicaverit
2632 3950 3003 4006 renovandum
3022 3966 3141 4006 esse
3156 3951 3441 4019 judicium,

1850 4048 2166 4105 renovetur,
2198 4048 2253 4094 et
2273 4043 2366 4095 det
2392 4040 2601 4108 judices
2634 4040 2708 4095 :si
2738 4052 2918 4097 autem
2950 4044 3261 4113 probaverit
3285 4043 3447 4100 talem

1851 4145 2071 4186 causam
2095 4144 2232 4195 esse,
2263 4140 2321 4183 ut
2354 4145 2461 4186 non
2484 4130 2811 4186 refricentur
2841 4148 2905 4188 ea
2953 4150 3073 4204 quae
3122 4146 3243 4190 acta
3297 4144 3447 4202 sunt,

1851 4236 1970 4291 qua:
2013 4219 2317 4275 decreverit
2354 4221 2675 4276 contirmata
2721 4232 2898 4278 erunt.
2953 4224 3010 4280 Si
3063 4226 3168 4281 hoc
3196 4226 3449 4283 omnibus

1851 4314 2061 4382 placet?
2091 4312 2341 4384 Synodus
2364 4315 2646 4384 respondit
2673 4333 2685 4368 :
2722 4316 2919 4373 Placet.

1955 4428 2062 4482 CL.
2096 4427 2163 4483 L't
2193 4430 2367 4483 nullas
2391 4432 2621 4484 accusati
2650 4432 2823 4485 sedent
2846 4444 3058 4505 usurpet
3081 4437 3336 4509 episcopi.

1926 4544 2126 4596 Concil.
2148 4542 2386 4611 Sardic.,
2417 4547 2497 4599 tit.
2530 4547 2583 4600 4.
2613 4545 3245 4624 Gaudentiusepiscopus
3267 4555 3402 4611 dixit
3428 4574 3443 4611 :

137 4646 256 4690 iere
287 4651 402 4691 non
458 4634 617 4689 aliter
678 4633 816 4702 ﬁeri,
867 4636 967 4690 nisi
1020 4652 1139 4690 cum
1196 4639 1402 4710 synodo
1451 4651 1504 4696 ει
1539 4642 1742 4712 judicio
1773 4652 1822 4711 D
1856 4633 2193 4700 Addendum,
2225 4636 2266 4691 si
2303 4636 2505 4705 placet,
2538 4636 2662 4693 huic
2691 4644 2991 4710 sententiae,
3018 4661 3181 4715 quam
3230 4650 3446 4717 plenam

136 4732 559 4801 episcoporum,
610 4732 701 4799 qui
754 4740 875 4801 post
928 4733 1135 4787 obitum
1194 4734 1521 4803 quiescentis
1586 4746 1743 4806 pote-

135 4834 343 4880 statem
406 4824 611 4879 habent
654 4839 778 4879 eum
826 4826 919 4893 qui
971 4826 1161 4894 dignus
1218 4829 1487 4883 exstiterit
1527 4844 1745 4897 promo-

140 4932 293 4972 vere.

211 5029 479 5087 CXLVII.
532 5030 610 5086 De
662 5034 933 5103 episcopis,
965 5035 1118 5088 etiam
1147 5035 1282 5088 laica
1312 5036 1667 5089 communione

426 5104 712 5173 privandis,
741 5106 826 5175 qui
855 5105 1083 5158 civitates
1107 5115 1486 5161 innataverunt.

210 5196 425 5251 Concil.
456 5196 691 5263 Sardic.,
750 5198 917 5251 titul..
947 5196 999 5251 l.
1054 5196 1211 5253 Osius
1265 5200 1549 5272 episcopus
1577 5200 1743 5255 dixit:

141 5290 260 5345 Non
313 5290 498 5343 minus
543 5290 683 5344 mala
716 5291 1075 5357 consuetudo,
1108 5306 1269 5360 quam
1302 5293 1604 5361 perniciosa
1627 5309 1747 5347 cor-

137 5382 360 5453 ruptela
376 5379 622 5436 funditus
637 5382 959 5437 eradicanda
984 5392 1082 5448 est,
1116 5398 1182 5438 ne
1202 5383 1285 5437 cui
1310 5383 1469 5438 liceat
1490 5384 1746 5455 episcopo

136 5472 208 5528 de
264 5474 495 5529 civitate
543 5490 639 5529 sua
693 5474 762 5530 ad
792 5476 951 5529 aliam
996 5479 1224 5531 transire
1272 5478 1581 5544 civitatem;
1634 5494 1750 5533 nia-

140 5564 342 5623 nifesta
397 5575 483 5621 est
536 5567 679 5621 enim
738 5582 920 5635 causa,
972 5584 1076 5637 qua
1150 5568 1251 5624 hoc
1312 5568 1490 5627 lacere
1554 5579 1747 5639 tentat,

215 5758 241 5785 ⁸
268 5745 403 5802 Hart:
448 5747 646 5803 desunt
671 5749 719 5803 in
750 5749 846 5805 Ms.
892 5752 1035 5806 (ilar.

215 5818 243 5857 ι
277 5818 409 5872 Hcce
460 5818 653 5874 desunt
708 5822 757 5876 in
792 5822 886 5877 Ms.
939 5824 1081 5879 Clar.

217 5903 240 5931 ε
297 5892 434 5943 (Qum
458 5908 589 5960 prop
622 5892 669 5944 io
700 5895 955 5964 episcopo,
996 5894 1210 5967 Dionﬁ.
1262 5895 1412 5970 Ελᾶε,

1852 4728 2139 4781 sanctitate
2168 4725 2182 4763 ί
2215 4728 2535 4797 protulistis,
2572 4741 2770 4787 utcuni
2797 4734 2991 4804 aliquis
3015 4739 3303 4810 episcopus
3350 4740 3447 4796 de-

1852 4819 2059 4889 positus
2082 4818 2241 4873 fuerit
2277 4834 2463 4874 eorum
2505 4823 2884 4894 episc0porum
2911 4826 3117 4896 judicio
3141 4830 3236 4900 qui
3280 4832 3334 4886 in
3364 4833 3445 4887 vi-

1851 4910 1991 4966 cinis
2022 4910 2155 4968 locis
2186 4923 2620 4980 commorantur,
2651 4925 2706 4971 et
2735 4920 3151 4987 proclamaverit
3178 4925 3445 4995 agendum

1852 5002 1951 5057 sibi
1983 5004 2255 5072 negotium
2284 5006 2335 5060 in
2364 5007 2497 5062 urbe
2526 5008 2719 5077 Roma,
2754 5011 2889 5067 alter
2913 5014 3201 5087 episcopus
3244 5018 3298 5074 in
3328 5020 3445 5087 ejus

1854 5096 2109 5150 cathedra
2158 5106 2281 5167 post
2328 5100 2745 5169 appellationem
2786 5101 2903 5171 ejus
2948 5107 3039 5175 qui
3091 5107 3300 5163 videtur
3326 5124 3445 5166 esse

1854 5190 2151 5260 depositus,
2175 5195 2397 5251 omnino
2421 5212 2527 5250 non
2554 5198 2852 5265 ordinetur,
2884 5202 2982 5255 nisi
3006 5218 3164 5258 causa
3198 5203 3357 5260 fuerit
3389 5205 3442 5261 iu

1848 5282 2049 5351 judicio
2078 5286 2322 5357 episcopi
2350 5287 2576 5343 Romani
2608 5288 2986 5348 determinata.

1852 5395 1979 5450 CLI.
2007 5398 2228 5461 Quando
2255 5404 2366 5472 quis
2393 5404 2635 5529 debeat
2658 5406 2840 5489 vicinis
2864 5412 3145 5480 provinciis
3168 5414 3442 5486 episcopus

2520 5494 2579 5529 or
2621 5494 2778 5529 man.

2520 5494 2778 5534 bratnan.

1926 5585 2125 5642 Concit.
2180 5590 2364 5658 Sard.,
2422 5594 2501 5649 tit.
2547 5595 2601 5651 5.
2655 5596 2811 5655 Osius
2856 5601 3145 5676 episcopus
3182 5604 3447 5668 dixit:Si

1930 5766 1950 5801 εὶ
1989 5765 2295 5838 [negt-mlum
2328 5779 2517 5838 patres.

1929 5846 1951 5917 ξ
2581 5816 2747 5916 Exiga

1933 5908 1948 5945 ί
1992 5907 2277 5973 I’rotnlisti.
2308 5907 2523 5989 llionfs.
2557 5907 2709 5990 Exigi
