4204 6556
808 421 908 482 891

1933 415 2264 476 CRISCONII
2306 414 2632 476 AFRICANI
2671 410 2978 472 EPISCOPI

3994 410 4094 466 892

807 529 1098 599 contigerit
1126 527 1180 584 in
1202 541 1308 584 una
1337 524 1636 600 provincia,
1686 524 1739 582 in
1781 539 1888 597 qua
1933 526 2150 600 plurimi
2197 528 2396 584 fuerint
2423 531 2473 591 Α
2495 541 2610 582 non
2639 525 2815 581 solum
2845 522 3326 587 murmurationes,
3355 522 3454 579 sed
3484 530 3540 580 et
3563 523 3817 580 scandala
3867 525 4090 581 excitat.

807 622 1072 696 episcopi,
1106 637 1273 676 unum
1311 618 1450 674 forte
1479 633 1760 674 remanere
1788 619 2121 691 episcopum,
2154 620 2244 676 ille
2266 635 2396 677 vero

807 730 908 788 per
933 713 1317 784 negligentiam
1365 711 1604 767 noluerit
1653 711 1909 768 ordinare
1957 713 2294 784 episc0pum,
2342 723 2400 771 et

808 809 992 883 pepuli
1017 805 1388 873 convenerint,
1418 806 1706 877 episcopos
1736 805 1926 861 vicinae
1969 807 2259 874 provinciae
2303 807 2398 862 de—

811 899 946 956 bere
993 900 1144 954 illum
1186 899 1338 969 prius
1375 897 1668 955 convenire
1691 898 2026 968 episcopum,
2082 899 2173 968 qui
2225 898 2282 952 in
2333 913 2399 953 ea

811 993 1089 1063 provincia
1118 1000 1384 1059 moratur,
1411 999 1470 1047 et
1509 990 1800 1046 ostendere
1825 991 1970 1060 quod
1996 992 2179 1061 populi
2211 999 2401 1062 petant

806 1085 910 1140 sibi
937 1093 1229 1151 rectorem,
1251 1094 1308 1140 et
1339 1086 1440 1140 hoc
1465 1083 1669 1154 justum
1689 1099 1836 1152 esse,
1863 1096 1922 1140 ut
1941 1095 1996 1140 et
2028 1085 2129 1154 ipsi
2157 1085 2396 1152 veniant,

808 1185 1008 1232 etcum
1033 1179 1150 1248 ipso
1181 1177 1432 1231 ordinent
1465 1176 1806 1247 episcopum.
1844 1177 1995 1242 Quod
2027 1176 2071 1232 si
2102 1185 2401 1232 conventus

807 1267 1004 1324 litteris
1036 1267 1282 1332 tacuerit,
1309 1275 1364 1322 et
1389 1267 1827 1333 dissimulaverit,
1849 1266 2088 1336 nihilque
2112 1267 2402 1336 rescripse-

810 1360 901 1424 rit,
935 1356 1374 1416 satisfaciendum
1405 1373 1526 1413 esse
1565 1359 1775 1428 populis
1800 1366 1860 1413 ut
1886 1359 2108 1414 veniant
2134 1373 2202 1414 ex
2227 1358 2400 1413 vicina

809 1453 1050 1524 episcopi
1081 1453 1380 1523 provincia,
1404 1462 1460 1508 et
1486 1451 1739 1510 ordinent
1764 1455 2097 1526 episcopum.

810 1566 962 1625 CLII.
995 1567 1075 1625 De
1096 1585 1200 1626 non
1212 1567 1520 1649 ordinandis
1542 1568 1798 1651 episcopis
1816 1586 1907 1639 per
1927 1570 2063 1624 vicos
2092 1578 2142 1624 et
2169 1568 2401 1623 modicas

1471 1649 1724 1694 civitates.

883 1727 1081 1786 Concil.
1117 1730 1306 1795 Sard.,
1345 1729 1425 1783 tit.
1461 1728 1512 1780 6.
1559 1727 1800 1782 Licentia
1830 1741 1962 1782 vero
1989 1726 2164 1783 danda
2185 1743 2292 1782 non
2325 1737 2407 1784 est

811 1819 1098 1880 ordinandi
1151 1821 1488 1891 episcopum,
1522 1828 1616 1873 aut
1665 1819 1718 1874 in
1760 1819 1881 1876 vico
1940 1820 2154 1890 aliquo,
2203 1829 2296 1875 aut
2350 1820 2402 1874 in

808 1912 1021 1970 modica
1067 1914 1326 1977 civitate,
1378 1912 1465 1967 cui
1505 1910 1702 1966 sufficit
1748 1927 1886 1967 unus
1932 1913 2242 1984 presbyter.
2277 1913 2401 1980 quia
2439 1896 2482 1955 Β

812 2019 924 2060 non
973 2012 1056 2059 est
1101 2019 1326 2059 necesse
1373 2003 1446 2057 ibi
1495 2003 1810 2074 episcopum
1859 2001 1996 2066 fieri,
2057 2018 2123 2056 ne
2180 2004 2404 2056 vilescat

812 2111 1013 2154 nomen
1063 2097 1348 2166 episcopi,
1399 2105 1454 2152 et
1505 2097 1818 2152 auctoritas.
1901 2096 2016 2150 Non
2080 2096 2280 2151 debent
2327 2097 2401 2152 illi

809 2202 881 2246 ex
933 2188 1035 2243 alia
1082 2186 1362 2260 provincia
1425 2188 1631 2243 invitati
1677 2186 1858 2244 facere
1903 2189 2254 2260 episcopum,
2303 2189 2402 2245 nisi

811 2289 907 2338 aut
963 2281 1017 2338 in
1078 2281 1164 2338 his
1218 2283 1522 2338 civitatibus
1580 2298 1699 2353 quae
1742 2284 2027 2355 episcopos
2078 2285 2402 2353 habuerunt,

811 2381 912 2428 aut
926 2373 971 2428 si
992 2388 1098 2442 qua
1130 2374 1268 2438 talis,
1301 2382 1394 2427 aut
1425 2383 1536 2429 tam
1559 2374 1822 2445 populosa
1851 2375 2040 2431 civitas
2068 2391 2187 2444 qum
2220 2393 2398 2433 mere-

811 2469 902 2517 tur
948 2463 1153 2519 habere
1194 2463 1528 2533 episcopum.
1627 2462 1686 2518 Si
1733 2464 1838 2520 hoc
1886 2466 2138 2524 omnibus
2193 2466 2403 2538 placet?

811 2551 1068 2625 Synodus
1095 2554 1375 2624 respondit
1405 2571 1417 2607 :
1449 2555 1653 2612 Placet.

819 2662 996 2720 CLIII.
1031 2663 1109 2740 De
1137 2666 1438 2740 prorincioli
1460 2666 1668 2740 synodo
1698 2668 2038 2740 retractanda
2064 2686 2155 2740 per
2180 2672 2401 2728 sicarios

1028 2737 1256 2806 episcopi
1278 2737 1419 2790 urbis
1448 2737 1647 2801 Romaz,
1679 2739 1724 2792 si
1753 2739 1866 2809 ipse
1890 2737 2189 2797 decreuerit.

886 2823 1087 2881 Concit.
1135 2828 1320 2891 .‘~'ard.,
1353 2829 1430 2882 tit.
1463 2828 1516 2885 7.
1559 2828 1766 2885 Placuit
1788 2839 1992 2900 autem,
2024 2834 2145 2888 utsi
2199 2835 2409 2906 episco-

812 2933 917 2989 pus
983 2928 1269 2974 accusatus
1325 2917 1510 2986 fnerit,
1573 2933 1628 2977 et
1675 2921 2040 2992 judicaverint
2099 2927 2407 2996 congregati

815 3011 1058 3083 episcopi
1084 3013 1320 3082 regionis
1341 3014 1527 3084 ipsius,
1551 3023 1606 3070 et
1626 3015 1694 3070 de
1713 3016 1881 3086 gradu
1905 3034 2006 3073 suo
2032 3033 2154 3074 eum
2196 3020 2410 3088 dejece-

814 3103 960 3170 rint,
993 3104 1040 3159 si
1067 3105 1420 3174 appellaverit
1450 3106 1540 3177 qui
1579 3107 1823 3176 dejectus
1849 3116 1955 3177 est,
2003 3120 2056 3165 et
2105 3112 2408 3180 confugerit

816 3194 887 3250 ad
915 3195 1230 3266 episcopum
1264 3196 1521 3252 Romana:
1554 3197 1831 3266 Ecclesim,
1861 3210 1915 3255 et
1945 3200 2180 3257 voluerit
2217 3217 2278 3257 se
2305 3218 2404 3256 au-

817 3283 947 3354 diri,
995 3285 1039 3340 si
1062 3286 1268 3356 justum
1293 3288 1562 3358 putaverit
1592 3296 1653 3343 ut
1673 3298 1964 3346 renovetur
1990 3306 2242 3359 examen,
2268 3294 2404 3348 scri-

815 3376 952 3432 bere
980 3377 1063 3432 his
1095 3377 1348 3446 dignetur
1376 3380 1644 3450 episcopis
1684 3382 1777 3451 qui
1822 3382 1877 3438 in
1923 3382 2144 3439 finitima
2185 3393 2240 3440 et
2287 3402 2411 3455 pro-

817 3470 1019 3545 pinqua
1073 3472 1348 3540 provincia
1398 3483 1544 3543 sunt,
1598 3483 1656 3530 ut
1697 3475 1797 3546 ipsi
1845 3476 2136 3548 diligenter
2187 3479 2408 3535 omnino

818 3560 1133 3630 requirant,
1158 3571 1213 3618 et
1245 3562 1398 3632 juxta
1429 3563 1589 3619 fidem
1617 3565 1862 3622 veritatis
1881 3567 2158 3623 deliniant.
2184 3567 2337 3635 Quod
2366 3570 2410 3624 si

821 3651 868 3707 is
897 3651 990 3722 qui
1020 3663 1176 3721 rogat
1191 3667 1406 3709 causam
1432 3655 1791 3712 suamiterum
1813 3657 2006 3724 audiri,
2028 3657 2411 3728 deprecatione

819 3756 917 3798 sua
957 3742 1189 3799 moverit
1235 3745 1549 3816 episcopum
1589 3744 1917 3814 Romanum,
1942 3755 2004 3804 ut
2050 3763 2082 3803 e
2112 3749 2281 3805 latere
2311 3767 2410 3807 suo

819 3834 1197 3906 presbyterum
1241 3837 1444 3904 mittat,
1468 3838 1573 3893 erit
1600 3838 1653 3892 in
1702 3847 1974 3908 potestate
1995 3841 2232 3911 episcopi
2283 3844 2410 3914 quid

822 3925 974 3993 velit,
1004 3935 1058 3984 et
1087 3928 1215 3997 quid
1272 3930 1520 3985 aestimet.
1579 3929 1646 3984 Et
1681 3931 1725 3986 si
1778 3933 2084 3989 decreverit
2123 3936 2412 3992 mittendos

822 4031 946 4072 esse
974 4019 1064 4087 qui
1095 4029 1386 4088 prmsentes
1433 4036 1556 4076 eum
1577 4024 1844 4092 episcopis
1865 4023 2130 4092 judicent,
2151 4025 2411 4084 habentes

823 4107 945 4178 ejus
983 4111 1382 4177 auctoritatem,
1413 4127 1444 4166 a
1483 4128 1592 4181 quo
1621 4112 1875 4169 destinati
1902 4124 2046 4183 sunt,
2079 4118 2182 4171 erit
2211 4118 2264 4173 in
2313 4133 2413 4174 suo

823 4202 1080 4268 arbitrio;
1115 4203 1163 4258 si
1191 4219 1320 4259 vero
1365 4205 1657 4261 crediderit
1706 4207 1990 4279 episcopos
2019 4208 2265 4267 sufficere
2290 4254 2305 4280 ,
2354 4221 2412 4266 ιιι

826 4295 1048 4366 negotio
1070 4297 1352 4351 terminum
1403 4299 1714 4368 imponant,
1759 4301 1921 4358 faciet
1949 4303 2094 4373 quod
2120 4306 2411 4376 sapientis-

824 4385 965 4444 simo
993 4388 1220 4445 consilio
1241 4389 1576 4458 iudicaverit.

888 4492 1069 4552 CLIV.
1118 4496 1338 4563 Quando
1392 4513 1441 4580 et
1489 4503 1757 4580 inquibus
1793 4507 1961 4580 causis
2005 4509 2232 4580 episcopi
2274 4511 2343 4565 ad

1304 4573 1600 4627 comitatum
1623 4575 1700 4628 ire
1724 4576 1924 4632 debent.

2499 617 2799 674 Honestum
2866 625 2950 673 est
3003 625 3186 672 autem
3242 622 3299 671 ut
3368 616 3606 688 episcopi
3647 615 4092 674 intercessionem

2498 711 2582 768 bis
2611 719 2870 782 pra-stent
2898 711 2990 782 qui
3013 711 3194 780 iniqua
3215 710 3270 765 vi
3300 710 3702 781 Opprimuutur,
3745 721 3839 765 aut
3867 714 3912 767 si
3941 713 4095 766 vidua

2499 804 2776 874 affligitur,
2825 812 2919 858 aut
2963 803 3197 872 pupillus
3244 801 3594 871 exspolietur,
3643 803 3688 857 si
3745 812 3927 857 tamen
4001 806 4094 857 Isin

2501 897 2680 952 omnia
2703 896 2878 966 justas
2909 895 3114 951 habent
3143 910 3355 961 causas,
3388 904 3481 949 aut
3507 895 3820 965 petitiones.
3855 895 3913 950 Si
3949 898 4098 948 νηὶ-εδ

2502 1006 2651 1059 ergo,
2673 989 2863 1048 fratres
2887 990 3211 1056 cbarissimi,
3235 989 3743 1060 placct,decernite,
3769 993 4095 1060 neepiscula

2501 1082 2566 1137 ad
2589 1083 2906 1137 comitatum
2933 1083 3216 1150 accedant,
3246 1083 3347 1137 nisi
3368 1082 3506 1137 forte
3530 1083 3580 1137 lii
3605 1085 3694 1152 qui
3718 1084 3966 1152 religiosi
3995 1086 4090 1136 im-

2503 1174 2768 1245 peratoris
2790 1175 3006 1242 litteris,
3037 1175 3127 1232 vel
3158 1175 3386 1243 invitati,
3419 1175 3502 1229 vel
3528 1185 3705 1230 vocati
3739 1177 3964 1230 fuerint.
3995 1176 4095 1228 δραι

2502 1267 2756 1336 quoniam
2798 1281 2940 1336 saepe
2975 1267 3240 1338 Contingit
3277 1276 3334 1321 ut
3361 1267 3430 1322 ad
3459 1268 3883 1324 misericordiam
3917 1267 4100 1323 Eccle-

2501 1359 2594 1414 sia:
2621 1360 2931 1428 confugiant
2965 1359 3053 1429 qui
3084 1359 3334 1428 injuriant
3366 1361 3664 1430 patiuntur,
3699 1370 3795 1415 aut
3843 1361 3938 1431 qui
3970 1377 4094 1430 pec-

2503 1460 2688 1506 cantes
2717 1453 2769 1506 in
2794 1452 3006 1518 exsilio,
3035 1452 3121 1507 vel
3173 1452 3358 1507 insulis
3401 1452 3744 1517 damnantur,
3805 1463 3903 1507 aut
3958 1465 4098 1508 certe

2505 1555 2882 1610 quamrunque
2920 1543 3243 1598 sententiam
3279 1544 3619 1613 suscipiunt,
3664 1544 4093 1598 subveniendum

2505 1643 2590 1690 est
2619 1634 2720 1700 bis,
2747 1642 2801 1689 et
2828 1635 2946 1690 sine
2967 1635 3303 1691 dubitatione
3329 1637 3559 1706 petenda
3585 1638 3925 1705 indulgentia
3955 1656 3968 1690 :
3997 1639 4092 1691 hoc

2507 1741 2633 1790 ergo
2663 1727 2954 1785 decernite.
2986 1727 3028 1780 si
3061 1727 3214 1783 vobis
3264 1730 3460 1797 placet.
3513 1729 3759 1787 Universi
3789 1732 4048 1788 dixerunt
4076 1750 4085 1783 :

2509 1818 2714 1884 Placet,
2746 1830 2800 1873 et
2831 1822 3212 1876 constituatur.

2583 1913 2782 1964 Concil.
2814 1911 3085 1982 Carl/mg.,
3135 1913 3212 1967 tit.
3245 1911 3334 1966 95.
3367 1912 3496 1967 Item
3527 1913 3728 1982 placuit
3756 1923 3815 1969 ut
3864 1918 4094 1985 episcopi

2507 2010 2656 2056 trans
2684 2016 2831 2056 mare
2885 2016 2990 2056 non
3036 2004 3467 2072 proficiscantur,
3499 2005 3600 2058 nisi
3642 2005 3892 2059 consulto
3918 2007 4095 2075 prima:

2505 2092 2648 2147 sedis
2694 2092 2948 2161 episcopo
2994 2106 3104 2146 sua:
3147 2092 3408 2164 cujusque
3442 2095 3750 2164 provincia},
3814 2107 3873 2151 ut
3921 2098 3989 2150 ab
4031 2115 4092 2151 eo

2505 2184 2774 2254 praecipue
2821 2184 3029 2254 possint
3055 2199 3272 2241 sumere
3300 2185 3590 2243 formatam
3620 2189 3706 2244 vel
3749 2191 4093 2244 commenda-

2505 2279 2726 2330 tionem.

2577 2366 2775 2421 Concil.
2806 2369 3181 2437 suprascripto,
3206 2368 3283 2422 tit.
3300 2365 3388 2423 28.
3411 2367 3544 2424 Item
3566 2369 3767 2440 placuit
3789 2379 3852 2425 ut
3869 2371 4093 2442 presby-

2507 2459 2632 2526 teri,
2659 2459 2894 2524 diacoui,
2931 2459 3015 2514 vel
3044 2460 3229 2514 czeteri
3262 2461 3545 2517 inferiores
3588 2463 3773 2518 clerici
3822 2464 3876 2518 in
3920 2467 4094 2518 causis

2505 2565 2643 2621 quas
2669 2551 2976 2619 habuerint,
3025 2551 3070 2605 si
3100 2551 3168 2606 de
3193 2551 3412 2620 judiciis
3448 2553 3826 2626 episcoporum
3873 2570 4092 2610 suorum

2505 2644 2681 2712 questi
2732 2643 3181 2708 fuerint,'vicini
3227 2643 3468 2716 episcopi
3511 2660 3607 2702 eos
3660 2663 3784 2703 cum
3826 2663 4096 2704 consensu

2508 2736 2590 2791 sui
2616 2735 2853 2806 episcopi
2899 2735 3141 2802 audiant,
3189 2746 3247 2792 et
3276 2737 3418 2792 inter
3461 2752 3556 2793 eos
3585 2738 3845 2795 definiant
3872 2741 4094 2796 adhibiti

2509 2829 2576 2882 ab
2605 2828 2682 2880 eis
2710 2827 2968 2896 episcopi.
2993 2826 3147 2892 Quod
3169 2827 3212 2880 si
3237 2827 3376 2882 etab
3398 2829 3476 2882 eis
3499 2831 3904 2898 provocandum
3937 2842 4092 2902 puta-

2508 2920 2713 2981 verint,
2749 2934 2852 2972 non
2878 2927 3175 2987 provocent
3195 2918 3258 2972 ad
3285 2921 3636 2975 transmarina
3656 2922 3878 2990 judicia,
3908 2924 4004 2979 sed
4034 2923 4095 2977 ad

2509 3011 2766 3082 primates
2793 3027 3012 3065 suarum
3039 3012 3464 3081 provinciarum,
3495 3013 3636 3067 sicut
3660 3023 3717 3068 et
3743 3015 3810 3070 de
3829 3017 4096 3086 episcopis

2511 3118 2652 3170 saepe
2695 3112 3042 3156 COIISIL'Jllllltl
3093 3111 3192 3156 est.
3273 3103 3352 3157 Ad
3385 3106 3737 3159 transmarina
3777 3118 3961 3162 autem
4009 3111 4094 3176 qui

2511 3194 2780 3261 putaverit
2831 3193 3249 3262 appellandum,
3299 3210 3330 3248 a
3375 3196 3522 3251 nullo
3566 3199 3708 3252 intra
3747 3198 3986 3256 Africam
4029 3202 4092 3254 ad

2511 3284 2947 3342 communionem
2977 3285 3314 3355 suscipiatur.

2587 3375 2718 3430 Item
2744 3377 2932 3430 concil.
2960 3379 3241 3431 universali
3267 3379 3538 3450 Cartltag.,
3573 3382 3652 3433 tit.
3678 3380 3766 3434 73.
3804 3381 4015 3436 Placuit
4043 3392 4094 3435 ut

2505 3467 2815 3536 quicunque
2862 3467 2930 3522 ad
2980 3469 3293 3524 comitatuin
3345 3470 3423 3525 ire
3476 3472 3709 3526 voluerit
3738 3474 3788 3526 in
3844 3473 4090 3541 formata,

2509 3575 2615 3631 qua
2645 3561 2710 3615 ad
2738 3561 2885 3616 urbis
2909 3560 3096 3616 Romae
3112 3561 3408 3617 Ecclesiam
3436 3565 3683 3628 mittitur,
3712 3565 4012 3629 intimetur,
4039 3576 4095 3619 ut

2511 3655 2652 3708 unde
2678 3655 2838 3709 etiam
2867 3655 2934 3708 ad
2963 3656 3278 3710 comitatum
3326 3657 3611 3712 formatam
3641 3658 3894 3726 accipiat.
3945 3658 4093 3725 Quod

2510 3745 2556 3801 si
2587 3746 2859 3816 accipiens
2886 3745 2953 3800 ad
2983 3747 3284 3803 Romanam
3317 3751 3692 3807 tantummodo
3709 3751 4021 3818 formatam,
4044 3762 4095 3808 et

2513 3845 2696 3893 tacens
2723 3839 3101 3894 necessitatem
3130 3853 3235 3907 qua
3267 3839 3336 3893 ad
3381 3841 3699 3896 comitatum
3745 3843 3820 3897 illi
3870 3857 4096 3914 pergen-

2511 3936 2638 3989 dum
2663 3943 2746 3988 est
2777 3933 2822 3998 δ,
2864 3948 2893 3986 a
2923 3934 3307 3989 communione
3347 3944 3693 3989 removeatur
3721 3953 3735 3988 :
3759 3938 3906 4006 quod
3933 3938 3981 3990 si
4029 3937 4094 3990 ibi

2517 4025 2701 4080 Romae
2730 4025 2779 4080 ei
2813 4026 3094 4095 repentina
3126 4025 3422 4080 necessitas
3445 4035 3566 4080 orta
3595 4027 3756 4083 fuerit
3783 4030 3852 4082 ad
3878 4031 4094 4084 comita-

2515 4125 2626 4171 tinu
2658 4116 2948 4186 pergendi,
2987 4115 3184 4184 alleget
3216 4115 3359 4185 apud
3387 4116 3693 4185 episcopum
3723 4119 3874 4173 urbis
3915 4120 4093 4174 Roma:

2514 4208 2686 4278 ipsam
2713 4208 3092 4262 necessitatem
3117 4247 3132 4273 ,
3181 4217 3236 4263 et
3257 4208 3327 4262 de
3361 4209 3465 4263 hoc
3491 4209 3690 4278 scripta
3719 4210 3965 4278 ejusdem
3991 4213 4093 4267 [lo-

2513 4301 2658 4353 maui
2699 4299 2936 4368 episc0pi
2965 4298 3218 4369 perferat.
3265 4299 3530 4356 Formam
3572 4311 3751 4358 autem
3787 4318 3907 4373 qua:
3934 4322 3967 4360 a
3995 4323 4097 4375 pri-

2513 4391 2777 4458 matibus,
2826 4393 2909 4447 vel
2957 4393 3436 4463 aliquibuscuuque
3465 4394 3732 4464 episcopis
3753 4398 3964 4453 clericis
3987 4415 4098 4467 pro-

2514 4485 2648 4553 priis
2671 4486 2883 4552 dantur,
2919 4485 3154 4540 habeant
3187 4486 3328 4540 diem
3367 4485 3611 4541 Paschaa.
3665 4489 3816 4553 Quod
3854 4492 3897 4546 si
3929 4493 4098 4545 adhuc

2514 4573 2758 4642 ejusdem
2778 4574 2903 4629 anni
2924 4573 3141 4629 Pascbae
3160 4575 3275 4630 dies
3303 4576 3535 4631 incertus
3557 4585 3656 4639 est,
3682 4578 3771 4633 ille
3793 4580 4099 4647 praecedens

901 4658 1102 4716 Concil.
1128 4665 1497 4732 suprascripto,
1535 4668 1614 4721 tit.
1638 4665 1692 4722 8.
1718 4667 1876 4724 Osius
1900 4685 2188 4742 episcopus
2233 4673 2369 4729 dixit
2395 4693 2408 4730 :
2438 4641 2489 4700 υ
2517 4669 2857 4738 adiungatur,
2887 4669 3159 4738 quomodo
3197 4671 3337 4726 solut
3380 4679 3502 4740 post
3545 4641 3882 4728 consulatum
3912 4677 3968 4730 in
4003 4692 4096 4745 pu-

838 4753 1298 4827 Importunitates,
1326 4768 1382 4814 et
1408 4760 1570 4815 nimia
1591 4761 1927 4834 frequentia,
1957 4774 2012 4821 et
2037 4775 2060 4802 ⁶
2086 4767 2244 4837 justm
2274 4770 2413 4838 peti-

833 4849 1010 4907 tiones
1039 4847 1284 4906 fecerunt
1303 4867 1403 4908 nos
1429 4868 1536 4908 non
1567 4862 1769 4908 tantam
1815 4855 2018 4912 habere
2049 4859 2132 4914 vel
2162 4862 2411 4929 gratiam,

835 4939 920 4995 vel
953 4938 1199 4996 ﬁduciam
1228 4958 1243 4994 :
1275 4941 1402 4998 dum
1443 4944 1658 5012 quidam
1709 4962 1815 5002 non
1844 4957 2060 5003 cessant
2088 4951 2154 5004 ad
2186 4953 2415 5007 comita-

839 5040 952 5086 tum
983 5031 1063 5086 ire
1090 5031 1350 5104 episcopi,
1390 5042 1446 5092 et
1474 5037 1710 5092 maxime
1731 5037 1864 5104 Afri,
1908 5041 2022 5110 qui,
2054 5041 2190 5097 sicut
2218 5058 2420 5112 cogno-

839 5124 1036 5187 vimus,
1067 5126 1388 5181 sanctissimi
1415 5126 1596 5184 fratris
1629 5137 1685 5184 et
1727 5129 2033 5201 coepiscopi
2065 5133 2235 5188 nostri
2270 5134 2417 5191 Grati

839 5215 1099 5270 salutaria
1117 5218 1339 5273 consilia
1361 5228 1623 5288 spernunt
1645 5230 1810 5290 atque
1829 5231 2206 5292 contemnunt,
2225 5234 2283 5279 ut
2308 5242 2417 5281 non

842 5306 1015 5362 solum
1068 5307 1134 5361 ad
1181 5310 1495 5365 comitatum
1540 5313 1739 5368 multas
1788 5320 1843 5368 et
1885 5313 2128 5371 diversas
2170 5314 2419 5372 Ecclesia:

844 5411 954 5453 non
977 5396 1286 5468 profuturas
1316 5405 1589 5470 perferant
1626 5419 1838 5472 causas,
1895 5416 1952 5462 ut
1997 5406 2112 5464 fieri
2158 5409 2313 5476 solet,
2367 5420 2424 5464 et

843 5497 1076 5560 oportet,
1108 5501 1166 5547 ut
1203 5494 1546 5564 pauperibus,
1580 5503 1672 5552 aut
1698 5496 1894 5566 viduis,
1924 5507 2017 5552 aut
2045 5499 2260 5569 pupillis
2289 5501 2420 5555 sub-

841 5583 1122 5650 veniatur,
1153 5585 1247 5640 sed
1273 5595 1325 5641 et
1356 5587 1640 5656 dignitates
1667 5591 1972 5658 smculares,
1996 5599 2050 5645 et
2075 5592 2419 5648 administra-

844 5671 1022 5731 tiones
1049 5676 1361 5747 quibusdam
1387 5681 1678 5750 postulent.
1695 5681 1816 5736 llaec
1836 5683 2016 5752 itaque
2038 5685 2272 5754 pravitas
2295 5685 2425 5741 olim

922 5821 948 5894 ξ
979 5815 1219 5894 frtjusug,
1243 5817 1465 5894 Dionys.
1492 5820 1646 5894 AExi'g.

2516 4760 2668 4818 blicis
2696 4763 2861 4832 gestis
2887 4763 3076 4818 ascribi

2677 4902 2831 4958 CLV.
2863 4902 2943 4956 De
2971 4902 3204 4956 diaconis
3243 4900 3626 4955 atlcemitatum
3657 4903 3963 4972 dirigendis.

2593 5035 2796 5091 Concil.
2853 5036 3087 5097 Sardic.,
3139 5041 3220 5090 tit.
3269 5034 3324 5088 Si.
3371 5033 3532 5090 Osius
3577 5035 3865 5105 episcopus
3915 5037 4093 5091 dixit:

2523 5127 2639 5183 Hoc
2665 5143 2880 5197 quoque
2910 5129 3245 5198 providentia
3285 5136 3466 5183 vestra
3511 5137 3746 5184 tractare
3792 5130 3979 5195 debet,
4017 5131 4101 5199 qui

2524 5222 2837 5278 decrevistis
2866 5238 2935 5278 ne
2958 5223 3336 5292 episcoporum
3358 5222 3676 5293 improbitas
3701 5226 3926 5291 nitatur,
3959 5238 4014 5279 ut
4041 5224 4100 5276 ad

2525 5314 2838 5371 comitatum
2861 5324 3106 5386 pergant.
3148 5314 3463 5385 Quicunque
3493 5331 3623 5384 ergo
3654 5319 3841 5386 quales
3862 5320 4101 5387 superius

2525 5409 2942 5466 memoravimus
2971 5423 3160 5478 preces
3200 5409 3506 5476 habuerint,
3541 5412 3624 5464 vel
3650 5411 3981 5480 acceperint,
4014 5426 4100 5479 per

2525 5501 2812 5559 diaconum
2839 5517 2994 5557 suum
3037 5502 3270 5566 mittant,
3303 5502 3422 5570 quia
3447 5517 3678 5570 persona
3711 5502 3945 5557 ministri
3976 5504 4102 5556 invi-

2526 5593 2676 5650 diosa
2706 5609 2814 5651 non
2858 5603 2960 5659 est,
2989 5601 3044 5649 et
3085 5611 3202 5664 quae
3246 5594 3615 5664 inpetraverit
3659 5595 3888 5650 celerius
3910 5596 4101 5664 poterit

2527 5686 2756 5758 referre,
2783 5693 2843 5746 et
2886 5686 2992 5745 hoc
3018 5700 3356 5758 consequens
3378 5701 3499 5742 esse
3524 5685 3755 5754 videtur,
3785 5698 3844 5744 ut
3871 5688 3940 5744 de
3981 5703 4102 5758 qua-

918 5881 946 5922 ιι
977 5881 1133 5942 Addit
1156 5881 1559 5964 'Dionystxig.
1596 5881 1626 5949 ἴ
1649 5892 1879 5952 Voiuerit
1907 5894 2063 5953 etiam
2089 5895 2160 5952 ad
2187 5897 2486 5960 comitatum
2507 5915 2742 5974 pergere.
