4204 6540
149 427 248 486 893

1327 415 1761 475 BREVIARIUM
1800 410 2218 474 CANONICUM.

3327 421 3437 481 894

150 542 273 596 libet
302 538 583 610 provincia
610 537 852 608 episcopi
874 537 942 591 ad
977 550 1099 591 eum
1131 534 1351 589 fratrem
1378 542 1432 587 et
1456 531 1736 601 coepisco-
1766 534 1809 590 Δ
1842 527 2022 582 subito
2050 529 2227 583 adhuc
2252 529 2417 599 aliqui
2449 530 2756 588 nescientes
2785 531 2912 602 quid
2957 533 3237 593 decretum
3280 538 3350 595 sit
3382 540 3436 595 in

149 649 268 703 pum
297 642 538 687 nostrum
571 645 760 701 preces
798 629 1037 697 mittant,
1066 628 1157 698 qui
1188 628 1239 681 in
1270 623 1558 694 metropoli
1606 638 1736 679 con.

147 727 303 789 sistit,
354 732 416 780 ut
473 724 563 779 ille
610 732 665 778 et
715 722 1003 778 diaconum
1050 721 1186 790 ejus,
1220 734 1275 775 et
1313 717 1737 787 supplicationes

149 819 399 884 destinet,
476 818 720 872 tribuens
769 813 1240 871 coiinnendatitias
1296 809 1553 880 epistolas
1620 806 1737 877 pari

145 912 348 965 ratione
380 909 451 963 ad
476 908 671 963 fratres
700 916 757 963 et
776 906 1133 976 coepiscopos
1156 911 1395 969 nostros,
1424 900 1512 968 qui
1544 901 1599 954 in
1642 898 1736 952 illo

144 1013 384 1072 tempore
417 1004 469 1057 in
516 1002 598 1057 his
633 1001 942 1070 regionibus
979 1007 1034 1053 et
1061 998 1283 1052 urbibus
1330 1001 1631 1059 morantur,
1681 990 1735 1045 in

141 1098 330 1166 quibus
401 1096 531 1150 felix
593 1104 650 1150 et
706 1104 732 1131 ιι
802 1094 955 1147 Iactus
1005 1096 1278 1158 Augustus
1348 1086 1730 1157 rempublicam

141 1191 422 1257 gubernat.
469 1190 526 1243 Si
549 1203 680 1244 vero
707 1187 871 1242 habet
898 1186 1191 1255 episcopus
1218 1182 1422 1238 amicos
1450 1181 1503 1235 in
1535 1178 1734 1248 palatio

140 1284 223 1347 qui
243 1287 390 1349 cupit
414 1280 783 1350 aliquid,quod
801 1292 981 1333 tamen
1008 1278 1394 1331 honestumest
1417 1276 1729 1342 impetrare,

140 1392 240 1428 non
271 1376 623 1441 prohibentur
666 1389 760 1443 per
790 1372 1077 1425 diaconum
1109 1384 1263 1422 suum
1315 1375 1371 1422 et
1421 1379 1613 1436 rogare
1669 1380 1732 1419 ac

138 1469 440 1532 signiﬁcare
490 1469 571 1523 his
614 1484 750 1537 quos
804 1466 905 1522 scit
949 1465 1239 1532 benignam
1282 1460 1727 1515 intercessionem

138 1560 339 1614 abse..ti
374 1576 536 1630 posse
566 1569 841 1630 praestare,
868 1559 911 1613 si
941 1568 1120 1611 tamen
1150 1562 1515 1623 opportunum
1544 1550 1727 1603 fuerit.

172 1674 345 1730 CLVI.
393 1676 544 1738 Quod
575 1693 666 1743 pro
697 1673 908 1743 pupillis
938 1681 985 1725 et
1016 1670 1202 1733 viduis,
1234 1686 1295 1743 ac
1326 1668 1688 1743 necessitatem

373 1741 783 1812 patientihus'ad
810 1744 1110 1796 comitatum
1141 1741 1361 1794 eundum
1392 1741 1478 1792 sit.

205 1858 407 1913 Comil.
442 1859 691 1923 Sal-dia,
727 1861 805 1911 tit.
840 1856 924 1911 IO.
969 1855 1070 1921 Qui
1118 1870 1250 1910 vero
1294 1855 1519 1907 llornam
1561 1865 1724 1905 vene-

1841 622 2076 693 synodo,
2108 621 2329 677 veniant
2356 623 2424 678 ad
2451 624 2699 682 civitates
2724 639 2819 682 eas
2841 640 2961 694 quae
2990 626 3044 682 in
3080 627 3255 685 canah
3286 639 3431 687 sunt.

1841 713 2015 770 Debet
2037 729 2165 785 ergo
2196 715 2487 785 episcopus
2517 717 2751 773 civitatis
2773 717 2941 787 ipsius
2966 717 3262 778 admonere
3287 737 3435 791 eum,

1838 816 1897 864 et
1924 808 2215 876 instruere,
2258 816 2317 863 nt
2346 823 2415 863 ex
2445 809 2550 865 hoc
2580 809 2700 865 loco
2726 811 3016 868 diaconum
3051 825 3207 868 suum
3234 814 3434 882 mittat,

1838 900 2147 956 admonitus
2174 901 2292 972 ipse
2324 909 2503 957 tamen
2535 902 2727 957 redeat
2759 903 2813 956 in
2842 905 3157 973 parochiam
3186 920 3361 963 suam.

1840 1008 2020 1064 CLIX.
2066 1011 2311 1076 Quandiu
2353 1014 2622 1083 episcopus
2657 1014 2719 1096 in
2761 1014 2870 1069 alia
2912 1016 3115 1072 civitate
3148 1016 3329 1076 debeat
3353 1035 3435 1075 re-

2018 1146 2021 1147 ν
2526 1102 2740 1139 morari.

1911 1197 2114 1253 Concil.
2153 1198 2388 1267 Sardic.,
2419 1201 2500 1253 tit.
2535 1199 2621 1255 14.
2661 1200 2817 1259 Osius
2842 1202 3133 1274 episcopus
3161 1204 3333 1261 dixit:
3368 1208 3434 1263 Et

1836 1290 1939 1346 hoc
1967 1309 2187 1362 quoque
2213 1301 2454 1348 statuere
2481 1292 2715 1361 debetis,
2744 1303 2803 1349 ut
2830 1312 2896 1351 ex
2925 1297 3029 1351 alia
3060 1296 3282 1353 civitate
3310 1314 3431 1356 cum

1840 1386 2051 1438 venerit
2080 1385 2148 1439 ad
2178 1386 2341 1439 aliam
2367 1385 2665 1451 civitatem,
2694 1386 2777 1441 vel
2809 1402 2876 1441 ex
2903 1388 3007 1442 alia
3033 1389 3312 1458 provincia
3334 1406 3431 1446 sua

1834 1475 1902 1530 ad
1932 1478 2089 1530 aliam
2134 1476 2468 1547 provinciam
2490 1518 2504 1543 ,
2539 1487 2592 1533 et
2622 1478 2901 1533 ambitioni
2934 1482 3101 1548 magis
3138 1497 3297 1551 quam
3338 1485 3435 1538 de-

1834 1570 2039 1623 vctioni
2088 1571 2333 1626 serviens
2385 1572 2620 1626 voluerit
2670 1572 2723 1626 in
2772 1572 2949 1627 aliena
2994 1574 3214 1631 civitate
3262 1577 3432 1631 multo

1835 1668 2080 1730 tempore
2110 1663 2383 1719 resedere.
2413 1663 2579 1720 Forte
2602 1665 2745 1721 enim
2775 1667 2959 1721 evenit
2987 1669 3301 1737 episcopum
3328 1669 3431 1725 loci

1835 1767 1943 1806 non
1973 1768 2092 1808 esse
2122 1762 2231 1807 tam
2257 1755 2604 1820 instruetum,
2632 1772 2807 1826 neque
2831 1766 2937 1811 tam
2966 1758 3205 1813 doctum.
3234 1759 3282 1814 Is
3303 1776 3432 1818 vero

1836 1842 1927 1910 qui
1975 1842 2191 1897 advenit
2231 1843 2454 1913 incipiat
2482 1852 2835 1901 contemnere
2860 1863 3005 1913 eum,
3037 1856 3093 1903 et
3120 1848 3431 1918 frequenter

139 1909 267 2013 rint,
721 1909 823 2014 est,
876 1909 1215 2003 sanctissimo
1261 1942 1412 1998 fratri
1446 1951 1500 1996 et
1542 1941 1727 2010 coepi-
1759 1909 1803 1970 Β
1830 1934 2008 1990 facere
2036 1950 2364 2001 sermonem,
2397 1943 2458 1989 ut
2486 1935 2809 1992 dehonestet
2832 1946 2887 1991 et
2908 1937 3143 1994 inﬁrmet
3165 1940 3278 2008 ejus
3301 1958 3429 2011 per-

133 2057 295 2111 scopo
328 2053 521 2097 nostro
559 2043 812 2096 Romanae
852 2041 1107 2097 Ecclesia:
1143 2054 1329 2109 preces
1360 2053 1492 2107 quas
1528 2038 1726 2091 habent

132 2133 368 2198 tradant,
402 2141 460 2188 ut
492 2134 608 2203 ipse
638 2135 787 2203 prius
818 2133 1093 2187 examinet
1129 2132 1174 2186 si
1204 2132 1445 2185 honestae
1488 2139 1543 2185 ct
1566 2130 1725 2198 just-.c

130 2235 273 2289 sunt,
306 2235 365 2281 et
397 2234 618 2295 praestet
643 2225 976 2294 diligentiam
1008 2233 1173 2293 atque
1199 2222 1636 2283 sollicitudinem,
1672 2228 1728 2274 ut

131 2318 193 2372 ad
216 2319 537 2373 comitatum
566 2320 926 2387 perferantur.
959 2314 1204 2370 Universi
1231 2315 1489 2369 dixerunt
1513 2312 1726 2380 placere

129 2407 247 2473 sibi,
281 2418 337 2463 et
367 2411 653 2463 honestum
682 2424 803 2463 esse
830 2407 1137 2463 consilium.
1184 2406 1392 2475 Alipius
1433 2404 1724 2473 episcopus

129 2496 262 2553 dixit
291 2517 305 2553 :
338 2499 399 2553 Si
423 2509 646 2569 propter
672 2500 925 2569 pupillos,
960 2499 1147 2554 VltltlaS
1174 2498 1261 2553 vel
1292 2498 1604 2552 laborantes
1634 2495 1724 2563 qui

126 2607 316 2647 causas
348 2591 377 2632 ι)
410 2610 517 2647 non
554 2594 763 2663 iniquas
795 2594 1014 2657 habent,
1043 2593 1380 2662 susceperint
1409 2593 1722 2661 peregrina-

130 2686 289 2742 tionis
316 2688 686 2755 incommoda,
729 2688 1005 2743 habebunt
1043 2686 1248 2758 aliquid
1294 2684 1540 2740 rationis.
1576 2684 1725 2741 Nunc

122 2792 251 2832 vero
297 2794 425 2833 cum
469 2793 533 2833 ea
564 2777 843 2849 postulent
874 2778 1164 2847 praecipue,
1195 2792 1317 2847 quae
1366 2775 1484 2831 sine
1528 2775 1723 2830 invidia

122 2869 403 2925 hominum
453 2881 509 2927 et
537 2871 656 2926 sine
684 2872 1110 2941 reprehensione
1145 2885 1264 2925 esse
1307 2886 1416 2925 non
1464 2877 1721 2939 possunt,

119 2976 226 3017 non
258 2977 488 3019 necesse
519 2973 602 3018 est
628 2963 805 3032 ipsum
839 2962 918 3018 ire
948 2962 1013 3017 ad
1045 2961 1381 3017 comitatum.

119 3073 319 3131 CLVII.
368 3075 443 3132 Ut
470 3078 555 3147 qui
594 3077 648 3130 in
675 3075 848 3129 canali
877 3084 994 3128 sunt
1038 3073 1284 3147 episcopi,
1312 3080 1487 3126 euntes
1532 3070 1602 3126 ad
1630 3086 1720 3125 co-

514 3149 752 3200 mitatum
781 3146 1000 3201 sollicite
1030 3145 1330 3197 discutiant.

186 3257 390 3313 Concil.
425 3257 614 3325 Sard.,
646 3258 725 3311 tit.
762 3255 852 3311 II.
879 3253 1211 3310 Gaudentius
1232 3253 1518 3324 episcopus
1541 3252 1711 3307 dixit:
1748 3285 1793 3348 ρ

119 3354 186 3408 lia
216 3369 341 3424 qua:
372 3353 664 3410 salubriter
695 3351 1003 3421 providistis
1031 3348 1431 3415 convenientia,
1459 3354 1514 3401 et
1558 3347 1716 3403 msti-

119 3444 345 3500 mationi
388 3444 634 3499 omnium
676 3452 732 3497 et
762 3443 872 3496 Deo
920 3441 1187 3510 placitura
1217 3448 1407 3494 tenere
1454 3440 1717 3494 hactenus

118 3536 439 3589 ﬁrmitatem
466 3542 716 3605 possunt,
746 3533 793 3588 si
823 3542 999 3587 metus
1027 3531 1151 3586 huic
1177 3530 1459 3587 sententia:
1488 3528 1715 3597 conjun-

115 3634 292 3695 gatur.
330 3625 550 3681 Scimus
585 3625 729 3679 enim
775 3631 830 3678 et
859 3622 961 3692 ipsi
1005 3621 1297 3692 saepissime
1336 3628 1556 3691 propter
1583 3634 1715 3689 pau-

114 3732 299 3772 corum
351 3714 774 3786 imprudentiam
806 3714 1116 3783 religiosum
1148 3711 1486 3767 sacerdotale
1514 3725 1709 3767 nomen

115 3806 284 3864 fuisse
311 3807 730 3879 reprehensum.
763 3805 819 3861 Si
851 3806 1011 3875 igitur
1040 3804 1231 3872 aliquis
1260 3812 1449 3858 contra
1477 3803 1714 3858 omnium

112 3900 445 3954 sententiam
496 3899 644 3954 nisus
694 3898 927 3954 voluerit
974 3895 1255 3952 ambitioni
1301 3895 1472 3965 magis
1502 3895 1717 3965 placere

112 4006 270 4061 quam
325 3992 468 4060 Deo,
502 3992 548 4046 is
576 3990 738 4046 debet
772 3990 941 4057 scire,
972 3988 1151 4044 causis
1181 3987 1421 4053 redditis,
1451 3988 1715 4044 honorem

113 4082 551 4150 dignitatemque
610 4096 668 4135 se
725 4080 1047 4134 amissurum
1102 4096 1113 4131 :
1162 4078 1306 4147 quod
1362 4078 1435 4132 ita
1497 4077 1711 4133 demum

112 4173 379 4246 compleri
412 4172 635 4244 poterit,
680 4172 724 4226 si
770 4171 1138 4240 unusquisque
1168 4180 1412 4225 nostrum
1457 4169 1508 4224 in
1538 4169 1712 4225 canali

114 4273 453 4326 constitutus
489 4276 605 4334 est,
650 4282 774 4322 cum
806 4264 1244 4336 progredientem
1283 4263 1593 4333 episcOpum
1636 4262 1715 4315 vi-

115 4364 276 4428 derit,
330 4362 577 4431 inquirat
626 4360 908 4415 transitum
955 4358 1092 4428 ejus,
1125 4373 1314 4413 causas
1360 4357 1561 4423 videat,
1608 4372 1714 4427 quo

111 4456 307 4510 tendat
338 4460 629 4524 agnoscat,
659 4460 715 4507 et
741 4453 786 4507 si
814 4450 1034 4520 quidem
1086 4466 1209 4506 eum
1252 4450 1518 4506 invenerit
1548 4450 1625 4505 ire
1648 4450 1714 4505 ad

108 4548 432 4602 comitatum
466 4555 489 4585 ο
517 4545 779 4619 [requirat
803 4552 856 4599 et
878 4544 1005 4600 illud
1032 4546 1172 4614 quod
1194 4545 1443 4614 superius
1467 4560 1716 4614 compre-

112 4642 340 4698 hensum
373 4648 483 4709 est,
511 4654 577 4694 ne
600 4638 740 4694 forte
763 4638 1018 4693 invitatus
1045 4644 1127 4691 est
1148 4644 1210 4691 ut
1230 4636 1279 4690 ei
1306 4636 1531 4692 facultas
1553 4636 1713 4692 eundi

110 4738 486 4809 permittatur.
519 4734 575 4789 Si
606 4748 760 4801 vero,
793 4741 847 4789 ut
878 4732 1129 4802 superius
1162 4732 1484 4787 memoravit
1512 4733 1713 4789 sancti-

110 4838 188 4883 tas
220 4837 437 4893 vestra,
486 4832 712 4895 propter
743 4823 1008 4879 desideria
1040 4834 1095 4879 et
1138 4823 1480 4888 ambitiones,
1512 4822 1579 4876 ad
1619 4839 1711 4878 co-

107 4918 386 4992 mitatum]
440 4926 651 4989 pergat,
689 4932 789 4972 nec
833 4917 887 4971 in
933 4916 1123 4971 litteris
1170 4916 1284 4984 ejus
1324 4916 1708 4983 subscribatnr,

106 5031 279 5084 neque
310 5015 369 5069 in
402 5013 848 5069 communionem
892 5009 1205 5079 recipiatur.
1239 5008 1296 5064 Si
1333 5010 1480 5063 vobis
1510 5008 1707 5079 placet,

107 5108 350 5163 omnium
401 5101 676 5161 sententia
707 5100 1014 5157 confirmari
1061 5101 1242 5155 debet.
1286 5098 1531 5155 Universi
1561 5100 1710 5154 dixe-

108 5212 229 5253 runt
266 5199 570 5255 honestum
622 5209 745 5251 esse
785 5201 838 5250 et
867 5193 1082 5265 placere
1120 5194 1220 5249 sibi
1260 5192 1400 5248 hanc
1448 5193 1711 5248 constitu-

110 5292 331 5347 tionem.

109 5405 330 5461 CLVIII.
377 5402 461 5457 De
490 5402 567 5455 his
598 5401 685 5470 qui
712 5400 980 5483 ignorant,
1011 5398 1133 5469 quid
1162 5399 1229 5452 sit
1268 5398 1321 5451 in
1350 5394 1550 5468 synodo
1583 5412 1709 5450 con-

784 5480 1036 5527 uitulum.

176 5591 386 5649 Concit.
417 5589 610 5654 Sard.,
638 5587 719 5641 tit.
754 5585 840 5639 1'2.
884 5588 1041 5639 USIUS
1069 5597 1359 5653 episcopus
1384 5580 1519 5636 dixit
1554 5598 1565 5634 :
1599 5578 1708 5636 Sed

108 5691 164 5741 et
197 5681 512 5740 moderatio
545 5679 851 5733 necessaria
883 5684 985 5742 est,
1014 5672 1344 5732 diIeCtissimi
1390 5674 1606 5742 Iratres,
1639 5686 1707 5728 ne

179 5842 201 5866 ίι
228 5829 448 5897 Beatus,
466 5827 687 5895 Dionvs.
720 5825 874 5894 Exig.

178 5901 206 5943 δ
246 5900 377 5959 Νοη
410 5894 568 5959 deest
597 5899 651 5956 in
678 5898 897 5974 Dionys.
927 5894 1084 5971 Exig.

1746 4596 1793 4659 D

1829 2042 2039 2093 sonam,
2086 2028 2161 2080 ita
2198 2035 2256 2081 ut
2286 2041 2359 2081 ex
2399 2028 2503 2082 hac
2531 2029 2818 2085 occasione
2860 2045 2968 2085 non
3014 2030 3219 2085 dubitet
3261 2033 3428 2087 relin-

1828 2138 1996 2193 quere
2027 2122 2355 2191 assignatam
2385 2123 2487 2179 sibi
2514 2125 2825 2194 ecclesiam,
2858 2135 2915 2181 et
2940 2134 3184 2182 transeat
3206 2127 3271 2180 ad
3301 2125 3432 2180 alie-

1830 2231 1973 2270 nam.
2012 2216 2242 2271 Delinite
2272 2232 2401 2287 ergo
2440 2225 2674 2289 tempus,
2709 2220 2835 2290 quia
2879 2228 2935 2274 et
2964 2236 3073 2275 non
3108 2219 3277 2290 recipi
3308 2218 3428 2289 epi-

1827 2323 2052 2377 scopum
2082 2308 2434 2365 inlmmanum
2465 2319 2569 2379 est,
2601 2319 2657 2366 et
2686 2311 2730 2365 si
2746 2312 2946 2368 diutius
2974 2313 3221 2369 resedeat
3244 2313 3427 2384 perni-

1826 2398 2054 2453 ciosum.
2093 2400 2205 2455 lloc
2235 2414 2364 2470 ergo
2408 2416 2477 2457 ne
2517 2401 2612 2456 Iiat
2641 2402 3031 2472 providendum
3068 2412 3172 2460 est.
3206 2404 3426 2459 Memini

1826 2497 2007 2544 autem
2041 2492 2302 2560 superiori
2327 2493 2560 2548 concilio
2586 2494 2782 2549 fratres
2803 2504 3023 2551 nostros
3051 2495 3420 2562 constituisse,

1826 2590 1886 2637 ut
1913 2584 1956 2637 si
1984 2585 2104 2651 quis
2132 2584 2302 2639 laicus
2351 2585 2406 2639 in
2453 2600 2518 2641 ea
2563 2586 2619 2639 in
2664 2600 2769 2654 qua
2798 2597 3165 2642 commoratur
3204 2588 3423 2643 civitate

1826 2680 1937 2728 tres
1966 2672 2274 2731 Dominieos
2302 2676 2441 2742 dies,
2476 2675 2529 2732 id
2553 2685 2655 2743 est,
2681 2692 2776 2747 per
2800 2686 2910 2734 tres
2930 2680 3281 2751 septimanas,
3312 2694 3424 2735 non

1825 2766 2162 2823 celebrasset
2187 2778 2544 2837 conventum,
2588 2772 2970 2826 communione
2999 2772 3326 2842 privaretur.
3361 2772 3421 2829 Si

1823 2854 1939 2912 haec
1966 2858 2109 2914 circa
2143 2859 2312 2915 laicos
2354 2862 2645 2917 constituta
2692 2871 2837 2929 sunt,
2873 2864 3043 2918 multo
3084 2881 3134 2918 m
3173 2866 3254 2933 gis
3297 2866 3417 2935 epi-

1823 2963 1990 3019 scopo
2037 2966 2135 3006 nec
2168 2952 2316 3019 licet,
2370 2970 2472 3009 nec
2516 2953 2694 3023 decet,
2741 2956 2785 3009 si
2818 2957 2963 3011 nulla
2994 2956 3063 3011 sit
3093 2966 3199 3012 tam
3243 2957 3421 3026 gravis

1823 3041 2120 3097 necessitas
2163 3056 2283 3112 qua:
2311 3044 2569 3114 detineat,
2601 3055 2661 3100 ut
2707 3046 2936 3116 amplius
2980 3063 3011 3102 a
3049 3050 3420 3121 suprascripto

1823 3139 2070 3201 tempore
2099 3136 2294 3190 absens
2320 3136 2391 3191 sit
2431 3137 2498 3191 ab
2534 3137 2764 3194 ecclesia
2803 3153 2924 3193 sua.
2977 3138 3222 3196 Universi
3262 3141 3416 3200 dixe-

1822 3232 1951 3277 runt
1978 3224 2190 3292 placere
2218 3226 2341 3282 sibi.

1826 3331 1926 3398 Qui
1957 3351 2074 3391 vero
2120 3338 2486 3401 persecutionis
2528 3347 2755 3409 tempore
2782 3342 2838 3393 in
2885 3341 3059 3395 aliena
3102 3342 3307 3399 ciuitate
3332 3359 3418 3400 rc-

2078 3410 2273 3463 morari
2302 3409 2591 3475 uoluerint,
2628 3426 2733 3464 non
2771 3411 3161 3481 prohibeantur.

1892 3519 2090 3574 Concit.
2145 3518 2380 3585 Sardic.,
2437 3521 2516 3574 tit.
2565 3519 2656 3576 2|.
2706 3522 2864 3578 Osius
2906 3524 3195 3596 episcopus
3236 3524 3414 3582 dixit:

1820 3608 2157 3680 Suggerente
2205 3610 2374 3667 fratre
2427 3621 2483 3668 et
2534 3614 2861 3686 coepiscopo
2907 3626 3094 3673 nostro
3143 3618 3415 3691 Olympio,

1820 3704 1981 3759 etiam
2008 3705 2112 3760 hoc
2139 3704 2365 3775 placuit,
2394 3714 2451 3761 ut
2475 3706 2519 3761 si
2547 3708 2740 3776 aliquis
2771 3709 2878 3764 vim
2906 3725 3197 3781 perpessus
3225 3723 3327 3781 est,
3360 3720 3417 3770 et

1822 3796 2006 3866 inique
2047 3798 2303 3866 expulsus
2344 3815 2444 3867 pro
2478 3799 2759 3870 disciplina
2788 3811 2844 3857 et
2886 3803 3154 3861 catholica
3197 3806 3415 3863 confes-

1824 3889 2004 3958 sione,
2028 3889 2112 3945 vel
2137 3906 2235 3960 pro
2249 3891 2565 3948 defensione
2586 3894 2848 3961 veritatis,
2869 3894 3129 3966 effugiens
3151 3900 3413 3969 pericula,

1822 3981 2083 4037 innocens
2114 3991 2169 4038 et
2196 3982 2426 4038 devotus
2453 3984 2521 4039 ad
2551 3986 2714 4041 aliam
2741 3988 2951 4043 venerit
2978 3989 3275 4059 civitatem,
3300 4006 3411 4048 non

1822 4071 2183 4141 prohibeatur
2232 4074 2553 4141 immorari,
2604 4078 2841 4145 quandiu
2870 4087 2966 4133 aut
3002 4082 3178 4136 redire
3219 4083 3414 4153 possit,

1818 4174 1913 4220 aut
1955 4166 2149 4235 injuria
2195 4167 2312 4235 ejus
2357 4169 2655 4223 remedium
2687 4172 3003 4241 acceperit,
3047 4173 3173 4243 quia
3218 4174 3413 4229 durum

1818 4264 1922 4322 est,
1946 4271 2067 4311 eum
2091 4256 2179 4326 qui
2207 4259 2641 4325 persecutionem
2670 4261 2874 4330 patitur
2901 4277 3010 4319 non
3032 4265 3221 4335 recipi,
3245 4266 3413 4323 etiam

1818 4355 1874 4401 et
1913 4347 2060 4416 larga
2104 4348 2523 4421 benevolentia,
2569 4362 2625 4409 et
2670 4353 2977 4412 humanitas
3024 4356 3076 4413 ei
3110 4358 3412 4417 exhibenda

1817 4448 1919 4494 εει.

1857 4550 2018 4608 CLX.
2062 4551 2213 4618 Quod
2240 4572 2345 4634 non
2374 4556 2528 4634 liceat
2563 4558 2800 4634 episcopo
2830 4575 2988 4634 a_sua
3011 4560 3226 4617 ecclesia
3263 4563 3378 4634 plus

2200 4627 2360 4682 tribus
2396 4627 2801 4684 hebdomadibus
2832 4628 3029 4687 abesse.

1889 4738 2089 4795 Concil.
2133 4740 2382 4807 Sardic.,
2442 4742 2524 4797 tit.
2573 4741 2661 4797 I5.
2706 4742 2863 4799 Osius
2906 4746 3190 4817 episcopus
3232 4747 3407 4804 dixit:

1817 4830 1952 4897 Quia
1988 4832 2123 4886 nihil
2154 4831 2492 4901 praetermitti
2517 4842 2759 4904 oportet,
2786 4844 2914 4892 sunt
2938 4838 3157 4907 quidam
3191 4838 3409 4911 Iratres,

1815 4932 1870 4981 et
1900 4924 2209 4994 coepiscopi
2254 4924 2445 4991 nostri,
2477 4925 2568 4994 qui
2599 4941 2706 4981 non
2746 4926 2800 4982 in
2835 4943 2899 4983 ea
2949 4928 3168 4986 civitate
3206 4930 3261 4985 in
3300 4946 3407 5000 qua

1814 5018 2064 5072 videntur
2105 5017 2348 5087 episcopi
2375 5032 2502 5075 esse
2533 5020 2839 5086 constituti,
2872 5020 2958 5076 vel
2989 5031 3139 5078 certe
3184 5037 3408 5093 parvam

1815 5122 1931 5164 rem
1957 5107 2065 5163 illic
2094 5108 2363 5175 habeant;
2396 5109 2525 5165 alibi
2556 5120 2735 5183 autem
2767 5112 2964 5168 idonea
2995 5113 3194 5184 praedia
3222 5114 3408 5171 haberi

1816 5206 2238 5268 cognoscuntur,
2288 5198 2376 5255 vel
2422 5198 2764 5257 aﬂ'ectionem
2796 5203 3170 5272 proximorum
3211 5206 3407 5274 quibus

1812 5292 2144 5362 indulgeant,
2198 5293 2467 5351 hactenus
2516 5296 2757 5365 permitti
2807 5298 2885 5353 eis
2922 5306 3140 5369 oportet
3168 5307 3228 5354 ut
3248 5312 3407 5355 acce-

1813 5385 1944 5439 dant
1972 5387 2040 5440 ad
2070 5387 2444 5456 possessiones
2470 5402 2615 5455 suas,
2644 5397 2701 5445 et
2728 5388 3018 5461 disponant
3038 5390 3127 5445 vel
3148 5391 3404 5448 ordinent

1812 5477 2044 5533 fructum
2076 5478 2277 5535 laboris
2306 5479 2412 5547 sui,
2446 5487 2503 5535 ut
2547 5489 2672 5551 post
2713 5490 2822 5538 tres
2852 5481 3187 5551 Dominicos,
3217 5482 3271 5538 id
3292 5489 3397 5548 est,

1813 5582 1936 5645 post
1959 5583 2068 5631 tres
2096 5573 2490 5643 hebdomadas,
2519 5575 2565 5633 si
2589 5576 2789 5633 morari
2816 5590 3041 5634 necesse
3064 5584 3169 5643 est,
3195 5575 3251 5632 in
3288 5575 3402 5631 suis

1809 5668 1993 5739 potius
2022 5666 2200 5722 fundis
2231 5677 2532 5724 morentur.
2563 5666 2670 5723 Aut
2717 5668 2763 5725 si
2792 5678 2876 5726 est
2919 5669 3166 5741 proxima
3204 5666 3399 5726 civim

1886 5839 1907 5867 ο
1946 5823 2074 5882 Ηωο
2101 5822 2298 5882 desunt
2322 5824 2377 5882 in
2406 5824 2508 5883 Ms.
2539 5824 2759 5884 Codice.
