4204 6574
710 476 713 479 ’
790 490 893 549 895

788 610 840 664 in
871 621 979 678 qua
1005 610 1086 658 est
1114 599 1412 672 presbyter,
1436 604 1505 646 ne
1532 587 1649 646 sine
1670 580 1896 642 ecclesia
1920 576 2166 633 videatur
2191 574 2369 625 Iacere
2395 564 2451 624 Δ

788 669 931 756 diem
966 669 1325 759 Domi—nicum,
1356 689 1483 745 iiluc
1511 683 1753 747 accedat,
1787 686 1846 734 ut
1876 690 2051 745 neque
2079 688 2166 728 res
2189 669 2379 724 dome-

789 792 939 847 stica:
973 798 995 825 ⁸
1024 786 1269 842 absentia
1295 781 1413 851 ejus
1434 778 1818 835 detrimentum
1844 769 2164 828 sustineant,
2192 770 2245 817 et
2272 774 2377 814 non

788 884 1103 953 frequenter
1140 874 1409 933 veniendo
1441 872 1506 926 ad
1539 869 1835 931 civitatem,
1870 864 1923 917 in
1954 876 2059 931 qua
2098 857 2384 926 episcopus

791 949 1053 1040 moratur,
1084 970 1449 1042 suspicionem
1475 962 1768 1034 jactantiaz,
1814 966 1869 1013 et
1914 949 2224 1009 ambitionis
2255 963 2383 1003 eva-

792 1069 907 1126 dat.
943 1064 1187 1123 Universi
1217 1062 1467 1117 dixerunt
1493 1056 1711 1127 placere
1740 1050 1859 1108 sibi.

827 1178 1008 1235 CLXI.
1050 1176 1129 1233 De
1153 1178 1232 1229 his
1270 1174 1355 1244 qui
1386 1187 1479 1241 pro
1520 1167 1730 1244 diversis
1759 1162 1947 1219 erratis
1976 1156 2346 1231 pazniludinem

1331 1243 1601 1315 fert'etttius
1631 1243 1836 1308 gerunt.

873 1344 1074 1401 Coucil.
1107 1340 1353 1404 Laodic.,
1383 1339 1460 1391 tit.
1484 1337 1540 1390 2.
1572 1334 1643 1386 Ile
1678 1329 1759 1385 his
1787 1328 1879 1398 qui
1910 1322 2139 1382 diversis
2179 1319 2385 1375 facinoo

796 1440 943 1497 ribus
972 1443 1351 1509 peccaverunt,
1377 1440 1431 1486 et
1452 1433 1867 1500 perseverantes
1907 1422 1959 1474 in
1988 1417 2236 1473 oratione
2256 1428 2387 1467 con-

798 1535 1071 1601 fessionis,
1105 1541 1159 1587 et
1203 1524 1534 1600 poenitentia:
1577 1518 1984 1577 conversionem
2026 1527 2056 1565 a
2100 1509 2252 1564 malis
2295 1508 2391 1559 ha-

800 1629 973 1685 buere
1015 1626 1331 1697 perfectam,
1381 1635 1481 1688 pro
1512 1614 1775 1684 qualitate
1804 1605 2010 1670 delicti,
2044 1603 2239 1657 talibus
2276 1613 2392 1669 pm.-

802 1694 1040 1777 nitentic
1083 1726 1297 1785 tempus
1335 1713 1655 1781 impensum,
1701 1713 1925 1774 propter
1958 1694 2297 1755 clementiam
2340 1699 2396 1746 et

802 1814 1097 1869 bonitatem
1126 1809 1221 1864 Dei
1253 1802 1563 1862 communio
1590 1797 1943 1855 concedatur.

1109 1920 1311 1979 CLXII.
1353 1919 1433 1973 De
1465 1928 1690 1987 tempore
1719 1908 2089 1968 ordinationis.

879 2044 1075 2101 Conril.
1105 2039 1346 2103 Laodic.,
1375 2036 1507 2090 titul.
1540 2034 1593 2088 4.
1636 2031 1789 2099 Quod
1815 2045 1921 2084 non
1963 2030 2217 2095 oporteat
2246 2018 2389 2076 ordi-

808 2136 1056 2191 nationes
1085 2134 1187 2188 sub
1220 2134 1513 2193 conspectu
1545 2123 1876 2179 audientium
1906 2116 2191 2174 celebrari.

881 2245 1106 2305 CLXIII.
1144 2241 1268 2298 Non
1299 2255 1585 2361 congruat:
1606 2236 1926 2316 presbyteros
1952 2231 2003 2282 in
2027 2225 2330 2282 mulieribus

1472 2328 1528 2361 or
1572 2324 1725 2361 tuan.

1472 2324 1725 2364 oratuarn

884 2414 1089 2470 Conril.
1126 2411 1373 2475 Laodic.,
1408 2408 1487 2461 tit.
1520 2405 1607 2459 Il.
1660 2400 1816 2469 Quod
1860 2415 1969 2455 non
2016 2402 2268 2467 oporteat
2314 2407 2408 2448 eas

812 2520 935 2578 quae
964 2504 1216 2560 dicuntur
1244 2502 1594 2572 presbyterio,
1628 2494 1713 2551 vel
1742 2491 2121 2564 praesidentes,
2150 2488 2206 2543 in
2236 2484 2407 2542 eccle-

814 2599 895 2653 sia
924 2595 1181 2651 ordinari.

816 2707 1047 2763 CLXIV.
1089 2707 1299 2762 Iudicio
1338 2702 1685 2826 multilidtdli’nis
1731 2700 2113 2756 ordinationem
2165 2697 2279 2767 ﬁeri
2308 2710 2411 2749 non

1550 2791 1578 2826 e
1608 2790 1711 2826 ere.

1550 2790 1711 2827 eoere.

892 2872 1092 2927 Concil.
1132 2868 1318 2933 Laod.,
1348 2869 1427 2921 tit.
1454 2866 1543 2923 15.
1576 2864 1731 2931 Quod
1761 2878 1869 2919 non
1898 2864 1969 2918 sit
1996 2859 2412 2932 permittendum

825 2962 995 3017 turbis
1026 2960 1319 3015 electiones
1346 2970 1535 3012 eorum
1568 2955 1768 3019 facere,
1800 2954 1889 3024 qui
1918 2960 2046 3008 sunt
2069 2950 2137 3006 ad
2164 2949 2416 3007 sacerdo-

824 3055 959 3109 tium
990 3051 1366 3122 promovendi.

989 3166 1137 3229 Quod
1158 3162 1421 3217 docendus
1449 3163 1515 3216 sit
1542 3167 1781 3231 papulas,
1812 3174 1915 3213 non
1944 3156 2251 3227 sequendus.

898 3276 983 3332 Ea;
1016 3278 1233 3331 decretis
1268 3291 1419 3346 papa
1459 3273 1749 3337 Caelestini,
1783 3271 1863 3323 tit.
1893 3268 1983 3322 22.
2025 3265 2307 3323 Docendus
2335 3273 2422 3321 est

830 3373 1083 3445 populus,
1135 3386 1244 3425 non
1290 3368 1639 3437 sequendus;
1688 3380 1912 3435 nosque,
1942 3365 1985 3420 si
2016 3364 2284 3429 nesciunt,
2332 3374 2426 3416 eos

830 3464 959 3535 quid
1008 3463 1170 3516 liceat
1200 3460 1396 3530 quidve
1434 3475 1541 3513 non
1585 3458 1743 3511 liceat
1771 3468 2139 3519 commonere,
2188 3468 2296 3507 non
2343 3450 2427 3505 his

830 3571 1153 3616 consensum
1182 3555 1446 3624 praebere,
1471 3550 1748 3607 debemus.
1775 3548 2028 3618 Quisquis
2049 3561 2179 3601 vero
2202 3552 2428 3598 conatus

830 3651 996 3707 fuerit
1026 3658 1235 3707 tentare
1257 3647 1551 3718 prohibita,
1595 3645 1792 3700 sentiet
1815 3657 2099 3699 censuram
2128 3640 2272 3695 sedis
2294 3652 2429 3705 apo-

835 3742 1043 3798 stolica:
1073 3741 1297 3795 minime
1327 3736 1655 3793 defuturam.
1684 3734 1813 3802 Qua:
1844 3736 1987 3792 enim
2030 3734 2145 3788 sola
2185 3732 2430 3787 admoni-

837 3837 1005 3893 tionis
1034 3835 1361 3890 auctoritate
1388 3848 1496 3888 non
1541 3830 1880 3900 corrigimus,
1927 3841 2152 3884 necesse
2196 3834 2278 3880 est
2335 3838 2434 3896 per

850 3929 1196 3986 severitatem
1225 3934 1612 3995 congruentem
1637 3923 1839 3989 regulis
1867 3921 1893 3959 ι’
1923 3919 2249 3976 vindicetur.

843 4043 912 4101 Et
937 4050 1190 4116 quodnon
1209 4042 1501 4116 conueniat,
1527 4039 1829 4116 contemptis
1854 4036 2055 4116 clericis
2078 4035 2435 4102 ecclesiarum,

940 4107 961 4193 λ’
1220 4114 1284 4166 de
1311 4113 1459 4165 laicis
1489 4112 1786 4180 episcopum
1815 4107 2072 4162 ordinari.

914 4226 1001 4282 Ea:
1050 4228 1265 4281 decretis
1315 4241 1465 4295 papa:
1514 4222 1798 4288 Caelestini,
1841 4222 1921 4274 lit.
1968 4219 2064 4273 21.
2123 4217 2439 4273 Audivimus

846 4321 1109 4392 quasdam
1140 4317 1375 4390 propriis
1405 4316 1693 4372 destitutas
1717 4314 2021 4369 rectoribus
2057 4313 2303 4367 civitates
2327 4311 2442 4381 epi-

848 4430 1049 4484 scopos
1079 4414 1181 4467 sibi
1210 4420 1398 4481 petere
1426 4410 1564 4465 velle
1600 4408 1668 4463 de
1711 4406 1880 4473 laicis,
1926 4414 2240 4472 tantumque
2289 4402 2439 4460 fasti-

853 4509 998 4577 gium
1021 4515 1128 4561 tam
1156 4505 1258 4559 vile
1276 4503 1600 4571 credere,ut
1628 4502 1731 4556 hoc
1756 4501 1820 4555 iis
1835 4499 1929 4569 qui
1959 4514 2065 4553 non
2096 4497 2206 4552 Deo
2230 4497 2325 4552 sed
2346 4512 2443 4551 sa:-

808 4656 811 4658 _
852 4600 975 4655 culo
1002 4597 1373 4661 militaverint,
1396 4596 1664 4650 mstiment
1702 4609 1801 4649 nos
1826 4608 1987 4665 posse
2018 4590 2268 4649 conferre
2292 4630 2308 4656 ,
2337 4606 2445 4646 non

854 4693 1031 4747 solum
1061 4692 1202 4745 male
1232 4692 1299 4745 de
1327 4690 1438 4744 suis
1466 4689 1696 4751 clericis,
1731 4688 1782 4742 in
1810 4702 2041 4756 quorum
2070 4694 2444 4755 contemptum

857 4788 960 4841 hoc
994 4786 1212 4850 faciunt,
1240 4783 1564 4851 judicantes,
1610 4783 1702 4835 sed
1734 4782 1800 4836 de
1827 4782 1984 4837 nobis
2024 4783 2278 4853 pessime,
2311 4796 2446 4852 quos

860 4874 1087 4931 credunt
1118 4876 1219 4929 hoc
1260 4888 1421 4943 posse
1467 4874 1667 4937 facere,
1712 4874 2009 4929 sentientes
2053 4891 2065 4927 :
2113 4874 2258 4945 quod
2304 4889 2444 4927 nun-

862 4981 1022 5036 quam
1049 4965 1331 5026 auderent.
1361 4965 1406 5020 si
1438 4981 1545 5020 non
1583 4965 1935 5033 quorumdam
1981 4964 2180 5021 illicitis
2221 4980 2448 5021 consen-

864 5058 1004 5111 tiens
1028 5058 1291 5110 sententia
1324 5056 1661 5112 conniveret.
1692 5057 1763 5109 Ita
1795 5055 1926 5109 nihil
1972 5071 2089 5125 qua:
2121 5056 2451 5126 frequentius

866 5156 989 5203 sunt
1028 5148 1247 5202 decreta
1291 5150 1580 5217 proﬁciunt
1610 5156 1670 5201 ut
1717 5148 1820 5200 hoc
1867 5148 2019 5216 quasi
2070 5165 2340 5219 nunquam
2384 5148 2454 5204 de

868 5239 971 5294 hac
1003 5248 1159 5309 parte
1189 5241 1444 5307 scriptum
1473 5240 1657 5303 fuerit,
1705 5240 2005 5307 ignoretur.
2039 5240 2179 5306 Quid
2214 5241 2455 5311 proderit

872 5345 970 5399 per
997 5330 1206 5399 singula
1239 5332 1464 5386 clericos
1513 5331 1781 5403 stipendia
1818 5333 2096 5398 militasse,
2137 5342 2191 5386 et
2239 5348 2455 5388 omnem

878 5422 1052 5490 egisse
1081 5424 1134 5476 iu
1167 5423 1453 5478 dominicis
1493 5426 1685 5479 castris
1724 5433 1959 5502 aetatem,
1992 5426 2035 5480 si
2064 5426 2155 5495 qui
2203 5427 2285 5481 his
2316 5444 2456 5498 pra:-

879 5514 1045 5569 futuri
1086 5526 1211 5570 sunt
1239 5533 1305 5571 ex
1337 5518 1486 5573 Iaicis
1530 5519 1895 5587 requiruntur,
1942 5520 2033 5587 qui
2062 5530 2319 5575 vacantes
2359 5536 2459 5576 sa:-

881 5608 1028 5673 culo,
1061 5618 1118 5663 et
1146 5624 1357 5664 omnem
1388 5611 1813 5666 ecclesiasticum
1844 5610 2090 5666 ordinem
2125 5613 2425 5668 nescientes
2447 5656 2461 5679 ,

879 5701 1017 5757 saltu
1046 5716 1392 5772 praepropero
1426 5704 1476 5756 in
1506 5705 1741 5758 alienum
1774 5703 2039 5760 honorem
2068 5702 2313 5759 ambiunt
2357 5705 2462 5760 im-

958 5864 979 5930 f
1027 5855 1125 5930 I_’_er
1152 5860 1454 5930 absentiam,
1491 5859 1644 5930 Diog.
1676 5860 1826 5930 Exig.

960 5926 983 5964 δ
1037 5925 1377 5997 Vindiremtts,
1411 5932 1565 5989 Dion.
1596 5928 1744 6000 Ειίε.

1889 455 2228 521 CRISCONII
2268 443 2591 509 AFRICANI
2631 444 2936 502 EPISCOPI

2475 561 2750 617 moderata
2792 556 3086 629 cupiditate
3128 552 3532 618 transcendere,
3580 561 3636 607 et
3665 552 3720 607 in
3752 550 3902 605 aliud
3950 551 4070 605 vitae

3971 430 4074 486 896

2486 670 2654 725 genus
2712 651 2918 707 calcata
2973 646 3276 704 reverentia
3334 643 3715 701 ecclesiastica:
3774 640 4079 710 disciplinas

2486 745 2759 800 transire?
2782 742 3002 797 Talibus
3024 741 3228 809 itaque,
3253 740 3447 793 fratres
3470 735 3799 795 charissimi,
3832 734 3927 804 qui
3950 732 4082 802 juris

2487 840 2677 900 nostri,
2718 838 2768 892 id
2799 845 2881 892 est
2911 850 3179 890 canonum
3208 832 3572 901 gubernacula
3596 828 3965 892 custodimus,
3994 842 4081 880 ne-

2487 946 2637 986 cesse
2685 937 2766 984 est
2799 927 3111 991 obviemus,
3160 925 3350 992 hisque
3397 921 3794 977 fraternitatem
3845 928 4082 972 vestram

2488 1026 2735 1096 epistolis
2765 1035 3195 1082 commonemus,
3230 1036 3297 1072 ne
3328 1018 3450 1087 quis
3481 1016 3674 1070 laicum
3708 1013 3774 1067 ad
3828 1012 4075 1065 ordinem

2488 1118 2775 1174 clericatus
2807 1114 3071 1177 admittat,
3102 1120 3157 1165 et
3186 1111 3327 1164 sinat
3359 1108 3496 1174 fieri,
3529 1107 3673 1161 unde
3700 1113 3756 1158 et
3786 1104 3944 1157 illum
3992 1102 4083 1154 de-

2488 1211 2671 1280 cipiat,
2702 1218 2756 1263 et
2780 1207 2879 1262 sibi
2904 1220 3097 1261 causas
3117 1209 3363 1273 generet,
3393 1200 3591 1270 quibus
3621 1212 3747 1254 reus
3775 1194 4085 1251 constitutis

2489 1302 2851 1358 decretalibus
2882 1298 2993 1353 ﬁat.
3347 1305 3368 1330 θ

2489 1435 2694 1494 CLXV.
2737 1437 2817 1489 Ad
2848 1437 2979 1491 alius
3018 1435 3293 1505 parochias
3339 1433 3574 1504 eulogias
3603 1446 3719 1502 qua:
3750 1427 3947 1484 oblata:
3980 1437 4089 1479 sunt

2983 1508 3193 1561 minime
3223 1505 3586 1559 destinundus.

2565 1621 2762 1678 Concil.
2805 1622 3001 1688 Laod.,
3040 1623 3119 1675 tit.
3168 1620 3255 1674 I4.
3302 1618 3456 1686 Quod
3500 1625 3686 1673 sancta
3735 1614 3888 1669 nullo
3939 1612 4095 1666 modo

2498 1732 2658 1773 causa
2703 1716 3039 1784 eulogiaruin
3081 1723 3328 1780 tempore
3384 1708 3657 1766 Paschalis
3706 1707 3833 1763 festi
3864 1706 3934 1760 ad
3971 1705 4101 1758 alias

2500 1809 2785 1878 parochias
2816 1807 3051 1862 debeant
3081 1817 3377 1861 aestiuare.

2425 1937 2476 1999 Β
2574 1945 2801 2002 CLXVI.
2828 1945 2906 1998 De
2934 1945 3013 1997 lus
3042 1944 3126 2011 qui
3157 1940 3376 1993 debeant
3406 1940 3458 1992 in
3486 1938 3725 1999 umbone,
3755 1935 3812 1988 id
3849 1941 3948 1998 est,
3982 1933 4037 1985 in

3076 2013 3274 2083 pulpito
3304 2012 3545 2079 psallere.

2581 2133 2777 2187 Concil.
2815 2131 3009 2194 Laod.,
3060 2132 3138 2181 tit.
3194 2126 3279 2180 15.
3327 2126 3482 2192 Quod
3534 2140 3640 2178 non
3689 2131 3948 2193 oporteat
3996 2136 4106 2174 ant-

2513 2224 2655 2295 plius
2684 2234 2881 2293 prreter
2908 2236 3006 2275 eos
3052 2220 3143 2288 qui
3176 2217 3499 2285 regulariter
3544 2223 3802 2270 cantores
3847 2214 4107 2275 existunt,

2508 2317 2599 2386 qui
2631 2325 2687 2371 et
2715 2315 2783 2370 de
2813 2313 3002 2368 codice
3028 2322 3255 2369 canunt.
3290 2311 3427 2365 alios
3455 2309 3510 2365 in
3543 2308 3816 2378 nulpitum
3848 2320 4111 2361 conscen-

2510 2409 2660 2474 dere,
2690 2415 2746 2462 et
2774 2407 2828 2461 in
2861 2404 3095 2461 ecclesia
3124 2403 3381 2475 psallere.

2511 2539 2757 2596 CLXVII.
2787 2538 2862 2592 De
2884 2536 3187 2592 lectionibus
3209 2551 3324 2605 quin
3345 2534 3562 2588 debeant
3583 2530 3820 2587 Subbalo
3840 2525 4111 2581 recenseri.

2591 2650 2791 2705 Concil.
2820 2646 2990 2702 Laod.
3031 2648 3109 2699 lil.
3143 2646 3231 2699 te.
3274 2643 3429 2710 Quod
3460 2629 3510 2696 in
3540 2640 3785 2696 Sabbato
3828 2633 4113 2703 Evangelia

2516 2760 2637 2800 cum
2668 2742 2786 2797 aliis
2817 2739 3111 2809 Scripturis
3139 2738 3244 2806 legi
3276 2735 3583 2792 conveniat.

2571 2872 2847 2930 CLXVIII.
2893 2872 3043 2936 Quod
3072 2871 3405 2925 interslilium
3437 2868 3757 2936 psalmorum
3791 2863 3985 2916 debeat
4015 2864 4061 2912 in

2984 2939 3473 3012 congregationibus
3508 2939 3625 3006 ﬁeri

2596 3057 2794 3112 Concil.
2825 3055 3065 3118 Laodic.,
3092 3056 3173 3106 tit.
3213 3054 3295 3106 I7.
3324 3050 3478 3118 Quod
3502 3050 3555 3104 in
3584 3056 3863 3103 conventu
3896 3044 4115 3099 fidelium

2527 3163 2871 3219 nequaquam
2920 3145 3162 3214 psalmos
3205 3144 3525 3199 continuare
3559 3140 3879 3202 conveniat,
3914 3136 4007 3191 sed
4035 3150 4121 3205 per

2530 3240 2895 3306 intervallum,
2928 3238 2979 3293 id
3002 3245 3105 3300 est,
3140 3250 3238 3304 per
3279 3233 3521 3305 psalmos
3567 3231 3815 3301 singulos
3858 3226 4118 3284 recenseri

2531 3334 2766 3390 debeant
2795 3331 3081 3388 lcetiones.

2583 3465 2811 3525 CLXIX.
2857 3465 2933 3519 De
2960 3462 3193 3533 precibus
3220 3477 3357 3516 nona
3384 3469 3433 3515 et
3462 3474 3676 3529 vespera
3704 3454 4057 3511 celebrandis.

2600 3580 2799 3636 Concil.
2852 3576 3097 3641 Laodic.,
3144 3576 3225 3629 tit.
3269 3572 3359 3627 i8.
3402 3572 3558 3637 Quod
3598 3569 3653 3624 id
3689 3569 3872 3639 ipsum
3919 3577 4123 3633 semper

2533 3674 2772 3730 oflicium
2826 3686 3052 3741 precum
3102 3682 3245 3724 nona
3291 3675 3349 3721 et
3394 3678 3623 3733 vespera
3670 3676 3893 3731 semper
3936 3659 4123 3714 debeat

2534 3766 2798 3821 exhiberi.

2535 3876 2743 3935 CLXX.
2784 3875 2866 3931 De
2894 3872 3130 3945 precibus
3158 3880 3564 3945 postserruones
3590 3865 3798 3919 habitos
3837 3865 3907 3917 ad
3936 3862 4127 3933 plebem

3190 3942 3470 4014 faciendis.

2612 4064 2817 4121 Concil.
2851 4062 3100 4123 Laodic.,
3134 4061 3219 4113 tit.
3269 4056 3357 4110 I9.
3399 4053 3553 4120 Quod
3591 4058 3848 4119 oporteat
3892 4062 4127 4104 seorsum

2550 4162 2785 4234 primum
2818 4166 2943 4229 post
2986 4155 3347 4211 allocutiones
3397 4151 3777 4221 episcoporum
3830 4148 4130 4202 orationem

2541 4267 2703 4323 super
2749 4249 3173 4306 catechumenos
3223 4243 3523 4307 celebrari,
3569 4249 3625 4296 et
3653 4248 3945 4310 postquam
3982 4248 4127 4293 cale-

2545 4343 2799 4401 chumeni
2826 4339 3029 4409 egressi
3076 4337 3296 4401 fuerint,
3327 4350 3493 4404 super
3537 4347 3634 4388 eos
3662 4332 3758 4399 qui
3786 4338 3911 4385 sunt
3939 4329 3998 4383 in
4028 4342 4131 4398 pa»-

2546 4435 2772 4492 nitentia
2798 4447 3015 4504 precem
3046 4428 3184 4484 ﬁeri.
3218 4429 3312 4483 llis
3340 4426 3505 4481 etiam
3528 4422 3911 4479 accedentibus
3941 4420 4012 4474 ad
4034 4434 4112 4472 ma

2548 4544 2679 4586 num
2707 4524 3006 4582 sacerdotis
3034 4531 3090 4577 et
3116 4519 3539 4583 discedentibus,
3573 4525 3686 4570 tres
3712 4513 3999 4569 orationa
4021 4524 4137 4564 con-

2558 4618 2816 4675 summari
2847 4615 3108 4679 ﬁdelium,
3142 4616 3215 4666 ita
3242 4620 3304 4665 ut
3327 4611 3501 4680 prima
3527 4609 3747 4678 quidem
3775 4605 3878 4659 sub
3904 4603 4135 4664 silentio,

2556 4710 2792 4768 secunda
2833 4723 2963 4763 vero
2990 4714 3045 4760 et
3074 4704 3229 4760 tertia
3262 4718 3358 4773 per
3385 4701 3809 4757 exclamationes
3834 4695 4030 4751 solitas
4053 4708 4137 4749 ex-

2559 4806 2827 4877 pleantur,
2874 4810 2929 4856 et
2963 4800 3036 4854 ita
3067 4798 3285 4853 demum
3314 4810 3502 4865 pacem
3530 4792 3633 4849 sibi
3662 4790 3895 4845 invicem
3927 4787 4139 4842 dabunt.

2559 4894 2623 4948 Et
2651 4904 3006 4965 posteaquam
3045 4887 3258 4944 dederit
3299 4885 3587 4955 episcopus
3617 4878 3955 4951 presbyteris
3995 4888 4140 4931 oscu-

2558 4988 2670 5043 lum
2700 4985 2867 5055 pacis,
2900 4992 3026 5037 tunc
3077 4991 3099 5019 ε
3133 4979 3259 5033 laici
3305 4991 3495 5047 pacem
3526 4973 3628 5029 sibi
3682 4972 3948 5035 tribuant,
3993 4979 4048 5024 e'.
4082 4968 4141 5019 ita

2561 5087 2750 5135 sancta
2794 5073 3160 5131 celebrabitur
3197 5068 3446 5125 oblatio:
3498 5066 3629 5123 solis
3657 5062 3802 5116 enim
3853 5055 4143 5116 ministerio

2564 5187 2718 5227 sacro
2748 5168 2938 5222 deditis
2965 5167 3031 5221 ad
3064 5164 3237 5219 altare
3261 5157 3474 5230 ingredi
3500 5166 3557 5213 et
3594 5154 4014 5211 communicare
4056 5148 4142 5203 ibi-

2565 5265 2685 5321 dem
2715 5263 2895 5317 licent.

2630 5395 2865 5452 CLXXI.
2909 5394 3058 5457 Quod
3092 5390 3398 5443 subdiaconi
3425 5405 3457 5439 a
3488 5387 3731 5440 diaconio
3759 5384 3866 5437 sint
3895 5382 4095 5434 remoti.

2640 5514 2838 5569 Concil.
2882 5509 3124 5573 Laodic.,
3160 5508 3242 5562 tit.
3273 5506 3364 5559 2L
3388 5503 3541 5571 Quod
3588 5517 3695 5555 non
3736 5506 3995 5570 oporteat
4041 5490 4129 5548 sub

2569 5608 2826 5664 diaconos
2871 5604 3073 5657 habere
3104 5602 3279 5655 locum
3311 5600 3335 5635 ιι
3363 5599 3414 5652 in
3457 5595 3728 5659 diaconio,
3779 5602 3838 5649 et
3886 5588 4144 5644 Dziminica

2569 5716 2697 5757 vasa
2729 5697 3068 5765 comingere.

2652 5870 2674 5899 ε
2714 5856 2930 5924 Dionys.
2964 5849 3096 5924 Exig
3127 5889 3141 5913 ,
3171 5848 3289 5924 laici
3318 5846 3412 5924 sibi
3443 5843 3687 5898 tribuent.

2645 5927 2671 5967 ά
2713 5918 2934 5997 Dionis.
2964 5918 3143 5990 Exig.,
3173 5918 3465 5976 diaconiro.
