4204 6538
132 389 228 445 897

1338 367 1769 428 BltEVIARIUM
1806 364 2221 425 (IANUNICUM.

3311 367 3422 426 898

134 497 378 560 CLXXII.
406 496 754 553 Subdiaconis
780 508 897 549 cunt
927 490 1117 548 orariis
1136 489 1376 545 assistere
1405 506 1509 544 non
1538 489 1711 543 licere.
1747 489 1797 550 Α
1820 493 1939 540 ctus
1986 482 2247 547 ofticium,
2293 490 2385 536 aut
2435 490 2582 538 certe
2610 482 2675 536 de
2723 497 2790 538 eo
2827 482 3031 554 aliquid
3061 492 3085 521 ι
3111 483 3418 543 decreverit

199 617 398 670 Concil.
434 612 633 675 Laod.,
666 613 745 663 tit.
774 608 863 661 εἰ.
896 607 1052 674 Quod
1086 622 1192 661 non
1221 615 1474 676 oporteat
1502 604 1726 661 subdia-

134 724 323 765 conum
352 708 428 761 uti
459 706 663 769 orario,
699 718 800 758 nec
827 702 967 757 ostia
997 700 1398 769 derelinquere.

136 844 403 903 CLXXIII.
437 844 679 899 Lectores
707 855 756 897 et
782 850 1021 896 cantores
1046 857 1160 893 eum
1193 839 1384 893 orariis
1406 852 1560 896 aaere
1579 851 1728 889 suum

660 915 883 985 ofﬁciunt
910 930 1014 968 non
1040 913 1211 965 licere.

203 1031 401 1086 Concil.
436 1030 628 1092 Lttud.,
664 1032 743 1082 tit.
768 1029 859 1082 9.5.
896 1028 1049 1095 Quod
1084 1044 1188 1081 non
1213 1034 1465 1097 oporteat
1494 1026 1729 1081 lectores

136 1136 224 1183 aut
249 1137 502 1181 cantores
532 1125 724 1179 orariis
756 1124 854 1188 uti,
888 1133 943 1178 et
972 1124 1042 1178 ita
1075 1124 1256 1192 legere
1285 1122 1367 1177 vel
1400 1121 1653 1192 psallere.

135 1265 404 1320 CLXXIV.
477 1268 626 1331 Quod
671 1266 972 1319 subdiaconi
1020 1281 1123 1318 non
1173 1263 1355 1317 aebent
1402 1258 1724 1326 benedicere,

532 1356 623 1392 nec
651 1339 1059 1392 benedictionem
1089 1338 1335 1390 tribuere.

206 1456 407 1510 Concil.
451 1453 645 1520 Laod.,
679 1455 755 1505 tit.
790 1452 879 1504 :25.
908 1452 1061 1518 Quod
1094 1465 1201 1504 non
1231 1455 1481 1517 oporteat
1511 1446 1730 1502 subdia-

138 1565 298 1603 conos
332 1563 530 1617 panem
557 1548 706 1613 dare,
742 1547 827 1599 vel
856 1546 1081 1600 calicem
1110 1542 1459 1598 benedicere.

173 1658 425 1714 CLXXV.
474 1658 547 1713 De
577 1658 986 1782 e.corcistis,dqui
1031 1674 1136 1711 non
1180 1666 1302 1710 sunt
1346 1658 1410 1709 ab
1452 1671 1694 1724 episcopo

814 1748 872 1782 or
913 1730 1065 1782 inati.

814 1730 1065 1783 ordinati.

213 1843 412 1896 Coneit.
450 1840 643 1905 Laod.,
693 1842 774 1894 tit.
808 1839 897 1893 26.
941 1839 1096 1905 Quod
1124 1839 1177 1893 hi
1217 1838 1311 1906 qui
1343 1852 1450 1891 non
1491 1844 1618 1895 sunt
1661 1836 1728 1892 ab
1764 1869 1811 1929 Β

142 1932 407 2002 episcopis
439 1933 694 1996 ordinati,
747 1942 855 1985 tam
888 1931 940 1985 in
987 1930 1231 1987 ecclesiis
1262 1946 1423 2000 quam
1470 1931 1522 1985 in
1555 1930 1731 1985 donti-

139 2024 233 2080 bus
264 2026 581 2081 exorcisare
612 2042 719 2079 non
751 2035 998 2095 possunt.

134 2141 409 2197 CLXXVI.
447 2143 597 2206 Quod
627 2143 693 2196 de
716 2143 960 2197 conviciis
987 2159 1100 2214 quo:
1121 2159 1187 2196 ea:
1211 2158 1378 2214 agape
1397 2141 1534 2212 ﬁunt
1560 2148 1735 2211 partes

650 2216 815 2283 accipi
844 2231 946 2268 non
978 2213 1219 2267 debeant.

204 2327 405 2382 Concit.
442 2325 637 2389 Laod.,
683 2328 761 2379 tit.
806 2325 894 2378 27.
939 2323 1095 2390 Quod
1129 2334 1231 2380 non
1280 2332 1535 2395 oporteat
1576 2339 1734 2381 sacro

134 2420 433 2476 ministerio
484 2418 699 2475 deditos
746 2420 999 2486 clericos;
1043 2427 1136 2473 aut
1160 2418 1361 2484 laicos,
1396 2418 1464 2472 ad
1508 2433 1735 2489 agapem

140 2521 363 2566 vocatos
391 2510 639 2566 ciborum
670 2518 852 2580 partes
879 2510 1147 2580 accipere,
1180 2518 1473 2580 propterea
1510 2509 1655 2580 quod
1682 2518 1736 2565 et

134 2604 505 2659 ecclesiastico
545 2602 722 2659 ordini
756 2603 846 2656 ﬁat
878 2602 1004 2657 hinc
1031 2602 1249 2670 injuria.

133 2716 441 2773 CLXXVII.
482 2717 551 2771 In
573 2718 799 2772 ecclesiis
829 2716 1055 2799 prandia
1075 2716 1199 2799 fieri
1226 2731 1332 2798 non
1362 2714 1565 2781 debere,
1594 2730 1732 2784 prte-

577 2798 652 2841 ter
682 2795 1038 2842 necessitatem
1068 2795 1289 2839 itineris.

207 2904 409 2958 Concit.
447 2903 640 2968 Laod.,
675 2905 754 2957 tit.
789 2901 875 2957 28.
922 2903 1075 2969 Quod
1117 2919 1227 2958 non
1257 2911 1513 2974 oporteat
1549 2903 1601 2957 in
1631 2902 1732 2958 do-

134 2995 345 3050 miciliis
375 2994 598 3061 divinis,
630 2995 682 3049 id
713 3003 817 3061 est,
850 2994 899 3048 in
923 2994 1218 3049 Dominicis
1246 3003 1302 3049 et
1329 2993 1574 3049 ecclesiis
1604 3008 1735 3048 con-

132 3088 269 3143 vivia
298 3103 426 3158 quae
466 3096 732 3143 vocantur
778 3101 963 3156 agape:
1004 3087 1143 3151 fieri,
1182 3100 1284 3141 nec
1315 3085 1459 3140 intra
1508 3086 1734 3141 domum

134 3178 224 3235 Dei
253 3182 567 3245 comedere,
598 3180 686 3234 vel
714 3180 993 3235 accubitus
1019 3188 1283 3234 sternere.

205 3230 807 3342 ¢;;.'.-'it’a;;.,;.;,.-;.I:
818 3230 927 3324 7.4;
944 3230 1039 3326 "9:
1055 3230 1324 3326 ’ὖῖιὶιζίιί
1374 3270 1617 3343 episcopi
1643 3271 1733 3328 vel
1757 3230 1808 3295 ο

134 3367 319 3422 clerici
343 3369 400 3419 in
429 3364 660 3420 ecclesia
686 3364 1064 3427 conviventur,
1094 3361 1197 3417 nisi
1227 3362 1366 3418 forte
1390 3372 1733 3419 transeuntes

132 3442 495 3530 bospitioruin
526 3457 853 3513 necessitate
884 3456 994 3511 illic
1018 3455 1307 3521 reticiant;
1350 3456 1534 3526 populi
1566 3458 1731 3512 etiam

134 3552 200 3606 ab
229 3549 549 3619 huiusmodi
570 3548 860 3616 conviviis,
883 3555 1146 3617 quantum
1172 3545 1289 3600 ﬁeri
1312 3555 1517 3616 potest,
1544 3547 1733 3618 prohi-

135 3642 387 3697 beantur.

136 3756 464 3813 CLXXVIII.
505 3756 586 3811 De
609 3758 734 3811 ciris
758 3754 1438 3879 cuniﬂiutieribus‘tauacra
1466 3753 1733 3810 celebran-

890 3844 905 3879 t
944 3843 1024 3879 us.

890 3843 1024 3879 ιυιιε.

206 3938 413 3993 Cancri.
445 3937 783 4003 mdicensi,
813 3939 895 3991 tit.
929 3934 1019 3990 50.
1046 3934 1203 4002 Quod
1225 3952 1334 3991 non
1368 3944 1623 4007 oporteat
1651 3953 1741 3993 sa-

139 4030 244 4085 cris
270 4029 476 4085 ofﬁciis
516 4028 748 4091 deditos,
794 4035 891 4082 aut
929 4027 1184 4095 clericos,
1224 4035 1320 4082 aut
1367 4029 1733 4093 continentes,

140 4120 222 4174 vel
250 4135 477 4175 omnem
505 4119 703 4175 laicum
732 4117 1117 4187 Christianum,
1158 4118 1376 4175 lavacra
1396 4135 1520 4176 cum
1541 4120 1737 4175 mulie-

139 4210 284 4267 ribus
314 4212 623 4278 celebrare,
657 4210 783 4282 quia
811 4210 926 4266 haec
960 4209 1105 4281 apud
1146 4216 1339 4279 gentes
1381 4210 1740 4281 reprehensio

140 4304 310 4372 prima
339 4313 449 4360 est.

175 4416 466 4473 CLXXIX.
514 4417 583 4472 Ut
626 4420 855 4489 episcopi
888 4418 957 4472 ad
984 4418 1241 4489 synodum
1287 4422 1705 4489 tmprtetermisse

800 4498 1098 4545 occurrant.

213 4606 421 4660 (Joneit.
456 4603 653 4671 Laod.,
686 4606 767 4659 tit.
791 4605 879 4660 40.
914 4605 1069 4672 Quod
1101 4621 1210 4661 non
1250 4613 1502 4676 oporteat
1530 4604 1746 4675 episco-

146 4712 242 4767 pos
286 4699 356 4753 ad
401 4698 673 4768 synodum
707 4708 929 4754 vocatos
973 4699 1198 4754 omnino
1237 4707 1614 4768 contemnere,
1654 4700 1751 4753 sed

145 4793 393 4861 protinus
426 4793 530 4856 ire,
565 4800 619 4845 et
648 4792 867 4859 docere,
893 4794 981 4848 vel
1011 4793 1224 4848 discere
1251 4808 1316 4849 ea
1363 4808 1482 4863 quas
1512 4792 1581 4846 ad
1623 4808 1751 4847 cor-

148 4885 456 4955 reptionem
478 4883 740 4939 Ecclesiae
760 4886 846 4940 vel
869 4886 1198 4957 reliquarum
1220 4887 1495 4958 pertinent
1520 4902 1703 4942 rerum
1733 4905 1745 4940 :

148 4990 206 5030 se
232 4976 414 5045 ipsum
447 4990 581 5031 vero
610 4977 703 5045 qui
732 4976 1123 5047 contempserit
1151 4978 1450 5042 accusabit,
1482 4977 1583 5033 nisi
1612 4978 1751 5033 forte

148 5081 245 5136 per
268 5067 657 5138 aegritudinem
686 5069 766 5124 ire
796 5085 905 5125 non
936 5070 1126 5139 possit.

220 5161 404 5217 Concit
432 5162 714 5224 Antioch.,
747 5162 825 5217 tit.
860 5161 948 5218 I7.
988 5163 1045 5218 Si
1080 5164 1201 5235 quis
1235 5164 1523 5236 episcopus
1563 5179 1753 5220 manus

153 5250 559 5323 impositionem
589 5253 937 5324 episcopatus
966 5257 1258 5327 acceperit,
1292 5264 1347 5311 et
1390 5272 1625 5327 prteesse
1656 5273 1754 5328 po-

154 5342 278 5413 pulo
307 5344 666 5407 constitutus,
698 5345 1055 5401 ministerium
1084 5349 1267 5404 subire
1298 5351 1619 5419 neglexerit,
1652 5364 1755 5405 nec

155 5435 492 5505 acquieverit
519 5436 601 5491 ire
628 5436 696 5491 ad
737 5438 1025 5495 ecclesiam
1054 5441 1156 5497 sibi
1185 5443 1547 5507 commissam,
1614 5444 1757 5499 hunc

156 5535 367 5597 oportet
397 5529 788 5586 communione
818 5532 1018 5602 privari
1068 5535 1243 5590 donec
1270 5537 1580 5607 susceperit
1623 5553 1756 5593 coa-

228 5719 255 5789 _‘
287 5714 523 5789 Dionys.
554 5712 713 5789 Exig.
740 5714 888 5771 addit
914 5718 1137 5789 integra.

223 5780 255 5822 δ
283 5780 515 5859 ξηαπς-ε.
544 5780 733 5859 [dign
761 5780 1106 5846 medicatiJne
1130 5804 1392 5847 curentur.

227 5866 253 5895 ⁸
282 5853 511 5928 Dionis.
544 5853 724 5926 Exig.,
754 5869 1032 5916 sectentur.

1830 574 2069 646 ejusdem
2102 575 2390 645 provincia:
2420 576 2657 645 synodus
2683 575 3045 632 sacerdotum.

1901 711 2158 770 CLXXX.
2200 713 2349 779 Quod
2396 727 2583 788 prieter
2622 718 2907 786 jussionem
2936 717 3168 788 episcopi
3205 718 3423 772 clericus

2318 802 2422 841 non
2449 786 2632 841 debeat
2659 790 2917 856 proﬁcisci

1903 927 2103 985 Concil.
2135 928 2325 992 Laod.,
2360 928 2440 981 tit.
2472 924 2564 982 41.
2607 924 2762 991 Quod
2809 942 2915 981 non
2967 935 3217 998 oporteat
3241 941 3424 985 sacer-

1832 1026 2039 1089 dotem,
2071 1021 2155 1075 vel
2200 1018 2477 1084 clericum,
2528 1019 2647 1074 sine
2697 1018 2892 1074 litteris
2940 1019 3209 1088 proticisci
3256 1034 3423 1075 cano-

1834 1118 2012 1173 uicis.

1907 1210 2041 1266 Item
2074 1209 2160 1265 42.
2206 1208 2360 1276 Quod
2392 1223 2498 1263 non
2526 1215 2778 1278 oporteat
2806 1207 3172 1277 sacerdotem,
3203 1206 3289 1263 vel
3316 1209 3426 1265 cle-

1833 1304 2026 1372 ricum,
2056 1313 2256 1374 prmter
2278 1300 2579 1371 iussionem
2608 1300 2691 1357 sui
2720 1300 2991 1371 proficisci
3020 1300 3313 1373 pontiﬁcis.

2068 1440 2137 1495 Et
2163 1450 2218 1495 ut
2247 1442 2546 1497 subdiaconi
2577 1441 2645 1495 ad
2674 1443 2808 1496 ostia
2838 1451 3179 1513 perseverent.

1908 1574 2042 1629 Item
2072 1575 2158 1632 45.
2202 1575 2357 1642 Quod
2406 1591 2513 1632 non
2542 1585 2796 1646 oporteat
2835 1578 3197 1634 subdiaconos
3237 1578 3428 1635 saltem

1837 1668 2111 1739 paululum
2135 1669 2331 1738 januas
2356 1668 2631 1735 deserere,
2663 1677 2718 1724 et
2746 1670 2981 1725 orationi
3013 1686 3223 1726 vacare.

1905 1804 1915 1871 ξ
1925 1800 2209 1858 CLXXXI.
2254 1801 2321 1857 Ut
2351 1778 2639 1856 sacrarium
2668 1805 2908 1857 mulieres
2933 1818 3037 1858 non
3062 1805 3338 1860 introeant.

1912 1934 2110 1989 (.‘oncit.
2148 1943 2341 2002 βασιλ,
2375 1938 2452 1989 tit.
2488 1936 2578 1992 44.
2620 1937 2778 2004 Quou
2816 1955 2922 1995 non
2954 1949 3206 2009 oporteat
3233 1943 3430 1998 mulie-

1836 2038 1927 2079 res
1959 2025 2163 2095 ingredi
2194 2027 2260 2081 ad
2293 2027 2485 2083 altare.

1908 2116 1994 2171 Ex
2025 2120 2218 2173 decret.
2248 2117 2444 2173 (ἐριαάὶ
2476 2137 2641 2191 papae,
2676 2124 2757 2176 tit.
2795 2123 2885 2177 26.
2927 2123 3285 2182 Nihilominus
3332 2127 3432 2181 iut-

1835 2212 2105 2283 patienter
2134 2213 2455 2281 audivimus,
2506 2223 2713 2269 tantum
2758 2215 3060 2272 divinarum
3086 2226 3269 2275 re‘rum
3297 2221 3429 2276 sub-

1837 2304 1967 2359 iisse
1993 2304 2327 2373 despectum,
2378 2316 2437 2359 ut
2489 2305 2702 2361 femina:
2742 2309 2914 2363 sacris
2962 2310 3227 2367 altaribus
3269 2312 3430 2366 mini-

1839 2404 2017 2453 strare
2048 2397 2347 2463 firmentur,
2378 2408 2680 2468 cunctaque
2724 2400 2937 2455 nonnisi
2974 2402 3214 2458 virorum
3247 2402 3425 2459 tamn--

1838 2488 1973 2542 latui
2018 2487 2275 2557 deputata
2321 2504 2510 2544 sexum
2560 2490 2648 2545 cui
2695 2506 2805 2546 non
2842 2493 3103 2563 competit
3148 2494 3427 2550 exhibere.

1836 2579 1949 2634 Nisi
1989 2578 2133 2648 quod
2172 2580 2415 2635 omnium
2445 2581 2768 2638 delictorum
2798 2574 2918 2653 qua:
2967 2584 3279 2655 singillatim
3308 2601 3431 2657 per-

1836 2668 2178 2735 strinximus,
2212 2670 2501 2725 noxiorum
2547 2680 2731 2728 reatus
2782 2675 2960 2739 omnis
2991 2683 3048 2729 et
3095 2677 3299 2730 crimen
3335 2692 3431 2731 eos

1834 2760 2057 2830 respicit
2097 2760 2434 2828 sacerdotes,
2488 2764 2583 2833 qui
2638 2764 2725 2821 vel
2770 2764 2877 2821 ista
2928 2768 3302 2836 committunt,
3349 2768 3434 2825 vel

1836 2852 2241 2909 committentes
2295 2855 2519 2912 minime
2566 2857 2920 2928 publicando,
2974 2861 3154 2931 pravis
3192 2863 3432 2919 excessi-

1837 2947 1937 3002 bus
1966 2961 2027 3002 se
2052 2946 2237 3005 favere
2272 2946 2605 3019 significant,
2636 2951 2683 3005 si
2717 2958 2900 3007 tamen
2930 2951 3273 3007 sacerdotum
3317 2952 3429 3023 jam

1834 3038 1946 3093 sint
2012 3040 2284 3095 vocabulo
2352 3041 2702 3111 nuncupandi
2730 3082 2746 3107 ,
2823 3042 2915 3112 qui
2973 3043 3280 3114 delegatum
3331 3045 3433 3101 sib'

1837 3128 2115 3199 religionis
2140 3130 2383 3187 oﬂicium
2429 3132 2507 3189 sic
2533 3141 2883 3202 prosternere
2932 3135 3253 3205 moliuntur,
3280 3146 3341 3193 ut
3377 3138 3435 3196 in

1836 3236 2093 3293 perversa
2139 3238 2371 3293 quaeque
2433 3223 2769 3295 profanaque
2814 3225 3097 3294 declives,
3142 3229 3263 3285 sine
3319 3230 3433 3288 ullo

1840 3323 2097 3384 respectu
2142 3315 2341 3385 regula:
2377 3316 2723 3383 Christianae,
2770 3318 3069 3389 praecipitia
3097 3318 3307 3377 funesta
3352 3339 3437 3380 se-

1841 3412 2077 3463 ctentur.
2111 3406 2358 3476 Cumque
2397 3409 2661 3479 scriptum
2707 3409 2814 3465 sit:
2848 3411 3069 3468 Minima
3107 3414 3201 3485 qui
3228 3416 3440 3485 spernit

1840 3499 2102 3571 paulatim
2140 3500 2362 3567 decidit,
2388 3501 2517 3573 quid
2555 3510 2640 3559 est
2679 3502 2748 3558 de
2793 3502 2994 3561 talibus
3035 3505 3440 3577 aestimandum,

1840 3593 1939 3665 qui
1970 3594 2251 3652 immensis
2286 3610 2351 3651 ac
2392 3595 2783 3666 multiplicibus
2835 3598 3163 3668 pravitatum
3211 3600 3444 3658 molibus

1842 3692 2117 3760 occupati,
2174 3690 2447 3760 ingentem
2499 3693 2710 3747 ruinam
2766 3692 3104 3749 multimodis
3160 3694 3443 3766 impulsio-

1846 3784 2006 3840 nibus
2053 3785 2383 3854 ediderunt,
2435 3801 2552 3855 quae
2603 3802 2713 3842 non
2771 3787 2951 3842 solum
2996 3788 3146 3856 ipsos
3194 3787 3444 3845 videatur

1847 3877 2103 3941 obruere,
2132 3875 2228 3932 sed
2256 3875 2503 3933 ecclesiis
2532 3878 2802 3935 universis
2834 3877 3191 3943 mortiferam,
3239 3878 3286 3934 si
3330 3894 3443 3935 non

1849 3978 2132 4033 sanentur,
2176 3970 2380 4027 inferre
2412 3971 2731 4041 perniciem.
2761 3970 2872 4027 Nec
2898 3972 3173 4040 ambigant
3206 3972 3301 4042 qui
3328 3971 3445 4027 hac

1851 4078 2110 4122 exemere
2136 4072 2266 4121 sunt
2294 4065 2435 4133 ausi,
2465 4064 2561 4121 sed
2587 4064 2751 4121 etiam
2794 4066 2889 4135 qui
2919 4064 3186 4122 hactenus
3225 4066 3445 4135 cognita

1846 4159 2134 4222 siluerunt,
2163 4158 2263 4213 sub
2304 4157 2532 4214 honoris
2570 4156 2779 4228 proprii
2818 4171 2880 4212 se
2914 4158 3098 4227 jacere
3135 4157 3444 4229 dispendio,

1845 4253 1891 4309 si
1932 4267 2041 4307 non
2072 4260 2222 4306 tanta
2258 4266 2365 4321 qua
2395 4260 2626 4322 possunt
2672 4252 2953 4309 celeritate
2988 4252 3248 4310 festinent
3276 4260 3339 4309 ut
3368 4253 3445 4309 le-

1848 4344 2010 4399 thalia
2048 4343 2270 4399 vulnera
2303 4344 2634 4414 competenti
2675 4340 2701 4381 ιι
2738 4343 3099 4399 medicamine
3143 4343 3443 4400 salventur.

1848 4432 1965 4501 Quo
1993 4435 2136 4489 enim
2170 4449 2323 4490 more
2366 4442 2587 4490 teneant
2611 4434 2735 4504 jura
2765 4436 3109 4507 pontificum,
3141 4436 3232 4505 qui
3262 4437 3446 4507 ponti-

1774 4552 1829 4613 D
1855 4510 2095 4580 ticalibus
2137 4526 2380 4582 excubiis
2427 4533 2655 4582 eatenus
2696 4526 2937 4596 injuncta
2984 4526 3346 4595 dissimulant,
3388 4540 3449 4584 ut

1852 4616 2126 4674 contraria
2154 4615 2337 4671 domui
2368 4617 2464 4672 Dei
2485 4616 2573 4673 cui
2596 4617 2893 4688 praesident
2912 4618 3094 4689 potius
3114 4620 3451 4689 operentur?

1853 4708 2235 4777 Quantumque
2264 4708 2405 4779 apud
2435 4708 2605 4765 Deum
2636 4720 2883 4781 possent,
2908 4712 2955 4768 si
3000 4710 3215 4767 nonnisi
3242 4725 3446 4768 conve-

1852 4801 2056 4857 nientia
2103 4810 2478 4870 procurarent,
2526 4808 2738 4858 tantum
2778 4802 2907 4874 quid
2949 4812 3260 4860 mereantur
3304 4804 3450 4875 aspi-

1853 4894 2022 4957 ciant,
2052 4910 2176 4950 cum
2225 4894 2548 4951 exsecrabili
2572 4897 2753 4953 studio
2799 4909 2821 4936 ο
2863 4907 3144 4955 sectantur
3170 4899 3445 4969 adversa;

1853 5000 1909 5048 et
1935 4991 2087 5063 quasi
2127 4992 2295 5059 magis
2335 4992 2453 5049 hare
2498 4994 2684 5064 regula
2725 4995 2817 5061 sit,
2850 5009 2956 5064 qua
2999 4995 3026 5033 ⁸
3053 4994 3311 5053 Ecclesia.
3352 4998 3450 5055 de-

1852 5086 2018 5142 beant
2044 5087 2359 5155 gubernari,
2390 5087 2469 5142 sic
2503 5087 2763 5157 quidquid
2808 5096 2893 5143 est
2932 5089 3315 5147 ecclesiasticis
3343 5090 3450 5147 ini-

1855 5178 2051 5234 micum
2075 5177 2297 5245 regulis,
2328 5184 2675 5248 perpetratur
2701 5194 2714 5233 :
2744 5194 2867 5235 cum
2891 5188 2947 5235 et
2969 5180 3013 5236 si
3037 5182 3287 5251 cognitos
3312 5189 3335 5217 ⁸
3360 5183 3449 5239 ha-

1856 5273 1947 5328 bet
1975 5286 2213 5328 canones
2241 5272 2611 5341 unusquisque
2640 5271 2979 5343 pontitlcutn,
3002 5273 3323 5330 intemerata
3348 5275 3448 5331 de-

1858 5368 2035 5423 huerit
2058 5374 2246 5422 tenere
2270 5366 2515 5423 custodia
2543 5383 2556 5432 ;
2590 5374 2647 5423 et
2674 5366 2718 5424 si
2740 5367 2979 5447 forsitan.
2995 5369 3291 5435 nesciebat,
3315 5384 3449 5427 con-

1860 5461 2037 5517 sulere
2087 5460 2319 5516 fidenter
2364 5460 2673 5530 oportuerit
2722 5461 3083 5530 ignorantem.
3132 5463 3253 5530 Quo
3280 5466 3452 5536 magis

1860 5556 2140 5612 excusatio
2171 5556 2315 5611 nulla
2344 5556 2613 5612 succurrit
2634 5557 2963 5624 errantibus,
2992 5558 3120 5631 quia
3152 5574 3252 5615 nec
3274 5560 3450 5619 sciens

1932 5731 1959 5772 ιι
1994 5734 2212 5807 Dionys.
2246 5734 2421 5807 Exigq
2456 5733 2688 5790 Ecclesia
2718 5736 2917 5793 debeat.

1938 5814 1959 5842 ⁸
1994 5803 2212 5877 Dionvs.
2252 5805 2429 5877 Exig.,
2459 5807 2656 5862 habuit.
