4204 6560
1894 405 2232 471 CRISCONII
2273 401 2595 462 AFRICANI
2637 401 2945 463 EPISCOPI

3955 401 4062 460 900

777 543 1066 622 proposuit
1093 553 1312 598 servare
1339 534 1484 608 quod
1513 536 1764 600 noverat,
1793 541 1894 586 nec
1917 527 2174 599 ignorans
2206 537 2358 580 cura-
2391 519 2444 580 Α
2543 521 2745 622 Concil.
2789 522 3066 622 (Iarthag.,
3098 519 3180 573 tit.
3328 517 3401 574 Ut
3426 516 3519 574 ﬁlii
3548 517 3892 622 sacerdotum
3919 531 4074 590 spec-

778 642 860 696 vit
887 654 1050 696 nosse
1074 635 1222 708 quod
1248 636 1480 705 gereret.

779 749 1082 810 CLXXXII.
1132 747 1212 801 De
1254 745 1335 798 his
1379 742 1466 813 qui
1494 740 1632 793 circa
1661 738 1885 813 mediam
1913 735 2258 804 septimanam
2303 730 2372 783 ad

1319 811 1576 883 baptisma
1604 811 1835 865 veniunt.

855 933 1054 989 Concil.
1104 927 1435 994 Laodicensi,
1467 927 1544 979 tit.
1575 922 1662 976 ἀΰ.
1693 920 1848 990 Quod
1896 934 2002 974 non
2033 924 2281 989 oporteat
2305 915 2374 970 ad

783 1025 1049 1097 baptisma
1072 1033 1398 1092 quanquam
1422 1024 1542 1088 post
1561 1016 1694 1071 duas
1715 1010 2136 1083 quadragesima:
2164 1005 2374 1064 hebdo-

783 1117 973 1174 madas
1002 1113 1231 1169 admitti.

784 1225 1108 1286 CLXXXIII.
1144 1223 1223 1279 De
1244 1222 1566 1293 perceptione
1591 1220 1739 1289 ﬁdei,
1786 1227 1835 1273 et
1880 1217 2168 1272 redditione
2201 1230 2377 1270 eorum

1353 1293 1438 1365 qui
1469 1291 1817 1362 baptizantur.

859 1413 1057 1469 Concil.
1099 1408 1343 1473 Laodic.,
1379 1408 1512 1462 titul.
1545 1405 1634 1460 46.
1689 1402 1842 1470 Quod
1887 1409 2138 1473 oporteat
2166 1416 2260 1456 eos
2289 1415 2378 1470 qut

789 1506 854 1560 ad
905 1505 1172 1576 baptisma
1221 1505 1440 1559 veniunt
1489 1500 1646 1555 ﬁdem
1678 1500 1904 1562 discere,
1937 1505 1992 1553 et
2032 1497 2220 1568 quinta
2252 1498 2382 1551 l'eria

786 1598 1104 1669 septimana:
1132 1595 1350 1663 majoris
1380 1594 1636 1663 epi~copo
1661 1600 1755 1646 aut
1781 1590 2109 1661 presbyteris
2134 1588 2379 1643 reddere.

935 1707 1260 1767 CLXXXIV.
1297 1707 1365 1764 Ut
1395 1716 1508 1778 post
1533 1706 1789 1777 baptisma
1817 1705 2041 1758 chrisma
2069 1703 2237 1755 detur.

865 1826 1067 1881 Concil.
1121 1823 1361 1887 Laodic.,
1395 1821 1529 1874 titul.
1561 1819 1650 1873 t8.
1699 1818 1854 1886 Quod
1897 1823 2146 1886 oporteat
2173 1831 2267 1870 eos
2295 1816 2384 1886 qui

2475 614 2648 666 tacula
2702 613 2979 666 smcularia
3011 625 3117 664 non
3150 608 3465 676 exhibeant,
3513 610 3608 664 sed
3657 624 3757 664 nec
3803 617 4071 679 spectent,

2473 705 2597 759 licet
2619 705 2720 757 hoc
2743 719 2959 769 semper
2983 701 3304 758 Christianis
3328 701 3580 755 omnibus
3611 701 3964 756 interdictum
3987 701 4074 766 sit,

2473 804 2529 849 et
2558 795 2645 849 ubi
2673 793 3022 864 blasphemia:
3055 803 3177 848 sunt
3207 808 3312 846 non
3345 791 3626 846 accedant.

2475 907 2651 964 CXCI.
2682 905 2805 962 Non
2829 908 2980 960 licere
3002 904 3312 976 presbyteris
3341 905 3555 957 introire
3583 904 3652 955 ad
3680 906 3873 966 altare,
3905 902 4079 969 prius-

2533 975 2544 987 ’
2867 994 3021 1049 quant
3052 977 3374 1046 ingrediatur
3399 976 3686 1044 epiSCOpus.

2549 1072 2745 1126 Concil.
2806 1069 3048 1131 Laodic.,
3118 1068 3251 1122 titul.
3309 1065 3399 1122 56.
3451 1067 3603 1132 Quod
3660 1081 3766 1120 non
3827 1072 4082 1135 oporteat

2479 1165 2827 1236 presbyteros
2855 1170 2982 1215 ante
3012 1158 3412 1230 processionem
3462 1157 3701 1226 epierpi
3740 1155 3972 1210 introire
4001 1169 4084 1208 sa—

2482 1257 2737 1320 crarium,
2771 1263 2825 1308 et
2851 1253 3042 1307 sedere
3074 1270 3086 1305 :
3119 1251 3212 1306 sed
3243 1265 3364 1304 cum
3390 1247 3646 1319 episeopo
3677 1247 3880 1302 debent
3903 1247 4080 1313 ingre-

2481 1352 2550 1414 di,
2587 1351 2671 1404 νει
2719 1351 2770 1403 in
2820 1347 3085 1402 subselliis
3112 1346 3322 1411 sedere,
3369 1345 3472 1400 nisi
3514 1343 3739 1400 forsitan
3770 1345 4083 1399 inlirmitate

2483 1443 2808 1509 detineatur,
2840 1451 2931 1497 aut
2963 1439 3339 1512 proﬁciscatur
3360 1439 3666 1510 episcopus.

2555 1555 2757 1614 CXCII.
2809 1557 2909 1620 Qui
2957 1559 3012 1610 in
3060 1555 3200 1625 agris
3228 1553 3302 1607 vel
3349 1550 3758 1625 possessionibus
3792 1549 4019 1604 debeant

3157 1624 3415 1679 ordinari.

2561 1719 2754 1772 tioncil.
2805 1715 3043 1780 Laodic.,
3086 1715 3220 1767 titul.
3271 1711 3356 1765 57.
3395 1713 3548 1778 Quod
3590 1728 3697 1768 non
3729 1721 3991 1782 Oporteat
4039 1712 4090 1765 in

2489 1811 2629 1864 villis
2653 1818 2746 1863 aut
2777 1809 2828 1862 in
2852 1809 2990 1874 agris
3017 1807 3303 1876 episcopos
3328 1805 3604 1870 constitui,
3631 1804 3728 1858 sed
3756 1803 4089 1858 visitatores.

791 1919 1134 1989 baptizantur
1181 1923 1302 1984 post
1350 1914 1622 1967 lavacrum
1676 1911 1908 1965 chrisma
1956 1907 2176 1962 cmlesle
2205 1907 2384 1976 perci-
2421 1890 2460 1946 Β
2494 1899 2875 1955 Verumtamen
2903 1896 3530 1966 jampridemconstituti
3556 1897 3690 1949 nihil
3716 1895 3920 1949 faciant
3962 1911 4090 1965 prsc-

793 2025 947 2082 pere,
977 2017 1034 2064 et
1061 2006 1213 2075 regni
1244 2004 1442 2059 Christi
1473 2003 1762 2074 participes
1793 2000 2036 2056 inveniti.

795 2125 1104 2184 CLXXXV.
1159 2125 1456 2178 Oblationes
1505 2122 1689 2192 offerri
1735 2121 1789 2174 in
1832 2119 2248 2189 Quadragesima
2291 2134 2394 2172 non

1084 2210 1087 2211 '
1468 2203 1724 2262 oportere.

871 2289 1009 2346 Item
1037 2288 1169 2343 titul.
1199 2288 1288 2343 49.
1321 2285 1474 2352 Quod
1506 2300 1612 2339 non
1644 2291 1895 2354 oporteat
1943 2283 1996 2337 in
2037 2279 2399 2349 Quadragesi-

805 2398 914 2438 ma.
943 2395 1142 2451 panem
1190 2376 1582 2434 benedictionis
1609 2375 1818 2440 oll'erri,
1881 2373 1982 2430 nisi
2031 2372 2289 2437 Sabbato,
2344 2381 2400 2428 et

806 2473 1108 2529 Dominieo.

802 2583 1138 2642 CLXXXVI.
1173 2584 1291 2638 Non
1320 2584 1503 2638 debere
1524 2582 1783 2652 jejunium
1813 2580 1938 2636 solvi
1968 2581 2021 2634 in
2050 2579 2227 2648 quinta
2269 2577 2400 2647 feria

1324 2655 1630 2724 septimana
1659 2652 1895 2724 majoris.

873 2772 1074 2831 Concil.
1125 2770 1368 2839 Laodic.,
1403 2768 1540 2824 titul.
1591 2767 1678 2822 50.
1729 2766 1883 2834 Quod
1915 2781 2021 2820 non
2053 2773 2304 2835 oporteat
2345 2765 2400 2819 in

801 2866 1246 2936 Quadragesima,
1279 2863 1335 2918 in
1364 2861 1548 2916 ultima
1591 2859 1891 2929 septimana
1921 2857 2122 2926 quinta:
2152 2857 2296 2911 ferite
2318 2857 2404 2923 je-

799 2959 1013 3030 junium
1060 2955 1295 3021 solvere,
1351 2961 1629 3022 totamqua
1658 2950 2133 3018 Qttadragesimam
2164 2949 2282 3003 sine
2307 2963 2402 3003 ve-

805 3049 1085 3106 neratione
1158 3046 1422 3110 transire;
1488 3045 1768 3114 magisque
1824 3041 2113 3098 conveniat
2185 3054 2403 3095 onmem

807 3137 1289 3208 Quadragesimam
1318 3135 1562 3192 districto
1591 3131 1837 3190 venerari
1859 3132 2087 3203 jejunio.

2495 1998 2578 2044 ter
2609 1987 2996 2044 conscientiam
3027 1986 3266 2055 episcopi
3294 1986 3562 2049 civitatis;
3596 1985 3848 2039 similiter
3885 1995 3939 2040 et
3977 2001 4093 2056 prc-

2496 2081 2698 2152 shyteri
2735 2090 2929 2149 praeter
2953 2077 3237 2131 Consilium
3270 2077 3512 2146 episcopi
3545 2076 3678 2130 nihil
3706 2085 3894 2145 agant.

2497 2191 2717 2247 CXCIII.
2749 2189 3075 2245 Oblationem
3101 2190 3284 2258 offerri
3331 2191 3382 2242 in
3427 2189 3659 2243 domibus
3700 2207 3802 2242 non
3841 2199 4093 2258 eportere,

2758 2263 2835 2316 rel
2866 2279 2980 2333 qua:
3009 2263 3233 2330 psallere
3263 2261 3317 2313 in
3346 2261 3560 2313 ecclesia
3588 2262 3842 2313 cont-cuit.

2573 2381 2769 2436 Concil.
2819 2377 3064 2442 Laodic.,
3115 2377 3248 2430 titul.
3282 2374 3368 2429 58.
3411 2374 3562 2440 Quod
3612 2389 3720 2428 non
3751 2380 4006 2444 oporteat
4047 2373 4096 2428 in

2501 2474 2750 2530 domibus
2789 2471 3125 2527 oblationem
3172 2467 3431 2522 celebrari
3475 2467 3541 2520 ab
3571 2466 3840 2536 episcopis
3866 2465 3954 2521 vel
3983 2479 4099 2535 pre-

2502 2564 2760 2635 shyleris.

2575 2653 2776 2709 t.’onril.
2812 2651 3189 2720 suprascripto,
3242 2649 3322 2702 tit.
3359 2646 3446 2702 59.
3495 2646 3649 2713 Quod
3697 2662 3806 2702 non
3851 2653 4097 2716 oporteat

2504 2746 2750 2814 plebeios
2779 2744 3012 2811 psalmos
3035 2741 3088 2794 in
3117 2741 3348 2796 ecclesia
3379 2741 3610 2808 cantari,
3642 2754 3742 2794 nec
3771 2739 3944 2794 libros
3965 2755 4096 2809 prte-

2506 2847 2589 2892 ter
2637 2852 2901 2892 eanonem
2934 2835 3119 2902 Legis,
3168 2833 3263 2890 sed
3307 2832 3422 2890 sola
3465 2848 3620 2889 sacra
3647 2835 3925 2890 volumina
3972 2833 4100 2889 Novi

2507 2929 2839 2984 Testamenti
2869 2927 2954 2982 vel
2984 2926 3219 2981 Veteris.

2507 3040 2728 3098 CXCIV.
2784 3041 2934 3107 Quod
2985 3059 3086 3095 non
3137 3048 3371 3108 apnrteat
3423 3042 3718 3111 episwpos,
3776 3041 3995 3095 clericos
4056 3051 4101 3093 et

2774 3113 3076 3176 monachos,
3109 3113 3310 3181 praedia
3337 3113 3510 3166 aliena
3533 3114 3838 3166 conducere.

805 3251 1157 3309 CLXXXVII.
1189 3249 1315 3304 Non
1345 3251 1526 3303 debere
1552 3251 1603 3303 in
1635 3249 1812 3302 diebus
1835 3248 2154 3319 jejuniorum
2183 3261 2405 3303 comme-
2430 3247 2480 3312 ο
2579 3225 2777 3319 δοησίί·
2835 3224 3175 3319 (λίηξίεεάνοηη
3211 3222 3394 3319 (“{5}
3445 3223 3697 3280 Ρετνθηίῑ
3745 3225 3814 3280 ad
3863 3236 4099 3282 “meum

1218 3323 1533 3376 morationes
1559 3327 1846 3390 martyrum
1864 3320 2002 3388 ﬁeri.

881 3436 1082 3492 Coneil.
1141 3435 1513 3506 suprascripto,
1547 3433 1624 3488 tit.
1669 3432 1760 3486 5i.
1792 3431 1949 3498 Quod
1997 3447 2104 3488 non
2152 3441 2408 3503 oporteat

812 3527 868 3583 in
914 3525 1334 3594 Quadragesima
1377 3531 1677 3594 martyrum
1726 3523 1967 3578 natalitia
1996 3523 2280 3590 celebrari,
2311 3523 2406 3579 sed

811 3632 1000 3674 eorum
1031 3625 1220 3673 sancta
1256 3613 1702 3671 commemoratio
1745 3614 1800 3670 in
1831 3612 2021 3670 diebus
2041 3612 2407 3670 Sabbatorum

812 3718 870 3766 et
900 3709 1300 3765 Dominicorum
1332 3705 1447 3761 ﬁeri
1475 3706 1782 3762 conveniat.

815 3817 1186 3878 CLXXXVIII.
1219 3820 1287 3875 Ut
1321 3821 1565 3945 natalitia
1589 3821 1678 3945 ea
1695 3820 1889 3945 nluptia:
1915 3822 1971 3874 in
1995 3817 2413 3891 Quadragesima

1473 3907 1507 3945 n
1544 3907 1578 3945 η
1683 3909 1716 3945 n
1744 3931 1758 3945 .

1473 3906 1578 3946 non
1608 3906 1758 3946 nant.

1473 3906 1578 3946 non
1683 3902 1758 3946 nt.

888 3983 1087 4040 Concil.
1121 3982 1370 4048 Laodic.,
1422 3983 1560 4038 titul.
1746 3984 1903 4052 Quod
1933 4000 2040 4040 non
2079 3993 2331 4056 oporteat
2358 3986 2413 4042 in

815 4076 1262 4146 Quadragesima,
1290 4083 1386 4130 aut
1413 4075 1648 4146 nuptias,
1681 4084 1776 4131 aut
1801 4077 2043 4133 natalitia
2071 4078 2372 4135 celebrare.

817 4185 1146 4242 CLXXXIX.
1185 4185 1251 4241 Ut
1280 4187 1335 4240 in
1365 4185 1776 4243 Christianorum
1810 4205 1913 4242 non
1953 4190 2171 4244 saltetur
2193 4192 2405 4261 nuptiis.

892 4301 1092 4357 Cencil.
1153 4300 1399 4368 Laodic.,
1451 4302 1587 4357 titul.
1643 4303 1734 4356 5'5.
1785 4303 1940 4370 Quod
1994 4321 2100 4361 non
2157 4316 2410 4376 Oporteat

821 4395 1158 4451 Christianos
1184 4403 1375 4450 euntes
1403 4394 1470 4450 ad
1503 4395 1716 4466 nuptias
1743 4398 2025 4468 plaudere,
2054 4401 2137 4455 vel
2170 4401 2407 4470 saltare;

822 4485 920 4541 sed
947 4485 1326 4541 venerabiliter
1347 4501 1584 4555 cmnare,
1616 4488 1700 4544 vel
1732 4491 2016 4560 prandere,
2049 4493 2189 4550 sicut
2231 4495 2410 4550 Chris-

823 4577 1003 4630 tianos
1029 4574 1203 4630 decet.

825 4686 980 4742 CXC.
1011 4686 1137 4743 Noti
1157 4687 1312 4742 licere
1337 4688 1538 4744 clericis
1565 4689 1778 4746 ludicris
1804 4695 2106 4764 spectaculis
2144 4695 2410 4752 interesse.

795 4864 798 4869 _
899 4799 1099 4853 Concil.
1149 4798 1394 4868 Laodic.,
1427 4802 1560 4856 titul.
1595 4800 1683 4856 54.
1716 4799 1870 4869 Quod
1914 4820 2022 4860 non
2065 4816 2280 4876 oportet
2323 4824 2416 4863 sa-

829 4889 1101 4956 cerdotes,
1132 4899 1228 4945 aut
1263 4893 1490 4949 clericos
1539 4896 1947 4967 quibusrunque
1998 4902 2318 4970 spectaculis
2365 4903 2417 4958 in

831 4981 1025 5049 caenis,
1054 4989 1109 5035 et
1151 4981 1205 5036 in
1236 4984 1437 5056 nuptiis
1485 4986 1767 5055 interesse,
1814 4989 1909 5044 sed
1957 4999 2245 5061 antequam
2293 4995 2418 5064 tity-

831 5075 1010 5130 melici
1039 5075 1425 5146 ingrediantur,
1459 5094 1747 5152 exsurgere
1795 5100 1892 5141 eos
1937 5089 2210 5154 convenit,
2260 5100 2421 5161 atque

835 5166 960 5220 inde
987 5166 1285 5223 discedere.

909 5258 1043 5314 Item
1070 5258 1267 5314 Concil.
1297 5267 1636 5336 suprascript.
1669 5268 1747 5321 tit.
1775 5266 1863 5322 55.
1891 5279 1914 5306 ο
1939 5269 2091 5337 Quod
2129 5290 2236 5331 non
2261 5293 2420 5347 opor-

840 5355 952 5402 teat
981 5349 1309 5417 sacerdotes,
1357 5362 1449 5407 aut
1489 5355 1716 5411 clericos
1744 5373 1812 5414 ex
1844 5359 2051 5417 collatis
2081 5365 2163 5419 vel
2211 5382 2421 5422 comes-

841 5441 1141 5496 sationibus
1170 5444 1418 5498 convivia
1452 5447 1767 5506 celebrare:
1803 5451 1907 5507 hoc
1934 5464 2115 5510 autem
2145 5472 2245 5513 nec
2277 5461 2424 5514 laicis

843 5545 1004 5601 posse
1034 5548 1346 5604 congruere.

879 5742 888 5751 θ
920 5679 944 5706 ³
977 5670 1073 5727 Hic
1095 5690 1268 5730 canon
1289 5681 1601 5754 ttourcitatur
1623 5701 1648 5738 a
1671 5687 1979 5754 (Iresconio,
2007 5692 2055 5743 in
2080 5708 2175 5746 suo
2207 5695 2423 5750 lit-ctia-

848 5749 928 5828 rio
954 5759 1112 5828 supra
1143 5761 1261 5815 pug.
1297 5749 1418 5812 117v,
1447 5769 1494 5806 c.
1525 5755 1572 5818 l,
1604 5765 1656 5828 et
1690 5759 1898 5812 videtur
1928 5749 2022 5828 per
2047 5749 2418 5820 Itallucittatio-

847 5825 970 5868 nent
1014 5816 1079 5868 ab
1125 5833 1449 5876 antattuense
1491 5816 1721 5892 quodam
1764 5846 1860 5899 pro
1918 5816 2060 5887 t'extu
2108 5816 2422 5892 cah‘diﬁQM

2510 3318 2775 3390 synodum
2807 3317 2948 3385 quod
2981 3318 3200 3385 quidam
3231 3317 3323 3386 qui
3355 3317 3410 3371 in
3444 3318 3592 3372 clero
3623 3319 3879 3373 videntur
3908 3319 4100 3385 allecti,

2511 3417 2735 3480 propter
2780 3408 2924 3464 lucra
2957 3408 3132 3477 turpia
3163 3409 3524 3464 conductores
3563 3408 3858 3464 alienarum
3901 3425 4106 3480 posses-

2509 3503 2720 3556 sionum
2752 3498 2899 3565 ﬁant,
2931 3509 2985 3554 et
3013 3499 3292 3555 saecularia
3322 3501 3538 3568 negotia
3566 3503 3668 3556 sub
3698 3517 3826 3556 cura
3861 3518 3958 3556 sua
3984 3519 4100 3557 sus-

2513 3592 2748 3662 cipiant;
2794 3591 2888 3645 Dei
2937 3591 3155 3658 quidem
3206 3590 3558 3646 ministerium
3598 3593 3747 3661 parvi
3789 3595 4102 3663 pendentes,

2517 3682 2852 3742 saecularium
2905 3697 3035 3736 vero
3091 3681 3456 3738 discurrentes
3511 3681 3722 3748 domos,
3782 3695 3838 3738 et
3889 3694 4106 3754 prOpter

2519 3777 2798 3830 avaritiam
2827 3775 3278 3845 patrimoniorum
3312 3775 3734 3830 sollicitudinem
3773 3786 4052 3832 sumentes
4089 3795 4101 3830 :

2517 3867 2755 3922 decrevit
2782 3868 2962 3936 itaque
2988 3867 3092 3922 hoc
3131 3875 3378 3922 sanetum
3423 3881 3788 3938 magnumque
3820 3870 4104 3924 concilium

2517 3957 2722 4014 nullum
2758 3957 3034 4028 deinceps,
3065 3973 3174 4013 non
3205 3958 3543 4028 episcopum,
3577 3974 3684 4014 non
3711 3959 3996 4028 clericum,
4028 3961 4106 4016 vel

2519 4050 2861 4114 monachum,
2894 4058 2984 4103 aut
3006 4048 3380 4118 possessiones
3402 4049 3729 4115 conducere,
3764 4058 3857 4104 aut
3883 4053 4107 4120 negotiis

2510 4141 2853 4196 saecularibus
2878 4155 2937 4196 se
2966 4142 3216 4206 miscere,
3248 4148 3447 4209 printer
3484 4140 3837 4210 pupillorum,
3883 4144 3928 4199 si
3976 4147 4105 4198 forte

2511 4233 2658 4301 leges
2696 4233 2976 4302 imponant
3017 4232 3442 4288 inexcusabilem
3488 4247 3698 4298 curam,
3742 4243 3839 4288 aut
3878 4236 4107 4290 civitatis

2511 4326 2802 4396 episcopus
2877 4325 3368 4381 ecclesiasticarum
3440 4341 3620 4380 rerum
3690 4327 4106 4383 sollicitudinem

2511 4417 2712 4473 habere
2758 4417 3059 4488 praecipiat,
3105 4426 3201 4470 aut
3247 4417 3635 4486 orphanorum,
3667 4426 3762 4472 aut
3804 4420 4106 4486 viduarum,

2515 4523 2807 4576 earumque
2834 4523 2953 4577 qua:
2974 4508 3090 4563 sine
3113 4507 3218 4562 ulla
3245 4508 3554 4578 provisione
3581 4517 3706 4563 sunt
3727 4524 4102 4578 personarum,

2515 4613 2635 4669 quae
2659 4599 2896 4654 maxime
2919 4599 3289 4654 ecclesiastico
3313 4598 3554 4668 indigent
3573 4599 3862 4666 adjutorio.
3892 4611 4110 4671 prepter

2518 4692 2768 4748 timorem
2817 4691 3054 4757 Domini,
3103 4705 3264 4745 causa
3312 4690 3590 4759 deposcat.
3643 4690 3700 4744 Si
3758 4693 3880 4761 quis
3929 4704 4108 4748 autem

2518 4783 2820 4851 transgredi
2867 4783 2936 4838 de
2979 4790 3178 4838 caetero
3208 4790 3403 4836 statuta
3451 4783 3762 4849 tentaverit,
3807 4783 4108 4852 hujusmodi

2518 4874 2904 4930 ecclesiasticis
2933 4872 3392 4944 increpationibus
3419 4872 3741 4938 subiacebit.

2520 4985 2720 5041 CXCV.
2752 4985 2830 5040 De
2856 4987 3052 5040 honore
3075 4984 3343 5040 monachis
3370 4993 3725 5052 competente;
3788 4997 3838 5040 et
3869 5004 3935 5040 ne
3979 4989 4108 5042 ullus

2592 5075 2766 5112 eorum
2809 5065 2963 5110 tentet
3013 5057 3359 5110 ecclesiastica
3398 5065 3486 5107 aut
3524 5059 3798 5110 saecularia
3827 5059 4110 5128 inquietare

2592 5130 2816 5196 negotia,
2870 5144 2958 5180 nec
3007 5130 3230 5180 alienum
3258 5141 3457 5179 servum
3507 5139 3696 5196 pra’ter
3740 5131 4107 5182 conscientiam

2594 5199 2787 5251 domini
2816 5200 2893 5250 sui
2925 5200 3202 5267 suscipere.

2594 5288 2789 5344 Concit.
2824 5287 3162 5355 Chalcedon.,
3199 5291 3274 5344 tit.
3309 5288 3359 5342 4.
3390 5289 3492 5356 Qui
3525 5304 3649 5344 vere
3675 5298 3731 5344 et
3758 5291 3972 5348 sincere
4006 5293 4107 5345 sin-

2524 5383 2764 5452 gularem
2798 5390 3079 5438 sectantur
3108 5384 3294 5447 vitam,
3325 5390 3694 5452 competenter
3727 5383 4065 5440 honorentur
4093 5402 4103 5437 :

2525 5477 2776 5545 quoniam
2827 5490 2955 5530 vero
3003 5475 3218 5544 quidam
3271 5484 3482 5529 utentes
3511 5475 3695 5529 habitu
3742 5478 4000 5531 monachi
4034 5493 4108 5531 rc.-

2526 5567 2825 5622 clesiastica
2857 5569 3070 5635 negotia
3103 5569 3387 5634 civilisque
3416 5570 3742 5621 conturbant
3775 5570 4106 5624 circumeun-

2526 5697 2763 5765 ejustiem
2798 5699 3008 5751 eonciiii
3042 5701 3292 5760 scriptm.
3327 5699 3414 5764 qui
3451 5713 3554 5751 nou
3580 5709 3760 5754 exstat
3790 5701 3842 5754 in
3875 5701 3976 5757 .‘lts.
4001 5703 4110 5757 Cli-

2525 5779 2865 5876 :‘tnttmtlautt,
2914 5779 2965 5824 et
2995 5788 3151 5838 quem
3181 5771 3514 5839 t'cPOSttitutts
3545 5785 3610 5824 ex
3645 5774 3844 5827 lodice
3878 5772 4107 5846 Dionysi

2547 5857 2710 5876 ιιοηιη.

2525 5857 2551 5893 ξ’
2576 5857 2730 5893 Μελίη.
