4204 6544
91 430 206 489 901

1321 425 1751 487 BREVIARIUM
1791 426 2218 490 CANONICUM.

87 551 182 602 tes
233 541 608 601 indifferenter
633 543 816 609 urbes,
863 556 1076 599 necnon
1123 548 1180 597 et
1224 541 1555 597 monasteria
1605 541 1708 598 sibi
1736 548 1787 606 Α
1814 542 2094 614 conferre,
2122 545 2209 600 vel
2241 544 2307 600 ad
2338 545 2772 603 ecclesiasticum
2799 544 3136 618 famulatum,
3163 549 3426 610 cohiben-

91 637 383 694 instituerc
410 647 701 703 tentantes,
761 635 981 706 placuit,
1012 634 1213 689 nullum
1244 633 1460 703 quidem
1483 648 1707 703 usquam

86 733 392 798 aedificare,
425 740 518 785 aut
549 729 885 785 constituere
913 728 1301 786 monasterium
1324 770 1337 794 ,
1373 727 1461 781 vel
1483 726 1708 782 oratorii

88 827 362 894 domum,
418 833 618 897 praeter
663 824 1053 881 conscientiam
1102 823 1339 878 civitatis
1391 821 1635 893 episcopi
1689 839 1704 876 :

87 920 404 976 monachos
459 935 593 976 vero
642 934 741 989 per
785 931 1223 988 unamquamque
1268 917 1566 983 civitatem,
1613 923 1710 971 aut

83 1017 378 1082 regionem
428 1016 706 1084 subjectos
735 1030 856 1070 esse
883 1016 1168 1085 episcopo,
1215 1023 1272 1070 et
1299 1015 1540 1084 quietem
1578 1013 1705 1068 dili-

83 1122 240 1176 gere,
276 1117 335 1164 et
365 1109 604 1163 intentos
654 1122 775 1164 esse
822 1108 1197 1164 tantummodo
1242 1107 1451 1177 jejunio
1489 1114 1544 1163 et
1583 1122 1706 1162 ora.

84 1201 251 1266 tioni,
287 1201 339 1255 iu
369 1201 505 1256 locis
534 1201 730 1270 quibus
758 1201 1189 1256 renuntiaverint
1237 1201 1439 1256 sreculo
1486 1214 1706 1270 perma-

83 1306 339 1362 nentes;
399 1311 501 1352 nec
557 1296 941 1353 ecclesiasticis
994 1311 1145 1362 vero,
1202 1309 1302 1350 nec
1357 1294 1705 1350 stecularibus

81 1391 331 1462 negotiis
379 1391 806 1456 communicent,
859 1391 943 1445 vel
990 1391 1043 1445 in
1093 1390 1278 1460 aliquo
1331 1389 1440 1444 sint
1489 1387 1704 1443 molesti

81 1484 314 1554 propria
344 1482 674 1536 monasteria
719 1482 1053 1549 deserentes,
1099 1481 1201 1536 nisi
1244 1479 1381 1535 forte
1411 1480 1493 1535 his
1518 1479 1703 1550 praeci-

82 1577 288 1646 piatur,
324 1584 550 1648 pr0pter
579 1590 716 1645 Opus
757 1574 1143 1641 necessarium,
1176 1573 1244 1627 ab
1272 1575 1528 1643 episcopo
1571 1573 1702 1628 civi-

84 1670 261 1735 tatis;
295 1669 498 1724 nultnm
547 1685 682 1725 vero
715 1671 960 1740 recipere
1010 1671 1062 1724 in
1114 1671 1458 1725 monasteriis
1487 1685 1702 1726 servum

83 1762 320 1815 obtentu
349 1759 629 1824 monachi,
675 1767 872 1830 praeter
910 1762 993 1814 sui
1045 1760 1249 1813 domini
1291 1761 1697 1814 conscientiam.

85 1851 605 1920 Transgredientem
655 1869 787 1909 vero
832 1852 974 1908 hanc
1013 1852 1382 1907 definitionem
1433 1861 1694 1918 nostram,

1816 638 1958 694 tibus
1984 654 2203 709 quoque
2251 641 2568 718 pratsulibus
2612 640 2982 699 indifferenter
3009 644 3239 702 admitti.
3262 646 3424 714 .Qua

1813 729 1991 786 modis
2012 732 2265 787 omnibus
2295 739 2379 788 est
2407 726 2704 788 amovenda
2731 735 3017 803 pernicies,
3049 751 3117 792 ne
3139 753 3238 807 per
3261 735 3425 794 Citri-

1811 824 1974 879 stiani
2016 825 2252 880 nominis
2298 825 2624 891 institutum,
2673 835 2767 880 aut
2806 827 2982 882 aliena
3029 829 3274 898 pervadi,
3323 835 3422 887 aut

1809 915 2023 987 publica
2053 916 2304 972 videatur
2330 917 2612 987 disciplina
2661 919 2904 973 subverti
2933 937 2946 974 :
2979 920 3249 991 praecipue
3293 937 3417 978 cum

1810 1023 1910 1063 nec
1941 1010 2112 1078 ipsam
2143 1009 2427 1065 ministerii
2451 1010 2717 1066 clericalis
2745 1009 2844 1065 hac
2863 1011 3194 1080 obligatione
3216 1012 3417 1070 fuscari

1808 1101 2097 1156 conveniat
2127 1101 2468 1171 dignitatem,
2498 1111 2833 1173 cogaturque
2873 1117 2974 1173 pro
3003 1110 3146 1159 statu
3174 1103 3416 1160 militan-

1809 1193 1941 1248 tium
1984 1193 2087 1249 sibi
2126 1193 2547 1264 conditioneque
2593 1195 2823 1265 jurgari,
2877 1203 2972 1251 aut
3025 1194 3217 1263 videri,
3269 1195 3416 1267 quod

1807 1286 1964 1351 absit,
1993 1287 2255 1342 obnoxia.
2290 1288 2496 1354 Quibus
2519 1287 2754 1342 sollicita
2783 1296 3158 1360 competenter
3186 1287 3417 1344 interdi-

1806 1377 1986 1434 ctione
2012 1379 2318 1448 prohibitis,
2352 1380 2599 1450 quisquis
2627 1381 2932 1451 episcopus,
2983 1381 3286 1453 presbyter,
3324 1388 3419 1436 aut

1806 1469 2084 1538 diaconus,
2109 1472 2195 1526 vel
2227 1487 2414 1528 corum
2443 1473 2536 1542 qui
2563 1473 2912 1528 monasteriis
2934 1487 3166 1543 przeesse
3190 1487 3422 1529 noscun-

1809 1567 1912 1626 tur,
1943 1559 2245 1629 hujusmodi
2269 1577 2532 1631 personas
2571 1564 2715 1632 apud
2738 1576 2798 1618 se
2828 1571 3075 1617 tenentes
3117 1578 3224 1617 non
3257 1560 3417 1617 resti-

1807 1655 2030 1708 tuendas
2079 1653 2346 1724 patronis,
2395 1662 2487 1708 aut
2539 1652 2832 1725 deinceps,
2888 1653 2975 1710 vel
3029 1651 3414 1709 ecclesiasticae

1804 1747 2071 1815 servituti,
2103 1748 2188 1804 vel
2215 1749 2482 1820 religiosis
2537 1749 3053 1820 congregationibus
3097 1750 3416 1822 putaverint

1805 1843 2174 1911 applicandas,
2198 1844 2300 1898 nisi
2334 1844 2614 1900 voluntate
2653 1842 2882 1900 forsitan
2919 1844 3263 1900 dominorum
3310 1843 3412 1900 sub

82 1949 625 2004 cxcommunicatum
657 1961 779 2001 esse
813 1945 1176 2010 decrevimus,
1225 1960 1293 1999 ne
1344 1959 1542 1999 nomen
1594 1945 1692 1998 Do-

1803 1934 2086 2004 scripturte
2118 1936 2430 1991 testimonio
2453 1938 2701 2006 primitus
2726 1937 3026 2003 absolutas,
3052 1946 3143 1991 aut
3171 1937 3411 2006 legitima

79 2041 215 2094 mini
253 2041 692 2109 blasphemctur;
752 2046 1124 2092 verumtamen
1150 2037 1466 2107 episc0pum
1498 2049 1697 2092 conve-

81 2131 424 2186 nitcivitatis
449 2138 854 2200 competentem
902 2128 1358 2184 monasteriorum
1399 2128 1697 2198 providen-

80 2223 211 2278 tiam
243 2237 462 2291 gerere.

151 2315 242 2370 Ex
277 2317 497 2370 decretis
547 2331 697 2386 papae
746 2313 957 2379 Leonis,
1012 2316 1091 2370 tit.
1147 2314 1201 2370 l.
1258 2314 1371 2370 Leo
1411 2315 1698 2386 episcopus

77 2409 232 2463 urbis
257 2406 454 2462 Roma:
483 2407 752 2462 universis
781 2405 1055 2476 episcopis
1084 2421 1181 2477 per
1207 2404 1579 2476 Campaniam,
1611 2407 1697 2461 l‘i-

81 2515 303 2564 cenutn,
341 2498 616 2564 Tusciam,
649 2508 704 2553 et
726 2514 824 2570 per
851 2499 1134 2554 universas
1163 2511 1188 2534 ει
1221 2500 1526 2567 provincias
1558 2516 1692 2555 con-

80 2593 286 2648 stitutis
331 2592 386 2646 in
419 2591 672 2657 Domino,
703 2592 954 2646 salutem.
992 2592 1058 2647 L‘t
1088 2592 1246 2646 nobis
1275 2591 1692 2660 gratulationem

81 2685 207 2740 facit
236 2684 609 2740 Ecclesiarum
637 2691 810 2738 status
838 2683 1040 2739 salubri
1089 2682 1446 2752 dispositione
1472 2698 1695 2754 compo-

77 2782 237 2847 situs,
267 2782 348 2834 ita
375 2794 484 2834 non
515 2778 620 2834 levi
651 2793 752 2833 nos
781 2791 1018 2834 maerore
1059 2779 1366 2842 contristat,
1399 2783 1613 2846 quoties
1639 2787 1696 2834 et

79 2871 264 2942 aliqua
293 2879 485 2925 contra
513 2869 809 2924 constituta
855 2884 1124 2926 canonum
1174 2879 1230 2925 et
1270 2871 1694 2928 ecclesiasticam

78 2965 426 3036 disr-iplinam
457 2972 784 3033 pra-sumpta
822 2963 909 3019 vel
953 2962 1241 3019 commissa
1281 2965 1690 3032 cognoscimus;

76 3073 194 3128 qua:
223 3059 272 3113 si
324 3073 435 3112 non
467 3057 614 3126 quali
644 3055 908 3111 debemus
936 3056 1212 3124 vigilantia
1259 3069 1586 3121 resecemus,
1620 3053 1696 3110 illi

71 3154 160 3221 qui
191 3167 296 3207 nos
323 3149 702 3220 speculatores
731 3163 852 3204 esse
882 3148 1074 3214 voluit,
1119 3164 1385 3204 excusare
1415 3166 1522 3204 non
1565 3166 1694 3220 pos-

75 3259 284 3310 sumus,
317 3242 699 3314 permittentes
727 3241 998 3296 sincerum
1027 3256 1226 3312 corpus
1255 3240 1528 3308 Ecclesiae,
1546 3243 1689 3312 quod

76 3340 139 3393 ab
166 3304 336 3394 omni
356 3350 552 3407 purum
590 3334 802 3390 macula
827 3335 1103 3390 custodire
1132 3335 1414 3402 debemus,
1441 3337 1686 3392 ambien-
1717 3304 1766 3369 ϐ

75 3441 184 3485 tum
217 3429 474 3499 improba
501 3428 829 3497 contagione
857 3427 1070 3489 fmdari,
1115 3441 1239 3482 cum
1263 3428 1376 3499 ipsa
1403 3428 1502 3484 sibi
1525 3445 1688 3484 mem-

74 3523 292 3576 brorum
327 3534 431 3592 per
457 3519 940 3574 dissimulationem
972 3532 1236 3590 compago
1268 3537 1375 3574 non
1398 3531 1681 3590 congruat.

75 3615 452 3668 Atlmittttntur
505 3612 706 3681 passim
763 3611 829 3666 ad
874 3611 1118 3666 ordinem
1169 3627 1420 3680 sacrum,
1493 3615 1686 3683 quibus

76 3708 214 3760 nulla
248 3705 543 3769 natalium,
577 3703 722 3758 nulla
753 3718 963 3758 morum
994 3704 1229 3774 dignitas
1253 3706 1605 3775 sutlragatur;
1631 3717 1686 3764 et

72 3799 157 3865 qui
186 3813 217 3852 a
247 3795 494 3852 dominis
534 3795 647 3850 suis
683 3794 989 3850 libertatem
1022 3797 1281 3865 consequi
1325 3799 1547 3853 minime
1586 3817 1685 3869 po-

75 3898 318 3952 tuerunt,
372 3886 444 3942 ad
490 3886 762 3953 fastigium
811 3885 1126 3953 sacerdotii,
1169 3896 1424 3957 tanquam
1475 3891 1683 3948 servilis

71 3981 246 4036 vilitas
277 3980 429 4033 hunc
456 3977 719 4033 honorem
743 3977 940 4046 capiat,
966 3978 1356 4048 provehuntur,
1387 3990 1442 4035 ct
1467 3982 1680 4050 [robari

72 4072 95 4109 δ
131 4073 363 4127 Domino
412 4071 524 4128 Deo
555 4086 718 4143 posse
745 4072 1007 4139 creditur,
1035 4074 1128 4143 qui
1156 4073 1377 4130 domino
1419 4091 1520 4131 suo
1548 4092 1678 4132 nec-

74 4165 192 4220 d-Im
219 4166 464 4236 probare
495 4179 555 4220 se
588 4165 780 4233 potuit.
827 4163 1037 4235 Duplex
1085 4167 1267 4237 itaque
1313 4168 1364 4222 in
1399 4170 1496 4223 bac
1527 4179 1680 4241 parte

75 4266 251 4311 reatus
278 4265 387 4323 est,
421 4255 567 4326 quod
591 4263 647 4310 et
672 4270 884 4311 sacrum
919 4256 1278 4312 ministerium
1314 4258 1435 4314 talis
1463 4275 1686 4317 consor-

79 4347 129 4399 tii
175 4348 392 4401 vilitate
440 4345 724 4416 polluitur,
784 4354 840 4400 et
887 4345 1252 4414 dominorum,
1309 4359 1568 4419 quantum
1618 4351 1683 4404 ad

76 4439 268 4494 illicita:
297 4438 682 4509 usurpationis
715 4439 1076 4495 temeritatem
1107 4442 1360 4511 pertinet,
1409 4444 1530 4512 jura
1574 4445 1683 4500 sol-

75 4539 285 4586 vuntur.
339 4531 425 4587 Ab
476 4531 560 4585 bis
615 4533 816 4602 itaque,
870 4530 1064 4589 fratres
1113 4535 1436 4603 charissimi,
1492 4553 1683 4594 omnes

1803 2027 2172 2082 transactione
2199 2043 2512 2094 concessas,
2573 2028 2870 2098 periculum
2921 2043 2980 2082 se
3023 2028 3248 2084 honoris
3279 2043 3411 2099 pro-

1801 2117 1904 2188 prii
1963 2133 2071 2173 non
2122 2118 2398 2187 ambigunt
2452 2119 2960 2188 communionisque
3011 2119 3309 2186 subituros,
3362 2115 3411 2174 si

1799 2225 1963 2280 super
1985 2211 2087 2266 hac
2114 2227 2172 2266 re
2192 2211 2512 2282 cujusquam
2533 2227 2702 2267 verax
2727 2228 2824 2267 nos
2844 2212 3064 2281 querela
3087 2212 3409 2282 pulsaverit.

1800 2301 2006 2374 Magnis
2033 2305 2234 2376 quippe
2261 2306 2455 2362 studiis
2490 2306 2785 2362 secundum
2814 2305 3035 2361 beatum
3085 2305 3410 2377 Apostolutn

1800 2398 2208 2466 pi-acavcndtnn
2240 2407 2358 2463 est,
2407 2413 2474 2454 ne
2499 2398 2631 2454 fides
2663 2407 2718 2454 et
2747 2399 3028 2470 disciplina
3051 2399 3268 2457 Domini
3290 2400 3410 2458 bla-

1801 2491 2134 2560 Sphemetur.

1871 2602 2100 2658 CXCVI.
2152 2603 2304 2668 Quod
2351 2621 2454 2660 non
2510 2615 2746 2675 oporteat
2799 2604 3034 2662 absolute
3081 2605 3337 2676 quoslibet

2473 2679 2729 2732 ordinari.

1872 2787 2068 2842 Concit.
2103 2787 2444 2857 (.‘tiatcedon.,
2477 2790 2556 2844 tit.
2587 2789 2641 2846 6.
2692 2790 2904 2846 Nullum
2959 2790 3208 2848 absolute
3257 2790 3408 2848 ordi-

1798 2879 1914 2932 nari
1945 2880 2144 2934 debere
2171 2881 2572 2952 presbyterum,
2603 2891 2697 2937 aut
2725 2883 3036 2949 diaconum,
3084 2899 3185 2940 nec
3211 2899 3406 2954 quem-

1798 2973 1930 3028 libet
1960 2974 2013 3028 in
2043 2975 2212 3044 gradu
2243 2974 2636 3042 ecclesiastico,
2685 2977 2739 3031 ni
2760 2976 2788 3031 .i
2819 2978 3131 3047 specialiter
3157 2977 3402 3034 ecclesia:

1799 3071 2050 3137 civitatis,
2083 3079 2176 3124 aut
2205 3071 2585 3140 possessionis,
2637 3079 2730 3124 aut
2776 3072 3040 3141 martyrii,
3090 3080 3184 3126 aut
3211 3087 3406 3127 mona-

1797 3163 1944 3217 sterii
1973 3165 2062 3230 qui
2094 3161 2428 3216 ordinandus
2457 3170 2539 3215 cst
2570 3162 2969 3231 pronuntietur.
3013 3161 3114 3229 Qui
3145 3177 3276 3218 vero
3305 3161 3404 3217 ab-

1797 3257 1974 3311 stilute
2029 3256 2330 3323 ordinatur,
2383 3253 2622 3309 decrevit
2673 3263 2858 3309 sancta
2902 3256 3144 3328 synodus
3188 3254 3401 3312 irritam

1795 3349 1983 3405 haberi
2031 3348 2407 3418 hujusemodi
2464 3364 2657 3404 manus
2715 3349 3138 3420 impositionem,
3182 3358 3239 3406 et
3267 3366 3399 3408 nus-

1793 3460 1953 3514 quant
1986 3459 2146 3514 posse
2173 3445 2486 3498 nunistrare
2517 3442 2582 3496 ad
2616 3442 2915 3498 ordinautis
2946 3443 3216 3514 injuriam.

1790 3559 2040 3615 CXCVII.
2071 3559 2150 3613 De
2179 3561 2378 3613 clericis
2407 3559 2496 3630 qui
2532 3569 2652 3614 sunt
2679 3561 2733 3614 in
2764 3561 3006 3629 placidis,
3038 3562 3398 3630 monasteriis,

1863 3640 2016 3700 atque
2065 3634 2364 3699 ηιαΛμι-ὶὶε.
2421 3647 2535 3700 qua:
2591 3632 2682 3686 sub
2731 3641 2984 3700 potestate
3039 3634 3400 3700 episcoporum

1865 3701 2264 3772 ttlti:t:(ttjltsq."e
2293 3702 2512 3755 civitatis
2537 3703 2787 3756 existunt.

1865 3791 2062 3847 Concil.
2099 3792 2438 3858 Clmlccdon.,
2469 3792 2547 3845 tit.
2581 3791 2633 3850 8.
2670 3791 2865 3848 Clerici
2895 3793 2985 3862 qui
3022 3793 3396 3865 prteﬂciuntur

1792 3886 2048 3958 ploc'uiis,
2087 3884 2172 3940 vel
2201 3886 2292 3954 qui
2325 3884 2646 3939 ordinantur
2687 3884 2740 3939 in
2788 3885 3135 3943 monasteriis
3166 3895 3221 3942 et
3247 3887 3398 3944 basi-

1793 3981 1908 4037 lit-is
1958 3988 2276 4052 martyrum,
2306 3979 2405 4034 sub
2437 3978 2814 4050 episcoporum
2859 3978 2951 4049 qui
2989 3977 3041 4033 in
3072 3994 3399 4050 unaquaque

1791 4073 2012 4128 civitate
2041 4081 2184 4138 sunt,
2231 4071 2526 4128 secundum
2553 4081 2864 4128 sanctorum
2897 4072 3116 4126 Patrum
3147 4071 3396 4127 traditio-

1793 4182 1911 4230 nes,
1947 4174 2215 4236 potestate
2247 4173 2621 4234 permaneant,
2649 4181 2750 4221 nec
2774 4181 2872 4236 per
2898 4166 3295 4222 contumaciam
3321 4167 3391 4224 ab

1789 4260 2050 4328 episc0po
2100 4272 2197 4311 suo
2229 4255 2514 4311 dissiliant.
2567 4255 2666 4322 Qui
2705 4272 2836 4312 vero
2903 4256 3102 4313 audent
3143 4268 3396 4318 evertere

1789 4347 2163 4414 hujuscemodi
2196 4347 2424 4402 formam
2456 4361 2783 4417 quocunque
2827 4349 3012 4416 modo,
3044 4365 3145 4406 nec
3173 4353 3396 4424 proprio

1787 4438 2148 4508 subjiciuntur
2178 4440 2458 4510 episcopo,
2515 4439 2559 4495 si
2591 4439 2808 4510 quidem
2839 4439 3020 4496 clerici
3051 4451 3196 4510 sunt,
3226 4459 3397 4501 cano-

1789 4547 1917 4585 num
1950 4533 2385 4602 correptinibus
2431 4531 2822 4602 subjacebunt;
2880 4534 2925 4589 si
2973 4550 3104 4592 vero
3152 4536 3276 4594 laici
3305 4537 3394 4597 vel

79 4633 261 4679 vestra:
290 4623 587 4695 provincia:
614 4625 919 4680 abstineant
957 4627 1290 4693 sacerdotes,
1324 4639 1377 4684 et
1419 4648 1524 4686 non
1561 4642 1680 4688 tan-
1711 4627 1760 4688 D
1786 4625 2040 4680 monachi
2072 4622 2289 4692 fuerint.
2323 4627 2706 4682 communione
2738 4629 3044 4698 priventur.

80 4723 184 4770 tum
214 4717 280 4773 ab
311 4718 415 4782 his,
467 4717 561 4772 sed
593 4716 660 4771 ab
691 4718 807 4773 aliis
838 4719 1001 4773 etiam
1031 4721 1122 4789 qui
1156 4721 1403 4791 originali
1451 4733 1545 4778 aut
1581 4725 1679 4778 alio

79 4809 155 4860 eui
186 4809 487 4863 conditioni
516 4809 735 4876 obligati
769 4817 910 4870 sunt.
945 4810 1195 4869 volumus
1228 4816 1538 4884 temperari,
1575 4817 1675 4872 nisi

79 4902 209 4957 forte
236 4918 431 4956 eorum
463 4903 656 4973 petitio
687 4912 780 4956 aut
819 4905 1069 4957 voluntas
1101 4907 1412 4973 accesserit,
1459 4908 1548 4975 qui
1580 4908 1678 4962 ali-

81 4996 197 5061 quid
227 4997 326 5050 sibi
357 4996 410 5049 in
443 5010 540 5049 eos
562 4995 832 5050 vindicant
859 4997 1163 5068 potestatis.
1199 4999 1366 5055 Debet
1390 4999 1531 5056 enim
1557 5017 1678 5058 esse

81 5084 322 5140 innnunis
351 5088 420 5140 ab
455 5087 574 5143 aliis
603 5087 695 5157 qui
723 5087 917 5142 divinae
943 5089 1144 5145 militim
1187 5091 1348 5146 fuerit
1373 5106 1675 5164 aggregan-

85 5176 193 5241 dus,
227 5187 284 5232 ut
314 5194 344 5232 a
376 5176 573 5232 castris
601 5176 904 5244 dominicis,
931 5179 1127 5250 quibus
1151 5197 1347 5237 nomen
1371 5183 1488 5253 ejus
1518 5185 1678 5240 ascri-

85 5267 240 5335 bEtItr,
268 5269 431 5324 nullis
455 5269 793 5325 neces=itatis
823 5269 1050 5326 vinculis
1085 5273 1447 5330 abstrahatur.

153 5359 230 5412 Ex
259 5361 480 5416 decretis
511 5377 665 5432 papw
697 5360 911 5430 Gelasii,
944 5365 1022 5420 tit.
1059 5364 1145 5419 II.
1195 5365 1476 5422 Generalis
1515 5369 1676 5422 etiam

88 5467 115 5520 (ξ
142 5456 306 5510 arei-.e
351 5455 570 5510 vitanda
616 5457 960 5527 praesumptio
1001 5466 1105 5525 est,
1139 5475 1241 5528 qua
1283 5461 1679 5532 propemodum

89 5557 363 5601 emnantttr
394 5548 632 5602 universi
665 5548 862 5618 passim
907 5564 1096 5606 servos
1132 5561 1187 5607 ct
1217 5553 1538 5622 originatios
1580 5553 1680 5610 do-

87 5639 340 5694 minorum
382 5641 503 5710 jura
551 5645 1064 5715 possessionumque
1109 5646 1396 5717 fugientes,
1425 5649 1526 5703 sub
1551 5648 1680 5704 reli-

86 5729 235 5797 giosze
260 5733 693 5788 conversationis
725 5733 971 5802 obtentu,
996 5736 1080 5790 vel
1115 5738 1183 5795 ad
1205 5741 1528 5796 monasteria
1557 5755 1668 5796 ses.

157 5937 181 5967 ι
206 5930 362 5988 Deest
389 5933 446 5991 in
467 5930 671 5989 Codice
693 5932 911 6004 Dionvs.
939 5933 1095 6009 Exig.

1784 4735 2058 4793 CXCVIII.
2093 4735 2246 4803 Quod
2275 4754 2375 4792 non
2408 4746 2644 4808 oporteat
2671 4739 2886 4795 clericos
2928 4739 3174 4796 habentes
3200 4743 3391 4798 adver-

1855 4827 1941 4864 sus
1971 4812 2187 4886 inritent
2217 4811 2437 4886 negotia
2457 4811 2722 4886 proprium
2754 4828 2796 4874 e,
2818 4812 3048 4882 iscopum
3079 4814 3386 4886 relinquere,

1855 4892 1903 4935 et
1935 4883 2004 4934 ad
2030 4883 2301 4935 swculm-ia
2321 4881 2526 4952 judicia
2555 4899 2856 4952 properare.

1855 4991 2052 5046 Concit.
2084 4991 2421 5057 (Thatccdm.,
2448 4993 2530 5048 tit.
2553 4989 2606 5046 9.
2639 4993 2696 5049 Si
2726 4993 2848 5064 quis
2873 4993 3104 5051 clericus
3129 4995 3392 5054 adversus

1783 5085 2038 5142 clericum
2071 5085 2267 5140 habeat
2293 5090 2595 5154 negotium,
2650 5099 2756 5140 non
2805 5084 3026 5141 deserat
3065 5088 3386 5158 episcopum

1784 5179 2082 5248 prapritru,
2134 5187 2188 5230 et
2238 5177 2304 5229 ad
2349 5177 2622 5231 smcularia
2678 5187 2961 5246 percurrat
3007 5178 3210 5249 judicia
3243 5198 3257 5234 ε
3289 5181 3386 5236 sed

1783 5267 1933 5338 prius
1963 5268 2104 5321 actio
2125 5267 2419 5322 ventiletur
2447 5266 2589 5337 apud
2616 5267 2933 5340 episcopum
2966 5271 3267 5340 proprium,
3299 5272 3388 5328 vel

1783 5370 1934 5416 certe
1961 5359 2189 5415 consilio
2222 5359 2461 5430 ejusdem
2489 5359 2730 5431 episcopi
2769 5362 2911 5430 apud
2956 5377 3096 5432 quos
3145 5371 3386 5433 utraeque

1784 5459 1966 5523 partes
1995 5449 2285 5515 voluerint,
2331 5448 2595 5518 judicium
2641 5452 3018 5507 continebunt.
3050 5453 3107 5507 Si
3137 5454 3260 5522 quis
3285 5469 3388 5510 att-

1785 5553 1894 5599 tcm
1944 5552 2140 5615 praeter
2195 5543 2309 5599 haec
2355 5539 2567 5614 fecerit,
2621 5544 2896 5600 canonicis
2950 5547 3388 5617 correptionibus

1784 5637 2103 5708 subjacebit.
2138 5636 2288 5705 Quod
2315 5653 2360 5691 st
2391 5637 2619 5693 clericus
2647 5638 2844 5692 habeat
2871 5653 3088 5695 causam
3113 5640 3384 5696 adversus

1786 5731 2100 5803 epiSt-Opmu
2155 5733 2453 5802 proprium,
2505 5731 2591 5787 vc!
2645 5732 2906 5790 adversus
2945 5734 3198 5803 alterum,
3241 5732 3390 5808 apud

1861 5937 1889 5977 δ
1925 5936 2085 5995 Abest
2119 5951 2148 5992 a
2178 5935 2381 5994 Codice
2412 5936 2628 6010 Dionys.
2659 5935 2808 6008 Exig.
