4204 6614
783 540 891 600 903

779 657 1040 735 synodum
1070 642 1358 721 provincia,
1384 636 1690 709 judicetur;
1718 628 1863 701 quod
1886 626 1931 681 si
1962 622 2220 678 adversus
2241 617 2356 685 ejus
2383 614 2438 674 Α
2462 608 2841 665 contumeliam
2908 605 3141 666 faciens,

1726 725 1737 735 .
1996 734 2003 735 ,
2037 717 2074 735 ,1
2138 714 2358 735 -ι-..;,...,.
2468 720 2587 735 mnu
2618 717 2683 735 an
2713 700 2801 735 ηιιί
2833 700 3004 735 Aidani
3035 712 3137 735 nnn

780 714 1068 829 provincia:
1113 737 1587 808 metropolitanum
1655 725 1939 795 episcopus
1993 717 2077 771 vel
2133 714 2362 769 clericus

782 813 943 902 habet
968 835 1260 910 querelam,
1302 833 1453 897 petat
1498 821 1780 892 primatem
1809 813 2057 868 dimceser
2078 823 2124 871 s,
2153 814 2242 859 aut
2272 819 2359 856 se-

935 897 1094 1000 rt-gite
1121 923 1271 981 urbis
1294 908 1927 980 Constantinopolitanae,
1949 911 2004 957 et
2023 897 2165 969 apud
2189 898 2361 967 ipsum
2417 949 2425 955 _

782 1027 1063 1097 judicetur.

785 1136 1013 1195 CXCIX.
1048 1129 1196 1201 Quod
1227 1144 1329 1183 non
1354 1124 1509 1201 liceat
1535 1116 1718 1201 clerico
1767 1116 1819 1193 in
1862 1112 2082 1162 duarum
2109 1104 2365 1157 civitatum

1297 1196 1589 1249 ministrare
1610 1185 1855 1240 ecclesiis.

863 1317 1058 1377 Concil.
1090 1312 1423 1371 Chalcedon.,
1454 1306 1533 1357 tit.
1570 1300 1654 1353 10.
1704 1298 1817 1367 Non
1848 1294 2010 1347 licere
2039 1288 2289 1342 clericum
2316 1286 2367 1338 in

789 1416 1013 1474 duarum
1040 1409 1315 1465 civitatum
1337 1396 1602 1456 conscribi
1625 1389 1780 1447 simul
1804 1384 2070 1445 ecclesiis,
2103 1392 2155 1434 et
2179 1380 2229 1433 in
2260 1392 2363 1444 qua

791 1512 942 1569 initio
971 1504 1245 1561 ordinatus
1292 1504 1392 1557 est,
1444 1499 1498 1546 et
1547 1488 1612 1541 ad
1664 1497 1825 1553 quam
1858 1476 2098 1544 confugit
2126 1470 2277 1542 quasi
2305 1467 2371 1521 ad

789 1606 1079 1678 potiorem,
1112 1595 1181 1649 ob
1210 1590 1382 1647 inanis
1412 1583 1593 1653 gloriae
1640 1576 2005 1646 cupiditatem.
2048 1568 2161 1622 Iloc
2191 1571 2371 1618 autem

793 1656 1051 1751 tr‘acientes
1076 1680 1317 1741 revocari
1346 1678 1545 1731 debere
1565 1673 1641 1735 ad
1670 1682 1821 1724 suam
1851 1662 2149 1721 ecclesiam,
2182 1656 2232 1710 in
2265 1667 2373 1724 qua

794 1786 1041 1859 primitus
1070 1774 1299 1834 ordinati
1328 1776 1471 1832 sunt,
1504 1775 1555 1820 et
1586 1762 1659 1817 ibi"
1687 1753 2055 1814 tantummodo
2108 1750 2375 1805 ministra-

796 1844 878 1936 re.
910 1876 966 1931 Si
1001 1885 1131 1925 vero
1160 1867 1279 1935 quis
1305 1864 1411 1933 jam
1441 1856 1728 1914 translatus
1755 1859 1839 1906 est
1865 1864 1933 1903 ex
1970 1847 2073 1901 alia
2118 1846 2172 1900 in
2217 1844 2376 1897 aliam

798 1967 1104 2029 ecclesiam,
1138 1959 1331 2032 prioris
1378 1951 1640 2012 ecclesiae,
1687 1946 1772 2005 vel
1820 1940 2221 2013 martyriorum,
2259 1951 2375 2005 qua;

797 2064 896 2121 sub
925 2074 989 2115 ea
1035 2029 1175 2111 sunt.
1228 2059 1319 2103 aut
1362 2042 1724 2116 ptochiorum,
1773 2043 1867 2090 aut
1919 2029 2375 2087 xenodochiorum

799 2154 962 2211 rebus
991 2150 1043 2203 in
1091 2142 1234 2199 nullo
1263 2134 1648 2194 communicet.
1708 2128 1816 2183 Eos
1846 2140 1972 2179 vero
2003 2123 2093 2192 qui
2125 2120 2237 2174 ausi
2266 2118 2381 2173 fue-

799 2249 910 2305 rint
953 2250 1075 2315 post
1118 2236 1481 2293 delinitionem
1513 2240 1718 2296 magna:
1765 2231 1820 2277 et
1869 2218 2182 2275 universalis
2222 2216 2383 2283 hujus

799 2308 991 2413 synodi
1019 2331 1309 2402 quidquam
1338 2340 1402 2378 ex
1451 2320 1533 2374 his
1562 2331 1680 2387 qua:
1709 2322 1835 2368 sunt
1873 2308 2138 2380 prohibita
2182 2319 2381 2375 perpe-

801 2391 971 2492 t;are,
999 2391 1237 2480 decrevit
1270 2421 1455 2470 sancta
1483 2406 1719 2480 synodus
1750 2418 1781 2458 a
1810 2400 2028 2473 proprio
2082 2391 2382 2463 hujusmodi

800 2516 971 2591 gradu
998 2511 1271 2569 recedere.

805 2650 914 2709 CC.
968 2647 1037 2703 Ut
1083 2654 1406 2711 nequaquam
1443 2635 1653 2758 ἰᾶιοᾷέοῗ
1682 2623 2100 2695 metropolitanos
2128 2618 2388 2688 provincia

1492 2721 1557 2758 tut
1596 2719 1627 2755 a
1654 2718 1731 2753 ur.

1492 2718 1731 2758 tutantur.

882 2830 1079 2887 Concil.
1129 2820 1465 2881 Chalcedon.,
1500 2817 1581 2867 tit.
1616 2811 1701 2865 η.
1735 2805 1986 2862 Pervenit
2026 2802 2092 2856 ad
2125 2816 2222 2855 nos
2247 2796 2391 2867 quod

809 2922 1026 2997 quidam
1057 2924 1251 2989 prxeter
1271 2906 1639 2967 ecclesiastica
1667 2907 1867 2957 statuta
1898 2896 2157 2951 facientes
2187 2905 2391 2945 convo-

811 2982 992 3074 l‘arunt
1017 2982 1083 3067 ad
1110 3012 1424 3081 potestates,
1448 3008 1503 3054 et
1532 3013 1629 3067 per
1654 2990 2030 3063 pragmaticam
2071 2985 2295 3039 formam
2340 2982 2391 3034 in

811 3110 921 3165 duo
950 3074 1466 3169 unam-provinciam
1496 3088 1796 3144 diviserunt
1820 3125 1834 3148 ,
1867 3082 1939 3136 ita
1960 3085 2019 3133 ut
2041 3093 2109 3133 ex
2130 3077 2232 3129 hoc
2255 3074 2395 3127 facto

813 3203 922 3256 duo
970 3186 1373 3262 metropolitani
1403 3197 1524 3239 esse
1547 3180 1840 3234 videantur
1870 3173 1922 3227 in
1964 3185 2068 3226 una
2096 3164 2392 3237 provincia.

815 3251 1017 3347 Dtatuit
1045 3251 1173 3349 ergo
1197 3284 1383 3333 sancta
1412 3270 1648 3343 synodus
1670 3267 1737 3320 de
1764 3263 1972 3330 reliquo
2022 3256 2155 3311 nihil
2185 3256 2251 3308 ab
2281 3251 2395 3321 epi-

815 3312 1017 3347 atauus
1045 3312 1092 3339 cr
1106 3312 1173 3349 δυ
1197 3312 1383 3333 oui-vu-
1413 3312 1647 3343 οδε-νυνι.
1673 3312 1735 3320 ..τ
1766 3312 1963 3330 ----1--
2314 3312 2328 3321 _

815 3379 994 3450 scopis
1023 3376 1128 3428 tale
1158 3367 1374 3433 tentari,
1403 3360 1641 3431 alioquin
1681 3355 1774 3427 qui
1821 3355 1927 3409 hoc
1968 3350 2188 3406 annisus
2216 3346 2395 3409 fuerit,
2425 3329 2473 3391 Ο
2503 3312 2534 3450 ἰ

818 3446 1093 3535 amissioni
1162 3467 1357 3538 gradus
1408 3458 1613 3533 preprii
1666 3451 1985 3523 subiacebit.
2059 3446 2401 3512 Quaecunque

818 3586 949 3627 vero
977 3568 1222 3623 civitates
1245 3557 1439 3614 litteris
1471 3550 1837 3621 imperialibus
1865 3540 2264 3613 metropolitani
2304 3554 2401 3591 no-

821 3663 979 3720 minis
1029 3660 1236 3713 honore
1281 3648 1520 3707 subnixze
1574 3650 1719 3707 sunt,
1777 3641 1982 3694 honore
2028 3630 2401 3689 tantummodo

821 3754 1181 3828 perfruantur,
1225 3751 1282 3799 et
1322 3740 1413 3810 qui
1444 3734 1728 3792 ecclesiam
1758 3730 1875 3799 ejus
1905 3727 2168 3797 gubernat
2193 3721 2403 3790 episco-

821 3812 943 3919 pus,
970 3840 1129 3897 salvis
1154 3834 1360 3891 scilicet
1390 3842 1531 3884 verre
1560 3821 1875 3891 metropolis
1900 3815 2191 3888 privilegiis
2226 3812 2357 3867 suis.

893 3900 979 3989 Eva:
1008 3927 1224 3984 decretis
1274 3936 1421 3993 papa
1465 3912 1775 3977 Innocentii,
1825 3911 1903 3962 tit.
1951 3906 2039 3960 46.
2083 3905 2215 3959 Nam
2260 3900 2405 3971 quod

823 4024 1117 4087 sciscitaris
1143 4028 1344 4079 utrum,
1374 4010 1560 4067 divisis
1586 4004 1848 4076 imperiali
1873 4001 2073 4070 judicio
2095 3996 2407 4068 provinciis,

914 4115 1031 4169 dure
1056 4105 1384 4176 metropoles
1422 4099 1571 4166 fiant,
1624 4096 1700 4150 sic
1727 4094 1833 4148 duo
1858 4088 2259 4158 metropolitani
2290 4085 2406 4154 epi-

826 4204 977 4273 scopi
1003 4174 1249 4256 debeant
1273 4189 1570 4251 nominari,
1620 4201 1729 4240 non
1759 4194 1783 4221 ι
1820 4196 1945 4237 vere
1992 4181 2161 4234 visum
2210 4186 2292 4233 est
2343 4174 2410 4228 ad

829 4265 1182 4356 mobilitatem
1229 4284 1606 4343 necessitatum
1654 4275 2040 4331 mundanarum
2088 4268 2183 4323 Dei
2230 4265 2410 4321 Eccle-

830 4391 965 4447 siam
995 4378 1331 4441 commutari,
1362 4376 1701 4439 honoresque
1735 4376 1829 4422 aut
1855 4365 2145 4420 divisiones
2182 4359 2410 4430 perpeti,

834 4494 967 4553 quas
1008 4489 1107 4545 pro
1148 4473 1256 4525 suis
1302 4466 1479 4522 causis
1506 4460 1776 4516 faciendas
1804 4457 2017 4511 duxerit
2062 4454 2359 4523 imperator
2394 4466 2407 4502 :

835 4548 965 4636 ergo
990 4561 1279 4619 secundum
1310 4554 1589 4626 pristinum
1616 4548 2011 4620 provinciarum
2036 4558 2263 4608 morem,
2296 4555 2413 4594 me-

840 4657 1189 4730 tropolitanos
1219 4650 1500 4721 episcopos
1528 4643 1778 4699 convenit
1803 4638 2093 4695 numerari.

841 4793 967 4851 CCI.
1019 4787 1169 4854 Quod
1221 4802 1323 4838 non
1378 4777 1951 4854 oporteat__peregrinos
2006 4774 2243 4837 clericos,
2300 4772 2411 4824 sine

1234 4849 1661 4909 commendatitiis
1710 4849 2024 4901 ministrare.

916 4994 1112 5050 Concil.
1156 4987 1490 5047 Chalcedou.,
1524 4985 1601 5037 tit.
1638 4981 1726 5035 I3.
1760 4978 2098 5047 Peregrinos,
2126 4976 2352 5031 clericos
2368 4983 2424 5029 et

843 5094 1097 5149 lectores,
1124 5086 1175 5137 in
1198 5083 1301 5135 alia
1324 5080 1541 5136 civitate
1569 5082 1763 5145 pneter
1786 5069 2257 5127 commendatitias
2279 5068 2421 5122 litte-

844 5196 933 5237 ras
965 5179 1046 5233 sui
1070 5172 1301 5245 episcopi
1327 5182 1589 5237 nusquam
1614 5165 1828 5236 penitus
1862 5162 2172 5217 ministrare
2201 5160 2422 5214 debere.

1178 5304 1325 5360 CCII.
1367 5302 1445 5356 De
1473 5300 1777 5355 diaconissis
1799 5296 2117 5351 mulieribus.

2444 4630 2499 4690 D

1890 505 2223 563 CIHSCONII
2272 497 2592 556 AFIiICANl
2637 494 2937 551 EPISCUI’I
3922 486 4005 542 90s

3206 616 3222 655 :
3281 599 3692 656 athematizetur
3738 595 4007 667 huiusmodi

2468 720 2589 759 cutn
2618 717 2683 757 eo
2713 700 2805 754 oui
2833 700 3007 755 eidem
3035 697 3224 766 cepula
3281 711 3337 749 ιτ.

2952 808 3122 867 CCIII.
3167 807 3228 861 υι
3281 806 3550 863 sarochiis.

2531 912 2730 966 Concil.
2776 906 3109 970 Chalcedon.,
3142 906 3219 955 tit.
3281 901 3353 953 l7.
3404 897 3751 967 Singularutn
3780 894 4012 949 ecclesna-

2466 1020 2581 1061 rum
2610 1003 2837 1059 rusticas
2864 998 3149 1072 parochias
3176 1011 3232 1051 vc
3290 986 3662 1064 possessiones
3690 1001 3897 1041 manere
3935 986 4013 1039 in-

2466 1109 2754 1155 concussas
2785 1093 2887 1147 illis
2914 1088 3180 1159 episcopis
3207 1103 3234 1156 q
3286 1086 3301 1139 i
3330 1099 3420 1139 eas
3449 1084 3683 1137 retinere
3712 1088 3982 1133 noscuntur
4000 1117 4017 1143 ,

2468 1199 2523 1245 et
2548 1186 2780 1241 maxime
2822 1184 2868 1237 si
2899 1198 2994 1252 per
3018 1179 3236 1235 tricenni
3286 1192 3337 1230 tn
3376 1189 3469 1229 eas
3498 1173 3702 1240 absque
3730 1170 3781 1223 vi
3800 1168 4019 1222 obtinen-

2471 1289 2550 1334 tes
2573 1276 2671 1331 sub
2700 1272 3102 1344 dispensatione
3123 1281 3238 1323 rext
3284 1273 3411 1320 unt:
3442 1262 3583 1331 quod
3614 1260 3658 1315 si
3683 1261 3820 1313 intra
3852 1258 4024 1310 tricen-

2472 1374 2615 1428 nium
2665 1370 2805 1424 facta
2844 1364 3001 1419 fuerit
3040 1362 3107 1417 de
3156 1362 3238 1415 his
3287 1358 3372 1413 vel
3404 1358 3515 1423 liat,
3558 1352 3857 1413 altercatio,
3885 1349 4027 1403 licere

2472 1467 2550 1521 eis
2578 1463 2670 1533 qui
2726 1476 2785 1516 se
2833 1460 2986 1514 laesos
3033 1468 3242 1511 asserur
3323 1450 3464 1521 apud
3507 1456 3746 1502 sanctam
3794 1442 4031 1514 synodum

2475 1553 2759 1627 provinciae
2794 1551 2861 1605 de
2889 1550 2974 1603 bis
3015 1558 3233 1601 movere
3281 1551 3566 1596 certamen.
3603 1534 3760 1603 Quod
3792 1534 3834 1587 si
3872 1534 3981 1601 quis
4005 1550 4029 1583 λ

2477 1643 2891 1714 metropolitano
2942 1638 3171 1703 laeditur,
3220 1650 3246 1688 a
3281 1632 3361 1687 ιυὰ
3406 1632 3689 1701 primatem
3717 1627 4033 1687 diceeeseOs,

2479 1734 2721 1805 autapud
2743 1727 3248 1797 Constantinopolin
3282 1738 3388 1777 tatn
3410 1722 3591 1777 sedem
3614 1718 3899 1788 judicetur,
3919 1725 4041 1769 SlL‘Ul

2479 1830 2727 1899 superius
2772 1826 2973 1879 dictum
3020 1830 3123 1875 est.
3171 1819 3227 1872 Si
3282 1832 3375 1886 qua
3402 1830 3532 1869 vero
3565 1813 3756 1866 civitas
3795 1816 4044 1879 potestate

2483 1917 2742 1988 imperiali
2792 1922 2985 1968 novata
3016 1920 3117 1975 est,
3151 1916 3245 1962 aut
3284 1907 3329 1960 si
3378 1906 3621 1976 protinus
3652 1903 3949 1965 innovetur,
3973 1900 4044 1951 ci-

2487 2004 3015 2077 vilesdispositiones
3070 2011 3124 2057 et
3172 2001 3256 2071 pul
3284 2000 3411 2053 licos
3448 1996 3800 2051 ecclesiarum
3850 2006 4051 2059 quoque

2484 2101 2855 2175 parocltiarum
2883 2095 3097 2151 ordines
3120 2093 3258 2147 subst
3284 2098 3539 2159 quantur.

2591 2211 2766 2267 CCIV.
2811 2210 2886 2263 De
2909 2206 3260 2278 conjnrationit
3282 2221 3346 2257 tis
3371 2204 3445 2256 vel
3469 2200 3954 2271 conspirationibua.

2559 2302 2758 2357 Concil.
2784 2300 3121 2364 Chalcedon.,
3171 2298 3249 2349 tit.
3284 2293 3369 2348 18.
3402 2291 3801 2361 Conjurationis
3827 2291 3910 2344 vel
3939 2304 4058 2341 con-

2488 2395 2795 2466 spirationis
2825 2392 3049 2451 crimen,
3099 2397 3155 2442 et
3184 2387 3252 2441 ab
3281 2384 3473 2441 exteris
3512 2382 3720 2451 legibus
3745 2388 3827 2434 est
3851 2379 4060 2433 omnino

2490 2486 2815 2557 prohibitum
2844 2500 2857 2535 :
2884 2480 3053 2535 multo
3082 2479 3255 2547 magis
3284 2478 3385 2531 hoc
3416 2478 3467 2529 in
3494 2474 3590 2529 Dei
3615 2473 3855 2528 Ecclesia
3883 2487 3949 2526 ne
3976 2472 4066 2523 fiat

2489 2578 2780 2632 admonere
2808 2571 3111 2628 conveniet.
3163 2568 3220 2623 Si
3263 2568 3355 2638 qui
3384 2579 3513 2635 ergo
3543 2565 3726 2619 clerici
3758 2564 3843 2617 vel
3886 2578 4064 2615 mona-

2490 2670 2577 2726 chi
2628 2667 2825 2737 reperti
2873 2664 3073 2718 fuerint
3100 2661 3483 2728 conjurantes,
3534 2665 3627 2711 aut
3679 2655 4067 2724 conspirantes,

2493 2770 2587 2816 aut
2624 2759 2841 2814 insidias
2873 2763 3136 2826 ponentes
3165 2750 3463 2821 episcopis,
3500 2756 3593 2802 aut
3634 2746 3871 2811 clericis,
3909 2744 4067 2813 gradu

2494 2854 2711 2925 proprio
2737 2851 2950 2922 penitus
2976 2848 3315 2903 abdicentutr.

2496 2964 2646 3021 CCV.
2690 2962 2766 3017 De
2804 2963 3161 3031 episcoporum
3202 2966 3297 3031 aut
3335 2958 3633 3031 clericorum
3664 2954 4073 3008 accusationibus

2969 3028 3089 3099 quid
3129 3028 3309 3083 debeat
3337 3028 3615 3081 observari.

2570 3126 2769 3181 Concit.
2799 3124 3141 3185 Chalcedon.,
3176 3120 3255 3174 tit.
3285 3120 3373 3173 21.
3406 3120 3645 3174 Clericos
3665 3128 3759 3173 aut
3787 3118 3957 3173 Iaieos
3991 3134 4078 3171 ac-

2500 3227 2748 3278 cusantes
2775 3216 3080 3285 episcopos,
3108 3220 3199 3266 aut
3229 3211 3456 3265 clericos
3480 3211 3697 3279 passim,
3729 3219 3786 3263 et
3817 3209 3937 3263 sine
3963 3224 4083 3277 pro-

2539 3311 2740 3371 atione,
2800 3306 2867 3359 ad
2918 3303 3317 3358 accusationem
3367 3302 3532 3370 recipi
3565 3316 3671 3355 non
3711 3300 3954 3367 debere,
3986 3301 4084 3353 nisi

2505 3400 2652 3470 prius
2678 3411 2865 3451 eorum
2888 3392 3203 3448 discutiatur
3230 3390 3641 3444 existimationis
3666 3390 3874 3457 opinio.

2577 3487 2771 3543 Conril.
2803 3485 3077 3554 Chartag.,
3107 3484 3185 3535 tit.
3218 3480 3273 3535 8.
3296 3480 3572 3535 Numidiae
3593 3480 3884 3548 episcopus
3904 3479 4090 3534 Maxu-

2507 3585 2707 3640 Iitanus
2725 3577 2861 3633 dixit
2890 3596 2900 3629 :
2935 3576 3204 3629 Prmterea
3227 3581 3355 3629 sunt
3382 3572 3765 3642 quamplurimi
3794 3586 3909 3626 non
3937 3573 4092 3626 bona:

2510 3666 2934 3727 conversationis
2998 3665 3090 3734 qui
3142 3662 3450 3718 existimant
3500 3661 3734 3728 majores
3780 3670 3961 3726 natu,
4015 3662 4095 3715 vel

2512 3765 2817 3834 episcopos,
2848 3758 3045 3829 passim
3073 3770 3314 3825 vageque
3341 3755 3395 3809 in
3430 3753 3827 3810 accusationem
3875 3755 4098 3823 pulsan-

2511 3860 2609 3914 dos
2636 3876 2649 3920 ;
2693 3854 2889 3909 debent
2918 3862 3023 3905 tam
3048 3849 3204 3903 facile
3233 3846 3464 3911 admitti,
3495 3846 3699 3900 necne?

2585 3945 2831 4001 Aurelius
2880 3942 3167 4011 episcopus
3214 3938 3385 3993 dixit:
3420 3938 3602 3991 Placet
3647 3938 3807 4004 igitur
3840 3937 4099 3991 charitati

2516 4049 2705 4095 vestrae
2742 4045 2802 4091 ut
2819 4036 2863 4089 is
2893 4034 2985 4103 qui
3008 4031 3272 4099 aliquibus
3292 4029 3585 4085 sceleribus
3602 4028 3842 4083 irretitus
3867 4039 3979 4093 est,
4008 4046 4105 4081 vo.

2518 4151 2635 4192 cem
2675 4134 2929 4188 adversus
2958 4130 3215 4197 majorem
3244 4135 3373 4181 natu
3414 4140 3522 4178 non
3562 4124 3756 4177 habeat
3782 4122 4109 4177 accusandi.

2520 4229 2599 4283 Ab
2645 4223 2910 4281 universis
2963 4218 3233 4289 episcopis
3278 4216 3477 4271 dictum
3502 4222 3622 4269 est:
3663 4211 3723 4266 Si
3773 4212 4113 4267 criminosus

2518 4326 2619 4383 est,
2652 4330 2759 4369 non
2785 4311 3117 4375 admittatur,
3147 4307 3343 4377 placet.

2597 4408 2723 4462 Item
2770 4402 2964 4458 Concil.
3013 4400 3284 4469 Curthag.,
3326 4398 3405 4451 tit.
3465 4396 3555 4450 95.
3613 4393 3934 4463 Placuitun
3995 4408 4118 4448 om-

2521 4498 2701 4561 nibus,
2751 4494 3002 4563 quoniam
3050 4487 3416 4556 superioribus
3461 4484 3815 4539 concilionun
3867 4482 4124 4537 decretis

2522 4590 2588 4644 de
2617 4588 2859 4659 personis
2907 4600 3023 4651 quae
3054 4578 3392 4635 admittenda:
3428 4584 3555 4632 sunt
3598 4575 3665 4630 ad
3695 4575 4124 4629 accusationem

2520 4680 2837 4735 clericorum
2880 4675 2989 4741 jam
3035 4672 3383 4728 constitutum
3433 4675 3538 4729 est,
3586 4675 3641 4721 et
3685 4680 3807 4734 qua:
3852 4678 4127 4733 persona:

2524 4786 2629 4825 non
2658 4767 3006 4827 admittantur
3044 4777 3149 4817 non
3180 4774 3493 4830 expressum
3523 4764 3638 4823 est,
3687 4756 3889 4813 idcirco
3916 4753 4129 4808 delini-

2524 4875 2644 4915 mus
2690 4872 2813 4911 eum
2870 4856 2970 4907 rite
3009 4852 3078 4906 ad
3126 4850 3522 4905 accusationem
3571 4862 3677 4901 non
3726 4844 3979 4911 admitti,
4035 4842 4132 4911 qui

2525 4957 2809 5018 postquam
2863 4939 3356 4997 excommunicatus
3409 4936 3589 5002 fuerit,
3644 4936 3697 4989 in
3754 4935 3869 5004 ipsa
3937 4933 4130 4987 adhuc

2527 5033 3077 5094 excommunicatione
3126 5031 3465 5090 constitutus,
3534 5028 3646 5082 sive
3709 5026 3778 5081 sit
3849 5026 4133 5085 clericus,

2526 5133 2641 5187 sive
2676 5129 2860 5188 laicus,
2895 5137 3149 5179 accusare
3171 5120 3418 5175 voluerit.

2512 5226 2555 5247 ί
2602 5220 2757 5274 Titut.
2784 5218 2871 5270 96.
2916 5216 3045 5271 ltetn
3096 5212 3295 5281 placuit
3322 5218 3382 5264 ut
3417 5224 3607 5264 omnes
3649 5208 3815 5273 servi,
3860 5208 3961 5261 vel
3994 5222 4138 5277 ιιι-οε

2530 5312 2632 5384 prii
2679 5310 2854 5364 liberti
2902 5309 2967 5361 ad
2993 5303 3391 5360 accusationem
3440 5314 3548 5353 non
3604 5298 3998 5361 admittantur,
4051 5296 4139 5348 vel

919 5422 1116 5479 Coneil.
1148 5418 1482 5479 Chalcedon.,
1523 5414 1602 5467 tit.
1634 5411 1719 5465 15.
1754 5409 2117 5463 Diaconissam
2152 5419 2256 5459 non
2286 5402 2430 5458 ordi-

848 5516 1079 5574 nandam
1106 5520 1231 5565 ante
1256 5522 1454 5561 annum
1496 5501 1995 5574 quadragesimum,
2049 5507 2105 5551 et
2143 5497 2279 5551 hanc
2308 5512 2429 5550 cum

852 5620 1063 5665 summo
1103 5600 1385 5657 libramine
1415 5615 1427 5651 :
1458 5597 1501 5650 si
1530 5609 1658 5649 vero
1687 5591 1981 5661 suscipiens
2034 5604 2227 5642 manus
2256 5588 2430 5657 impo-

855 5700 1129 5758 sitionem,
1150 5700 1206 5747 et
1234 5690 1563 5759 aliquantum
1597 5688 1853 5753 temporis
1895 5681 1949 5735 in
1980 5680 2279 5735 ministerio
2308 5693 2433 5748 per—

858 5804 1082 5847 manens
1147 5782 1494 5851 semetipsam
1552 5778 1732 5833 tradat
1795 5776 2037 5847 nuptiis,
2098 5773 2282 5843 gratia:
2341 5769 2437 5825 Dei

2533 5418 2718 5460 omnes
2769 5414 2904 5470 quos
2944 5396 3011 5451 ad
3073 5392 3369 5449 accusanda
3424 5390 3631 5459 publica
3681 5389 3911 5442 crimina
3982 5388 4144 5453 leges

2534 5497 2757 5568 publica:
2792 5507 2899 5547 non
2957 5487 3261 5549 admittunt,
3295 5496 3481 5537 omnes
3524 5481 3685 5535 etiam
3733 5479 3985 5533 infamia:
4018 5493 4145 5531 rna-

2537 5588 2670 5642 culis
2712 5581 2936 5655 aspersi,
2986 5578 3037 5632 id
3066 5585 3165 5641 est,
3221 5574 3527 5637 histriones,
3573 5585 3638 5625 ac
3686 5570 4147 5640 turpitudinibus

2536 5681 2791 5749 subjecta:
2821 5688 3083 5747 personae,
3123 5669 3355 5726 hairetici
3385 5667 3565 5733 etiam,
3598 5666 3712 5721 sive
3743 5668 3989 5737 pagani,
4022 5667 4149 5721 sive

2544 5772 2727 5830 Judaei.
2768 5769 2878 5827 Sed
2918 5775 3097 5823 tamen
3140 5761 3386 5819 omnibus
3424 5758 3619 5828 quibus
3648 5758 3930 5814 accusatio
3958 5756 4153 5812 dene-

934 5933 959 5963 ⁸
982 5922 1198 5991 Dionys.
1228 5916 1407 5986 Exig.,
1438 5932 1581 5983 ergo.
