4204 6540
137 420 232 476 905

1341 413 1768 469 BREVIARIU‘J
1808 415 2227 471 CANONiCUlI.

3295 424 3403 482 906

135 541 304 600 gatur,
364 529 416 582 in
470 527 649 583 causis
693 525 926 596 propriis
994 523 1279 578 accusandi
1326 523 1537 578 licentia
1600 539 1707 577 non
1739 530 1789 587 Α
1881 523 2038 578 CCX.
2066 522 2143 576 Ile
2163 525 2605 592 dispensatoribus
2629 526 2948 596 singularum
2970 531 3325 590 ecclesiarum.

136 621 395 691 neganda.

138 733 196 785 Et
226 741 280 786 ut
302 733 386 805 qui
416 747 574 786 unum
601 732 797 805 crimen
822 747 922 783 nm
966 727 1284 805 probaverit,
1333 727 1402 779 ad
1438 726 1584 781 aliud
1615 728 1713 778 ud-

664 802 798 855 mitti
823 818 922 853 non
948 799 1148 856 debeat.

196 915 395 969 Concil.
421 915 794 983 suprascripto,
821 913 899 965 tit.
927 913 1018 967 97.
1062 912 1190 965 Item
1216 910 1438 980 placuit,
1471 911 1714 977 quoties-

134 1021 342 1076 cunque
369 1006 581 1061 clericis
606 1003 674 1059 ab
694 1003 1102 1059 accusatoribus
1131 1003 1295 1056 multa
1326 1002 1550 1056 crimina
1581 1002 1712 1070 obji-

135 1098 363 1163 ciuntur,
418 1103 474 1151 et
518 1110 681 1150 unum
713 1112 778 1149 ex
814 1094 942 1163 ipsis
987 1094 1055 1147 de
1080 1109 1189 1161 quo
1219 1093 1366 1161 prius
1392 1092 1562 1160 egerit
1587 1105 1713 1159 pro-

133 1192 255 1243 bare
287 1204 393 1243 non
423 1188 670 1252 valuerit,
706 1186 773 1240 ad
801 1194 992 1241 caetera
1021 1186 1130 1253 jam
1154 1199 1260 1238 non
1290 1184 1624 1238 admittatur.

205 1280 331 1333 Item
358 1282 422 1334 de
443 1281 538 1335 hoc
567 1280 698 1349 ipso,
730 1279 809 1332 tit.
840 1276 929 1332 98.
962 1276 1149 1330 Testes
1171 1283 1349 1329 autem
1378 1274 1442 1327 ad
1472 1275 1711 1327 testimo-

133 1373 272 1425 nium
325 1387 434 1424 non
484 1370 862 1431 admittendos,
916 1370 1007 1436 qui
1063 1383 1162 1421 nec
1214 1367 1279 1421 ad
1310 1368 1710 1421 accusationem

131 1464 337 1516 admitti
371 1463 627 1533 praecepti
654 1470 797 1526 sunt,
826 1461 908 1515 vel
936 1462 1095 1515 ctiam
1123 1477 1258 1531 quos
1290 1461 1403 1530 ipse
1430 1470 1712 1516 accusator

130 1554 193 1607 de
246 1570 345 1608 sua
388 1555 551 1609 domo
605 1554 934 1623 produxerit.
973 1553 1051 1607 Ad
1116 1551 1480 1606 testimonium
1532 1561 1710 1605 autem

133 1645 265 1699 intra
321 1661 496 1702 annos
542 1647 951 1717 quatuordecim
1005 1644 1178 1700 :etatis
1226 1660 1336 1701 sua:
1369 1660 1473 1700 non
1518 1645 1713 1697 admit-

133 1747 330 1789 ιδηιυτ.

132 1850 300 1906 CCVI.
349 1849 501 1915 Quod
544 1867 645 1907 non
675 1853 771 1907 lite
807 1853 1050 1906 tctericis
1095 1862 1207 1921 post
1239 1860 1449 1905 mortem
1497 1853 1576 1904 sui
1602 1853 1709 1921 epi-

348 1926 510 1989 scopi,
544 1940 624 1977 res
653 1924 723 1975 ad
750 1939 862 1975 eum
884 1925 1194 1989 pertinentes
1225 1924 1463 1991 diripere.

197 2035 401 2088 Coucil.
428 2034 761 2100 Clialredon.,
795 2036 871 2089 tit.
899 2035 988 2089 22.
1022 2036 1140 2090 Non
1173 2035 1330 2090 licere
1353 2035 1560 2090 clericis
1586 2044 1711 2103 post

132 2125 336 2179 obitum
366 2125 446 2178 sui
501 2126 759 2195 episcopi,
807 2142 892 2180 res
920 2126 986 2179 ad
1015 2142 1140 2179 eum
1189 2127 1521 2195 pertinentes
1556 2125 1711 2179 dissi-

130 2229 294 2282 pare,
338 2214 477 2268 sicut
503 2216 735 2284 antiquis
779 2230 995 2283 quoque
1024 2224 1105 2270 est
1130 2216 1427 2270 canonibus
1448 2214 1709 2269 constitu-

132 2313 272 2367 tum;
293 2304 438 2373 quod
460 2305 504 2358 si
528 2306 630 2358 hoc
656 2304 832 2359 facere
848 2306 1192 2370 tentaverint,
1217 2304 1475 2373 graduum
1490 2319 1707 2359 suorum

131 2394 370 2463 periculo
399 2387 774 2462 subjacebunt.

128 2502 327 2588 CCVII:
373 2502 523 2568 Quod
560 2523 660 2587 non
702 2507 868 2588 liceat_
883 2507 1079 2588 clericis
1117 2516 1165 2560 ct
1194 2508 1711 2588 inonachigpbsqnc

230 2576 495 2628 voluntate
513 2576 757 2643 episcopi,
800 2577 868 2629 ad
896 2580 1068 2630 urbem
1098 2581 1291 2648 regiam
1318 2579 1599 2647 proficisci.

196 2687 401 2742 Concil.
432 2688 774 2755 Chalcedon.,
827 2693 909 2743 tit.
942 2691 1033 2745 25.
1071 2692 1228 2745 Venit
1259 2693 1324 2745 ad
1356 2707 1513 2747 aures
1539 2695 1709 2747 sancti

127 2779 346 2832 concilii
401 2779 546 2847 quod
594 2780 807 2848 quidam
860 2782 1039 2837 clerici
1085 2791 1141 2836 et
1196 2783 1461 2849 monachi,
1518 2784 1712 2851 quibus

126 2869 257 2922 nihil
310 2870 382 2924 ab
424 2870 680 2940 episcopo
730 2887 828 2926 suo
877 2874 1220 2927 commissum
1268 2883 1350 2929 est
1382 2875 1504 2944 (est
1532 2884 1711 2929 autem

125 2959 344 3024 quando
375 2969 433 3015 et
458 2963 835 3017 communione
863 2962 930 3016 ab
965 2978 1029 3018 eo
1052 2964 1371 3033 privamur),
1392 2966 1709 3033 pervenien-

126 3057 205 3102 tes
224 3048 296 3102 ad
319 3051 506 3104 urbem
530 3052 730 3118 regiam
748 3050 1404 3122 Constantinopolitanam
1430 3056 1481 3107 in
1504 3069 1567 3108 ea
1595 3055 1712 3109 diu-

126 3138 228 3191 tius
254 3139 633 3207 immorentur,
676 3141 970 3196 excitantes
993 3144 1192 3208 turbas,
1224 3153 1280 3198 et
1306 3153 1506 3198 statum
1534 3143 1710 3199 eccle-

1890 652 2083 709 Concil.
2117 654 2455 726 Cltalcedon.,
2489 660 2567 711 tit.
2617 658 2702 712 26.
2758 660 3022 726 Quoniam
3077 660 3127 717 in
3182 667 3401 734 quibus-

1818 747 1939 800 dam
1972 748 2239 814 ecclesiis,
2268 758 2327 802 ut
2355 766 2571 805 rumore
2614 754 2997 820 comperimus,
3033 764 3228 823 praeter
3255 774 3400 814 aecu-

1818 855 2037 893 nnmnm
2084 842 2320 910 episcopi
2370 840 2649 899 facultates
2679 844 3072 902 ecclesiasticas
3123 858 3397 905 tractant:

1818 930 2018 1000 placuit
2065 947 2278 987 omnem
2322 936 2609 990 ecclesiam
2652 935 2934 991 habentem
2966 940 3277 1009 episcopum
3304 943 3403 997 ha-

1819 1022 1946 1076 bere
1973 1038 2310 1078 meonomum
2340 1025 2406 1079 de
2434 1026 2580 1080 clero
2613 1026 2829 1095 proprio
2849 1068 2862 1089 ,
2891 1029 2982 1095 qui
3011 1029 3281 1099 dispenset
3310 1048 3401 1089 res

1818 1113 2207 1169 ecclesiasticas
2236 1115 2529 1170 secundum
2550 1118 2874 1171 sententiam
2905 1119 3141 1189 episcopi
3172 1124 3398 1194 proprii;

1820 1202 1889 1256 ita
1919 1212 1975 1257 ut
2000 1205 2242 1259 ecclesia:
2285 1203 2617 1276 dispensatio
2664 1217 2859 1277 prteter
2900 1210 3262 1266 testimonium
3293 1230 3399 1269 non

1818 1294 1905 1357 sit,
1938 1310 2006 1349 ne
2041 1311 2103 1348 ex
2136 1296 2235 1350 hoc
2274 1296 2649 1364 disperguntur
2676 1301 3052 1356 ecclesiasticae
3099 1303 3399 1373 facultates,

1818 1397 1870 1436 et
1923 1385 2230 1439 sacerdotio
2287 1386 2680 1444 maledic-tionis
2737 1390 3013 1460 derogatio
3059 1406 3400 1462 procuretur.

1818 1476 1967 1540 Quod
1996 1475 2040 1528 si
2083 1475 2187 1530 huc
2215 1477 2436 1530 minime
2466 1478 2669 1543 fecerit,
2705 1480 2897 1537 divinis
2925 1485 3401 1542 constitutionibus

1817 1565 2131 1634 subjacebit.

2100 1675 2278 1731 CCXI.
2322 1678 2398 1731 De
2426 1679 2504 1732 Itis
2548 1682 2630 1750 qui
2661 1692 2864 1751 raptum
2888 1685 3107 1753 faciunt.

1888 1807 1995 1861 Con
2012 1808 2084 1860 «ξι.
2134 1808 2471 1869 Chalcedan.,
2526 1812 2605 1863 tit.
2634 1812 2725 1865 27.
2777 1812 2884 1867 Eos
2912 1815 3002 1883 qui
3034 1816 3252 1886 rapiunt
3284 1834 3400 1872 mn-

1743 1893 1786 1951 B
1814 1897 1973 1951 lieres
1998 1898 2097 1951 sub
2123 1900 2337 1953 nomine
2366 1900 2524 1953 simul
2555 1901 2847 1966 habitandi,
2897 1915 3277 1974 cooperantes,
3309 1920 3403 1963 aut

1813 1986 2163 2040 conniventcs
2217 1988 2526 2055 raptoribus
2559 2007 2570 2040 :
2602 1989 2844 2045 decrevit
2898 2002 3086 2048 sancta
3141 1997 3398 2066 synodus,

1815 2088 1873 2132 ut
1897 2079 1941 2132 si
1963 2079 2177 2147 quidem
2208 2080 2385 2133 clerici
2418 2088 2566 2143 sunt,
2596 2080 2840 2136 decidant
2872 2086 3038 2152 gradu
3066 2088 3319 2156 preprio;
3352 2088 3397 2141 si

1813 2184 1942 2223 vero
1973 2169 2117 2234 laici,
2148 2170 2688 2226 anathematizentur.

1813 2302 2007 2358 CCXII.
2043 2303 2109 2358 Ut
2130 2317 2317 2372 prtvter
2342 2307 2544 2383 Pascha
2572 2318 2618 2383 et
2647 2309 2980 2365 Pentecosten
3009 2314 3263 2383 baptisma
3293 2335 3325 2371 η
3347 2337 3397 2372 .u

2462 2377 2759 2432 celebretur.

1886 2484 1968 2538 Ex
1997 2488 2208 2542 decretis
2239 2505 2389 2558 papa:
2412 2490 2613 2559 Siricii,
2645 2492 2723 2545 tit.
2756 2491 2807 2545 2.
2840 2494 3095 2563 Sequitur
3116 2496 3184 2551 de
3217 2496 3397 2553 diver-

1814 2575 1885 2629 sis
1913 2576 2353 2645 baptizandorum
2387 2581 2737 2648 temporibus,
2774 2592 2935 2651 prout
2964 2586 3253 2656 unicuique
3274 2589 3397 2643 libi-

1816 2679 1926 2723 tum
1966 2669 2122 2723 fncrit
2165 2670 2567 2740 improbabilis,
2610 2681 2666 2727 et
2698 2684 2720 2711 δ
2758 2674 3097 2732 inemendata
3130 2679 3394 2745 confusio,

1812 2775 1931 2828 qua:
1961 2774 1991 2813 a
2033 2760 2231 2814 nostris
2259 2761 2631 2817 sacerdotibus
2659 2763 2824 2833 (quod
2852 2769 3109 2822 commoti
3145 2767 3397 2839 dicimus)

1813 2866 1919 2903 non
1943 2850 2152 2904 ratione
2181 2852 2517 2907 auctoritatis
2551 2854 2796 2921 alicujus,
2821 2858 2913 2911 sed
2941 2858 3056 2912 sola
3088 2863 3395 2918 temeritate

1814 2938 2172 3008 praesumitur,
2223 2948 2282 2994 ut
2327 2941 2524 3009 passim
2553 2957 2615 2997 ac
2652 2943 2819 2999 libere
2867 2948 3126 3003 natalitiis
3171 2950 3392 3017 Christi,

1812 3046 1905 3085 seu
1928 3033 2310 3101 apparitionis,
2345 3050 2443 3090 nec
2472 3050 2577 3090 non
2607 3046 2661 3090 et
2687 3039 3053 3106 apostolorum
3075 3081 3088 3104 ,
3120 3056 3216 3097 seu
3248 3061 3394 3099 mar-

1815 3129 1987 3191 tyrum
2043 3123 2442 3191 festivitatibus,
2495 3126 2810 3195 innumerae,
2854 3139 2907 3185 ut
2942 3134 3156 3196 asseris,
3209 3135 3395 3205 plebes

123 3227 403 3283 sinsticum
452 3238 876 3297 commoventes,
929 3232 1302 3290 ευυνεηεηιεε
1349 3234 1511 3290 etiam
1566 3250 1702 3305 quo,
1735 3237 1781 3301 ρ
1814 3211 2065 3281 baptismi
2114 3216 2426 3285 mysterium
2474 3229 2894 3288 consequantur,
2960 3237 3081 3277 cum
3138 3224 3241 3279 hoc
3291 3227 3390 3281 sibi

124 3318 371 3372 rumdam
397 3318 588 3374 domes
615 3338 626 3373 ε
659 3319 895 3376 decrevit
916 3332 1100 3378 sancta
1126 3324 1359 3393 synodus
1401 3323 1705 3393 hujusmodi

122 3409 299 3477 primo
330 3410 548 3478 quidem
588 3426 685 3482 per
720 3413 1056 3471 defensorem
1095 3414 1705 3486 Constantinopolitanzn

118 3506 323 3552 sancte
351 3497 609 3555 Ecclesiae
636 3505 986 3569 commoneri,
1022 3514 1081 3559 ut
1109 3507 1454 3574 egrediantur
1485 3510 1552 3564 ab
1576 3510 1704 3565 urbe

119 3588 263 3655 regia
296 3606 310 3641 :
343 3589 490 3659 quod
517 3590 563 3645 si
600 3591 789 3646 iisdem
823 3595 1053 3661 negotiis
1076 3596 1411 3665 impudenter
1434 3598 1700 3665 insistant,

117 3677 280 3731 etiam
310 3680 563 3735 nolentes
586 3681 726 3737 idem
751 3682 1005 3739 defensor
1025 3687 1282 3755 expellat,
1313 3697 1370 3742 ut
1392 3690 1456 3743 ad
1487 3693 1699 3761 propria

118 3765 234 3820 ioca
265 3771 609 3836 perveniant.

116 3877 342 3932 CCVIII.
390 3878 541 3943 Quod
578 3899 681 3936 non
719 3886 871 3937 liceat
916 3890 1228 3941 monasteria
1270 3907 1384 3954 cute
1406 3903 1703 3947 consecrata

462 3960 602 4014 sunt,
644 3953 926 4008 diversoria
955 3960 1227 4012 sweularia
1249 3960 1382 4025 ﬁeri.

183 4060 395 4115 Concil.
450 4063 783 4128 Chalcedon.,
816 4069 897 4121 tit.
947 4066 1035 4121 24.
1085 4069 1214 4136 Qua:
1241 4074 1407 4127 semel
1458 4076 1701 4133 dedicata

113 4159 238 4203 sunt
266 4153 601 4206 monasteria
625 4155 849 4208 consilio
888 4158 1264 4229 episcoporum
1296 4175 1549 4220 maneant
1574 4182 1700 4236 per-

113 4251 278 4308 petuo
326 4245 682 4308 monasteria,
739 4254 793 4298 et
821 4261 906 4302 res
932 4262 1051 4316 quas
1078 4250 1143 4303 ad
1186 4266 1249 4305 ea
1281 4255 1549 4321 pertinent
1586 4272 1703 4310 mo-

113 4333 370 4386 nasteriis
400 4333 682 4399 reservari,
726 4349 825 4389 nec
847 4351 1004 4405 posse
1032 4353 1094 4392 ea
1118 4339 1256 4394 ultra
1291 4340 1402 4396 lieri
1427 4345 1698 4399 s.-t-cularia

111 4421 419 4476 habitacula
447 4438 461 4473 :
494 4424 587 4491 qui
612 4438 737 4479 vero
760 4426 860 4481 hoc
900 4427 1014 4482 lieri
1045 4431 1404 4498 permiserint,
1433 4450 1696 4490 canonum

111 4516 401 4571 sententiis
437 4517 813 4584 subjacebunt.

109 4623 285 4678 CCIX.
334 4625 489 4689 Quod
535 4646 639 4683 non
680 4634 1308 4711 opu_teqtnordinatioues
1347 4643 1699 4711 episcoporum

742 4702 827 4752 diu
850 4704 988 4770 lli/fe.
1006 4706 1069 4758 ri.

175 4804 384 4859 Concil.
435 4808 864 4876 Clmlcedoneusi,
906 4814 983 4866 tit.
1024 4814 1113 4868 25.
1164 4817 1429 4883 Quoniam
1480 4824 1697 4893 quidam

108 4896 538 4963 metropolitani,
564 4908 823 4966 quantum
845 4905 1226 4973 comperimus,
1258 4912 1531 4981 negligunt
1553 4929 1693 4969 eom-

107 4986 300 5040 missos
348 4987 452 5042 sibi
480 5002 693 5058 greges,
734 5001 789 5046 et
817 4995 1181 5053 ordinationes
1211 5002 1582 5071 episcoporum
1612 5004 1691 5060 fa-

106 5090 227 5131 cere
248 5077 534 5147 differunt,
560 5083 759 5150 placuit
777 5096 970 5141 sanctae
1001 5092 1206 5159 synodo
1232 5094 1366 5149 intra
1400 5105 1508 5151 tres
1535 5116 1689 5154 men-

104 5180 189 5220 ses
230 5170 610 5227 ordinationes
651 5176 1025 5246 episcoporum
1073 5183 1369 5253 celebrari,
1419 5190 1515 5243 nisi
1549 5190 1689 5246 forte

107 5260 411 5313 necessitas
462 5262 841 5322 inexcusabilis
877 5282 1137 5341 pra-paret
1168 5275 1438 5333 dilationis
1482 5289 1691 5350 tempus

106 5352 354 5417 extendi;
409 5354 555 5423 quod
605 5354 650 5408 si
693 5357 797 5412 hoc
837 5362 1053 5417 minime
1090 5363 1307 5433 fecerit,
1362 5375 1686 5441 correptioni

104 5442 493 5499 ecclesiastica:
545 5447 877 5515 subjacebit:
914 5465 1279 5513 verumtamen
1337 5461 1536 5519 reditus
1591 5466 1689 5521 Ec-

103 5538 276 5594 clesiae
302 5540 541 5595 viduata:
588 5558 753 5610 penes
797 5561 1138 5605 mcunomum
1180 5554 1417 5624 ejusdem
1447 5559 1686 5615 ecclesiae

106 5630 292 5699 integri
326 5641 634 5685 serventur.

175 5800 197 5821 “
232 5790 455 5851 Diuttvs.
494 5792 670 5861 Exig.,
704 5798 1043 5857 emendanda.

432 5896 701 5954 PATttOL.
746 5898 849 5958 LX
865 5899 916 5958 Χ
934 5900 981 5958 Χ
997 5901 1153 5961 Vlll.

1811 3305 2165 3374 privilegium,
2207 3317 2262 3361 et
2290 3308 2428 3375 apud
2457 3325 2583 3375 nos,
2627 3319 2683 3363 et
2730 3313 2870 3380 apud
2909 3328 3098 3370 onmes
3137 3317 3394 3371 ecclesias

1812 3393 2143 3448 Dominicum
2182 3398 2489 3465 specialiter
2524 3414 2642 3453 cum
2698 3399 3018 3458 Pentecoste
3061 3421 3155 3459 sua
3189 3406 3391 3462 Pascha

1808 3481 2096 3537 defendat:
2123 3485 2316 3553 quibus
2349 3487 2479 3541 solis
2516 3503 2612 3558 per
2659 3504 2857 3544 annum
2907 3493 3096 3548 diebus
3128 3496 3193 3549 ad
3232 3497 3391 3552 fidem

1803 3572 2200 3631 conﬂuentibus
2246 3578 2517 3643 generalia
2574 3581 2908 3650 baptismatis
2957 3586 3090 3640 tradi
3140 3591 3395 3646 convenit

1807 3674 2170 3722 sacramenta.
2221 3667 2312 3721 llis
2351 3668 2610 3723 duntaxat
2647 3673 2852 3737 electis,
2886 3675 2975 3743 qui
3005 3684 3131 3731 ante
3159 3680 3393 3746 quadra-

1805 3754 1954 3822 ginta
1980 3754 2062 3808 vel
2084 3770 2150 3811 eo
2173 3757 2424 3825 amplius,
2467 3760 2575 3814 diei
2606 3775 2802 3815 nomen
2831 3763 3101 3830 dederint,
3149 3775 3206 3821 et
3230 3783 3393 3823 exor~

1804 3844 1983 3899 cismis
2026 3847 2459 3916 quotidianisque
2516 3852 2885 3919 orationibus,
2950 3864 3115 3925 atque
3171 3857 3391 3926 jejuniis

1807 3936 2004 3989 fuerint
2039 3938 2273 4007 expiati,
2306 3950 2575 4008 quatenus
2623 3946 2920 4013 apostolica
2966 3948 3055 4003 illa
3102 3950 3392 4020 impleatur

1805 4026 2125 4095 prznceptio,
2158 4036 2217 4081 ut
2244 4041 2539 4098 expurgatu
2566 4029 2832 4089 fermento
2863 4036 3059 4104 veteri,
3085 4054 3220 4094 nova
3254 4042 3389 4096 inci-

1806 4114 1917 4181 piat
1944 4128 2064 4169 esse
2094 4119 2425 4186 conspersio.
2463 4119 2614 4175 Sicut
2641 4136 2767 4192 ergo
2798 4124 3104 4193 paschalem
3134 4144 3385 4186 reveren-

1806 4207 1934 4261 tiam
1964 4207 2017 4262 iu
2042 4208 2187 4263 nullo
2214 4211 2438 4266 dicimus
2467 4227 2588 4270 esse
2617 4215 2957 4271 minuendam
2984 4235 2997 4270 :
3030 4220 3103 4274 ita
3135 4220 3188 4275 in
3216 4221 3390 4277 infan-

1806 4296 1962 4361 tibus,
2015 4298 2105 4365 qui
2133 4298 2363 4353 necdum
2409 4301 2556 4368 loqui
2588 4312 2881 4372 potuerunt
2904 4321 3001 4375 per
3034 4317 3271 4377 aetatem,
3303 4313 3387 4366 vel

1803 4388 1913 4453 his,
1962 4391 2155 4457 quibus
2186 4392 2238 4445 in
2278 4392 2517 4460 qualibet
2545 4397 2872 4454 necessitate
2901 4410 3036 4469 opus
3062 4402 3383 4460 fueritsacri

1801 4478 1941 4532 unda
1974 4479 2330 4549 baptismatis,
2360 4484 2505 4538 omni
2540 4485 2787 4542 volumus
2815 4489 3092 4545 celeritate
3120 4496 3383 4558 succurri;

1729 4584 1871 4648 Due
1922 4569 1987 4623 ad
2040 4580 2343 4627 nostrarum
2397 4575 2687 4642 perniciem
2743 4579 2928 4633 tendat
2968 4582 3287 4651 animarum,
3339 4587 3385 4641 si

1801 4671 1994 4728 negato
2034 4662 2466 4720 desiderantibus
2496 4667 2643 4721 fonte
2679 4669 2944 4736 salutari,
2991 4674 3174 4728 exiens
3214 4692 3382 4730 unus-

1796 4751 2024 4819 quisque
2048 4751 2116 4805 de
2161 4754 2354 4809 smculo
2400 4764 2455 4809 et
2489 4770 2713 4824 regnum
2746 4760 2935 4827 perdat
2961 4771 3015 4815 et
3036 4765 3218 4818 vitam.
3252 4765 3384 4833 Qui-

1796 4855 2008 4908 cunque
2040 4842 2203 4895 etiam
2229 4841 2521 4899 discrimen
2549 4847 2835 4916 naufragii,
2867 4850 3177 4911 hostilitatis
3204 4857 3382 4912 incur-

1795 4944 1931 4992 sum,
1966 4930 2261 4987 obsidionis
2289 4934 2621 5003 ambiguum,
2654 4938 2741 4992 vel
2767 4940 3055 5008 cujuslibet
3084 4949 3380 5017 corporalis

1796 5018 2128 5085 ωέεὶιιιιιιιιίε
2154 5020 2590 5091 desperationem
2625 5028 2932 5093 inciderint,
2978 5040 3032 5086 et
3059 5036 3162 5090 sibi
3216 5038 3377 5095 unico

1794 5110 2126 5167 credulitatis
2178 5115 2381 5171 auxilio
2428 5121 2777 5186 poposcerint
2823 5123 3123 5193 subveniri,
3183 5129 3375 5184 eodem

1792 5214 1899 5267 quo
1936 5211 2163 5268 posrunt
2192 5215 2470 5265 momento
2500 5211 2758 5277 temporis
2805 5216 3055 5282 expetita:
3085 5231 3375 5286 regenera-

1795 5292 1951 5345 tionis
1974 5297 2191 5361 prannia
2219 5307 2639 5366 consequantur.
2700 5302 2969 5359 llactenus
3000 5308 3050 5361 in
3093 5309 3191 5364 hac
3225 5321 3377 5382 parte

1791 5391 2022 5435 erratum
2072 5384 2321 5453 sufﬁciat,
2373 5403 2514 5443 nunc
2560 5392 2838 5460 prtefatam
2890 5397 3129 5465 regulam
3181 5416 3376 5457 omnes

1802 5479 2019 5527 teneant
2044 5477 2369 5540 sacerdotes,
2397 5480 2487 5547 qui
2517 5483 2705 5537 nolunt
2745 5486 2814 5539 ab
2840 5487 3150 5553 apostolicce
3179 5501 3371 5561 petrae,

1800 5578 1961 5629 super
1995 5579 2153 5632 quam
2196 5565 2439 5623 Christus
2477 5572 2831 5630 liniversalcnt
2861 5580 3163 5634 construxit
3201 5584 3373 5638 eccle-

1797 5652 1952 5718 siam,
1981 5654 2246 5710 soliditate
2274 5658 2471 5714 divelli.

2972 5917 3049 5975 29
