4204 6558
785 429 887 485 907

1909 424 2232 481 ClilSCONIl
2280 426 2597 481 AFRICANI
2644 425 2941 480 ιςιιιδυυῐιι

3969 422 4068 479 908

858 541 938 593 lix
970 540 1182 591 circi-etis
1218 536 1422 598 Leonis,
1455 539 1530 588 Iit.
1568 537 1617 589 7.
1653 537 1756 589 Leo
1786 537 2069 604 cpiscopus
2099 537 2361 591 universis
2395 550 2436 604 Α
2467 540 2651 590 oblato
2698 548 3039 591 venerantur.
3097 536 3205 591 Nec
3245 536 3403 588 iidem
3432 544 3556 589 διιιιι
3600 535 3713 589 dies
3737 536 3943 605 quibus
3972 540 4069 591 im-

783 630 1049 699 episcopis
1071 642 1167 694 per
1191 628 1316 679 Sit-il
1342 641 1426 678 aut
1464 626 1801 692 constitutis,
1845 624 1897 679 in
1954 626 2183 680 Domino
2225 629 2372 681 salu-

785 734 913 776 trtn.
955 720 1154 774 Divinis
1173 717 1453 788 pneerptis
1482 726 1537 771 et
1560 717 1870 786 apostolicis
1902 718 2120 771 monitis
2146 728 2168 753 ιι
2206 719 2374 772 infor-

784 829 994 865 mantur
1043 820 1097 863 ιιι
1148 825 1243 877 pro
1291 809 1531 862 omnium
1581 810 1929 862 ecclesiarum
1974 819 2117 863 statu
2150 811 2375 878 impigro

784 907 1066 974 vigilemus
1110 900 1211 955 atle
1249 911 1336 963 tu,
1380 917 1444 955 ac
1474 903 1516 957 si
1545 902 1665 969 quis
1699 916 1919 970 nsqttmu
1967 902 2374 970 reprehensioni

783 998 1053 1050 invenitur
1083 997 1166 1048 oh
1193 996 1375 1048 oxium
1406 996 1566 1049 celeri
1590 996 1951 1049 sollicitudine
1973 1035 1987 1059 ,
2019 1003 2109 1048 aut
2135 996 2202 1049 ah
2227 996 2377 1061 igno-

782 1087 971 1139 rantia:
1026 1086 1315 1154 imperitia.
1368 1094 1459 1138 aut
1510 1101 1540 1137 a
1570 1085 2002 1155 prmsnmptionis
2025 1089 2377 1155 usurpatione

788 1194 1121 1233 revocemns.
1172 1177 1421 1232 lt-lanente
1453 1180 1596 1233 enim
1630 1180 1918 1233 Dominica-
1950 1180 2094 1231 vocis
2128 1179 2374 1248 imperio,

783 1288 893 1343 quo
943 1273 1285 1327 beatissimus
1329 1271 1609 1341 apostolus
1651 1271 1841 1325 l’etrus
1880 1272 2015 1324 trina
2048 1271 2374 1340 repetitione

788 1366 1026 1435 mystica:
1073 1365 1369 1418 sani-tionis
1420 1365 1698 1426 imbuitur,
1763 1374 1820 1418 ut
1866 1365 2060 1417 Christi
2106 1382 2235 1418 oves
2285 1365 2375 1431 qui

781 1456 1050 1510 Christum
1089 1455 1214 1522 dilig
1243 1464 1260 1508 t
1301 1471 1409 1523 pas'.
1431 1464 1484 1507 at
1513 1473 1524 1507 :
1560 1455 1725 1523 ip~ius
1765 1453 1928 1519 sedis,
1960 1454 2043 1507 cui
2082 1470 2178 1523 per
2206 1454 2376 1508 abun-

780 1547 1018 1600 dantiam
1042 1547 1233 1600 divina:
1279 1548 1462 1614 gratim
1511 1562 1835 1617 przesuuius,
1888 1548 2187 1600 reverentia
2217 1560 2374 1598 coar-

787 1647 1024 1700 ctamur,
1057 1645 1113 1689 ut
1161 1637 1451 1705 periculum
1513 1636 1730 1689 desidia:
1787 1647 2043 1704 quantum
2095 1652 2376 1705 pmsumus

780 1730 1135 1792 declinemus,
1196 1744 1262 1782 ne
1327 1728 1593 1795 professio
1638 1729 1831 1782 snnuui
1885 1728 2135 1797 apostoli,
2181 1744 2375 1796 quase

781 1830 1079 1873 amatorem
1113 1819 1322 1872 Domini
1353 1835 1473 1873 esse
1526 1829 1753 1874 t.-status
1774 1827 1876 1881 est,
1923 1836 2026 1871 non
2072 1819 2375 1873 inveniatur

2482 629 2568 696 pio
2598 628 2812 689 Ilerodi,
2864 628 3108 681 ordinata
3136 625 3391 679 divinitus
3420 626 3472 679 in
3506 623 3805 697 IEgyptum
3838 628 4068 681 transla-

2482 720 2646 783 tione,
2673 719 2980 773 subtractus
3010 725 3111 781 est,
3155 716 3241 770 vel
3263 716 3458 785 quibus
3481 716 3549 770 ab
3577 716 3818 789 Aigypto
3842 718 3897 770 in
3922 715 4069 771 Gali-

2480 810 2655 876 heam,
2697 819 2910 863 mortuo
2942 816 3310 878 persecutore,
3341 816 3628 862 revocatus
3652 816 3758 862 est.
3802 806 3952 862 Inter
3981 810 4073 862 has

2478 911 2659 954 autem
2683 900 3143 970 dispensationum
3174 899 3463 955 varietates
3482 898 3756 954 accedunt
3783 911 4070 968 augmenta

2479 1004 2763 1058 corporea,
2813 987 3314 1049 crescitDominns,
3357 986 3498 1041 sicut
3522 989 3860 1056 evangelista
3906 999 4069 1043 testa-

2482 1090 2583 1143 tur,
2625 1079 2756 1150 ιιι-«ει.
2779 1084 2955 1135 (ειιιιιιι
2989 1080 3194 1145 :etatis,
3222 1088 3279 1133 et
3305 1078 3515 1148 gratia).
3550 1078 3656 1135 Per
3683 1080 3806 1136 dies
3848 1079 4070 1135 Pascha:

2481 1176 2531 1228 in
2561 1176 2814 1242 templum
2855 1174 3153 1230 Jerusalem
3183 1189 3306 1229 eum
3329 1176 3642 1246 parentilzus
3665 1176 3837 1240 venit,
3869 1185 3928 1229 et
3953 1190 4067 1228 cum

2478 1268 2687 1319 abesset
2721 1287 2746 1317 ιι
2779 1267 3044 1320 societate
3076 1266 3438 1329 redeuntium.
3473 1266 3672 1323 sedens
3695 1266 4069 1321 eumseuiori-

2478 1361 2597 1423 bus,
2650 1370 2704 1413 et
2753 1361 2891 1414 inter
2931 1361 3260 1415 admirantes
3288 1361 3577 1430 magistros
3603 1360 3894 1431 disputans
3926 1364 4071 1414 inve-

2478 1456 2645 1517 nitur,
2695 1456 3069 1524 rationemque
3117 1457 3414 1510 mansionis
3457 1471 3567 1510 sua:
3620 1456 3901 1519 reddens:
3936 1456 4068 1522 Qui!

2477 1555 2580 1609 est,
2609 1546 2800 1612 inquit,
2826 1546 2970 1613 quod
3004 1546 3329 1613 qtuerebatis
3351 1549 3470 1600 me?
3493 1547 3823 1602 nesciebatis
3846 1548 3991 1615 quod
4018 1547 4068 1599 in

2479 1636 2561 1688 hio.
2590 1653 2707 1705 qua!
2737 1635 2910 1689 Patris
2941 1638 3044 1690 mei
3069 1645 3196 1690 sunt
3225 1646 3437 1705 oportet
3467 1653 3553 1691 me
3585 1652 3730 1705 esse,
3761 1638 4069 1704 signiﬁcans

2476 1730 2592 1793 ejus
2620 1744 2676 1782 se
2706 1744 2824 1783 esse
2848 1730 3012 1782 tilium
3034 1728 3190 1794 cuius
3213 1737 3355 1783 esset
3385 1735 3439 1782 et
3468 1730 3753 1797 templum.
3797 1728 3919 1783 lam
3944 1743 4069 1782 vero

2474 1834 2595 1872 cum
2638 1821 2689 1872 in
2718 1820 2872 1873 annis
2901 1818 3196 1887 majoribus
3233 1819 3470 1888 apertius
3497 1818 3862 1873 declarandos
3892 1820 4067 1887 bapti-

784 1915 838 1965 in
865 1912 1034 1972 nobis,
1081 1911 1205 1977 quia
1231 1911 1563 1976 negligenter
1592 1924 1817 1977 pascens
1842 1909 2001 1963 toties
2029 1908 2374 1964 eommcnda-
2410 1904 2452 1963 Β
2482 1924 2654 1961 sutum
2706 1910 3058 1977 prmcersoiis
3080 1911 3181 1963 usui
3207 1909 3431 1965 Joannis
3460 1910 3712 1979 expetiit,
3743 1910 3874 1977 quid
3897 1910 4065 1962 deita-

783 2011 892 2055 lum
923 2001 1256 2055 Dulllitticum
1294 2013 1549 2068 gregem,
1581 2000 1788 2053 ῡυιιιιιι·
1810 2000 1915 2052 itur
1961 2015 2227 2053 summum
2262 2016 2367 2052 non

783 2108 967 2147 amare
995 2096 1286 2161 pastorem.
1315 2092 1448 2145 Cum
1473 2107 1603 2160 ergo
1626 2093 1751 2145 miizi
1777 2093 1842 2145 de
1872 2093 2078 2146 ebarita
2111 2094 2152 2145 is
2182 2103 2368 2146 ve.tr.c

784 2185 995 2238 artibus
1019 2184 1253 2235 fraterna
1275 2182 1558 2235 all'ectione
1586 2182 1817 2235 sollicito
1856 2183 2018 2235 t'erlis
2047 2182 2255 2234 iudieiis
2283 2182 2367 2235 in-

784 2278 1042 2340 notuerit,
1087 2293 1183 2331 vos
1221 2277 1272 2330 i.i
1318 2293 1383 2330 eo
1409 2275 1554 2344 quod
1588 2276 1727 2330 inter
1754 2285 2089 2330 sacramenta
2120 2275 2367 2330 Ιςιϊιυεὶιιξ

782 2371 917 2438 print
939 2369 1079 2436 ipale
1109 2376 1220 2431 est,
1272 2367 1337 2419 ab
1368 2365 1675 2437 apostolica:
1704 2367 1910 2419 iu~titut
1934 2368 2052 2421 onis
2083 2378 2368 2420 consuetu-

783 2458 907 2511 dine
932 2458 1258 2525 disczepate,
1292 2457 1362 2508 ita
1396 2466 1452 2508 ιιι
1486 2456 1732 2524 baptismi
1762 2465 2156 2510 εειςϊιιιιιιιιιιιιιιι
2182 2472 2368 2511 mune-

784 2553 959 2605 rosius
1005 2553 1058 2604 in
1107 2550 1193 2603 die
1236 2548 1543 2618 Epiphania:
1573 2564 1731 2616 quam
1767 2550 1818 2602 in
1854 2549 2093 2602 l‘asrhali
2127 2558 2369 2618 temporc

783 2642 1088 2696 celebretur
1131 2657 1143 2692 :
1186 2639 1351 2693 miror
1381 2656 1474 2691 vos
1520 2639 1600 2692 vel
1644 2654 1995 2706 prarcesso.es
2027 2649 2232 2692 νάει-οδ
2260 2650 2367 2690 tam

786 2732 1214 2787 irrationaliilem
1279 2730 1569 2783 umitatem
1639 2745 1895 2799 usurpare
1948 2732 2206 2799 potuisse,
2252 2737 2309 2783 ιιι
2341 2729 2364 2765 ¹¹

781 2823 1020 2877 confusis
1062 2822 1395 2889 temporibus
1442 2820 1719 2889 utriusque
1759 2820 1997 2891 mysterii
2025 2820 2367 2873 unll.unesse

785 2913 1143 2966 dill'ercntimn
1185 2928 1275 2965 ere
1299 2912 1477 2964 Tenetis
1509 2912 1647 2964 inter
1687 2911 1826 2964 diem
1859 2926 1964 2978 quo
2010 2911 2262 2964 adoratus
2288 2921 2370 2964 est.

783 3004 1032 3058 Christus
1073 3020 1101 3056 a
1136 3002 1324 3071 Magis,
1368 3012 1420 3056 et
1464 3003 1734 3070 diettttlttu
1783 3003 2076 3055 resumexit
2121 3003 2367 3057 Christus

781 3098 1084 3151 amortuis.
1155 3100 1324 3162 Quam
1383 3098 1594 3165 tulpant
1650 3097 1797 3150 nullo
1830 3096 1989 3150 modo
2054 3097 2369 3165 potuissetis

782 3191 1023 3244 incidere
1043 3232 1056 3256 ,
1105 3191 1149 3244 si
1200 3192 1339 3244 unde
1369 3190 1830 3243 consecrationem
1860 3190 2079 3241 honoris
2105 3189 2366 3257 accipitis,

2475 1998 2538 2051 tis
2564 1999 2681 2067 ejus
2728 2000 2986 2053 remansit
3014 2000 3342 2067 ambiguum.
3387 2001 3607 2069 quando
3651 2002 3930 2071 baptirato
3961 2000 4065 2053 Do—

2472 2089 2619 2142 niino
2672 2088 2824 2151 .Ιι·διι,
2870 2091 3107 2159 Spiritus
3134 2101 3355 2145 sanctus
3390 2092 3442 2146 in
3473 2092 3741 2147 columba:
3765 2094 3950 2162 Specie
3979 2109 4066 2147 su.

2473 2193 2569 2245 per
2591 2194 2711 2232 eum
2734 2180 3034 2245 descendit,
3075 2190 3129 2234 et
3159 2184 3380 2245 tnansi!,
3410 2183 3593 2237 audita
3621 2182 3690 2237 de
3710 2183 3866 2239 cmlis
3892 2182 4068 2236 Patris

2473 2285 2604 2323 voce
2631 2271 2786 2324 dicen
2816 2272 2891 2325 is:
2924 2272 3002 2324 'l'u
3026 2288 3084 2325 (ις.
3117 2272 3255 2326 lilius
3299 2288 3450 2329 meus
3478 2274 3725 2338 dilectus,
3760 2276 3812 2329 in
3847 2284 3901 2329 te
3930 2276 4066 2329 bene

2471 2362 2766 2429 ετιιιιιιΙιιςιιὶ
2787 2366 2807 2413 1’
2832 2365 2959 2426 Qua:
2984 2364 3164 2416 omnia
3196 2364 3315 2418 ideo
3346 2373 3545 2431 quanta
3570 2367 3850 2434 potuimus
3888 2368 4066 2422 breti-

2473 2462 2583 2506 tate
2628 2453 3069 2522 perstrinximus,
3121 2465 3179 2508 ut
3222 2465 3407 2509 notum
3446 2456 3518 2510 sit
3545 2455 4062 2522 dilecdonivestn;

2474 2545 2754 2599 universos
2806 2544 3001 2599 Christi
3043 2544 3155 2599 dies
3186 2546 3482 2601 innumeris
3523 2558 3881 2603 consecratos
3904 2548 4064 2603 fuisse

2477 2634 2760 2689 virtutibus
2780 2676 2794 2700 ,
2835 2642 2887 2687 et
2915 2636 2965 2689 in
2991 2640 3199 2690 cunctis
3228 2635 3345 2705 ejus
3361 2636 3665 2692 actionibus
3691 2650 4062 2693 sacramento-

2474 2740 2590 2778 rum
2620 2725 2872 2794 mysteria
2922 2740 3267 2791 eoruscasse;
3299 2725 3394 2781 sed
3422 2725 3580 2781 aliter
3607 2726 3871 2797 quidquid
3904 2730 4065 2797 signis

2473 2814 2805 2869 denuntiarit
2852 2815 3008 2869 aliter
3063 2818 3221 2870 rebus
3274 2814 3513 2885 impleri,
3572 2832 3674 2872 nec
3727 2834 4065 2888 qumcunque

2475 2916 2828 2960 lttllller.tlllUl'
2868 2906 2918 2960 in
2959 2907 3214 2975 Operibns
3243 2907 3563 2974 Salvatoris,
3616 2907 3686 2962 ad
3721 2916 3939 2977 tempus
3970 2925 4065 2978 po-

2480 3008 2581 3051 test
2629 2998 2901 3067 pertinere
2959 2998 3310 3068 laptismatis.
3367 2997 3498 3051 Nam
3546 2999 3591 3052 si
3637 2998 3802 3053 etiam
3834 3000 3922 3052 illa
3945 3014 4064 3067 qua:

2476 3098 2601 3157 post
2633 3089 2771 3141 beati
2800 3086 3024 3141 Joannis
3055 3088 3324 3143 lavacrum
3356 3104 3385 3141 a
3419 3088 3649 3142 Domino
3694 3099 3845 3157 gesta
3868 3104 4068 3157 cogno-

2478 3180 2672 3244 vimus,
2703 3178 2800 3233 sub
2827 3178 3117 3232 indiscreto
3149 3177 3355 3233 honore
3383 3178 3646 3245 colamus,
3699 3181 3882 3233 omnia
3929 3190 4066 3233 tem-

784 3282 909 3335 inde
961 3281 1132 3347 legem
1178 3280 1341 3333 totius
1387 3279 1741 3332 observantize
1788 3278 2094 3341 SUlllt'l‘cliS,
2146 3287 2200 3331 ct
2229 3278 2370 3331 beati

2479 3285 2608 3337 pora
2633 3270 2958 3323 iontinuatis
2999 3270 3476 3339 eruntdeputanda
3507 3270 3685 3335 festis,
3729 3271 3855 3340 quia
3885 3273 4063 3325 omnia

783 3372 1015 3440 apostoli
1069 3370 1211 3424 l’etri
1261 3369 1440 3435 sedes,
1485 3384 1603 3437 quae
1639 3385 1667 3421 v
1708 3369 1787 3423 bis
1809 3370 2159 3423 sacerdotalis
2201 3378 2375 3421 mater

782 3472 866 3517 est
896 3462 1193 3528 dignitatis,
1240 3468 1386 3514 esset
1426 3460 1804 3514 ecclesiasticae
1844 3461 2095 3526 magistra
2126 3461 2370 3517 rationis.

783 3571 815 3609 a
855 3555 1008 3624 cujus
1041 3570 1138 3607 vos
1181 3554 1378 3621 regulis
1409 3555 1694 3607 [‘CtztSsiusc
1733 3555 1941 3607 minore
1974 3563 2153 3622 pnsset
2188 3570 2371 3622 aequa-

785 3645 1033 3699 nimitate
1079 3644 1329 3708 tolerari,
1385 3646 1428 3698 si
1481 3644 1659 3711 aliqua
1708 3645 2149 3699 commonitimis
2178 3654 2373 3699 tiostrm

786 3737 1087 3806 increpatio
1133 3736 1495 3804 prmceSsisset
1533 3752 1546 3790 :
1595 3751 1736 3789 nunc
1770 3745 1948 3788 autem
1978 3738 2105 3804 quia
2142 3752 2245 3788 ron
2272 3736 2369 3789 de-

785 3836 1037 3895 speratur
1057 3826 1352 3895 correptio,
1376 3825 1635 3878 servanda
1660 3834 1742 3879 est
1766 3829 2141 3891 niansuetuio,
2166 3839 2222 3880 ut
2250 3827 2374 3880 licet

787 3920 878 3972 vix
910 3918 1125 3972 [urenda
1169 3919 1241 3971 sit
1286 3919 1337 3972 in
1366 3919 1734 3973 sacerdotibus
1774 3920 2056 3973 excusatio
2087 3935 2205 3987 qua:
2238 3936 2375 3988 pice-

788 4010 976 4064 tendat
1016 4010 1373 4074 inscientiae,
1420 4022 1440 4047 ο
1476 4012 1762 4066 maluimus
1794 4021 1970 4065 tamen
2003 4024 2053 4065 et
2090 4028 2372 4066 ceruinam

791 4100 1151 4154 necessariam
1203 4109 1526 4169 temperare,
1574 4110 1628 4155 et
1660 4101 1868 4153 ratione
1897 4117 1995 4155 vos
2022 4103 2373 4172 apertissima:

792 4190 1033 4245 veritatis
1062 4190 1327 4245 instruere
1342 4229 1353 4242 .

867 4280 947 4332 Itis
987 4282 1126 4333 decr.
1184 4297 1333 4348 rapte
1383 4278 1590 4345 Latonia
1647 4282 1727 4335 tit.
1764 4280 1818 4334 8.
1874 4280 2101 4351 Semper
2156 4282 2375 4351 quiicm

790 4373 846 4426 in
893 4382 1097 4426 (eterna
1143 4372 1369 4426 consilio
1416 4370 1510 4425 Dei
1560 4372 1756 4425 mansit
1785 4373 2000 4425 humani
2053 4375 2265 4441 generis
2293 4375 2374 4426 in-

791 4465 1248 4520 eommutabiliter
1310 4464 1668 4533 pra'ordinata
1732 4465 2023 4532 reparatio,
2084 4465 2177 4518 sed
2244 4466 2377 4517 ordo

793 4574 972 4612 rerum
1005 4573 1101 4625 per
1127 4558 1308 4612 desum
1338 4557 1607 4610 Christum
1632 4557 1915 4610 Dominum
1947 4566 2208 4616 nostrum,
2237 4567 2373 4610 tem-

793 4649 1051 4719 poraliter
1078 4649 1457 4717 gerendarum,
1492 4649 1542 4702 in
1573 4648 1943 4703 incarnatione
1970 4650 2125 4702 Verbi
2150 4650 2375 4716 sumpsit

792 4741 1098 4795 exordium.
1145 4739 1295 4794 Unde
1345 4741 1485 4794 aliud
1541 4749 1752 4810 tempus
1803 4749 1902 4801 est,
1930 4742 1952 4778 «ι
1984 4741 2199 4809 quando
2239 4758 2375 4794 nun-

797 4833 969 4885 tiante
1019 4831 1212 4898 angelo
1258 4830 1416 4884 beata
1447 4831 1608 4900 Virgo
1656 4831 1820 4885 Maria
1880 4830 2273 4886 fecundamlant
2318 4848 2376 4887 se

796 4939 895 4991 per
941 4922 1199 4993 Spiritum
1248 4934 1490 4976 sanctum
1536 4923 1783 4990 credidit,
1813 4933 1866 4978 et
1889 4924 2171 4993 concepit:
2206 4924 2374 4989 aliud,

797 5029 906 5083 quo
932 5015 1078 5067 salva
1105 5014 1409 5080 integritate
1433 5013 1670 5081 virginea
1701 5029 1833 5084 puer
1871 5015 2045 5068 editus
2075 5016 2380 5069 exsultante

800 5104 1000 5170 gaudio
1023 5102 1320 5157 cwlestium
1352 5104 1713 5156 ministrorum
1746 5105 2048 5173 pastoribus
2076 5105 2339 5159 indicatur
2366 5123 2379 5158 :

802 5194 981 5256 aliud,
1033 5209 1144 5261 quo
1176 5194 1351 5246 inlitus
1386 5194 1816 5261 circumciditur;
1850 5196 2012 5258 aliud,
2058 5212 2166 5264 quo
2206 5198 2379 5249 hostia

804 5299 901 5351 pro
924 5298 991 5337 eo
1022 5283 1204 5350 legalis
1227 5284 1480 5343 ol'ertur;
1527 5284 1669 5336 aliud
1697 5301 1814 5338 cuin
1849 5295 1957 5339 tres
1984 5285 2116 5352 Magi
2140 5286 2383 5339 claritate

808 5377 934 5430 novi
967 5378 1157 5430 sideris
1182 5389 1202 5410 ι·
1239 5377 1287 5428 in
1315 5378 1585 5430 civitatem
1616 5376 1889 5431 Bethleem
1922 5380 1987 5429 ah
2010 5379 2228 5431 Oriente
2261 5392 2383 5445 per-

809 5467 1061 5530 veniunt,
1103 5476 1159 5520 et
1205 5468 1480 5521 adoratum
1510 5468 1816 5535 parvulum,
1858 5468 1873 5505 ί
1912 5471 2135 5539 mystico
2164 5485 2382 5523 muntre

881 5632 905 5658 ³
942 5624 1157 5693 llionys.
1194 5622 1324 5691 lixig
1354 5662 1367 5681 .
1396 5626 1608 5677 inritum
1652 5644 1676 5676 r

886 5694 1157 5772 -".Iiion_vs.
1201 5693 1376 5761 Exitu,
1419 5701 1630 5765 conﬂuo
1689 5702 1934 5769 (corporis
1977 5700 2234 5768 rliiusqtse
2282 5718 2387 5767 ιιίξχο

814 5773 990 5814 Slt’i'll).

887 5848 906 5871 ε
946 5833 1159 5895 liioot‘s.
1197 5837 1367 5906 ιδπες..
1402 5839 1676 5894 ntafitmua.

2405 4618 2452 4675 D

2478 3369 2604 3415 sunt
2629 3360 2781 3430 plena
2816 3361 3106 3414 miraculis.
3142 3362 3357 3425 Verum,
3384 3362 3505 3431 quia
3537 3362 3760 3432 spiritus
3785 3363 4064 3431 sapientim

2477 3461 2531 3505 et
2563 3452 2865 3506 intellectus
2891 3453 2961 3505 ita
2989 3453 3265 3522 apostolos
3287 3460 3340 3506 ct
3366 3452 3529 3507 totius
3556 3452 3809 3506 lcclesize
3838 3453 4066 3506 erudivit

2479 3544 2786 3610 magistros,
2820 3551 2880 3596 ut
2909 3542 2961 3597 in
2986 3543 3289 3595 Christiana
3328 3543 3672 3595 observantia
3704 3542 3837 3596 nihil
3863 3543 4066 3595 inordi-

2479 3646 2661 3687 natum
2685 3672 2699 3697 ,
2732 3632 2861 3687 nihil
2896 3642 3173 3703 pateretur
3196 3648 3315 3687 esse
3343 3629 3625 3686 Confusum
3653 3651 3664 3684 :
3701 3631 4066 3686 discernendi:

2476 3733 2602 3777 sunt
2640 3738 2814 3776 causa)
2856 3720 3086 3776 solemni
3115 3732 3293 3784 atum,
3339 3730 3393 3774 et
3438 3721 3489 3774 ἰ.ι
3521 3721 3772 3774 omnibus
3809 3722 4067 3774 institutis

2478 3814 2693 3867 Patrum
2748 3812 3163 3882 principumque
3219 3819 3527 3864 nostrorum
3574 3810 3904 3864 rationabilis
3952 3827 4067 3864 ser-

2477 3903 2653 3957 vaoda
2696 3904 2948 3956 discretio
2972 3943 2985 3967 ,
3029 3903 3153 3970 quia
3192 3918 3297 3955 non
3325 3903 3483 3956 aliter
3512 3918 3648 3955 unus
3687 3916 3816 3970 grex
3848 3909 3901 3956 et
3928 3919 4065 3956 unus

2477 4004 2664 4065 pastor
2686 4011 2890 4059 sumus,
2936 3995 3037 4047 nisi
3078 3992 3529 4061 quemadmodum
3559 3992 3854 4061 Apostolus
3883 3992 4063 4057 docet,

2480 4092 2710 4161 iilipsum
2761 4094 3002 4146 dicamus
3049 4107 3082 4145 o
3107 4106 3238 4145 ones
3272 4110 3283 4143 :
3320 4088 3498 4143 Simus
3546 4100 3724 4144 autem
3757 4088 3984 4160 perfecti
4015 4092 4065 4143 in

2479 4185 2668 4238 eodem
2691 4200 2872 4243 sensu,
2906 4193 2960 4237 et
2990 4184 3040 4235 in
3071 4182 3257 4236 eadem
3283 4183 3563 4250 sapientia.

2555 4274 2636 4325 in:
2674 4275 2889 4325 deri-etis
2939 4288 3092 4342 papa:
3141 4272 3345 4335 Lienis,
3373 4273 3450 4323 lit.
3480 4270 3531 4321 9.
3568 4269 3821 4336 Quamvis
3860 4284 3993 4338 ergo
4014 4281 4068 4324 et

2482 4364 2567 4416 illa
2596 4379 2711 4431 qui:
2743 4363 2808 4416 ad
2833 4364 3207 4427 humilitatem,
3234 4370 3286 4416 et
3309 4361 3396 4414 illa
3419 4377 3538 4431 qua:
3560 4358 3627 4413 ad
3653 4360 3879 4429 gloriam
3902 4362 4068 4428 perti-

2482 4466 2611 4508 nent
2633 4454 2851 4517 Christi,
2876 4455 2927 4505 in
2953 4468 3114 4505 unum
3138 4460 3480 4513 concurrant,
3502 4449 3859 4517 eamdemque
3882 4466 4068 4517 perso-

2483 4561 2625 4606 nam,
2658 4551 2937 4611 totumque
2965 4544 3105 4610 quod
3147 4542 3197 4595 in
3224 4541 3312 4594 illo
3342 4548 3397 4594 et
3435 4539 3647 4591 virtutis
3685 4538 3879 4591 divina:
3908 4546 4066 4592 estet

2480 4637 2805 4690 inﬁrmitatis
2844 4638 3109 4696 lnunaum,
3151 4634 3217 4686 ad
3248 4640 3443 4688 nostra:
3486 4629 3848 4698 reparationis
3881 4631 4068 4683 tendat

2479 4730 2730 4784 effectum
2758 4746 2770 4779 :
2802 4727 3016 4797 proprie
3044 4736 3220 4778 tamen
3247 4726 3297 4778 in
3334 4731 3508 4777 morte
3528 4721 3789 4784 cruciﬁxi,
3820 4732 3878 4776 et
3900 4722 3955 4775 in
3985 4737 4068 4775 re-

2478 4836 2614 4874 snrr.
2633 4820 2811 4875 ctione
2833 4818 3027 4871 mortui
3064 4798 3302 4886 potentia
3334 4813 3669 4883 baptismatis
3697 4827 3895 4867 novam
3924 4828 4069 4867 crea-

2483 4922 2654 4963 turam
2685 4911 2863 4963 conlit
2890 4924 2955 4962 ex
2988 4909 3176 4971 veteri,
3203 4918 3260 4960 ιιι
3287 4908 3339 4961 in
3384 4904 3813 4972 renascentibus,
3843 4915 3898 4960 et
3921 4922 4068 4961 mors

2482 5002 2968 5070 Christioperetur,
2992 5008 3047 5053 et
3072 4999 3428 5063 vita,dicente
3449 4997 3610 5051 beato
3638 4995 3905 5065 Apostolo
3939 5015 3952 5049 :
3989 4998 4068 5050 Aa

2487 5094 2743 5161 ignoratis
2770 5093 2893 5161 quia
2921 5094 3225 5161 quicunque
3252 5092 3505 5160 baptizati
3544 5105 3733 5144 smnus
3765 5090 3819 5143 in
3855 5089 4069 5143 Clni:t:i

2484 5186 2633 5253 desu,
2654 5189 2703 5239 in
2729 5196 2900 5240 morte
2928 5187 3066 5240 illius
3089 5186 3341 5255 baptizati
3360 5186 3579 5239 sumus?
3597 5184 3903 5253 consepulti
3929 5184 4068 5239 enim

2485 5293 2665 5330 smnus
2690 5293 2809 5330 cum
2837 5277 2927 5331 illo
2959 5292 3053 5346 per
3075 5277 3395 5346 baptismum
3420 5276 3471 5329 in
3493 5286 3689 5339 morte,
3718 5286 3777 5328 ut
3798 5277 4070 5345 quomodo

2485 5370 2716 5421 surrexit
2736 5369 2975 5424 Christus
3004 5383 3033 5421 a
3061 5368 3286 5421 mortuis
3322 5384 3417 5436 per
3446 5367 3671 5435 gloriam
3695 5364 3895 5432 Patris,
3927 5367 3996 5420 ita
4019 5377 4070 5419 et

2490 5478 2586 5516 nos
2614 5461 2664 5515 in
2688 5462 2923 5516 novitate
2943 5460 3064 5515 vitze
3085 5460 3448 5524 ambulemus;
3474 5460 3517 5513 si
3547 5459 3692 5514 enim
3716 5460 4070 5531 complantati

2564 5621 2587 5659 τ¹
2626 5623 2839 5693 Dinezys.
2872 5621 3047 5693 Exig.,
3080 5640 3176 5692 quo
3207 5640 3237 5673 η
3279 5623 3568 5693 nuntiante.

2567 5705 2589 5729 ε
2626 5694 2839 5762 Ilionys.
2875 5692 3045 5760 lixig.,
3079 5696 3275 5745 iur’luti
3306 5693 3358 5743 in
3391 5692 3667 5745 Bethleem.

2573 5765 2588 5801 τ
2624 5764 2834 5823 llicnts.
2873 5764 3044 5833 Exi-5.,
3079 5774 3211 5833 mysi
3238 5783 3292 5816 ιιι
3319 5779 3528 5815 munera
3560 5763 3843 5817 obliuione.
