4204 6544
164 431 268 488 909

1374 413 1797 471 BlliiV'lAlllUld
1842 412 2265 471 CANONICLM.

3347 428 3453 481 910

161 540 288 595 facti
310 552 497 592 sumus
540 532 877 590 similitudini
907 530 1095 585 mortis
1123 528 1257 597 ejus,
1300 528 1455 583 simul
1493 535 1547 583 et
1579 542 1757 580 resur-
1785 524 1836 593 Α
1861 524 2083 581 dicens;
2122 526 2220 579 liis
2250 526 2449 581 audtis
2478 531 2790 599 eompuncti
2828 540 2954 585 sunt
2985 534 3170 603 corde,
3199 546 3254 591 et
3292 541 3446 596 dixe-

158 632 416 687 rectiouis
445 629 672 692 erimus,
694 634 750 681 et
779 632 975 678 uetera
1022 637 1142 692 qua:
1171 621 1333 675 latius
1356 621 1614 687 magister
1635 625 1758 685 gen-

163 726 293 778 tium
324 722 390 776 ad
431 716 919 775 commendandum
967 720 1365 769 sacramentum
1421 712 1757 780 baptismatis

158 813 469 884 disputavit,
501 820 558 865 ut
594 818 883 880 appareret
908 824 975 862 ex
1002 807 1161 874 hujus
1188 805 1445 860 doctrinm
1469 803 1656 873 spiritu
1678 818 1757 855 re-

152 907 477 978 generandis
505 906 627 959 filiis
650 903 952 964 hominum,
985 908 1037 954 et
1062 899 1113 954 in
1145 900 1238 954 Dei
1269 898 1409 951 ﬁlios
1436 896 1755 966 adoptandis

155 1003 303 1056 illum
355 1001 521 1063 dem,
578 1005 633 1050 et
673 994 799 1049 illud
859 1004 1070 1062 tempus
1125 992 1383 1051 electura,
1436 990 1486 1042 in
1518 1002 1626 1056 quo
1659 1002 1755 1057 per

154 1091 563 1147 similitudinem
588 1085 925 1154 formamque
951 1084 1212 1155 mysterii,
1244 1098 1306 1137 ea
1334 1099 1452 1152 quae
1494 1090 1755 1150 geruntur

155 1185 210 1238 in
254 1180 538 1245 membris,
593 1180 674 1231 his
702 1192 820 1246 qua:
856 1176 907 1229 in
940 1176 1057 1245 ipso
1085 1183 1212 1227 sunt
1239 1175 1413 1243 rapite
1443 1180 1594 1240 gesta
1623 1186 1753 1224 con-

156 1280 415 1343 grueread
442 1289 453 1322 :
488 1270 614 1322 dum
649 1270 699 1321 in
732 1267 1069 1336 baptismatis
1103 1266 1306 1331 regula,
1336 1273 1390 1317 et
1419 1279 1562 1318 mors
1586 1262 1751 1316 inter-

152 1366 301 1419 venit
332 1361 713 1418 interfectione
745 1358 974 1430 pecrati,
1010 1366 1062 1411 et
1086 1357 1421 1426 sepulturam
1448 1356 1746 1408 triduanam

153 1461 395 1515 imitatur
422 1458 560 1511 trina
592 1455 894 1517 demersio,
930 1462 984 1506 ct
1014 1454 1080 1507 ab
1122 1455 1277 1520 aquis
1306 1450 1539 1505 eleratio
1568 1466 1747 1503 rcsnr-

150 1550 327 1619 gentis
388 1549 558 1602 instar
609 1554 692 1599 est
737 1545 805 1597 de
860 1544 1127 1610 sepulcro.
1187 1542 1305 1611 Ipsa
1357 1542 1519 1610 igitur
1569 1540 1749 1608 operis

151 1643 387 1711 qualitas
433 1642 596 1695 docet
642 1638 978 1693 crlcbramlm
1022 1637 1344 1704 generali'er
1377 1636 1562 1704 gratia:
1602 1632 1742 1685 diem

149 1733 447 1802 legitimum
478 1746 603 1785 eum
631 1728 826 1783 essein
851 1742 959 1796 quo
985 1741 1102 1780 orta
1126 1734 1204 1780 est
1229 1768 1241 1789 ,
1274 1734 1330 1779 ct
1359 1725 1523 1777 virtus
1554 1738 1745 1777 mune-

147 1832 241 1889 ris,
287 1834 345 1880 et
384 1825 596 1893 species
622 1822 851 1876 actionis
890 1821 956 1874 ad
987 1819 1137 1887 cujus
1167 1820 1240 1873 rei
1272 1818 1735 1870 confirmationem

1859 624 1985 669 runt
2003 616 2067 669 ad
2098 616 2310 670 Petrum
2336 627 2391 673 et
2414 603 2649 689 reliquos
2666 622 2942 691 apostolos
2967 640 2981 677 :
3006 624 3141 690 Quid
3165 625 3445 699 faciemus,

1859 710 1957 762 viri
1990 710 2219 766 fratres?
2250 710 2438 766 Petrus
2468 728 2596 767 vero
2625 715 2692 767 ad
2724 716 2845 771 illos
2874 737 2886 769 :
2924 717 3333 788 l’mnitentiam,
3363 726 3447 778 in-

1857 801 1990 867 quit,
2034 803 2194 871 agite,
2246 810 2300 855 et
2338 803 2640 872 baptizetur
2683 809 3051 879 unusquisque
3102 822 3337 868 vestrum
3392 818 3444 871 in

1858 895 2075 947 nomine
2116 894 2241 948 Jesu
2294 894 2511 961 Christi,
2569 898 2622 950 in
2674 899 3044 955 remissionem
3096 915 3445 974 peccatorum

1856 992 2182 1052 vestrorum,
2222 996 2277 1041 et
2308 989 2586 1057 accipietis
2615 989 2816 1044 donum
2848 992 3077 1061 Spiritus
3108 999 3299 1053 sancti.
3340 1000 3448 1053 Vo-

1854 1070 1936 1125 bis
1958 1075 2100 1152 enim
2132 1085 2213 1130 est
2242 1080 2619 1161 repromissio,
2646 1090 2700 1135 et
2724 1081 2847 1136 filiis
2874 1086 3084 1149 vestris,
3111 1096 3163 1141 et
3197 1093 3446 1147 omnibus

1854 1164 1945 1231 qui
1994 1165 2153 1234 longe
2201 1178 2328 1222 sunt
2369 1183 2723 1241 quoscunque
2781 1171 3129 1230 advocaverit
3186 1176 3447 1236 Dominus

1854 1255 1993 1310 Deus
2024 1268 2243 1322 noster;
2278 1259 2398 1315 aliis
2426 1262 2588 1315 etiam
2620 1263 2862 1331 pluribus
2901 1266 3079 1322 verbis
3125 1270 3443 1328 testificatus

1852 1355 1955 1410 cst,
1988 1356 2044 1401 et
2072 1349 2460 1404 exhortabatur
2488 1351 2698 1418 dicens,
2726 1355 3017 1411 Salvaiuini
3041 1374 3071 1412 a
3092 1363 3445 1429 generatione

1854 1437 1951 1492 ista
2002 1454 2188 1508 prava.
2241 1443 2341 1508 Qui
2394 1458 2524 1512 ergo
2575 1457 2897 1514 receperunt
2946 1466 3253 1507 sermonem
3304 1454 3444 1525 ejus,

1850 1530 2107 1600 baptizati
2156 1544 2301 1597 sunt,
2353 1546 2409 1591 et
2454 1542 2715 1607 appositze
2747 1550 2871 1596 sunt
2907 1543 2957 1595 in
2992 1544 3080 1598 illa
3124 1547 3211 1602 die
3253 1550 3445 1605 anima:

1850 1623 2064 1679 circiter
2099 1627 2198 1678 tria
2226 1628 2409 1680 millia.

1921 1713 2007 1768 Ea'
2034 1717 2249 1772 decretis
2272 1736 2422 1788 papa:
2454 1720 2662 1787 Leonis,
2699 1726 2778 1778 tit.
2817 1726 2900 1779 ll.
2940 1728 3089 1783 Unde
3114 1744 3238 1799 quia
3272 1749 3396 1788 man

1850 1803 2141 1863 festissima
2170 1819 2317 1878 patet
2363 1812 2699 1880 baptizandis
2731 1817 2781 1869 in
2816 1819 3053 1874 Ecclesia
3095 1823 3283 1880 electis
3327 1826 3392 1880 bu

150 1886 437 1989 plurimum
468 1916 613 1970 valet
655 1915 801 1984 quod
832 1915 947 1984 ipse
983 1886 1241 1967 Dominus
1270 1911 1425 1966 Jesus
1466 1912 1732 1974 Christus,

1843 1894 1950 1989 duo
1985 1906 2248 1967 tempora,
2278 1900 2344 1955 de
2377 1904 2573 1972 quibus
2605 1905 2766 1960 locuti
2790 1922 2992 1975 sumus,
3024 1926 3145 1967 esse
3175 1913 3379 1984 legitini

153 2018 507 2077 posteaquam
539 2006 838 2059 resurrexit
866 2020 895 2057 a
927 2004 1169 2067 mortuis,
1209 2003 1483 2072 discipulis
1514 2003 1644 2065 suis,
1690 2002 1740 2055 in

144 2100 343 2168 quibus
388 2113 579 2152 omnes
623 2097 972 2151 ecclesiarum
1008 2096 1259 2164 pxzesulcs
1298 2095 1653 2157 docebantur,
1689 2102 1743 2146 et

150 2191 383 2245 formam
425 2199 481 2244 et
526 2199 850 2259 potestatem
894 2189 1114 2242 tradidit
1159 2187 1465 2255 baptizandi
1508 2187 1737 2240 dicens:

149 2279 356 2336 Euntcs
384 2281 578 2335 docete
607 2294 797 2335 omnes
827 2289 1035 2347 gentes,
1072 2279 1409 2347 baptizantcs
1440 2294 1533 2331 eos
1564 2278 1614 2330 in
1647 2293 1742 2331 no-

144 2374 288 2428 mine
317 2372 515 2436 Patris,
550 2382 605 2426 et
628 2372 771 2438 Filii,
804 2380 858 2425 et
898 2371 1131 2439 Spiritus
1169 2372 1338 2424 sancti
1365 2389 1378 2435 ;
1408 2372 1474 2425 de
1501 2388 1608 2438 quo
1636 2371 1741 2423 uti—

146 2482 250 2536 que
285 2481 384 2521 eos
436 2464 600 2518 etiam
632 2472 759 2517 ante
790 2464 1093 2532 passionem
1140 2463 1402 2532 potuisset
1451 2464 1737 2525 instruere,

144 2561 247 2615 nisi
275 2558 495 2629 proprie
519 2557 779 2612 voluisset
808 2556 1030 2623 intelligi
1060 2555 1485 2625 regenerationis
1512 2556 1738 2621 gratiam

145 2663 210 2706 ex
242 2666 338 2706 sua
371 2649 775 2704 resurrectione
800 2648 1053 2716 crepisse.
1088 2647 1316 2700 Additur
1338 2660 1467 2700 sane
1491 2646 1613 2700 huic
1642 2647 1740 2701 ob-

143 2741 453 2806 servantize,
485 2740 645 2795 etiam
678 2737 1028 2793 Pentecostes
1057 2754 1121 2791 ex
1154 2738 1386 2791 adventu
1415 2738 1584 2792 sancti
1616 2738 1738 2807 Spi-

145 2832 280 2885 ritus
308 2838 523 2885 sacrata
551 2829 886 2893 solemnitas,
916 2842 1034 2895 qua:
1063 2828 1130 2880 de
1160 2827 1432 2880 PaSrhalis
1456 2827 1574 2880 festi
1608 2842 1740 2896 pen-

146 2924 234 2977 det
279 2922 535 2987 articulo,
568 2932 773 2977 etcum
819 2921 885 2974 ad
926 2921 1061 2975 alios
1098 2920 1214 2974 dies
1253 2921 1356 2973 alia
1403 2921 1537 2974 festa
1584 2922 1740 2990 perti-

140 3026 327 3079 neant,
372 3017 492 3070 haec
536 3030 752 3084 semper
782 3014 848 3068 ad
878 3030 999 3068 eum
1034 3014 1175 3069 diem
1206 3014 1295 3083 qui
1335 3014 1736 3068 resurrectione

144 3110 359 3165 Domini
411 3116 493 3163 est
542 3108 789 3177 insignis,
840 3107 1105 3172 occurrit,
1151 3107 1432 3176 porrigens
1475 3106 1734 3176 quodam-

140 3200 303 3254 modo
332 3199 644 3254 auxiliantis
673 3198 858 3267 gratia:
904 3212 1123 3251 manum
1170 3196 1236 3250 ad
1267 3212 1361 3251 eos
1387 3212 1524 3266 quos
1570 3212 1599 3250 a
1647 3197 1733 3251 die

142 3289 383 3355 Paschte,
418 3299 515 3344 aut
558 3290 803 3344 molestia
852 3288 1199 3351 infirmitatis,
1238 3296 1332 3342 aut
1374 3288 1736 3357 longinquitas

141 3384 374 3447 itineris,
408 3390 501 3437 aut
546 3381 905 3450 navigationis
934 3379 1223 3435 difficultas
1255 3380 1573 3444 interclusit,
1607 3379 1739 3433 invi-

138 3485 259 3529 tans
289 3482 346 3528 ut
378 3474 710 3543 quibuslibet
750 3472 1159 3527 necessitatibus
1206 3471 1441 3541 impediti
1484 3470 1735 3525 desiderii

141 3567 221 3621 sui
246 3566 502 3622 effectum
532 3565 676 3621 dono
705 3565 875 3619 sancti
902 3563 1136 3634 Spiritus
1165 3572 1585 3633 consequantur.
1615 3563 1734 3632 lpse

141 3660 284 3713 enim
315 3658 627 3726 unigenitus
656 3655 751 3711 Dei
782 3656 833 3710 in
860 3656 964 3710 fide
994 3655 1344 3718 credentium,
1377 3662 1431 3709 et
1452 3654 1505 3708 in
1535 3654 1735 3709 virtute

142 3765 369 3819 operum
403 3748 604 3802 nullam
635 3749 776 3801 inter
801 3762 860 3801 se
886 3756 939 3801 et
978 3744 1237 3816 Spiritum
1275 3754 1518 3800 sanctum
1566 3745 1735 3799 voluit

138 3853 259 3894 esse
284 3836 598 3893 distantiam
624 3852 638 3899 ;
670 3835 795 3905 quia
836 3835 982 3890 nulla
1008 3843 1094 3890 est
1119 3834 1406 3889 diversitas
1433 3835 1484 3888 in
1516 3843 1731 3899 natura,

141 3930 326 3984 dicens
376 3946 389 3981 :
438 3927 663 3997 Rogabo
695 3942 797 3996 ego
826 3925 1062 3992 Patrem,
1110 3935 1165 3982 et
1193 3928 1355 3981 alium
1397 3927 1733 3981 Paracletum

142 4022 285 4077 dabit
315 4020 495 4085 vobis,
537 4028 599 4074 ut
640 4020 918 4074 vobiscum
947 4020 1019 4074 sit
1053 4020 1108 4073 in
1140 4028 1424 4083 aeternum,
1473 4018 1732 4088 Spiritum

144 4116 425 4179 veritatis;
476 4122 532 4168 et
584 4114 775 4168 iterum
820 4132 831 4165 :
891 4109 1199 4166 Paracletus
1263 4120 1443 4167 autem
1501 4112 1734 4181 Spiritus

141 4216 381 4271 sanctus,
413 4220 573 4273 quem
605 4204 785 4258 mittet
829 4202 991 4258 Pater
1018 4218 1175 4258 meus
1216 4205 1270 4258 in
1321 4204 1540 4259 nomine
1584 4220 1727 4270 meo,

142 4297 228 4352 ille
256 4313 353 4351 vos
393 4296 616 4349 docebit
661 4295 866 4361 omnia,
917 4304 975 4350 et
1020 4303 1271 4364 suggeret
1306 4296 1553 4350 universa
1593 4311 1730 4365 quae-

141 4403 351 4459 cunque
379 4388 492 4442 dixi
523 4387 705 4450 vobis;
739 4394 796 4441 et
834 4386 1030 4440 iterum
1060 4404 1073 4439 :
1107 4384 1240 4440 Cum
1264 4386 1475 4440 venerit
1502 4386 1592 4440 ille
1621 4386 1730 4455 Spi-

139 4481 271 4534 ritus
301 4478 568 4543 veritatis,
613 4477 705 4531 ille
734 4476 928 4544 diriget
956 4491 1052 4529 vos
1082 4477 1135 4529 in
1171 4491 1388 4530 omnem
1420 4477 1725 4532 veritatem.

139 4572 269 4627 Cum
300 4573 486 4641 itaque
519 4571 718 4626 veritas
757 4569 1004 4625 Christus
1032 4569 1104 4623 sit
1141 4578 1196 4623 et
1227 4569 1458 4638 Spiritus
1487 4580 1727 4637 sanctus,

136 4662 369 4731 Spiritus
413 4661 691 4725 veritatis,
743 4674 1049 4728 nomenque
1098 4658 1363 4714 Paracleti
1395 4661 1611 4729 utrique
1656 4663 1728 4717 sit

138 4755 445 4823 proprium,
478 4768 588 4807 non
635 4751 895 4806 dissimile
925 4759 1008 4807 est
1054 4754 1280 4812 festum,
1312 4753 1404 4807 ubi
1449 4768 1611 4807 unum
1643 4764 1727 4809 est

135 4848 571 4903 Sacramentum.

206 4940 287 4993 Ex
335 4938 556 4992 decretis
597 4952 746 5006 papa
790 4935 999 5000 Leonis,
1029 4937 1107 4990 tit.
1137 4934 1225 4990 10.
1256 4934 1370 4990 Hoc
1411 4944 1592 4991 autem
1624 4953 1724 4992 nos

134 5048 238 5087 non
280 5048 349 5087 ex
388 5040 576 5085 nostra
605 5029 954 5098 persuasione
983 5027 1304 5093 defendere,
1347 5029 1443 5084 sed
1473 5045 1538 5084 ex
1585 5046 1721 5099 apo-

133 5123 317 5177 stolica
365 5120 692 5175 auctoritate
734 5133 951 5174 servare
1004 5121 1136 5173 satis
1188 5120 1381 5175 idoneo
1431 5122 1722 5190 probamus

131 5215 403 5283 exemplo,
443 5219 736 5280 sequentes
766 5212 980 5266 beatum
1012 5212 1316 5280 apostolum
1348 5210 1591 5277 Petrum,
1625 5215 1716 5282 qui

134 5303 183 5357 in
224 5305 340 5375 ipso
369 5305 457 5359 die
487 5319 595 5373 quo
638 5317 851 5357 omnem
880 5301 1213 5356 credentium
1264 5318 1545 5357 numerum
1594 5319 1719 5371 pro-

134 5397 323 5451 missus
355 5395 527 5449 sancti
559 5393 788 5464 Spiritus
819 5394 1045 5463 replevit
1074 5393 1359 5459 adventus,
1397 5397 1555 5449 trium
1591 5398 1713 5451 mil-

132 5487 256 5541 lium
284 5489 545 5559 populum
587 5502 683 5541 sua
730 5487 1112 5556 praedicatione
1143 5500 1462 5541 conversum
1496 5490 1714 5543 lavacro

132 5578 465 5648 baptismatis
488 5577 1029 5643 consecravit..Quod
1054 5586 1236 5632 sancta
1267 5578 1568 5649 Scriptura,
1598 5597 1716 5648 qua}

133 5670 499 5737 apostolorum
550 5678 704 5723 actus
752 5670 1013 5731 continet,
1066 5668 1210 5725 ﬁdeli
1259 5671 1482 5727 historia
1530 5671 1692 5728 docet

199 5856 227 5882 α
258 5849 555 5914 Peccatum,
588 5849 801 5917 llionys.
839 5847 986 5918 Exig.

1850 1986 2196 2042 dilectionem
2239 2000 2474 2044 vestram
2508 2008 2811 2061 mouemus,
2842 2007 2900 2051 ut
2948 2002 3125 2055 nullos
3155 2005 3292 2060 alios
3320 2007 3428 2062 die"

1850 2078 1974 2132 huic
2003 2080 2362 2135 observantia:
2408 2082 2718 2141 miscentis:
2756 2090 2881 2157 quia
2925 2102 3051 2146 sunt
3079 2094 3183 2148 alia
3223 2112 3442 2167 quoque

1849 2166 2006 2234 festa,
2032 2172 2225 2237 quibus
2250 2173 2413 2227 multa
2439 2176 2489 2228 in
2513 2177 2773 2233 honorem
2800 2180 2891 2236 Dei
2916 2188 3218 2242 reverentia
3242 2166 3441 2246 debea-

1849 2266 1953 2322 tur,
1985 2261 2292 2331 principalis
2323 2272 2506 2319 tamen
2546 2276 2600 2320 et
2640 2271 2861 2326 maximi
2892 2280 3216 2333 sacramenti
3246 2291 3435 2337 custo-

1847 2349 2037 2404 dienda
2084 2353 2239 2405 nobis
2266 2361 2347 2407 est
2391 2358 2614 2425 mystica
2644 2367 2700 2412 et
2738 2362 3020 2419 rationalis
3066 2372 3435 2439 exemplatio:

1848 2456 1955 2495 non
2004 2442 2289 2497 interdicta
2338 2446 2575 2515 licentia,
2606 2465 2712 2519 qua
2762 2453 2811 2507 in
2844 2454 3115 2525 baptismo
3150 2462 3437 2521 tribuendo

1845 2538 2088 2607 quolibet
2111 2548 2354 2609 tempore
2380 2543 2809 2611 periclitantibus
2829 2550 3164 2607 subvenitur.
3190 2556 3268 2612 lla
3291 2561 3435 2614 enim

1844 2631 1910 2685 ad
1954 2632 2051 2686 has
2099 2632 2231 2687 duas
2278 2634 2655 2691 solemnitates
2688 2653 2967 2697 conuean
3014 2644 3230 2702 sibimet
3272 2648 3438 2721 atque

1844 2734 2104 2791 cognatas
2134 2726 2505 2791 incolumium,
2534 2736 2591 2781 et
2630 2728 2682 2782 in
2714 2731 2864 2797 pacis
2904 2736 3199 2792 securitate
3241 2739 3438 2809 degen-

1844 2817 1975 2869 tium
2006 2816 2171 2869 libera
2194 2826 2318 2870 vota
2342 2817 2640 2873 differimus
2667 2838 2678 2872 :
2715 2831 2771 2873 ut
2801 2822 2851 2875 in
2877 2828 3067 2879 mortis
3093 2830 3355 2896 periculo,
3383 2834 3433 2887 in

1845 2905 2138 2960 obsidionis
2167 2906 2498 2973 discrimine,
2535 2908 2589 2962 in
2640 2915 3031 2977 persecutionis
3061 2923 3339 2986 angustiis,
3381 2926 3433 2978 in

1845 2998 2038 3054 timore
2066 3000 2327 3067 naufragii
2361 3000 2509 3055 nullo
2539 3011 2785 3072 tetnpore
2818 3005 2920 3059 hoc
2948 3022 3087 3062 vene
3115 3011 3303 3068 Salutis
3331 3016 3435 3068 sin-

1843 3091 2027 3158 gulare
2050 3092 2357 3159 prmsidium
2386 3095 2637 3161 cuiquam
2662 3095 3006 3164 denegemus.
3031 3100 3084 3153 Si
3112 3102 3231 3170 quis
3253 3114 3433 3160 autem

1843 3182 2156 3254 Epiphania:
2188 3183 2556 3250 festivitatem,
2604 3202 2725 3255 quae
2767 3188 2817 3241 in
2867 3204 2965 3242 suo
3014 3193 3203 3247 ordire
3250 3194 3433 3250 debito

1762 3241 1808 3305 Ο
1842 3274 2053 3329 honore
2081 3277 2389 3329 veneranda
2421 3286 2524 3343 est,
2557 3277 2626 3331 ob
2658 3278 2764 3332 hoc
2790 3281 3064 3335 existimat
3094 3284 3431 3355 privilegium

1838 3366 2040 3420 habere
2082 3367 2443 3435 baptismatis,
2485 3370 2613 3438 quia
2644 3370 2748 3425 hoc
2778 3373 2996 3442 quidam
3030 3385 3249 3444 putant,
3283 3382 3430 3448 quod

1838 3457 1891 3511 in
1923 3458 2112 3512 eadem
2141 3459 2229 3512 die
2255 3458 2517 3513 Dominus
2546 3463 2612 3513 ad
2645 3461 2972 3531 baptismum
3006 3469 3177 3521 sancti
3204 3467 3431 3523 Joannis

1838 3552 2129 3605 accesserit
2155 3569 2167 3604 :
2196 3552 2336 3606 sciat
2358 3552 2499 3607 illius
2523 3553 2777 3623 baptismi
2802 3557 2963 3610 aliam
2989 3560 3238 3626 gratiam,
3267 3563 3427 3617 aliam

1836 3640 2003 3696 fuisse
2033 3644 2321 3707 rationem,
2366 3658 2467 3697 nec
2514 3646 2581 3699 ad
2611 3646 2856 3701 eamdem
2901 3651 3226 3717 pertinuisse
3256 3655 3429 3710 virtu-

1836 3740 1970 3797 tem,
1995 3749 2095 3800 qua
2118 3748 2215 3802 per
2244 3732 2503 3801 Spiritum
2532 3745 2779 3791 sanctum
2812 3753 3191 3808 renascuntur,
3216 3744 3283 3798 de
3304 3748 3427 3811 qui-

1837 3823 1939 3877 bus
1966 3825 2201 3878 dicitur:
2232 3824 2333 3889 Qui
2374 3841 2481 3879 nou
2518 3842 2582 3880 ex
2614 3829 2896 3896 sanguine,
2930 3846 3105 3901 neque
3135 3848 3200 3887 ex
3233 3836 3426 3888 volun-

1838 3921 1947 3969 tate
1970 3917 2170 3980 carnis,
2200 3931 2375 3984 neque
2399 3932 2465 3972 ex
2493 3917 2773 3974 voluntate
2804 3921 2923 3984 viri,
2952 3923 3047 3976 sed
3075 3938 3140 3977 ex
3174 3924 3282 3979 Deo
3312 3928 3425 3979 nati

1835 4014 1983 4059 sunt.
2014 4007 2273 4061 Dominus
2300 4008 2445 4060 enim
2478 4008 2673 4062 nullius
2696 4009 2941 4078 indigens
2967 4014 3281 4069 remissione
3304 4034 3429 4086 pec-

1835 4100 1963 4160 cati,
1999 4111 2098 4150 nec
2140 4112 2388 4164 quatrens
2432 4099 2727 4152 remedium
2775 4104 3093 4157 renascendi
3132 4106 3210 4160 sic
3260 4109 3431 4164 voluit

1834 4186 2122 4256 baptizari,
2155 4189 2430 4256 quomodo
2460 4198 2513 4243 et
2548 4190 2718 4245 voluit
2747 4192 3060 4249 circumcidi
3090 4198 3429 4269 hostiamque

1837 4296 1938 4352 pro
1962 4296 2023 4335 se
2054 4280 2456 4337 emundationis
2494 4281 2701 4347 offerri,
2745 4293 2804 4337 ut
2845 4288 2938 4353 qui
2982 4286 3156 4344 facius
3192 4302 3314 4346 erat
3358 4311 3427 4349 ex

1834 4376 2082 4439 muliere,
2137 4375 2277 4429 sicut
2326 4373 2619 4443 Apostolus
2668 4376 2762 4437 ait,
2819 4375 2970 4431 fi-_~ret
3018 4391 3073 4433 et
3105 4381 3208 4435 sub
3262 4382 3423 4453 L130,

1834 4482 1996 4536 quam
2027 4482 2137 4521 non
2167 4474 2393 4519 venerat
2423 4464 2654 4531 solvere,
2686 4468 2782 4521 sed
2813 4469 3037 4537 implere
3068 4480 3122 4526 et
3153 4473 3425 4542 implendo

1838 4568 2008 4632 finire,
2042 4577 2097 4620 et
2124 4565 2263 4620 sicut
2293 4564 2588 4637 Apostolus
2611 4565 2867 4633 pnndicat
2894 4568 3113 4623 dicens:
3147 4569 3294 4625 Finis
3324 4588 3424 4627 au-

1838 4668 1944 4712 tem
1976 4657 2107 4724 legis
2136 4655 2381 4710 Christus
2407 4654 2473 4708 ad
2500 4654 2764 4723 justitiam
2788 4660 2934 4710 omni
2966 4659 3427 4732 credenti.Bapti-

1834 4749 1938 4803 smi
1967 4755 2149 4801 autem
2178 4746 2261 4800 sui
2308 4746 2359 4798 in
2413 4760 2472 4799 se
2500 4744 2741 4799 condidit
2771 4758 3192 4816 sacramentum,
3218 4754 3340 4821 quia
3372 4756 3424 4809 in

1844 4840 2086 4897 amnibus
2108 4838 2395 4907 primatum
2421 4844 2637 4903 tenens,
2652 4852 2710 4890 se
2729 4837 2912 4891 docuit
2935 4854 3055 4893 esse
3078 4841 3423 4911 principium,

1833 4941 1890 4987 et
1935 4942 2062 4985 tunc
2101 4928 2530 4999 regenerationis
2554 4930 2853 4998 potentiam
2881 4932 3078 4995 sanxit,
3109 4935 3327 5003 quando
3355 4937 3424 4991 de

1832 5024 2003 5078 latere
2046 5023 2213 5091 ipsius
2245 5022 2620 5090 profluxerunt
2661 5024 2884 5090 sanguis
2916 5024 3326 5095 redemptionis,
3368 5040 3425 5083 et

1830 5130 1968 5184 aqua
2030 5113 2386 5183 baptismatis.
2436 5112 2587 5167 Sicut
2631 5126 2761 5179 ergo
2807 5113 2968 5168 Vetus
3018 5114 3420 5173 Testamentum

1831 5208 1963 5262 Novi
1996 5206 2300 5261 testificatio
2344 5204 2461 5267 fuit,
2498 5214 2556 5257 et
2600 5203 2689 5258 lex
2728 5220 2824 5273 per
2865 5206 3102 5275 Moysem
3142 5206 3267 5261 data
3314 5218 3417 5275 est,

1828 5298 1998 5367 gratia
2029 5307 2208 5350 autem
2256 5303 2310 5347 et
2356 5293 2557 5347 veritas
2588 5308 2685 5362 per
2723 5291 2907 5347 Jesum
2953 5294 3225 5349 Christum
3278 5298 3419 5352 facta

1828 5397 1940 5454 est;
1967 5389 2045 5444 sic
2069 5388 2278 5442 diversa
2305 5384 2569 5439 sacrificia
2595 5400 2756 5439 uuam
2779 5385 3009 5439 hostiam
3034 5386 3419 5453 reformarunt,

1828 5493 1884 5537 et
1930 5482 2221 5536 multorum
2281 5492 2541 5547 agnoz'nm
2593 5480 2793 5533 occisio
2848 5479 2989 5534 illius
3048 5482 3419 5539 immolatione

1831 5569 1975 5626 finita
2007 5580 2107 5634 est,
2141 5570 2206 5625 de
2237 5586 2343 5641 quo
2374 5569 2569 5624 dicitur
2602 5588 2613 5622 :
2648 5568 2792 5624 Ecce
2820 5585 2989 5639 agnus
3022 5573 3137 5639 Dei,
3169 5589 3297 5628 ecce
3321 5591 3412 5644 qu,

1832 5667 1968 5721 tollit
1998 5675 2021 5701 α
2047 5672 2269 5734 peccata
2301 5662 2503 5717 mundi.
2534 5660 2625 5717 Sic
2651 5671 2707 5718 et
2731 5660 2971 5720 Joannes
3002 5681 3107 5720 non
3142 5664 3413 5733 Christus,
