4204 6644
836 515 928 568 θιι

1939 507 2270 562 ClllSCUNII
2320 508 2640 563 Al'llltllxl
2687 508 2998 564 ICI'ISCt‘tI’I

4001 507 4092 564 9ιῖ

827 626 919 679 ml
949 626 1148 680 Christt
1181 641 1428 695 [πίει-ηιξ,
1465 640 1495 678 n
1539 641 1568 677 ιι
1599 638 1848 694 sponsus,
1881 623 1975 676 sed
2003 623 2184 692 sp-utsi
2210 624 2406 676 amicus

2518 623 2581 673 ad
2610 624 2764 676 "t'lllS
2797 634 2958 692 atque
2991 625 3253 696 lacrymas
3283 621 3621 690 corrigentis,
3663 633 3725 674 ar.
3763 631 3892 676 tunc
3919 622 4094 689 jubere

826 720 926 773 l'uit
957 718 1098 774 adeo
1129 719 1317 780 lidelis,
1352 726 1404 769 tt
1435 733 1538 770 nun
1573 731 1681 770 s.a
1713 731 1979 784 qencrcns,
2011 715 2102 769 sed
2134 731 2253 783 qum
2285 715 2411 768 Jestt

826 811 1046 876 tiltristi,
1079 818 1136 862 ιιι
1178 825 1237 863 se
1271 808 1618 877 proliteretur
1652 809 1716 861 ad
1749 807 2006 861 Solvenda
2045 807 2408 860 calceamcut-t

824 903 1021 972 pedum
1053 903 1174 970 ejus
1213 899 1485 968 indignum
1519 899 1811 969 :quoniam
1851 900 1963 966 ipse
1989 897 2205 966 quidem
2237 897 2410 965 bapti-

828 1004 977 1047 κειται
1023 995 1072 1046 in
1105 1009 1265 1061 aqua,
1299 993 1350 1045 in
1385 991 1790 1060 pmnitentiam;
1840 989 1926 1042 ille
1955 997 2133 1042 autem
2163 988 2408 1057 baptiza-

825 1097 975 1138 turus
1005 1095 1148 1138 esst't
1175 1085 1226 1138 in
1256 1083 1458 1153 Spiritu
1489 1091 1697 1142 san::to,
1728 1093 1782 1134 ct
1815 1083 1944 1147 igni,
1975 1081 2066 1149 qui
2090 1080 2288 1149 duplici
2317 1095 2409 1148 po-

825 1184 1041 1238 testate,
1073 1185 1127 1230 et
1157 1180 1319 1229 vitam
1353 1175 1640 1239 redderet,
1673 1181 1730 1226 ct
1777 1181 1999 1241 peccata
2047 1179 2405 1224 consumeret.

825 1271 916 1324 llis
955 1272 1156 1340 itaque,
1191 1269 1385 1323 fratres
1414 1267 1740 1331 t-ltarissinti,
1774 1275 1852 1319 tot
1893 1281 1955 1318 ac
1985 1264 2146 1317 tantis
2174 1265 2410 1318 existen-

823 1362 966 1415 tibus
994 1360 1347 1421 documentis,
1383 1358 1584 1426 quibus
1613 1378 1624 1406 ι
1650 1359 1756 1409 mni
1783 1355 2130 1424 ambiguitate
2159 1357 2407 1408 submota

821 1451 1100 1504 cvnlcntcr
1129 1449 1453 1516 agnoscitis,
1492 1449 1542 1501 in
1585 1446 1921 1516 baptizandis
1966 1446 2170 1508 electis,
2203 1446 2292 1515 qui
2323 1459 2406 1497 sc—

821 1542 1054 1596 entulum
1103 1542 1456 1607 apostolicam
1507 1541 1747 1607 regulam
1801 1541 1851 1592 itt
1899 1539 2214 1593 cxorcismis
2258 1555 2407 1592 scru-

822 1633 993 1698 tandi,
1029 1642 1083 1689 et
1119 1633 1340 1701 jejuniis
1370 1632 1766 1695 sanctiticandi,
1801 1641 1854 1685 et
1886 1631 2252 1698 frequentibus
2278 1639 2404 1683 sunt

822 1725 1292 1793 praedicationibus
1339 1724 1644 1790 imhncndi,
1673 1725 1778 1777 duo
1809 1733 2012 1777 tantum
2045 1734 2314 1792 tempora,
2355 1722 2405 1775 id

820 1824 902 1868 est
931 1812 1138 1868 Pascha
1161 1824 1212 1868 et
1235 1813 1372 1868 Pent
1409 1824 1592 1867 ttosten
1617 1830 1734 1867 esse
1764 1814 2046 1867 sertanda.
2075 1813 2189 1867 Iloc
2221 1826 2405 1867 \csu‘a:

821 1904 1108 1958 indcitnus
1134 1905 1401 1967 charitati,
1437 1913 1492 1956 ttt
1523 1909 1589 1956 ab
1620 1903 1929 1971 apostolicis
1960 1903 2218 1956 institutis
2261 1903 2405 1956 nullo

2518 715 2736 781 dimitti,
2769 732 2889 768 cum
2931 715 3125 768 viderit
3153 729 3446 784 congruam
3483 711 3941 769 satislattioneat.
3967 713 4097 770 Sane

2515 806 2558 858 si
2583 807 2701 873 quis
2743 807 2794 860 in
2824 807 3194 870 :egritntlinem
3226 805 3494 871 inciderit,
3528 814 3692 872 atque
3723 819 3898 874 usque
3924 806 3990 858 ad
4018 806 4098 861 dt:-

2515 909 2670 963 Speta
2702 898 2878 949 ionem
2897 897 3199 962 devenerit,
3219 897 3267 951 ei
3299 908 3368 949 est
3389 905 3516 950 ante
3541 904 3756 967 tempus
3781 895 4002 951 Pascha:
4021 913 4096 950 re-

2515 986 2823 1050 laxandum,
2871 1002 2937 1042 ne
2991 987 3059 1041 de
3101 988 3296 1042 saeculo
3345 988 3550 1054 absque
3595 987 3984 1042 communione
4031 988 4098 1038 di—

2513 1078 2722 1130 sccdat.

2516 1188 2738 1242 CCXIV.
2776 1189 2926 1254 Quod
2953 1192 3156 1244 clericis
3199 1206 3296 1244 non
3339 1190 3491 1244 liceat
3531 1193 3887 1257 ptenitentmm
3933 1209 4097 1262 agere,

2583 1269 2632 1312 ct
2678 1262 2812 1322 quod
2849 1273 2962 1330 post
3002 1264 3221 1330 pawilcu
3247 1263 3350 1314 iam
3392 1263 3561 1316 nullus
3589 1264 3757 1330 possit
3797 1265 3870 1316 ad
3912 1267 4099 1316 clerum

2583 1331 2805 1383 admitti.

2585 1443 2667 1495 Κλ*
2694 1445 2908 1497 decretis
2940 1461 3089 1514 papa:
3120 1445 3334 1514 Syricii,
3371 1450 3452 1501 tit.
3496 1447 3582 1500 Η.
3610 1447 3741 1502 Illud
3772 1465 3992 1519 quoque
4013 1467 4103 1504 nos

2513 1549 2608 1603 par
2649 1535 2746 1586 t'ttLt
2792 1537 3094 1603 providere,
3131 1538 3354 1590 utsicut
3396 1537 3771 1607 pmztitcntiam
3804 1555 3967 1608 agt-re
3997 1544 4102 1595 Cui-

2513 1643 2674 1695 quatn
2706 1645 2807 1680 nou
2839 1631 3155 1682 conceditur
3182 1630 3504 1684 clericorum
3543 1648 3558 1684 :
3593 1633 3664 1684 ita
3695 1643 3754 1688 et
3784 1642 3907 1702 post
3939 1636 4100 1702 panti-

2515 1719 2638 1772 tt‘di.
2665 1736 2748 1772 em
2773 1735 2835 1773 ac
2858 1719 3354 1773 reconciliationem
3379 1720 3506 1774 nulli
3528 1737 3766 1790 unquam
3790 1724 3930 1778 laico
3952 1725 4099 1778 liccat

2513 1810 2776 1863 honorem
2807 1811 3094 1863 clericatus
3123 1811 3378 1880 adipisci;
3409 1812 3532 1880 quia
3565 1816 3815 1880 quamvis
3855 1816 3965 1869 sint
3994 1831 4100 1868 om-

2518 1901 2660 1952 nium
2695 1909 3038 1968 peccatorum
3071 1901 3398 1966 cotttagitttte
3437 1901 3701 1964 mundati,
3749 1903 3896 1956 nulla
3930 1913 4104 1957 tamen

822 1996 1049 2048 nltertos
1098 1995 1359 2048 recedatis
1402 2010 1649 2057 e\cessu,
1680 1994 1806 2063 q.:ia
1853 1993 2078 2047 ittultum
2123 2003 2244 2062 post
2291 1997 2408 2047 lucc
2442 1983 2486 2041 Β
2513 1994 2592 2046 de‘
2619 2003 2708 2045 ent
2733 1993 3090 2056 gC‘emlorum
3119 2001 3580 2047 sacramentorum
3609 1994 3971 2049 instrumenta
3993 2013 4106 2049 sus-

820 2101 942 2139 esse
971 2101 1076 2138 non
1117 2086 1337 2154 poterit,
1368 2087 1411 2138 si
1441 2087 1724 2152 quisquam
1755 2085 2080 2154 apostolicas
2118 2101 2158 2138 rt
2178 2087 2330 2153 gnlas
2354 2087 2406 2140 in

821 2179 1002 2244 aliquo
1031 2177 1320 2232 crediderit
1352 2177 1713 2243 negligendas.

889 2266 976 2318 Ea'
1014 2268 1231 2320 decretis
1270 2283 1419 2336 papte
1451 2267 1666 2334 Gclasii,
1713 2267 1789 2319 tit.
1835 2266 1918 2320 10.
1963 2266 2274 2336 Baptizattdi
2305 2267 2404 2321 sibi

816 2360 1085 2429 quispiam
1115 2359 1312 2430 passim
1337 2373 1658 2427 quocunque
1706 2369 1948 2428 tempore
1987 2359 2186 2413 nullam
2223 2358 2408 2411 credat

819 2455 994 2506 inesse
1027 2451 1294 2515 lidueiam,
1330 2462 1524 2520 ῃιευιρι-
1555 2450 1811 2504 l’asehale
1845 2451 2059 2510 festum,
2110 2461 2164 2501 et
2215 2449 2407 2501 I’ente-

817 2553 995 2596 costes
1033 2541 1340 2595 venerabile
1381 2549 1812 2605 sacramentum,
1865 2547 2100 2608 excepto
2148 2538 2408 2592 duntaxat

815 2635 1117 2700 gravissimi
1150 2633 1420 2700 languoris
1443 2633 1678 2696 incursu,
1701 2633 1751 2684 in
1775 2647 1883 2700 quo
1905 2631 2195 2685 verendum
2219 2641 2322 2696 est,
2341 2648 2408 2686 ne

817 2724 994 2778 morhi
1025 2733 1302 2776 crescente
1332 2723 1574 2792 periculo
1616 2722 1734 2776 sine
1777 2722 2017 2775 remedio
2053 2722 2274 2777 salutari
2307 2724 2408 2778 for-

817 2816 976 2870 tassis
1002 2822 1271 2884 aigrotans
1298 2822 1354 2868 et
1380 2813 1544 2868 exitio
1569 2822 1874 2883 praeventus
1897 2813 2171 2867 abscedat.

817 2967 1040 3022 CCXIII.
1090 2968 1166 3020 De
1199 2971 1276 3021 Itis
1301 2969 1385 3040 qni
1415 2971 1766 3036 paenitentiam
1803 2971 2015 3023 minimc
2054 2984 2401 3024 servaverunt.

889 3104 972 3156 [fx
1021 3103 1236 3156 decretis
1268 3120 1417 3172 paptc
1448 3102 1661 3172 Syricii,
1713 3105 1790 3155 tit.
1825 3101 1875 3154 5.
1908 3101 1984 3156 De.
2027 3102 2110 3156 his
2138 3118 2270 3156 vero
2299 3119 2405 3157 non

816 3197 1110 3260 incongrue
1153 3194 1368 3247 di'ectio
1417 3203 1504 3246 tua
1557 3193 1907 3262 apostolicam
1959 3191 2140 3248 sedem
2183 3193 2407 3247 credidit

813 3282 1221 3347 consulendam,
1251 3282 1340 3350 qui
1368 3291 1485 3336 acta
1517 3281 1829 3350 poenitentia
1855 3290 2107 3348 tanquam
2137 3297 2318 3345 canes,
2343 3297 2406 3335 ac

811 3389 941 3428 sues
972 3373 1038 3427 ad
1074 3381 1303 3427 vom.tus
1328 3382 1352 3407 ἰ
1384 3381 1436 3423 et
1469 3372 1748 3425 volutabra
1781 3370 2089 3434 redeuntes,
2117 3382 2172 3425 et
2203 3371 2404 3424 utiliti:e

815 3464 1108 3532 cingulum,
1141 3475 1194 3517 et
1218 3463 1243 3500 ιι
1274 3463 1506 3516 lubricas
1533 3463 1858 3531 voluptates,
1883 3472 1936 3515 et
1964 3478 2100 3515 nova
2129 3463 2398 3530 conjugia,

815 3564 874 3608 ct
921 3555 1178 3608 inhibitos
1218 3551 1394 3606 denuo
1427 3552 1738 3620 appetivere
1769 3551 2086 3604 concubitus
2109 3591 2122 3613 ,
2171 3564 2402 3618 quorum

814 3647 1116 3714 professum
1140 3643 1578 3699 incontinentiam
1603 3643 1844 3710 generati
1868 3651 1990 3710 post
2010 3642 2403 3696 absolutionem

816 3737 909 3790 lilii
941 3736 1312 3804 prodiderunt.
1348 3734 1422 3788 De
1445 3733 1659 3802 quibus,
1691 3734 1814 3800 quia
1841 3733 1952 3802 jam
1981 3732 2267 3802 suIIugiUItt
2297 3748 2403 3786 non

817 3829 1020 3882 habent
1051 3825 1366 3896 pwttitendi,
1398 3825 1451 3878 id
1481 3824 1731 3878 duximus
1758 3823 2175 3887 decernendum,
2211 3833 2266 3876 ut
2288 3823 2401 3876 sola

817 3921 956 3974 intra
993 3918 1292 3973 Ecclesium
1335 3917 1583 3971 lidelibus
1623 3915 1869 3970 oratione
1890 3914 2201 3984 jungantur,
2234 3929 2402 3967 sacrae

818 4011 1199 4081 mysteriorum
1249 4006 1568 4068 celebritati,
1620 4005 1866 4075 quamvis
1911 4020 2018 4058 non
2069 4013 2400 4070 mereantur,

817 4101 1067 4156 intersint
1091 4117 1103 4151 :
1139 4116 1167 4152 a
1194 4099 1483 4153 Dominica:
1512 4106 1691 4150 autem
1720 4112 1920 4150 menszn
1947 4096 2194 4150 convivio
2220 4110 2402 4164 segre-

815 4203 1031 4260 gcntur,
1059 4199 1117 4242 ut
1154 4191 1256 4243 hac
1283 4189 1474 4242 saltem
1505 4187 1840 4241 districtione
1869 4187 2095 4240 correcti
2126 4196 2180 4240 et
2221 4187 2319 4256 ipsi
2349 4189 2399 4240 in

815 4299 877 4336 se
923 4297 1018 4335 sua
1045 4289 1223 4335 errata
1253 4278 1540 4346 castigent,
1587 4285 1643 4331 et
1683 4277 1801 4330 aliis
1839 4277 2099 4346 exemplis
2145 4277 2400 4342 tribuant,

815 4382 1082 4441 quatenus
1103 4372 1170 4424 ah
1192 4371 1461 4424 obscmn's
1479 4368 1859 4438 cupiditatibus
1884 4369 2246 4422 retrahantur.
2274 4369 2398 4434 Qui-

817 4467 919 4517 bus
957 4472 1135 4515 tantcn
1183 4461 1438 4528 quoniam
1485 4459 1689 4513 carnali
1738 4459 2022 4526 fragilitate
2070 4459 2401 4525 ceciderunt,

821 4555 1019 4607 viatico
1069 4567 1315 4617 munere,
1362 4567 1428 4605 cu
1453 4569 1483 4602 ιι
1528 4550 1595 4603 ad
1639 4549 1920 4603 Dominum
1951 4551 2212 4619 ett-perint
2240 4551 2404 4618 proli-

2514 2085 2712 2152 t-ipcte,
2747 2085 2836 2150 qui
2863 2084 3061 2135 dudum
3096 2083 3291 2135 fuerint
3316 2098 3438 2135 vasa
3469 2084 3745 2138 vitio-um.

2584 2175 2670 2227 Ea:
2697 2176 2915 2227 tlecr.tis
2958 2191 3108 2242 νίψω
3157 2173 3469 2237 Innocentii,
3501 2178 3581 2227 tit.
3616 2176 3707 2228 58.
3763 2179 4107 2230 lllllOCCﬂlills

2513 2266 2741 2333 Agapito
2786 2264 3124 2331 Macedonio,
3158 2275 3212 2318 et
3243 2267 3265 2299 α
3292 2265 3556 2318 Martiano
3584 2268 3856 2335 episcopis
3896 2268 4100 2336 Apulis.

2511 2354 2676 2408 Multa
2712 2355 2762 2406 itt
2799 2353 3075 2422 provincia
3108 2361 3282 2406 vestra
3332 2362 3519 2406 contra
3552 2369 3728 2407 canon
3754 2370 3791 2408 ~s
3835 2354 4104 2410 Ecclesia—

2512 2449 2700 2509 sticos,
2733 2446 3061 2512 decretaque
3109 2445 3371 2513 majorum
3415 2447 3656 2513 usurpari
3692 2463 3721 2500 a
3757 2447 4021 2516 plurimis,
4057 2462 4108 2503 et

2511 2535 2804 2589 relationes
2848 2534 3186 2588 diversorum
3220 2543 3274 2588 et
3303 2535 3679 2602 s"ggestitines
3719 2536 3993 2590 lidissimw
4027 2557 4108 2592 re-

2514 2625 2794 2679 tulerunt:
2849 2640 2967 2693 qua:
3016 2624 3230 2694 quidem
3281 2636 3500 2691 possent
3547 2627 3702 2681 facile
3752 2644 3937 2683 reseca
3976 2631 4012 2690 i,
4065 2635 4108 2682 si

2512 2713 2750 2781 episcopi
2785 2713 2836 2765 in
2885 2714 2966 2766 his
3008 2729 3114 2765 non
3146 2713 3518 2768 invenirentur
3543 2729 3627 2768 aut
3648 2725 3814 2771 tores.
3841 2719 3945 2784 Qui
3977 2721 4106 2773 dun:

2512 2815 2604 2858 aut
2633 2806 2839 2869 amicis,
2874 2815 2968 2857 aut
2998 2806 3419 2873 obsequentibus
3446 2807 3671 2873 gratiam
3717 2818 3981 2877 pratstare
4027 2813 4106 2863 ni-

2513 2903 2716 2960 tuntur,
2749 2895 3065 2963 religionem
3094 2896 3318 2958 violant,
3350 2897 3679 2966 ordinesque
3708 2914 3948 2967 corrnm;
3976 2910 4104 2962 unt;

2512 3005 2576 3038 at:
2605 2987 2681 3040 sic
2710 2987 2912 3050 evenit,
2954 2995 3014 3039 ut
3045 2987 3250 3053 indigni
3286 2987 3485 3054 quique
3529 2987 3764 3044 honores
3804 2992 4109 3060 suscipiant

2510 3076 2930 3141 ecclesiasticos,
2951 3084 3006 3130 et
3025 3075 3378 3130 admittuntur
3397 3075 3464 3130 ad
3485 3077 3707 3143 clerum,
3729 3080 3819 3147 qui
3844 3096 3948 3136 nec
3970 3083 4110 3134 inter

2512 3167 2676 3220 Iaicos
2701 3166 2918 3235 quidem
2949 3166 2982 3220 d
3004 3181 3167 3233 gnum
3199 3167 3376 3220 locum
3407 3168 3608 3223 habere
3635 3175 3658 3201 °
3701 3184 4005 3237 merentur,
4037 3174 4109 3226 si-

2510 3257 2616 3311 cuti
2648 3273 2790 3310 nunc
2820 3256 2950 3311 dato
2995 3257 3151 3310 nobis
3191 3255 3370 3311 libello
3399 3267 3753 3312 monstratum
3784 3269 3892 3323 est,
3921 3261 4110 3316 Mode-

2510 3359 2650 3402 stum
2671 3347 2958 3418 quemdam
2989 3347 3174 3402 mulzis
3197 3348 3510 3403 criminibus
3539 3350 3857 3406 involutum.
3879 3363 4112 3423 propter

2509 3453 2626 3506 qum
2655 3441 2819 3492 etiam
2865 3439 3235 3508 [.mnizentiam
3286 3439 3461 3506 egisse
3506 3439 3721 3505 dicitur,
3771 3458 3878 3495 non
3926 3446 4109 3498 solum

2507 3530 2704 3583 clericn
2730 3549 2758 3579 ιι
2791 3527 3067 3591 elltrctnm,
3109 3527 3254 3597 quod
3288 3544 3394 3582 non
3427 3529 3574 3596 licet,
3606 3546 3789 3585 verum
3820 3534 3990 3587 etiam
4041 3537 4109 3589 ad

2506 3621 2849 3688 episcopatus
2877 3619 3086 3688 apicem
3120 3619 3380 3672 tendere:
3413 3635 3535 3673 cum
3566 3636 3802 3676 canones
3833 3625 3983 3692 apud
4017 3624 4113 3678 Ni-

2505 3727 2670 3765 caatn
2698 3711 2996 3776 constituti,
3029 3713 3352 3778 pmnitentes
3386 3713 3548 3765 etiam
3578 3713 3646 3766 ab
3685 3713 3882 3770 inlimis
3912 3716 4117 3770 oﬂiciis

2511 3803 2832 3858 clericorum
2875 3804 3186 3858 excludant.
3233 3802 3298 3857 Et
3346 3805 3491 3868 ideo,
3543 3806 3735 3861 l'ratr.s
3770 3808 4113 3876 cbarissimi,

2512 3903 2794 3961 perspecto
2827 3903 3014 3947 tenore
3059 3894 3226 3947 libelli
3255 3908 3379 3946 eum
3403 3893 3640 3960 jubcalis
3669 3902 4018 3964 prmsentari,
4050 3917 4114 3956 ac

2511 3987 2553 4039 si
2583 4001 2709 4038 vere
2760 3995 2917 4038 const
2941 3985 3067 4038 terit
3095 3982 3114 4021 ί
3162 3983 3306 4050 talis,
3335 3986 3552 4052 qualem
3597 3987 3812 4042 libellus
3846 3988 4115 4056 afﬁrmat,

2512 4089 2618 4127 non
2649 4073 2822 4127 solum
2875 4073 2944 4126 ab
2987 4073 3284 4127 ambitione
3325 4075 3687 4145 e,iscopatus,
3718 4077 3815 4131 sed
3860 4081 4041 4133 etiam
4087 4100 4117 4133 ει

2512 4164 2799 4219 clericatus
2828 4172 3174 4217 removeatur
3202 4163 3402 4217 ollicio.

2510 4297 2715 4372 CCXV.
2762 4297 2829 4351 Iit
2858 4301 2900 4351 si
2931 4317 3022 4366 per
3049 4300 3399 4372 ignorantiam
3435 4303 3690 4368 pumileas
3714 4301 4009 4372 religantes,
4043 4318 4122 4360 vel

2585 4371 2751 4423 virtue
2778 4378 2999 4421 manus
3026 4370 3243 4422 clericus
3273 4372 3443 4438 [actus
3481 4373 3657 4440 fuerit,
3691 4371 3810 4439 jam
3838 4389 3946 4428 non
3984 4370 4122 4446 pro-

2582 4457 2864 4494 lilOUc’ﬂJH’.

2587 4551 2669 4603 lix
2695 4550 2913 4602 decretis
2938 4564 3091 4619 papae
3122 4549 3338 4618 Sgricii,
3369 4549 3449 4602 tit.
3484 4548 3570 4604 IS.
3614 4550 3680 4604 Et
3708 4554 3835 4620 quia
3869 4555 3962 4608 his
3995 4573 4123 4609 om-

819 4649 971 4709 (,lSCl,
1005 4661 1100 4715 per
1128 4645 1524 4698 communionis
1552 4651 1780 4710 gratam
1828 4643 2074 4696 volumus
2111 4641 2403 4695 subveniri.
2441 4644 2487 4702 ο
2512 4641 2686 4704 nibus,
2719 4655 2839 4708 qua:
2869 4640 2921 4694 in
2952 4640 3428 4708 reprehensionem
3458 4641 3703 4708 veniunt,
3732 4645 3850 4698 sola
3876 4659 4130 4700 excusa-

821 4743 995 4802 Qnatn
1021 4735 1268 4796 formam,
1299 4742 1354 4786 et
1380 4734 1524 4786 circa
1558 4733 1828 4793 mulieres,
1856 4747 1974 4800 qua:
2001 4746 2061 4785 se
2091 4739 2212 4799 post
2241 4732 2413 4800 νωιιί-

823 4831 1047 4882 tentiam
1085 4825 1283 4879 talibus
1326 4823 1708 4894 pollutionibus
1735 4823 2113 4886 devinxeruttt,
2146 4839 2165 4861 ε
2206 4821 2409 4875 serVari

822 4919 1183 4975 decernimus.
1599 4983 1602 4985 Α

906 5011 984 5063 lix
1011 5008 1226 5061 decretis
1255 5021 1405 5074 νίψω
1445 5005 1754 5066 Innocentii,
1789 5006 1867 5057 tit.
1899 5005 1952 5058 7.
1997 5003 2071 5056 De
2099 5002 2410 5072 paenitenti-

831 5106 931 5157 bus
961 5110 1165 5162 autent,
1207 5100 1297 5167 qui
1329 5098 1443 5153 sive
1469 5113 1536 5151 ex
1567 5097 1903 5165 gravioribus
1940 5097 2262 5162 commissis,
2300 5096 2414 5150 sive

827 5211 891 5247 ex
920 5190 1210 5248 levioribus
1232 5188 1599 5258 paenitentiam
1621 5195 1833 5254 gemat,
1857 5191 1899 5242 si
1925 5188 2068 5240 nulla
2092 5188 2414 5242 interveniat

830 5282 1108 5352 aegritudo,
1139 5280 1324 5348 quinta
1355 5280 1482 5333 l'eria
1521 5286 1647 5332 ante
1691 5277 1890 5331 Pascha
1922 5281 2001 5333 eis
2032 5279 2411 5332 remittendum

833 5375 1088 5428 Romana:
1116 5370 1367 5426 Ecclesia:
1397 5371 1731 5423 consuetudo
1757 5370 2110 5424 demonstrat.
2144 5371 2411 5424 Caeterum

832 5470 899 5522 de
930 5466 1164 5536 pondere
1193 5465 1506 5519 wslimando
1534 5464 1853 5519 delictorum
1891 5465 2188 5520 sacerdotis
2220 5475 2297 5519 est
2326 5465 2412 5532 ju-

830 5561 1031 5620 dicare,
1066 5565 1125 5609 ut
1175 5559 1417 5609 attenuat
1463 5557 1526 5608 ad
1557 5554 1950 5612 conleSsionem
1983 5558 2315 5628 pcenitcntis,
2359 5565 2414 5610 et

904 5729 928 5754 ι·
964 5717 1214 5768 l’ristinos
1245 5715 1387 5765 add‘t
1418 5715 1568 5766 Ilion.
1606 5715 1757 5782 Exig.

904 5789 929 5824 ¹’
959 5787 1227 5849 Ltttltt't‘tts,
1263 5786 1473 5855 Illnttys.
1508 5786 1656 5849 l'lxig.

908 5877 926 5899 ε
963 5859 1278 5910 Servuudum
1308 5874 1416 5908 esse
1444 5872 1724 5925 censemus,
1763 5858 1973 5913 Ilionvs.
2015 5861 2160 5920 I'Ixit'.

906 5931 928 5966 ⁸³
963 5929 1205 5982 Mariano
1263 5928 1474 5998 lliottys.
1512 5927 1662 5996 lixig.

2517 4733 2594 4786 tio
2643 4731 3000 4798 ignorationis
3045 4730 3382 4797 obtenditur,
3413 4731 3501 4785 cui
3531 4749 3631 4787 nos
3671 4734 3889 4788 interim
3942 4740 4132 4791 solius

2517 4826 2731 4894 pietatis
2754 4825 2948 4879 intuitu
2975 4839 3194 4878 necesse
3216 4833 3299 4878 est
3325 4825 3622 4880 clementer
3643 4827 3932 4895 ignoscere
3959 4850 3975 4884 :
4005 4835 4132 4900 qui-

2515 4931 2728 4984 cunque
2785 4916 3068 4984 paanitens,
3118 4916 3424 4984 quicunque
3477 4917 3745 4984 bigamus,
3793 4922 4136 4991 quicunque

2516 5007 2690 5060 viduze
2721 5007 2946 5059 maritus
2991 5007 3057 5058 ad
3090 5021 3300 5059 sacram
3345 5007 3591 5061 militiam
3640 5007 3911 5075 indebite,
3948 5025 4014 5067 et
4052 5018 4134 5068 in-

2515 5107 2886 5167 competentcr
2913 5098 3152 5166 irrepsit,
3180 5097 3280 5151 hac
3307 5098 3405 5151 sibi
3432 5099 3741 5153 conditione
3761 5116 3793 5153 a
3827 5103 4007 5158 nobis
4039 5123 4137 5160 ve-

2517 5192 2658 5243 niattt
2692 5189 2952 5255 intelligat
2982 5188 3307 5252 relaxatam,
3340 5197 3396 5240 ut
3426 5191 3477 5241 in
3506 5203 3704 5258 magno
3726 5191 3940 5246 debeat
3975 5212 4134 5249 com-

2515 5292 2705 5351 putare
2735 5279 3016 5341 benelicio,
3045 5280 3090 5333 si
3117 5281 3367 5348 adempta
3413 5281 3514 5333 sibi
3539 5281 3690 5334 omni
3733 5298 3834 5352 spe
3880 5301 4136 5354 pronio-

2518 5373 2677 5425 tionis
2706 5374 2756 5424 in
2794 5372 2894 5424 hoc
2922 5386 3030 5438 quo
3060 5370 3332 5424 invenitur
3371 5370 3562 5424 ordine
3605 5381 3868 5442 perpetua
3908 5380 4141 5431 stabili-

2518 5474 2627 5517 tate
2663 5470 2976 5531 permaneat
3016 5482 3027 5512 :
3081 5472 3103 5504 ε
3127 5461 3311 5514 scituri
3361 5469 3483 5528 post
3520 5461 3667 5518 hanc
3711 5464 4137 5531 deﬁnitionem,

2515 5557 2656 5626 quod
2690 5555 2733 5609 si
2782 5554 2922 5608 ultra
2949 5552 3014 5606 ad
3046 5568 3230 5608 sacros
3258 5552 3477 5608 ordines
3520 5568 3848 5624 quemquam
3893 5558 3978 5614 de
4015 5563 4142 5616 tali-

2590 5723 2613 5748 ε
2647 5708 2984 5770 Mcrerentur,
3017 5707 3231 5774 Dionys.
3262 5703 3410 5774 Exig.

2594 5779 2610 5817 τ
2650 5781 2842 5837 Talem,
2879 5779 3094 5846 lliottys.
3128 5777 3278 5842 Exig.

2591 5863 2614 5897 tt
2658 5850 2848 5970 ὅτὶιῖιιὶ
2881 5852 3096 5917 posthac
3145 5851 3372 5902 onminm
3403 5849 3788 5918 prorinciarum
3823 5857 4137 5916 antistites,

2591 5937 2738 5970 ours.
2791 5935 2922 5970 me.

2523 5926 2738 5990 lli-unys.
2773 5926 2922 5988 lixig.
