4204 6580
160 454 248 511 913

1360 445 1793 504 ιιιικνιρκιιιωι
1835 444 2224 502 CANUVICUM

3320 448 3427 502 9H

158 568 242 619 bus
269 562 599 618 crediderint
620 560 1020 623 assumcnlum,
1052 569 1105 615 et
1126 561 1192 615 de
1214 578 1334 621 suo,
1366 570 1420 614 et
1447 561 1514 614 de
1545 576 1732 614 eorum
1766 558 1811 615 Α
1839 558 1989 624 juxta
2011 558 2226 613 decreta
2250 574 2513 612 caminum
2542 574 2875 629 unaquteqtte
2900 561 3173 629 provincia
3195 579 3292 616 suo
3314 578 3430 614 me-

158 663 308 717 statu,
338 666 477 721 quos
503 660 692 704 contra
724 665 962 704 canones
993 659 1045 704 et
1079 650 1361 706 interdicta
1396 659 1577 704 nostra
1614 666 1740 719 pro-

160 744 415 810 vexerint,
446 758 739 810 congruam
782 742 849 795 ab
888 742 1183 811 apostolica
1228 743 1356 797 sede
1387 742 1738 798 uromcndam

159 849 268 890 esse
300 832 651 889 sententiam.

415 962 643 1018 CCXVI.
688 962 764 1017 De
792 964 1148 1033 energuntcnis
1179 964 1478 1025 boptizatis.

226 1079 303 1132 I121:
350 1079 567 1133 decretis
598 1095 748 1146 papa:
796 1077 1105 1141 Innocentii,
1139 1080 1219 1131 tit.
1256 1076 1307 1131 (ἶ.
1361 1076 1436 1131 De
1485 1077 1566 1131 bis
1614 1092 1743 1130 vero

161 1170 454 1239 baptizatis,
478 1169 567 1238 qui
592 1178 780 1237 postea
804 1184 833 1222 a
851 1168 1140 1231 dmmouio,
1167 1179 1261 1222 aut
1283 1169 1412 1223 vitio
1434 1168 1635 1237 aliquo,
1654 1174 1746 1219 aut

161 1273 376 1333 peccato
427 1262 825 1317 interveniente
853 1262 1203 1331 arripiuntur,
1234 1262 1484 1330 qmesivit
1526 1260 1745 1317 dilectio

162 1369 260 1420 tua,
290 1358 336 1410 si
365 1373 393 1411 a
417 1357 756 1427 presbytero,
783 1357 868 1412 vel
890 1356 1118 1412 diacono
1142 1358 1372 1427 possint,
1398 1364 1493 1409 aut
1515 1356 1747 1409 debeant

160 1450 493 1518 consignari:
520 1448 664 1518 quod
688 1450 810 1513 hoc,
839 1450 939 1505 nisi
963 1451 1250 1520 episcopus
1274 1451 1612 1520 praeceperit,
1640 1466 1743 1501 non

161 1540 277 1595 licet
302 1559 315 1594 :
342 1556 467 1594 nam
492 1540 538 1594 ei
564 1556 753 1595 manus
783 1540 1109 1608 imponenda
1134 1541 1354 1596 omnino
1379 1557 1484 1597 non
1512 1550 1611 1600 est,
1648 1540 1747 1592 nisi

160 1634 441 1701 cpiscopus
463 1633 837 1686 auctoritatem
861 1630 1070 1685 dederit
1094 1632 1143 1685 id
1168 1631 1453 1686 efliciendi.
1473 1632 1540 1685 Ut
1568 1639 1746 1683 autem

164 1728 266 1790 ﬁat,
306 1724 549 1793 episc0pi
589 1731 671 1777 est.
696 1724 982 1791 imperare,
1027 1733 1079 1777 ut
1125 1739 1312 1777 manus
1341 1724 1389 1776 ei
1422 1722 1504 1775 vel
1537 1738 1565 1774 a
1602 1737 1749 1791 prcs-

164 1816 375 1885 bylero,
420 1814 506 1869 vel
548 1830 578 1868 a
602 1814 816 1869 cmteris
843 1814 1058 1869 clericis
1087 1817 1413 1884 imponatur.
1446 1814 1577 1868 Nam
1610 1831 1745 1883 quo-

162 1907 321 1962 modo
352 1908 403 1961 id
434 1906 547 1962 ﬁeri
588 1907 706 1962 sine
755 1923 948 1976 magno
992 1908 1177 1962 labore
1225 1910 1444 1977 poterit,
1490 1918 1547 1961 ut
1589 1908 1745 1975 longe
1783 1926 1824 1984 Β
1855 1940 1971 2003 sing

160 2002 488 2054 constitutus
526 2012 926 2068 energumenus
969 1999 1036 2052 ad
1071 2000 1386 2069 episcopum
1429 1998 1743 2063 deducatur,

160 2108 276 2148 cum
327 2092 372 2147 si
423 2092 545 2148 talis
587 2107 746 2149 casus
794 2093 843 2146 ei
886 2092 937 2146 in
969 2092 1160 2148 itinere
1189 2093 1461 2156 acciderit,
1496 2109 1594 2148 nec
1624 2092 1747 2146 fct't'i

159 2185 222 2236 ad
261 2187 597 2253 episcopum,
629 2198 728 2238 nec
757 2182 945 2238 referri
976 2184 1041 2239 ad
1070 2200 1167 2239 sua
1197 2175 1353 2238 facile
1381 2186 1569 2253 possit.

159 2288 412 2343 CCXVII.
452 2289 602 2354 Quod
634 2308 727 2361 pro
756 2293 983 2361 inﬁrmis
1012 2292 1193 2347 debeat
1225 2294 1465 2348 sacerdos
1497 2312 1667 2357 orare,
1702 2307 1751 2349 et

252 2362 412 2432 juxta
442 2373 751 2432 prwceptum
777 2365 947 2417 sancti
983 2362 1167 2418 Jacobi
1198 2366 1258 2418 ot.
1280 2381 1308 2418 ο
1336 2383 1639 2436 perungere.

230 2468 312 2523 Ex
342 2470 563 2524 decretis
591 2488 742 2540 papa:
773 2471 1086 2538 Innocentii,
1114 2475 1190 2528 tit.
1232 2474 1282 2529 8.
1326 2474 1468 2530 Sane
1497 2477 1750 2545 quoniam

157 2558 223 2613 de
252 2560 375 2625 hoc,
421 2560 582 2614 sicuti
625 2560 693 2615 de
723 2563 935 2617 caneris
982 2564 1267 2618 consulere
1314 2565 1489 2618 voluit
1533 2565 1751 2620 dilectio

161 2660 273 2719 tua,
319 2652 523 2722 adjecit
567 2653 730 2708 etiam
781 2655 919 2711 ﬁlius
966 2672 1118 2713 meus
1164 2657 1392 2713 dilectus
1429 2656 1754 2717 lee'stinus

158 2742 423 2799 diaconus
454 2744 507 2798 in
536 2745 764 2814 epistola
796 2762 892 2802 sua
922 2762 1042 2803 esse
1072 2763 1101 2801 a
1133 2756 1222 2801 tua
1268 2748 1563 2804 dilectione
1610 2752 1757 2820 posi-

161 2842 274 2888 tum
304 2835 461 2900 illud,
493 2837 638 2904 quod
664 2837 717 2892 in
742 2838 885 2894 beati
915 2838 1148 2909 apostoli
1174 2840 1358 2895 Jacobi
1380 2842 1608 2910 epistola
1628 2858 1757 2897 con-

158 2923 426 2993 scriptum
471 2934 574 2980 est.
619 2926 676 2980 Si
708 2936 732 2963 ⁸
756 2926 1063 2983 inﬁrmatur
1090 2930 1211 2999 quis
1238 2930 1291 2985 in
1320 2930 1502 2997 vobis,
1537 2931 1759 2988 inducat

159 3016 536 3087 presbyteros,
568 3026 625 3072 et
673 3028 837 3073 orent
866 3034 1031 3089 super
1081 3036 1203 3075 eum
1236 3030 1500 3091 ungentes
1539 3022 1662 3077 oleo
1706 3025 1759 3078 in

158 3105 387 3159 nomine
421 3105 653 3170 Domini,
678 3115 735 3161 et
761 3108 938 3163 oratio
968 3107 1088 3163 ﬁdei
1124 3108 1361 3164 salvabit
1386 3110 1678 3177 inﬁrmum,
1706 3121 1760 3167 et

157 3202 455 3257 suscitabit
498 3203 646 3258 illum
678 3203 955 3269 Dominus.
1002 3216 1057 3261 et
1099 3206 1144 3261 si
1197 3205 1250 3260 in
1294 3209 1533 3276 peccatis
1575 3208 1753 3272 fuerit,

160 3292 518 3347 remittemur
545 3295 615 3349 ei.
663 3295 820 3362 Quod
867 3312 977 3352 non
1022 3304 1108 3353 est
1153 3297 1371 3353 dubium
1404 3298 1471 3354 de
1509 3299 1759 3356 ﬁdelibus

156 3385 554 3451 aegrotantibus
598 3389 767 3457 accipi
804 3386 891 3443 vel
939 3387 1165 3457 intelligi
1193 3386 1413 3455 debere,
1446 3390 1539 3459 qui
1568 3398 1760 3445 sancto

155 3476 282 3531 oleo
327 3478 644 3533 chrismatis
686 3481 911 3549 perungi
944 3491 1191 3550 possunt,
1224 3482 1371 3552 quod
1401 3482 1471 3537 ab
1498 3483 1759 3553 episcopo

154 3568 477 3624 confectum
508 3584 615 3625 non
645 3571 819 3625 solum
848 3572 1244 3643 sacerdotibus,
1284 3575 1377 3630 sed
1405 3575 1654 3630 omnibus
1682 3575 1760 3629 uti

154 3658 497 3715 Christianis
524 3661 672 3727 licet,
704 3662 906 3727 insua,
935 3673 1031 3719 aut
1056 3680 1278 3723 suorum
1304 3667 1624 3722 necessitate
1656 3683 1757 3721 un-

151 3750 421 3816 gendum.
454 3750 724 3811 Cteterum
768 3752 902 3810 illud
947 3757 1278 3826 superﬂuum
1321 3758 1562 3813 videmus
1604 3759 1757 3827 adje-

149 3849 328 3904 ctum.
365 3848 432 3897 ut.
457 3842 527 3896 de
565 3842 827 3912 episcopo
862 3844 1191 3913 ambigatur,
1240 3846 1383 3916 quod
1430 3847 1760 3917 presbyteris

150 3929 327 3986 licere
369 3946 486 3986 non
513 3931 733 3986 dubium
778 3941 906 3991 est:
942 3949 1065 3988 nam
1095 3935 1298 3991 idcirco
1327 3937 1511 4007 presbj
1527 3938 1657 3992 teris
1681 3936 1760 3991 di-

150 4029 304 4078 ctum
334 4031 447 4085 est.
478 4022 604 4091 quia
635 4023 879 4093 episcopi
904 4026 1355 4095 occupationibus
1374 4027 1495 4082 aliis
1518 4027 1757 4097 impediti

148 4109 218 4162 ad
265 4126 475 4166 omnes
518 4111 802 4181 languidos
845 4113 929 4168 ire
953 4129 1062 4169 non
1112 4123 1357 4183 possunt.
1404 4115 1670 4171 Craterum
1714 4118 1760 4171 si

146 4201 455 4271 episcopus
486 4212 580 4255 aut
605 4213 804 4271 potest,
832 4214 927 4259 ant
956 4204 1173 4274 dignum
1206 4206 1355 4261 ducit
1380 4207 1617 4277 aliquem
1647 4223 1677 4262 a
1704 4223 1765 4263 se

147 4292 520 4356 visitandum,
546 4304 603 4345 et
630 4293 977 4360 benedicere,
1006 4304 1061 4349 et
1083 4304 1309 4363 tangere
1329 4297 1624 4352 chrismate
1646 4298 1763 4354 sine

146 4383 521 4439 cunctatione
548 4392 750 4452 potest,
780 4384 932 4453 cujus
959 4396 1046 4439 est
1093 4387 1271 4455 ipsum
1315 4387 1549 4443 chrisma
1588 4388 1760 4443 centi-

146 4490 299 4530 cere.
355 4474 501 4529 Nam
536 4476 922 4545 penitentibus
968 4478 1111 4534 istud
1160 4479 1367 4534 infundi
1417 4497 1526 4534 non
1559 4492 1757 4550 potest,

146 4563 276 4634 quia
309 4577 499 4634 genus
532 4574 614 4619 est
641 4568 985 4625 sacramenti.
1036 4566 1167 4625 Nam
1198 4570 1392 4637 quibus
1434 4571 1640 4639 reliqua
1668 4587 1757 4626 sa-
1793 4578 1842 4638 Ι)

145 4667 444 4713 cramenta
479 4668 767 4726 negantur,
791 4661 1064 4731 quomodo
1094 4678 1256 4717 unum
1286 4677 1454 4731 genus
1484 4679 1638 4733 posse
1666 4681 1760 4735 pu—

150 4757 302 4802 tatur
332 4747 574 4803 concedi
599 4750 620 4800 ?

180 4859 479 4916 CCXVilI.
515 4860 586 4915 Ut
626 4872 784 4940 extra
806 4868 1177 4922 conscientiam
1206 4871 1591 4940 metropolitani
1622 4890 1724 4927 non

669 4934 933 4988 ordinetur
969 4941 1256 5009 episcopus.

213 5046 307 5101 Ea:
331 5047 569 5102 decretis
594 5063 744 5116 papa:
770 5046 1085 5117 Innocentii,
1119 5054 1196 5107 tit.
1234 5054 1285 5109 9.
1323 5056 1556 5113 Primum
1583 5068 1639 5113 ut
1669 5076 1761 5115 ex-

145 5146 227 5193 tra
276 5138 690 5196 conscientiam
721 5144 1124 5213 metropolitani
1164 5151 1405 5219 episcopi
1456 5152 1633 5208 nullus
1663 5172 1760 5207 au-

140 5229 273 5284 deat
321 5229 636 5294 ordinare;
669 5232 936 5301 integrum
976 5237 1116 5290 enim
1164 5242 1424 5304 julicium
1469 5253 1570 5308 est,
1620 5250 1762 5315 quod

143 5318 528 5387 plurimorum
570 5322 854 5376 sententiis
902 5325 1253 5382 eonlirmatnr
1285 5350 1294 5381 :
1333 5348 1429 5387 nec
1480 5350 1617 5390 unus
1650 5339 1763 5407 epi-

140 5425 351 5479 scopus
385 5408 655 5464 ordinare
698 5426 1006 5480 praesumat,
1053 5432 1119 5471 ne
1148 5418 1399 5475 furtivum
1446 5423 1762 5482 beneﬁcium

142 5502 465 5573 praestitum
521 5502 771 5558 videatur
812 5523 822 5558 :
874 5508 975 5562 hoc
1023 5511 1163 5563 enim
1213 5532 1239 5565 ει
1291 5516 1501 5585 synodo
1549 5520 1764 5577 mpr

140 5594 526 5648 constitutum
557 5604 656 5657 est,
688 5606 848 5665 atque
876 5599 1180 5656 deﬁnitum.

217 5685 304 5742 Ex
354 5688 589 5741 decretis
632 5704 781 5757 papa:
832 5690 1109 5753 (.‘wlestini.
1153 5697 1230 5748 tit.
1274 5700 1353 5752 l7.
1402 5700 1655 5774 l‘rimum,
1710 5718 1764 5761 ut

220 5834 244 5861 ⁸
290 5826 566 5895 Inﬁrmus
601 5825 788 5898 m’iquis
820 5831 869 5883 in
906 5830 1039 5886 vobis
1070 5836 1167 5900 est,
1201 5835 1351 5891 Dion.
1388 5837 1519 5910 liti;

1849 650 2176 717 tropolitano
2204 658 2458 717 contenta
2507 651 2607 717 sit,
2642 660 2698 704 ut
2743 652 3043 706 decessoris
3087 653 3254 706 nostri
3301 653 3428 706 data

1847 741 1912 794 ad
1972 742 2376 796 Narbonensem
2430 744 2743 813 episcopqu
2787 745 3066 799 continent
3111 743 3440 807 eonslituta,~

1847 848 1947 887 nec
1994 834 2360 903 usurpationis
2404 834 2554 888 locus
2601 835 2759 890 alicui
2808 834 3080 890 sacerdoti
3126 836 3179 888 in
3208 834 3434 888 alterius

1846 926 2175 980 ennccdatur
2226 926 2497 994 injnriam.
2549 927 2630 979 Sit
2676 928 2947 982 concessis
2994 927 3095 981 sibi
3144 934 3432 981 contentus

1850 1019 2216 1088 unusquisque
2267 1018 2541 1072 limitibus.
2593 1018 2745 1072 Alter
2789 1019 2841 1072 in
2888 1019 3109 1073 alterius
3154 1018 3433 1087 provincia

1849 1110 1977 1165 nihil
2009 1118 2323 1179 praasumat,
2347 1125 2444 1162 nec
2477 1110 2716 1164 emeritis
2742 1110 2791 1162 in
2822 1110 2933 1163 suis
2955 1110 3198 1164 ccclesiis
3222 1108 3436 1163 clericis

1850 1203 2117 1271 peregrini
2163 1211 2217 1254 et
2246 1202 2511 1263 extranei,
2546 1214 2600 1256 et
2638 1204 2727 1271 qui
2760 1211 2887 1257 ante
2919 1202 3146 1270 ignorati
3176 1212 3323 1266 sunt,
3368 1199 3436 1252 ad

1848 1296 2215 1350 exelusionem
2247 1307 2458 1356 eorum,
2484 1293 2571 1359 qui
2597 1294 2734 1347 bene
2758 1293 2824 1347 de
2849 1307 3070 1347 suorum
3099 1289 3293 1345 civium
3322 1303 3434 1341 mc-

1852 1399 2036 1442 reutu:
2067 1387 2402 1452 testimonio,
2447 1394 2849 1454 prmponantur,
2905 1400 2971 1437 ne
3022 1397 3219 1436 novum
3265 1380 3436 1449 quod-

1850 1480 1995 1543 dam,
2030 1478 2095 1532 de
2121 1496 2227 1548 quo
2256 1477 2496 1546 episcopi
2538 1478 2665 1532 ﬁant
2713 1477 3015 1530 institutum
3045 1474 3287 1529 videatur
3315 1488 3437 1526 esse

1853 1572 2159 1638 coll-gium.

1926 1665 2008 1717 lia:
2038 1666 2251 1718 decretis
2280 1679 2429 1732 papte
2460 1662 2668 1725 Leonis,
2704 1664 2784 1715 tit.
2819 1662 2908 1715 '59..
2949 1660 3113 1728 Igitur
3139 1657 3437 1713 secundum

1857 1767 2173 1810 sanctorum
2208 1755 2427 1808 Patrum
2458 1770 2695 1807 canones
2734 1753 2923 1822 spiritu
2960 1752 3050 1804 Dii
3083 1749 3350 1812 conditos,
3384 1757 3441 1801 et

1860 1848 2025 1901 totius
2050 1845 2234 1899 mundi
2266 1846 2565 1899 reverentia
2589 1854 2958 1907 consecratos,
2989 1840 3440 1910 metropolitanos

1979 1937 2185 1990 alarum
2219 1936 2614 2004 provinciarum
2646 1936 2951 2003 episcopos,
2977 1951 3011 2003 q
3039 1934 3170 1987 .ihus
3200 1948 3265 1986 ex
3295 1930 3439 1984 dele-

1861 2031 2079 2097 gatione
2109 2038 2313 2093 notra,
2361 2029 2713 2081 iraternitatis
2745 2037 2848 2081 tua:
2897 2042 3026 2080 cura
3066 2024 3440 2095 przctcnditur,

1852 2122 1937 2188 jus
1966 2119 2171 2173 trad';ta:
2197 2120 2296 2173 sibi
2320 2119 2615 2185 antiquitus
2638 2118 2911 2186 dignitatis
2936 2120 3311 2172 intemeratum
3342 2116 3441 2168 lia-

1858 2214 1993 2266 bere
2021 2211 2363 2266 decernimus
2392 2228 2403 2262 :
2437 2210 2508 2264 ita
2541 2219 2597 2263 ut
2625 2225 2655 2263 a
2686 2211 2885 2275 regulis
2931 2210 3247 2279 prmstitutis
3298 2209 3441 2261 nulla

1858 2311 1949 2355 aut
1979 2302 2325 2371 negligentia,
2353 2310 2446 2355 aut
2477 2302 2896 2369 prmsumptione
2930 2301 3227 2355 discedant.

2016 2436 2243 2492 CCXlX.
2291 2434 2357 2489 Ut
2387 2453 2447 2489 ra:
2473 2436 2751 2489 curialitus
2783 2452 2883 2490 non
2915 2436 3010 2505 ﬁat
3039 2435 3276 2488 clericus.

1931 2553 2015 2609 Ea:
2045 2552 2119 2605 de.
2140 2553 2259 2604 retis
2288 2567 2438 2621 papa:
2470 2548 2785 2615 Innocentii,
2819 2551 2898 2602 tit.
2928 2548 3014 2601 18.
3046 2546 3311 2603 Prteterea
3342 2546 3447 2600 fre-

1860 2653 2087 2715 quenter
2132 2643 2348 2712 quidam
2390 2659 2454 2696 «χ
2510 2642 2765 2697 fratribus
2807 2642 3005 2697 nostris
3052 2639 3308 2703 curiales,
3361 2638 3444 2692 vel

1864 2735 2193 2805 quibuslibet
2222 2733 2449 2803 publ.cis
2489 2732 2852 2787 [unctionibus
2893 2742 3192 2801 occupatos
3220 2730 3449 2785 clericos

1861 2829 2040 2885 facere
2067 2812 2419 2890 contendunt,
2444 2825 2638 2892 quibus
2668 2832 2854 2893 postea
2884 2823 3054 2891 major
3086 2824 3299 2878 tristitia
3323 2837 3447 2876 cum

1861 2923 1929 2978 de
1960 2919 2279 2977 revocandis
2310 2920 2389 2972 cis
2418 2917 2621 2987 aliquid
2653 2918 2719 2972 ab
2745 2918 3075 2987 imperatore
3116 2915 3448 2985 prmcipitur,

1862 3027 2022 3082 quam
2049 3010 2225 3079 gratia
2272 3011 2517 3064 nascitur
2546 3008 2614 3063 de
2662 3007 2861 3063 ascitis.
2910 3008 3135 3062 Constat
3170 3006 3314 3059 enim
3355 3020 3452 3059 ωτι

1865 3106 1916 3159 in
1951 3104 2081 3173 ipsis
2128 3102 2324 3157 muniis
2352 3101 2660 3170 voluptates
2709 3101 2873 3153 eziam
2912 3099 3191 3163 exhibere,
3239 3112 3376 3166 quas
3421 3113 3452 3149 a

1861 3194 2080 3251 diabolo
2106 3194 2353 3248 inventas
2400 3207 2519 3246 esse
2550 3207 2658 3245 non
2703 3190 2923 3245 dubium
2961 3200 3061 3255 est,
3106 3199 3161 3243 et
3199 3187 3453 3243 ludorum

1787 3282 1831 3343 C
1865 3297 1958 3342 aut
1981 3301 2261 3355 munerum
2293 3285 2666 3357 apparatibus,
2692 3292 2788 3338 aut
2815 3297 3070 3353 prmesse,
3102 3290 3197 3336 aut
3223 3280 3451 3336 forsitan

1867 3380 2148 3435 interesse.
2178 3376 2262 3432 Sit
2288 3385 2439 3432 certe
2470 3376 2522 3430 in
2559 3375 2866 3445 exemplum
2893 3372 3222 3438 sollicitudo,
3254 3380 3309 3428 et
3346 3372 3454 3426 tri-

1864 3470 2011 3525 stitia
2061 3468 2307 3534 fratrum,
2354 3481 2517 3536 quam
2566 3480 2710 3535 saepe
2758 3464 3078 3535 pertulimus
3124 3463 3456 3534 imperatore

1865 3567 2152 3631 prmsente,
2176 3573 2300 3613 cum
2331 3572 2427 3627 pro
2457 3557 2539 3611 his
2567 3557 2762 3626 saepius
2788 3568 3313 3624 rogaremus,quam
3336 3553 3455 3624 ipse

1865 3653 2145 3709 nobiscum
2192 3653 2401 3721 positus
2438 3651 2760 3720 cognovisti,
2786 3650 2983 3719 quibus
3013 3665 3120 3703 non
3156 3649 3334 3705 solum
3367 3649 3451 3702 in-

1865 3744 2091 3798 feriores
2118 3742 2302 3797 clerici
2331 3757 2401 3796 ex
2428 3741 2745 3807 curialibus,
2779 3756 2960 3796 verum
2992 3741 3154 3795 etiam
3188 3740 3237 3794 in
3268 3754 3452 3794 sacer-

1866 3832 2018 3887 dotio
2042 3830 2155 3900 jam
2180 3831 2485 3898 constituti,
2518 3831 2706 3900 ingens
2731 3831 2982 3888 molestia
3016 3838 3074 3884 ut
3102 3829 3453 3884 redderentur

1865 3922 2120 3980 instabat.

2009 4032 2216 4091 CCXX.
2257 4034 2337 4089 De
2363 4036 2547 4089 ultima
2583 4037 2883 4105 poenitentia
2911 4052 3015 4089 non
3048 4035 3305 4104 neganda.

1948 4148 2027 4202 Ea:
2051 4149 2264 4204 decretis
2292 4166 2443 4221 papa:
2467 4149 2783 4218 Innocentii,
2817 4151 2896 4204 tit.
2923 4148 3013 4204 2’2.
3046 4148 3119 4202 Et
3136 4149 3238 4203 hoc
3261 4148 3456 4218 quarsi~

1871 4249 1983 4295 tum
2025 4250 2126 4307 est,
2159 4240 2287 4312 quid
2324 4241 2392 4296 de
2438 4241 2521 4295 his
2567 4242 2842 4296 observari
2891 4248 3164 4309 oporteat,
3211 4239 3303 4307 qui
3333 4246 3457 4307 post

1869 4334 2192 4404 baptisman
2216 4333 2363 4389 omni
2391 4342 2636 4403 tempore
2659 4333 3063 4388 incontinentia:
3087 4330 3457 4401 voluptatibus

1867 4424 2063 4492 dediti,
2101 4426 2153 4479 in
2181 4434 2428 4480 extremo
2458 4426 2580 4479 vitae
2609 4438 2721 4480 sua:
2770 4422 3144 4494 pmnitentiam
3186 4422 3367 4485 simul,
3399 4432 3456 4475 et

1870 4518 2373 4573 reconciliationem
2435 4520 2832 4573 communionis
2877 4525 3197 4586 exposcunt.
3248 4516 3322 4570 De
3376 4516 3458 4569 his

1869 4609 2178 4665 observatio
2228 4610 2419 4679 prior,
2466 4610 2689 4674 durior;
2740 4609 3010 4678 posterior
3060 4606 3458 4663 interveniente

1868 4701 2237 4758 misericordia
2276 4701 2588 4759 inclinatior
2616 4709 2701 4755 est
2730 4718 2743 4754 :
2786 4716 2911 4755 nam
2944 4684 3281 4754 consuetudo
3307 4697 3456 4768 prior

1868 4795 2061 4863 tenuit,
2091 4804 2149 4849 ut
2174 4796 2565 4850 conceJeretur
2594 4796 2673 4849 eis
2712 4794 3054 4864 pmnitentia,
3086 4792 3181 4847 sed
3212 4806 3458 4846 commu-

1867 4890 1956 4945 nio
1980 4899 2298 4957 negaretur;
2328 4906 2451 4945 nam
2477 4905 2597 4945 cum
2621 4891 2727 4946 illis
2753 4891 3088 4961 temporibus
3109 4888 3315 4944 crebra:
3340 4903 3459 4956 per-

1866 4981 2171 5034 secutiones
2198 4990 2395 5044 essent,
2419 4996 2487 5035 ne
2512 4982 2910 5036 communionis
2934 4996 3197 5036 concessa
3227 4978 3455 5033 facilitas

1868 5072 2119 5126 homines
2143 5072 2210 5126 de
2240 5073 2682 5128 reconciliatione
2723 5088 2950 5128 securos
2980 5088 3087 5127 non
3118 5081 3401 5127 revocaret
3427 5089 3455 5125 a

1869 5163 2041 5233 lapsu,
2074 5165 2270 5219 merito
2301 5174 2494 5234 negata
2522 5165 2834 5221 communio
2864 5173 2968 5228 est,
2993 5180 3250 5220 concessa
3282 5165 3457 5233 paeni-

1870 5257 2032 5310 tentia
2067 5274 2078 5309 :
2114 5272 2181 5311 ne
2214 5267 2383 5312 totum
2413 5258 2624 5326 penitus
2651 5266 2961 5327 negaretur,
2985 5266 3041 5312 et
3069 5256 3341 5313 duriorem
3371 5272 3457 5310 re-

1870 5346 2178 5404 missionem
2214 5346 2335 5403 iecit
2370 5348 2630 5416 temporis
2662 5350 2823 5404 ratio.
2859 5349 2966 5404 Sed
3009 5359 3295 5418 postquam
3348 5348 3455 5404 Do-

1872 5436 2049 5491 minus
2079 5445 2264 5491 noster
2293 5452 2484 5506 pacem
2514 5435 2769 5493 Ecclesiis
2799 5438 2911 5492 suis
2942 5438 3190 5501 reddidit,
3213 5438 3325 5506 jam
3354 5449 3459 5493 ter-

1871 5544 1997 5582 rure
2027 5527 2256 5599 depulso
2286 5530 2722 5584 communionem
2749 5530 2865 5584 dari
2887 5531 3209 5586 abeuntibus
3236 5531 3458 5601 placuit,

1874 5631 1926 5674 et
1972 5630 2191 5689 propter
2239 5619 2449 5675 Domini
2501 5621 2949 5688 miscricordiam,
2994 5622 3149 5691 quasi
3202 5622 3454 5676 viaticum

1874 5714 2213 5783 proiecturis,
2266 5721 2317 5766 ct
2367 5728 2431 5768 ne
2458 5713 2737 5768 Novatiani
2784 5713 3023 5772 It.ct'elici
3071 5714 3318 5782 negantis
3363 5729 3456 5767 vc-
