4204 6626
808 502 915 559 915

1943 498 2275 556 CIIISCONII
2322 494 2646 554 AFRICANI
2688 497 2991 553 EI’ISEIH’I
3965 496 4055 549 9η

808 622 976 684 niam,
1024 620 1369 688 asperitatem
1409 627 1463 673 et
1490 619 1743 681 duritiam
1785 618 2036 686 subsequi
2077 617 2376 672 videamur.
2408 617 2458 673 Δ
2484 612 2729 688 CCXXII.
2784 610 2934 676 Quod
2961 629 3063 688 pro
3097 612 3362 688 conjuguf'i
3416 610 3606 688 (ledere
3654 619 3760 688 tam
3788 611 3893 664 uiro
3919 626 4053 678 quam

808 716 1097 771 'friburtur
1125 730 1254 783 ergo
1283 730 1404 769 eum
1437 714 1747 783 pmniteutia
1778 723 2019 767 extrema
2054 712 2386 776 communio,

810 820 868 862 ut
899 810 1142 863 homines
1171 805 1494 875 hujusmodi,
1521 806 1606 860 vel
1631 806 1684 860 in
1711 804 1973 873 supremis
1999 804 2137 867 suis,
2171 803 2390 871 pennit-

809 912 961 958 teute
990 901 1270 957 Salvatarc
1309 909 1516 966 nostro,
1549 915 1577 953 a
1619 908 1879 971 perpetuo
1909 898 2079 954 exitio
2116 897 2396 951 vindicen-

811 1004 919 1050 ιιιτ.

880 1085 966 1138 Ea:
997 1086 1210 1138 decretis
1260 1099 1412 1153 papa:
1461 1083 1738 1146 Calatini,
1791 1083 1867 1134 tit.
1919 1079 2009 1133 I5.
2050 1079 2388 1147 Agnovimns

808 1178 951 1230 σ-ηἱιιι
984 1175 1353 1244 pmnitentiam
1381 1173 1732 1228 morientibus
1752 1171 2032 1239 denegari,
2058 1185 2156 1225 nec
2177 1170 2390 1223 illorum

807 1270 1092 1324 desideriis
1118 1269 1305 1335 annui,
1334 1268 1422 1334 qui
1458 1268 1642 1321 obitus
1670 1266 1753 1321 sui
1786 1275 2029 1335 tempore
2059 1265 2173 1317 hate
2199 1264 2394 1316 anima:

810 1376 923 1413 sine
953 1360 1176 1428 cupiunt
1225 1358 1461 1412 remedia
1491 1358 1764 1412 subveniri
1794 1376 1807 1410 :
1842 1358 2128 1411 horremus
2171 1356 2391 1424 (lateor)

814 1462 976 1505 tanta:
1009 1450 1299 1520 impietatis
1336 1449 1572 1518 aliquem
1605 1449 1849 1518 reperiri,
1883 1457 1940 1502 ut
1968 1447 2037 1502 de
2070 1448 2162 1502 Dei
2192 1448 2394 1517 pietate

808 1545 1079 1612 desperet,
1126 1543 1277 1610 quasi
1328 1559 1435 1596 non
1484 1542 1655 1611 possit
1698 1540 1766 1594 ad
1806 1556 1866 1596 se
1912 1541 2103 1609 quovis
2149 1548 2394 1609 tempore

809 1635 1156 1689 concurrcnti
1234 1648 1586 1697 succurrere,
1675 1641 1732 1687 et
1812 1633 2203 1701 peielitanlem
2292 1631 2394 1684 sub

806 1741 979 1781 onere
1028 1735 1371 1794 peccatorum
1402 1725 1681 1778 hominem
1737 1724 1984 1794 perdere,
2032 1738 2141 1792 quo
2198 1737 2258 1777 se
2301 1723 2390 1777 ille

807 1816 1065 1886 expedire
1104 1816 1394 1880 desiderat,
1425 1825 1482 1871 et
1511 1816 1744 1870 liberari.
1778 1816 1916 1882 Quid
1952 1817 2054 1870 hoc
2083 1828 2218 1884 rogo
2251 1813 2394 1867 aliud

808 1918 895 1963 est
919 1923 1077 1977 quam
1108 1908 1360 1961 morienti
1392 1918 1621 1961 mortem
1651 1907 1867 1970 addere,
1901 1906 2124 1973 ejusque
2156 1905 2390 1958 animam

807 2015 906 2054 sua
952 1999 1291 2064 crudelitate,
1344 2013 1412 2053 ne
1453 1997 1698 2052 absoluta
1740 2011 1857 2051 esse
1898 1996 2089 2064 possit,
2120 1996 2390 2061 occidere,

809 2107 933 2147 cum
959 2091 1101 2145 Deus
1130 2091 1195 2144 ad
1220 2088 1640 2144 subveniendum
1663 2089 2051 2157 paratissimus,
2077 2087 2308 2141 invitatis
2330 2086 2396 2139 ad

808 2182 1205 2257 pmiiitcntiam,
1228 2182 1305 2235 sic
1331 2182 1604 2250 promittat
1627 2181 1920 2249 peceatori,
1944 2179 2192 2247 inquiens
2215 2192 2229 2232 :
2255 2179 2398 2245 Qua-

815 2286 1033 2341 cunque
1074 2270 1162 2324 die
1190 2283 1490 2329 conversus
1520 2270 1697 2335 fuerit,
1739 2278 1960 2338 peccata
1998 2268 2115 2336 ejus
2158 2284 2266 2323 non
2312 2284 2399 2322 re-

809 2363 1146 2433 putabuntur
1172 2362 1251 2421 ci;
1278 2369 1331 2414 et
1364 2362 1557 2416 iterum
1589 2379 1604 2415 :
1639 2361 1772 2415 Nolo
1811 2369 2039 2416 mortem
2069 2360 2395 2429 peccatoris,

812 2454 909 2508 sed
941 2463 1147 2507 tantum
1179 2462 1550 2516 convertatur,
1582 2462 1637 2506 et
1667 2454 1829 2506 vivat.
1861 2453 2100 2507 Salutem
2127 2468 2257 2521 ergo
2298 2454 2400 2507 bo-

811 2545 940 2599 mini
970 2545 1157 2598 adimit
1198 2545 1441 2613 quisquis
1488 2544 1677 2598 mortis
1725 2552 1969 2613 tempore
2022 2545 2396 2614 pmnitentiam

810 2634 1092 2703 denegarit
1114 2651 1129 2699 ;
1152 2643 1208 2689 et
1229 2634 1481 2704 desperat
1508 2634 1575 2689 de
1603 2635 1887 2690 clementia
1918 2634 2034 2702 Dei,
2062 2635 2154 2704 qui
2176 2651 2299 2691 eum
2327 2636 2395 2690 ad

810 2726 1237 2781 subveniendum
1260 2727 1510 2781 morienti
1537 2726 1785 2781 sullicere
1812 2727 1897 2781 vel
1926 2735 2203 2782 momento
2233 2741 2400 2797 posse

810 2831 921 2869 non
951 2814 1138 2870 credit.
1172 2814 1505 2871 Perdidisset
1547 2817 1686 2870 latro
1716 2818 1768 2870 in
1799 2833 1962 2872 cruce
1998 2818 2298 2886 praemium,
2330 2819 2398 2873 ad

809 2904 1010 2959 Christi
1040 2906 1318 2962 dexteram
1352 2907 1610 2977 pendens,
1636 2910 1681 2964 si
1710 2908 1858 2962 illum
1903 2908 2065 2963 unius
2095 2909 2242 2963 hora:
2280 2924 2400 2979 pa:-

810 2999 1032 3052 nitentia
1063 3014 1170 3052 non
1194 2999 1455 3068 juvisset;
1486 3015 1606 3054 cum
1636 3009 1778 3055 esset
1824 3001 1874 3054 in
1920 3016 2078 3070 paena
2121 3003 2395 3071 pmoituit,

810 3098 867 3145 et
913 3104 1008 3159 per
1054 3090 1213 3145 unius
1257 3091 1523 3146 sermonis
1567 3090 1983 3160 promissionem
2032 3092 2397 3149 habitaculum

808 3180 1046 3251 paradisi
1077 3181 1190 3237 Deo
1231 3182 1585 3252 promittente
1634 3183 1952 3251 promeruit.
1982 3182 2121 3238 Vera
2152 3200 2284 3254 ergo
2328 3187 2397 3241 ad

809 3270 981 3325 Deum
1031 3272 1316 3333 conversio
1360 3273 1411 3326 in
1440 3272 1641 3327 ultimis
1669 3273 1968 3343 positorum
2010 3285 2192 3331 mente
2216 3278 2396 3347 potius

810 3372 896 3419 est
938 3362 1253 3419 mstimanda
1293 3379 1455 3434 quam
1502 3372 1766 3435 tempore,
1800 3367 2067 3437 propheta
2089 3368 2195 3424 hoc
2217 3370 2397 3425 taliter

809 3463 1088 3509 asserente
1117 3472 1132 3509 :
1162 3453 1299 3509 Cum
1340 3471 1634 3511 conversus
1670 3458 2018 3527 ingemueris,
2055 3468 2185 3516 tunc
2213 3461 2396 3518 salvus

807 3550 936 3604 eris.
968 3549 1102 3605 Cum
1129 3564 1259 3620 ergo
1289 3551 1535 3606 Christus
1572 3552 1641 3606 sit
1666 3552 1845 3607 cordis
1884 3552 2181 3623 inspector,
2212 3556 2394 3625 quoli-

809 3647 905 3701 bet
933 3654 1177 3715 tempore
1223 3654 1444 3701 nonest
1485 3646 1798 3715 deneganda
1850 3649 2163 3717 pmnitentia
2207 3659 2397 3719 postu-

814 3737 970 3801 lanti,
1000 3752 1121 3791 cum
1162 3736 1235 3790 illi
1274 3751 1333 3791 se
1361 3736 1562 3805 obliget
1592 3737 1783 3804 judici,
1823 3739 1907 3792 eui
1954 3739 2165 3794 occulta
2212 3742 2392 3793 omnia

813 3830 1028 3882 noverit
1055 3827 1306 3882 revelari.

884 3921 960 3974 Ea
989 3922 1204 3974 decretis
1235 3937 1386 3990 pupa'
1421 3921 1626 3984 Leonis,
1675 3922 1755 3973 tit.
1784 3919 1876 3972 2|.
1935 3920 2012 3975 De
2041 3934 2120 3975 ms
2169 3939 2255 3992 qni
2288 3939 2395 3991 pte-

807 4013 1082 4066 nitentiam
1128 4027 1280 4080 agere
1329 4011 1598 4078 differunt.
1660 4010 2028 4065 Dissimulatio
2070 4012 2185 4066 haec
2216 4020 2396 4080 potest

808 4120 916 4159 non
946 4103 1012 4157 de
1040 4109 1354 4171 contemptu
1383 4115 1506 4155 esse
1528 4101 1773 4166 remedii,
1795 4102 1890 4155 sed
1918 4102 1985 4155 de
2007 4110 2152 4156 metu
2179 4102 2396 4170 gravius

807 4193 1177 4263 delinqurudi.
1231 4189 1382 4247 Unde
1410 4191 1724 4261 paenitentia
1753 4205 1875 4259 qua:
1907 4191 2072 4245 dilata
2120 4202 2228 4258 est,
2271 4207 2395 4247 eum

807 4287 1103 4342 studiosius
1132 4286 1296 4354 petita
1319 4284 1500 4348 fuerit,
1520 4298 1627 4337 non
1649 4293 1897 4351 negetur,
1925 4291 1986 4337 ut
2011 4284 2398 4354 quoquomodo

810 4394 842 4432 a
865 4384 877 4429 ι
902 4377 1246 4444 indulgentia:
1265 4375 1585 4432 medicinam
1599 4375 1779 4429 anima
1796 4374 2072 4429 vulnerata
2090 4375 2394 4444 perveniat.

812 4511 1042 4566 CCXXI.
1091 4510 1168 4562 De
1211 4507 1747 4563 administrationibus
1797 4507 2128 4562 saecularium
2162 4509 2398 4576 judicio-

1498 4596 1633 4631 rum.

886 4694 970 4747 Ita:
998 4710 1137 4746 aecr.
1190 4707 1341 4761 papae
1386 4692 1700 4755 Innocentii,
1733 4692 1811 4742 tit.
1845 4689 1933 4744 25.
1988 4689 2282 4755 ρυίεείσυῐη
2314 4700 2398 4745 est

814 4786 978 4839 etiam
1007 4799 1167 4851 super
1197 4783 1280 4836 his
1320 4782 1409 4850 qui
1461 4790 1584 4851 post
1611 4781 1934 4850 baptismum
1986 4782 2401 4837 administrave-

815 4885 963 4944 runt,
1012 4885 1106 4930 aut
1153 4883 1422 4929 tormenta
1469 4874 1585 4928 sola
1636 4886 2033 4940 exercuerunt,
2090 4885 2185 4930 aut
2237 4878 2398 4930 etiam

813 4968 1100 5039 capitalem
1132 4965 1409 5036 protulere
1430 4965 1754 5020 sententiam
1787 4983 1800 5018 :
1833 4965 1899 5019 de
1917 4964 2000 5020 his
2023 4965 2153 5020 nihil
2175 4967 2401 5036 legimus

813 5077 846 5114 ει
893 5058 1185 5128 majoribus
1241 5056 1538 5111 deliuitum.
1593 5055 1952 5109 Meminerant
2000 5057 2145 5111 enim
2194 5073 2224 5112 a
2287 5058 2400 5113 Deo

813 5158 1113 5218 potestates
1144 5149 1238 5201 has
1261 5147 1424 5202 fuisse
1450 5161 1755 5212 concessas,
1783 5155 1839 5202 et
1860 5157 2081 5218 propter
2108 5150 2398 5205 vindictam

815 5240 1099 5295 noxiorum
1113 5237 1346 5306 gladium
1369 5237 1533 5293 fuisse
1546 5240 1887 5308 permissum,
1912 5249 1967 5294 et
1986 5240 2079 5295 Dei
2098 5241 2398 5297 ministrum

816 5347 937 5387 esse
963 5330 1143 5384 datum
1172 5330 1225 5383 in
1270 5328 1575 5398 hujusmodi
1605 5329 1898 5384 vindicem.
1931 5330 2215 5397 Quomodo
2243 5333 2402 5399 igitur

815 5422 1280 5493 reprehenderent
1323 5420 1540 5485 factum,
1589 5422 1732 5491 quod
1760 5430 1979 5476 auctore
2020 5422 2130 5476 Deo
2161 5422 2404 5477 viderent

816 5529 938 5568 esse
967 5513 1329 5566 concessum?
1359 5513 1432 5565 lie
1458 5513 1540 5565 his
1566 5524 1725 5581 ergo;
1751 5522 1810 5565 ut
1842 5513 2101 5566 hactenus
2129 5523 2399 5567 servatum

819 5611 925 5668 est,
956 5604 1035 5657 sic
1053 5603 1369 5670 habeamus,
1416 5619 1481 5657 ne
1510 5612 1603 5658 aut
1630 5603 1964 5672 disciplinam
1995 5613 2259 5669 evertere,
2312 5614 2404 5658 aut

821 5709 1011 5755 contra
1039 5701 1414 5754 auctoritatem
1463 5700 1673 5755 Domini
1719 5699 1905 5754 venire
1947 5700 2241 5754 videamur.
2272 5699 2405 5770 Ipsis

821 5798 999 5843 autem
1029 5790 1082 5845 in
1128 5790 1335 5845 ratione
1364 5790 1633 5847 reddenda
1666 5800 1813 5860 gesta
1866 5805 1962 5847 sua
2011 5792 2189 5846 omnia
2216 5807 2401 5849 scrva-

823 5882 1036 5937 httittttr.

2428 4605 2480 4664 D

2567 687 2669 754 {ein
2692 700 2772 737 na:
2802 700 2903 736 non
2952 683 3047 735 lice
3084 692 3101 734 ι
3131 684 3184 734 in
3212 682 3519 754 adulterium
3569 681 3846 754 declinare,
3885 696 3972 749 pro
4004 694 4054 731 ro

2567 752 2703 823 quod
2731 754 2826 806 sibi
2855 755 2909 806 in
2932 755 3023 806 lioc
3051 754 3161 815 ipso
3187 769 3328 822 que
3357 753 3612 806 debitores
3632 752 3878 805 existunt.

2570 867 2654 920 EI
2674 868 2891 921 decretis
2920 884 3069 936 papa:
3095 864 3412 933 Innocentii,
3441 867 3523 921 tit.
3558 864 3647 919 ‘24.
3680 864 3749 919 Et
3776 863 3904 919 illud
3930 864 4057 922 desi-

2496 957 2742 1013 deratum
2792 966 2875 1011 est
2930 958 3090 1022 sciri,
3136 972 3234 1011 cur
3295 955 3759 1010 communicantes
3801 954 3902 1009 viri
3951 971 4057 1011 cum

2496 1050 2753 1104 adulta-ris
2820 1049 3079 1103 uxoribus
3126 1065 3232 1103 non
3295 1050 3657 1113 conveniant,
3712 1064 3847 1117 cum
3890 1058 4059 1105 contra

2496 1156 2695 1196 uxores
2746 1142 2799 1195 in
2847 1142 3120 1196 consortio
3167 1139 3533 1195 adulterorum
3578 1141 3817 1196 virorum
3857 1156 4061 1198 manere

2495 1232 2814 1285 videantur?
2864 1234 3039 1298 Super
3105 1230 3207 1285 hoc
3253 1230 3553 1286 Christiana
3612 1230 3800 1299 religio
3868 1231 4059 1287 adulte-

2497 1322 2632 1374 rium
2666 1322 2716 1375 in
2760 1329 2990 1389 utroque
3035 1335 3167 1375 sexu
3207 1321 3320 1392 pari
3352 1321 3560 1376 ratione
3600 1321 3953 1388 condemnat;
3979 1324 4062 1379 sed

2496 1416 2643 1470 viros
2669 1432 2795 1471 suos
2840 1416 3093 1470 mulieres
3135 1431 3242 1470 non
3296 1415 3453 1471 facile
3497 1415 3566 1470 de
3610 1415 3878 1470 adulterio
3918 1430 4059 1471 accu-

2497 1514 2637 1571 sant,
2667 1516 2720 1561 et
2751 1523 2859 1561 non
2890 1507 3091 1561 habent
3117 1506 3336 1560 latentia
3367 1516 3587 1576 peccata
3619 1506 3911 1561 vindictam
3937 1525 3948 1559 :
3971 1507 4063 1562 viri

2497 1608 2679 1653 autem
2737 1600 2957 1653 liberius
3004 1613 3201 1654 uxores
3250 1599 3522 1654 adulteras
3575 1601 3719 1670 apud
3771 1599 4063 1655 sacerdotes

2499 1690 2709 1745 deferre
2741 1700 3173 1757 consueverunt;
3225 1698 3281 1744 et
3328 1691 3448 1745 ideo
3502 1691 3817 1746 mulieribus
3870 1690 4064 1761 prodito

2499 1798 2682 1835 earum
2715 1782 2940 1836 crimine
2969 1782 3279 1835 communio
3310 1781 3624 1850 denegatur,
3644 1784 3885 1836 virorum
3904 1791 4067 1837 autem

2500 1872 2700 1925 latente
2728 1872 3040 1939 commisso,
3087 1887 3191 1924 non
3223 1870 3379 1925 facile
3403 1873 3685 1938 quisquam
3715 1887 3783 1925 ex
3814 1872 4068 1941 suspicio-

2426 1962 2653 2033 Bnibus
2702 1961 3023 2023 abstinetur,
3075 1976 3108 2029 q
3138 1961 3168 2015 -i
3219 1961 3403 2029 utique
3449 1960 3819 2028 submovetur,
3873 1962 3915 2016 si
3964 1961 4070 2029 ejus

2498 2053 2751 2120 flagitium
2784 2053 3086 2120 delegatur.
3140 2051 3274 2107 Cum
3305 2066 3433 2121 ergo
3462 2067 3558 2122 par
3584 2068 3751 2108 causa
3795 2053 3890 2120 sit,
3920 2054 4072 2108 inter—

2496 2147 2622 2201 dum
2653 2146 2973 2215 probatione
3000 2156 3248 2202 cessante
3274 2147 3521 2202 vindich
3549 2149 3691 2202 ratio
3717 2149 4067 2218 conquiescit.

2498 2279 2770 2334 CCXXIII.
2805 2281 2954 2347 Quod
2983 2281 3036 2333 lii
3065 2282 3353 2362 qnipreces
3380 2282 3690 2362 .criminala's
3718 2281 3938 2346 dictant,
3966 2285 4070 2337 εἶπε

3097 2361 3312 2405 crimine
3345 2361 3471 2406 sint.

2572 2486 2652 2540 [ἐκ
2676 2486 2894 2539 decretis
2920 2501 3071 2555 papa:
3098 2483 3408 2551 Innocentii,
3438 2486 3575 2540 titul.
3604 2484 3697 2541 9.5.
3727 2485 3864 2540 Illud
3916 2486 4072 2541 etiam

2499 2576 2759 2631 sciscitari
2815 2575 3069 2640 voluisti,
3117 2589 3184 2629 an
3238 2590 3425 2645 preces
3473 2575 3804 2630 dictantibus
3860 2576 4076 2633 liberum

2498 2665 2846 2732 concedatur,
2874 2667 3059 2736 utique
3089 2675 3211 2737 post
3240 2667 3493 2737 baptismi
3524 2669 4014 2737 regenerationem,
4044 2686 4073 2725 a

2499 2758 2831 2829 principibus
2859 2773 3083 2829 poscere
3107 2767 3337 2813 mortem
3358 2758 3584 2827 alicujus
3625 2758 3714 2814 vel
3742 2760 4053 2828 sanguinem

2498 2849 2565 2903 de
2585 2847 2774 2903 reatu?
2802 2849 2971 2914 Quam
3007 2863 3121 2903 rem
3163 2849 3431 2919 principes
3460 2864 3735 2919 nunquam
3758 2850 3878 2905 sine
3900 2853 4077 2919 cogni-

2503 2939 2648 2994 tione
2682 2938 3007 3005 concedunt,
3039 2939 3133 2995 sed
3179 2939 3246 2993 ad
3282 2937 3489 3007 judices
3516 2941 3803 2995 commissa
3834 2940 3970 3013 ipsa,
4001 2944 4077 2998 vel

2499 3030 2724 3086 crimina
2787 3045 3002 3100 semper
3047 3030 3345 3095 remittunt,
3394 3040 3454 3084 ut
3481 3046 3641 3086 causa
3671 3034 3890 3101 cognita
3917 3035 4079 3089 vindi-

2500 3129 2690 3175 centur
2715 3138 2727 3173 :
2756 3135 2876 3189 qua:
2895 3134 3017 3174 cum
3040 3110 3308 3188 qumsitori
3340 3119 3539 3176 fuerint
3565 3120 3837 3191 delegata,
3866 3134 3958 3179 aut
3987 3127 4076 3179 ab-

2500 3213 2719 3279 solutio,
2740 3221 2835 3267 aut
2864 3211 3141 3267 damnatio
3164 3228 3263 3282 pro
3284 3213 3484 3282 negotii
3510 3213 3770 3285 qualitate
3799 3218 4082 3286 profertur,

2424 3325 2471 3389 ο
2500 3311 2555 3358 et
2576 3302 2698 3359 dum
2729 3303 2904 3372 legum
2932 3302 2986 3357 in
3015 3302 3290 3373 improbos
3314 3313 3599 3361 exercetur
3634 3309 3951 3378 auctoritas,
3981 3313 4080 3367 erit

2502 3393 2733 3448 dictator
2763 3394 3032 3449 immunis.

2501 3521 2774 3581 CCXXIV.
2810 3524 2961 3602 Quod
2979 3526 3265 3602 non_lice_at
3284 3527 3365 3581 Itis
3383 3531 3470 3596 qui
3496 3530 3854 3584 intercedente
3876 3534 4085 3602 repudia

2505 3614 2537 3650 a
2566 3613 2618 3651 se
2645 3597 2898 3667 segregati
2920 3606 3062 3663 sunt,
3088 3596 3145 3651 in
3166 3598 3329 3651 aliam
3361 3602 3601 3669 copulam
3620 3596 3965 3671 pertransiré.

2576 3723 2665 3778 Ea:
2687 3724 2904 3778 decretis
2932 3741 3083 3794 papa:
3120 3723 3436 3793 Innocentii,
3468 3728 3548 3782 tit.
3572 3726 3662 3783 26.
3706 3728 3787 3785 De
3811 3730 3896 3786 bis
3925 3732 4086 3787 etiam

2498 3818 2781 3887 requisivit
2808 3817 3032 3872 dilectio
3064 3824 3179 3884 tua,
3207 3818 3300 3886 qui
3330 3818 3723 3877 interveniente
3747 3824 3977 3893 repudio
4004 3826 4091 3880 alii

2497 3924 2558 3964 se
2601 3910 2950 3963 matrimonio
2988 3909 3333 3978 copularunt,
3389 3925 3526 3980 quos
3572 3913 3626 3966 in
3655 3922 3893 3983 utraque
3940 3926 4094 3985 parte

2495 4000 2771 4055 adulteros
2798 4013 2920 4054 esse
2964 4001 3305 4055 manifestum
3335 4009 3438 4057 est.
3487 4003 3591 4070 Qui
3645 4020 3779 4061 vero
3806 4009 3895 4063 vel
3918 4024 4091 4064 uxore

2496 4096 2728 4156 vivente,
2759 4092 3005 4161 quamvis
3048 4092 3395 4147 dissociatum
3443 4095 3687 4150 videatur
3712 4112 3837 4152 esse
3890 4101 4093 4170 conju-

2496 4182 2664 4251 gium,
2694 4181 2762 4235 ad
2799 4181 2958 4235 aliam
2992 4182 3239 4251 copulam
3270 4182 3613 4252 festinarunt,
3653 4201 3831 4256 neque
3862 4199 4096 4257 possunt

2496 4272 2725 4326 adulteri
2766 4287 2873 4326 non
2902 4273 3095 4341 videri,
3118 4274 3172 4328 in
3201 4282 3408 4330 tantum
3445 4283 3506 4331 ut
3529 4277 3692 4332 etiam
3724 4280 3806 4333 ba:
3842 4295 4095 4350 persona:

2496 4363 2691 4430 quibus
2728 4363 2864 4417 tales
2890 4364 3161 4431 conjuncti
3212 4374 3359 4430 sunt,
3389 4366 3553 4421 etiam
3583 4368 3713 4437 ipsa:
3762 4369 4097 4426 adulterium

2499 4453 2834 4507 commisisse
2855 4452 3158 4519 videantur,
3190 4456 3484 4510 secundum
3523 4457 3654 4512 illud
3679 4459 3824 4529 quod
3857 4460 4093 4530 legimus

2502 4545 2555 4597 in
2589 4544 2875 4612 Evangelio
2910 4562 2921 4596 :
2958 4543 3059 4610 Qui
3081 4545 3346 4600 dimiserit
3377 4562 3602 4603 uxorem
3629 4564 3803 4615 suam,
3837 4560 3897 4605 et
3921 4552 4097 4607 duxe-

2505 4636 2576 4690 rit
2628 4636 2827 4700 aliam,
2874 4636 3203 4702 mter-batur;
3255 4637 3500 4693 similiter
3560 4648 3616 4694 et
3661 4641 3753 4709 qui
3808 4641 4099 4697 dimissam

2503 4727 2737 4792 duxerit,
2769 4726 3085 4781 tizmchattir.
3128 4726 3191 4781 Et
3241 4728 3362 4784 ideo
3407 4745 3595 4787 omnes
3647 4745 3679 4785 a
3705 4736 4105 4790 communione

2506 4819 2742 4874 fidelium
2760 4819 3124 4874 abstinendus.
3142 4819 3214 4873 De
3230 4822 3541 4888 parentibus
3554 4834 3858 4888 autem,aut
3873 4827 4108 4895 propin-

2503 4912 2623 4980 quis
2652 4928 2838 4966 eorum
2870 4912 3000 4966 nihil
3026 4914 3134 4966 tale
3154 4914 3319 4967 statui
3347 4924 3545 4983 potest,
3568 4916 3670 4971 nisi
3694 4919 3738 4972 si
3770 4918 4098 4975 incentores

2504 5004 2673 5057 illiciti
2704 5004 2962 5059 consortii
2992 5003 3153 5058 fuisse
3179 5004 3514 5074 detegantur.

2502 5131 2757 5188 CCXXV.
2810 5134 2961 5198 Quod
3011 5137 3063 5213 si
3105 5138 3220 5213 quis
3259 5148 3465 5213 partem
3515 5138 3612 5194 sibi
3661 5146 3897 5213 corporis
3924 5148 4110 5202 volens

2746 5216 3033 5274 amputare:
3046 5207 3111 5275 it,
3145 5210 3363 5261 clericus
3389 5225 3500 5264 esse
3531 5228 3634 5265 non
3663 5207 3850 5282 possit.

2579 5342 2661 5396 Ex
2688 5343 2903 5398 decretis
2953 5362 3103 5416 papa:
3154 5346 3467 5416 Innocentii,
3522 5352 3602 5406 tit.
3659 5351 3749 5408 28.
3802 5355 3910 5422 Qui
3945 5357 4115 5425 igitur

2506 5444 2712 5504 partem
2736 5434 3029 5505 cujuslibet
3077 5438 3228 5507 digiti
3276 5440 3392 5511 ipse
3433 5443 3618 5499 volens
3666 5445 3925 5512 abscidit,
3965 5448 4117 5504 hunc

2505 5523 2571 5576 ad
2602 5522 2801 5578 clerum
2846 5540 3082 5581 canones
3122 5544 3229 5583 non
3278 5530 3615 5590 admittunt:
3649 5536 3738 5590 cui
3783 5552 3924 5593 vero
3983 5553 4117 5592 casu

2507 5614 2689 5683 aliquo
2717 5616 2964 5685 contigit,
2997 5618 3121 5673 dum
3145 5630 3238 5675 aut
3265 5624 3418 5692 operi
3448 5625 3653 5682 rustico
3675 5642 3863 5685 curam
3896 5630 4123 5701 impen-

2505 5703 2602 5767 dit,
2635 5713 2727 5771 aut
2754 5705 2954 5774 aliquid
2987 5707 3187 5764 faciens
3210 5725 3271 5765 se
3300 5727 3406 5767 non
3437 5724 3630 5784 sponte
3661 5719 3979 5787 percussit;
4013 5720 4113 5772 hos

2507 5810 2743 5851 canones
2772 5799 3086 5868 praecipiunt
3112 5811 3167 5856 ct
3212 5802 3438 5860 clericos
3492 5806 3626 5875 lieri,
3683 5819 3735 5863 et
3762 5810 3808 5865 si
3856 5810 3918 5864 in
3958 5811 4119 5863 tlern

2512 5890 2703 5943 fuerint
2755 5894 2997 5962 reperti,
3033 5910 3137 5949 non
3192 5895 3371 5966 abjici.
3423 5898 3480 5954 In
3512 5899 3604 5957 illo
3638 5901 3782 5956 enim
3833 5904 4123 5960 voluntas
