4204 6540
156 440 246 498 917

1354 433 1779 488 ιιηιενιΑιυυΜ
1824 433 2162 491 CANUNICU
2177 434 2245 489 Μ.

3329 436 3437 493 918

158 550 479 621 estjudicata
512 564 631 619 quae
666 548 765 602 sibi
796 560 922 600 ausa
957 544 1051 598 fuit
1088 545 1284 599 ferrum
1318 545 1557 613 injicere,
1590 549 1733 615 quod
1767 552 1817 609 Α
1847 546 2140 600 necessitas
2174 546 2370 609 intulit,
2406 554 2459 599 ct
2487 544 2877 600 restituendum
2908 547 3051 614 quod
3079 547 3205 602 lidcs
3238 552 3432 619 poscit.

158 644 351 698 scilicet
373 649 427 695 et
450 640 542 694 alii
572 640 623 694 id
653 640 828 692 facere
857 636 1103 691 dubitare
1132 651 1240 690 non
1267 636 1469 705 possit;
1517 637 1569 690 in
1627 638 1745 693 istis

161 750 276 790 vero
300 746 458 786 casus
481 731 695 786 veniam
725 730 943 784 meruit.

160 866 422 923 CCXXVI.
464 865 525 919 Si
544 864 689 933 cujus
720 880 853 916 uxor
879 862 1098 915 abducta
1120 865 1172 915 in
1192 865 1537 930 captivitate»:
1563 865 1738 931 fuerit,

255 938 517 992 tollerem
564 936 719 987 marit
758 934 912 1004 scjus
944 936 1219 999 acceperit,
1254 945 1531 987 reverten'e
1571 935 1739 1003 prima

251 1008 450 1063 ecunda
498 1006 826 1059 excludatur.
876 1004 1043 1066 Quum
1098 1005 1487 1069 dispositionem
1518 1007 1570 1057 in
1627 1021 1743 1057 ntu-

226 1082 346 1135 liere
374 1094 595 1147 quoque.
630 1079 672 1128 si
697 1076 856 1147 illium
886 1078 1051 1128 rirum
1080 1076 1247 1143 primo
1287 1075 1564 1128 desistente
1602 1092 1746 1128 acce-

224 1151 372 1221 perit,
389 1145 638 1201 convenit
669 1145 949 1199 observari.

227 1278 306 1334 Ex
332 1279 555 1333 decretis
602 1292 750 1346 papa:
796 1277 1109 1340 lnnocmtii,
1142 1277 1222 1330 tit.
1273 1276 1357 1330 57.
1400 1275 1746 1332 Innocentius

164 1371 350 1425 Probo.
406 1368 766 1424 Couturbatio
837 1368 1086 1435 procellae
1139 1368 1439 1422 barbaricae
1505 1370 1747 1422 facultati

165 1466 330 1530 legum
363 1460 546 1515 intulit
573 1475 778 1527 casum,
806 1474 927 1511 nam
962 1458 1098 1512 bene
1125 1459 1420 1513 constituto
1470 1462 1748 1513 matrimo-

166 1558 247 1611 nio
279 1556 421 1609 inter
463 1554 781 1609 Fortuuium
813 1559 869 1605 et
905 1550 1091 1605 Ursam
1123 1550 1449 1617 captivitatis
1501 1553 1747 1607 incursus

165 1649 360 1702 iecerat
388 1660 625 1711 naevum,
667 1644 770 1697 nisi
800 1652 985 1699 sancta
1016 1643 1295 1709 religionis
1327 1650 1526 1696 statuta
1562 1644 1747 1712 provi-

164 1740 365 1794 derent.
419 1736 555 1792 Cum
628 1736 772 1790 enim
830 1736 881 1788 in
929 1735 1242 1803 captivitate
1306 1734 1558 1803 prmalicta
1616 1732 1748 1788 Ursa

164 1830 349 1883 mulier
403 1836 700 1889 teneretur,
756 1825 898 1879 aliud
946 1825 1251 1893 conjugium
1300 1840 1421 1879 cum
1478 1824 1744 1878 Restituta

164 1920 445 1975 Fortunius
475 1928 807 1973 memoratus
837 1916 1020 1970 iniisse
1042 1917 1386 1983 cognoscitur
1406 1934 1419 1980 ;
1439 1915 1531 1968 sed
1564 1916 1747 1969 favore
1785 1901 1822 1957 Β
1853 1942 2081 1998 CCXXV

166 2010 372 2065 Domini
418 2022 639 2063 reversa
690 2008 823 2062 Ursa
878 2022 975 2059 nos
1003 2007 1152 2071 adiit,
1184 2014 1238 2059 et
1267 2006 1415 2059 nullo
1464 2004 1744 2069 difliteute,

165 2118 378 2157 uxorem
408 2116 470 2156 se
500 2099 785 2155 memorati
818 2113 939 2152 esse
973 2098 1270 2163 perdocuit.
1304 2102 1498 2161 Quare,
1530 2098 1749 2151 domine

165 2192 256 2255 lili,
278 2193 476 2247 merito
504 2190 746 2252 illustris,
781 2189 1086 2254 statuimus,
1116 2187 1222 2241 lide
1265 2186 1527 2242 catholica
1559 2188 1750 2241 sulira-

163 2292 337 2351 gante,
368 2280 499 2336 illud
525 2295 645 2336 esse
673 2278 981 2348 conjugium
1014 2277 1157 2346 quod
1172 2285 1292 2332 erat
1318 2277 1563 2346 primitus
1578 2276 1750 2346 gratia

162 2374 332 2429 divina
382 2373 690 2435 fundatum,
743 2380 1180 2437 conventumque
1208 2368 1458 2422 secunda;
1513 2366 1752 2421 mulieris

164 2464 340 2533 priore
367 2462 688 2532 superstite,
740 2475 839 2516 nec
868 2459 1102 2514 divortio
1149 2456 1343 2527 ejecta,
1392 2458 1539 2513 nullo
1589 2467 1751 2527 pacto

163 2569 317 2623 posse
344 2567 467 2608 esse
491 2552 809 2621 legitimum.

230 2644 313 2698 Ea:
336 2645 555 2699 decretis
601 2660 752 2713 papa:
805 2641 1015 2704 Leonis,
1049 2644 1128 2695 tit.
1176 2641 1265 2696 42.
1295 2642 1428 2696 Cum
1476 2655 1605 2709 ergo
1658 2657 1753 2711 per

162 2738 406 2793 bellicam
437 2738 647 2792 cladem
676 2746 733 2790 et
781 2749 879 2804 per
922 2734 1268 2803 gravissimos
1316 2733 1624 2787 hostilitatis
1668 2736 1750 2787 in-

163 2843 349 2883 cursus
373 2828 448 2880 ita
476 2825 722 2896 quaedam
754 2824 945 2879 dicatis
1000 2824 1168 2878 divisa
1226 2838 1347 2878 esse
1390 2824 1658 2891 conjugia,
1694 2834 1752 2878 ut

163 2918 406 2973 abductis
438 2918 490 2971 in
521 2916 886 2986 captivitatem
916 2915 1044 2970 viris
1077 2914 1287 2970 femince
1311 2930 1497 2970 eorum
1539 2930 1753 2969 reman-

162 3008 327 3062 serint
356 3007 647 3070 destitutae,
682 3020 802 3075 quae
827 3006 973 3061 viros
995 3007 1371 3075 proprios,aut
1396 3007 1753 3075 interemptos

160 3105 437 3167 putarent,
469 3104 564 3151 aut
594 3111 867 3166 nunquam
894 3096 1266 3151 dominatione
1304 3096 1590 3150 crederent
1618 3096 1753 3151 Iibe-

163 3190 381 3257 randos,
414 3196 472 3245 et
526 3189 579 3242 in
610 3187 837 3243 aliorum
864 3188 1175 3257 conjugium
1203 3188 1495 3244 solitudine
1524 3197 1753 3256 cogente

161 3283 511 3350 transierint;
562 3295 791 3351 cumque
817 3296 960 3336 nunc
1021 3290 1164 3337 statu
1210 3296 1412 3347 rerum,
1461 3281 1753 3337 auxiliante

161 3374 413 3439 Domino,
449 3374 503 3426 iu
555 3371 781 3427 meliora
827 3386 1111 3436 converso,
1143 3371 1384 3426 nonnulli
1430 3386 1618 3425 eorum
1659 3370 1751 3439 qui

158 3462 493 3531 putabantur
540 3460 765 3529 periisse
793 3460 1105 3524 remearint,
1139 3460 1332 3515 merito
1376 3460 1609 3515 cbaritas
1659 3469 1750 3514 tua

158 3558 369 3612 videtur
419 3558 719 3625 ambigere,
793 3553 926 3623 quid
984 3552 1053 3607 de
1103 3553 1417 3607 mulieribus
1463 3568 1582 3622 quae
1631 3554 1753 3609 aliis

153 3647 350 3714 juncte
379 3656 511 3703 sunt
540 3647 690 3710 viris,
724 3661 754 3700 a
784 3645 938 3700 nobis
967 3644 1162 3697 debeat
1191 3643 1452 3698 ordinari.
1486 3643 1592 3698 Sed
1623 3644 1750 3712 quia

160 3738 409 3794 novimus
454 3736 740 3806 scriptum,
792 3750 823 3788 a
872 3734 985 3788 Deo
1020 3732 1263 3801 jungitur
1289 3732 1483 3787 mulier
1508 3733 1645 3797 viro,
1696 3741 1753 3787 et

158 3829 350 3882 iterum
380 3838 715 3898 przeceptum
744 3825 1082 3896 agnovimus,
1110 3832 1169 3878 ut
1195 3823 1337 3893 quod
1389 3823 1531 3877 Deus
1569 3824 1753 3891 junxit

158 3919 319 3974 homo
371 3934 486 3973 non
538 3926 785 3986 separet,
850 3930 1072 3970 necesse
1122 3923 1205 3969 est
1278 3922 1338 3968 ut
1392 3914 1751 3982 legitimarum

156 4010 359 4067 fmdera
402 4010 717 4079 nuptiarum
766 4006 1177 4074 redintegranda
1226 4005 1532 4067 credamus,
1564 4013 1620 4058 et
1663 4019 1751 4058 re-

156 4105 316 4160 motis
343 4103 510 4159 malis
534 4117 653 4170 qua:
680 4100 952 4155 hostilitas
982 4098 1181 4164 intulit,
1206 4098 1495 4167 unicuique
1527 4098 1578 4151 id
1603 4097 1751 4166 quod

156 4194 393 4263 legitime
417 4192 629 4256 habuit,
660 4191 1005 4255 reformetur,
1044 4190 1298 4257 omnique
1324 4188 1500 4243 studio
1552 4204 1752 4258 procu—

158 4285 385 4339 randum
416 4292 525 4349 est,
558 4291 617 4337 ut
640 4283 865 4352 recipiat
887 4282 1253 4351 unusquisque
1282 4280 1426 4349 quod
1469 4281 1751 4350 proprium

157 4388 257 4433 cst.

226 4467 362 4522 Item
385 4468 453 4522 de
486 4468 584 4521 hoc
631 4466 767 4535 ipso,
814 4466 899 4519 tit.
931 4464 1021 4519 45.
1077 4464 1187 4520 Nec
1241 4472 1421 4519 tamen
1473 4466 1754 4535 culpabilis

1921 637 2003 691 Ea:
2027 638 2247 690 decretis
2278 654 2428 706 papa:
2461 638 2669 705 Leonis,
2697 641 2774 692 tit.
2810 636 2896 692 45.
2931 639 2985 691 Si
3011 647 3103 693 aut
3141 656 3191 691 nt
3240 642 3436 709 aliqua:

1844 730 2190 785 mulieresita
2220 730 2584 799 posteriorum
2614 730 2850 783 virorum
2874 744 3065 783 amore
3094 738 3221 783 sunt
3244 742 3432 794 cautae,

1844 832 1903 877 ut
1932 822 2119 876 malint
2172 823 2252 877 his
2279 825 2573 885 cobasrere,
2607 838 2763 890 quam
2814 824 2879 877 ad
2936 824 3229 891 legitimum
3261 826 3437 879 redire

1845 914 2198 975 consortium,
2235 915 2429 967 merito
2458 923 2587 967 sunt
2608 914 2880 979 uotatnlzn,
2913 915 2984 967 ita
3019 922 3075 967 ut
3106 913 3437 970 ecclesiasti-

1845 1021 1906 1058 ca
1954 1005 2336 1059 conuuuuione
2391 1007 2692 1074 privcutur,
2750 1019 2871 1071 qum
2902 1007 2969 1057 de
3027 1022 3085 1059 re
3133 1005 3435 1060 excusabili

1848 1097 2369 1151 contaminationein
2434 1098 2676 1151 criminis
2730 1097 3032 1163 elegerunt,
3090 1099 3441 1153 ostendentes

1847 1190 2185 1256 sibimetpro
2225 1203 2319 1242 sua
2356 1189 2745 1243 incontinentia
2795 1189 3081 1257 placuisse,
3116 1189 3259 1257 quod
3290 1189 3439 1259 justa

1847 1281 2095 1336 remissio
2127 1289 2341 1350 poterat
2396 1282 2633 1350 expiare.
2698 1280 2943 1335 Redeunt
3008 1296 3136 1349 ergo
3179 1281 3231 1334 in
3283 1296 3437 1335 suum

1849 1384 2047 1427 statum
2082 1372 2387 1428 voluntaria
2435 1375 2891 1442 rediutegratione
2943 1374 3212 1442 coniugia,
3265 1388 3442 1442 neque

1852 1466 1960 1521 ullo
1983 1466 2141 1521 modo
2172 1466 2236 1519 ad
2269 1466 2617 1535 opprobrium
2650 1467 2803 1521 ma’a:
2835 1466 3126 1520 voluntatis
3176 1466 3438 1530 trahatur,

1851 1557 1992 1627 quod
2053 1556 2294 1610 conditio
2326 1557 2661 1610 necessitatis
2712 1558 2938 1612 extorsit
2972 1575 2985 1611 :
3018 1557 3143 1625 quia
3175 1557 3313 1610 sicut
3362 1558 3445 1610 ha:

1853 1651 2101 1706 mulieres
2129 1665 2247 1719 quae
2270 1650 2464 1703 reverti
2494 1650 2558 1702 al
2592 1650 2735 1703 viros
2764 1664 2891 1703 suos
2923 1650 3235 1714 noluerunt,
3267 1648 3445 1717 impia:

1851 1751 1979 1796 sunt
2002 1742 2282 1807 habenda),
2312 1742 2381 1794 ita
2406 1741 2506 1794 illm
2526 1757 2644 1809 quae
2674 1743 2725 1795 in
2752 1741 3002 1796 affectum
3032 1758 3100 1795 ex
3125 1741 3439 1795 Deoiuitutn

1854 1833 2099 1896 redeunt,
2137 1834 2328 1886 merito
2358 1841 2482 1887 sunt
2511 1832 2813 1887 laudandm.

2092 1943 2131 1996 ll
2190 1943 2263 1996 De
2293 1947 2453 1998 catec'
2472 1962 2655 1998 umeno
2680 1948 2784 2015 qui,
2810 1949 3106 2016 pr'nsqnmn
3137 1948 3440 2013 I‘uptizotm',

1924 2031 2135 2068 uxorem
2169 2018 2378 2097 amittit,
2408 2026 2456 2069 et
2484 2027 2596 2085 post
2627 2017 2786 2070 etiam
2813 2021 3009 2087 accepit
3028 2060 3040 2083 ,
3067 2022 3201 2087 quod
3229 2020 3445 2072 clericus

1925 2102 2037 2138 esse
2059 2102 2160 2138 non
2192 2096 2373 2154 possit.

1932 2197 2010 2251 lix
2043 2198 2261 2251 decretis
2297 2215 2446 2267 papa:
2487 2199 2794 2265 Innocentii,
2821 2202 2898 2253 tit.
2935 2198 3021 2252 52.
3056 2201 3256 2255 Deinde
3291 2202 3441 2271 peni-

1856 2299 1963 2355 tur,
1996 2306 2102 2344 non
2134 2290 2236 2344 dici
2285 2300 2537 2359 Oportere
2593 2292 2863 2362 digamum
2892 2307 3013 2346 eum
3067 2294 3157 2362 qui
3190 2294 3443 2347 catechu-

1856 2399 2047 2438 menus
2093 2384 2343 2437 habuerit
2374 2392 2535 2452 atque
2584 2384 2823 2438 amiserit
2864 2400 3110 2447 uxorem,
3142 2385 3185 2439 si
3218 2394 3338 2453 post
3360 2386 3447 2438 ba-

1856 2476 2109 2545 ptismum
2138 2474 2295 2529 fuerit
2323 2475 2486 2527 aliam
2511 2477 2753 2537 sortitus,
2780 2489 3009 2542 eamque
3034 2473 3258 2543 primam
3277 2473 3445 2528 videri

1856 2580 1978 2635 quae
2006 2580 2150 2620 novo
2180 2566 2385 2619 homini
2418 2567 2667 2633 copulata
2702 2566 2793 2631 sit,
2824 2565 2947 2635 quia
2986 2564 3113 2618 illud
3138 2563 3444 2632 conjugiunt

1857 2671 1955 2726 per
2000 2656 2252 2726 baptismi
2303 2665 2701 2711 sacramentum
2731 2672 2849 2712 cum
2895 2656 3105 2711 czeteris
3134 2655 3446 2710 criminibus

1857 2747 1926 2801 sit
1956 2747 2231 2800 ablatum:
2274 2747 2419 2815 quod
2448 2763 2569 2802 cum
2603 2747 2671 2802 de
2703 2763 2804 2802 una
2839 2748 3019 2817 utique
3048 2747 3264 2808 dicitur,
3298 2756 3447 2801 certe

1857 2837 1901 2891 si
1954 2844 2065 2890 tres
2104 2836 2352 2890 habuerit
2409 2837 2461 2890 iu
2510 2837 2681 2891 veteri
2712 2839 2918 2907 positus
2976 2837 3194 2891 homine
3224 2852 3444 2903 uxores,

1857 2927 1961 2982 erit
1990 2926 2038 2980 ei
2068 2941 2186 2994 qum
2216 2935 2339 2995 post
2368 2927 2691 2996 baptismum
2716 2937 2908 2997 quarta
2939 2937 3040 2992 est,
3065 2929 3143 2982 sic
3173 2928 3445 2996 interpre-

1859 3017 2093 3071 tantibus
2123 3017 2313 3085 prima,
2368 3018 2590 3085 virginis
2620 3035 2773 3088 a-que
2817 3035 3015 3074 nomen
3048 3020 3283 3087 accipiet
3324 3035 3441 3088 qna-

1858 3118 2054 3178 quarto
2086 3107 2247 3165 ducta
2293 3117 2375 3164 cst
2416 3110 2562 3165 loco.
2594 3110 2746 3177 Quis,
2779 3128 2900 3180 oro,
2942 3112 3083 3166 istud
3131 3127 3238 3165 non
3266 3111 3440 3165 videat

1857 3207 2045 3253 contra
2077 3200 2322 3269 Apostoli
2365 3216 2483 3255 esse
2515 3211 2862 3271 prmceptum,
2892 3203 2982 3270 qui
3013 3203 3089 3255 ait
3121 3204 3277 3255 unius
3306 3217 3440 3255 uxo-

1858 3289 1932 3344 ris
1959 3290 2131 3343 virum
2183 3299 2438 3359 oportere
2490 3291 2603 3345 ﬁeri
2629 3292 2965 3347 sacerdotem
2993 3294 3014 3344 ’Β
3042 3292 3149 3346 Sed
3192 3292 3440 3359 objicitur

1853 3382 2001 3452 quod
2030 3383 2083 3436 in
2113 3382 2382 3453 baptismo
2415 3392 2585 3439 totum
2631 3385 2889 3454 quidquid
2926 3386 2978 3439 in
3026 3385 3192 3439 veteri
3224 3386 3441 3440 homine

1854 3483 2061 3543 gestum
2092 3482 2195 3541 est,
2229 3474 2298 3528 sit
2338 3474 2595 3529 solutum.
2629 3474 2801 3529 Dicite
2829 3476 2959 3529 mihi
2994 3479 3153 3545 (cum
3182 3492 3316 3546 pace
3348 3491 3435 3531 ve-

1854 3573 1964 3619 stra
1996 3564 2231 3634 loquor),
2266 3565 2493 3620 crimina
2523 3574 2733 3620 tantum
2763 3566 3105 3621 dimittuntur
3134 3568 3186 3622 in
3235 3567 3439 3637 baptis-

1853 3673 1967 3726 mo,
1997 3673 2065 3713 an
2096 3667 2150 3713 et
2178 3658 2266 3712 illa
2309 3673 2427 3727 qua:
2479 3658 2771 3713 secundum
2825 3661 3035 3714 Domini
3080 3670 3347 3729 pra3cepta
3377 3676 3440 3715 ac

1862 3751 1959 3806 Dei
1996 3753 2237 3807 instituta
2290 3752 2667 3821 complentur?
2712 3751 2943 3808 Uxorem
3001 3753 3200 3810 ducere
3239 3754 3442 3808 crimen

1861 3851 1963 3907 est,
1997 3854 2091 3897 aut
2125 3858 2231 3896 non
2282 3852 2366 3899 est
2395 3844 2637 3898 crimen?
2665 3845 2719 3898 Si
2748 3845 2952 3899 crimen
2983 3855 3065 3899 est
3100 3865 3111 3898 :
3142 3860 3272 3913 ergo
3302 3860 3443 3915 prai-

1861 3930 1969 3985 fata
1998 3933 2155 3987 venia
2196 3932 2445 3999 dixerim,
2478 3934 2582 3987 erit
2627 3943 2818 3989 auctor
2848 3935 2900 3988 in
2947 3936 3103 4003 culpa
3132 3936 3224 4004 qui
3256 3945 3312 3989 ut
3340 3936 3446 3989 cri-

1859 4023 2004 4076 mina
2057 4024 2526 4078 committerentur
2581 4027 2633 4079 in
2680 4026 2956 4095 paradiso,
3013 4043 3136 4082 cum
3186 4029 3301 4098 ipse
3349 4044 3445 4082 eos

1852 4110 2124 4181 jungeret,
2173 4114 2449 4169 benedixit
2478 4132 2492 4179 ;
2521 4119 2564 4168 si
2597 4130 2725 4170 vero
2769 4117 2973 4172 crimen
3018 4134 3125 4173 uou
3173 4128 3279 4187 est,
3315 4121 3442 4189 quia

1857 4203 1999 4272 quod
2030 4202 2171 4258 Deus
2204 4204 2383 4272 junxit
2413 4205 2562 4260 nefas
2590 4208 2661 4260 sit
2702 4208 2904 4261 crimen
2935 4209 3230 4277 appellari;
3263 4217 3319 4263 et
3346 4209 3444 4264 Sa-

1857 4295 2039 4349 lomon
2071 4296 2308 4349 addidit:
2337 4296 2544 4353 Etenim
2575 4313 2604 4350 a
2637 4298 2747 4352 Deo
2777 4310 3111 4368 prcharatur
3137 4303 3252 4355 viro
3285 4318 3442 4368 uxor,

1856 4384 2131 4452 quomodo
2177 4386 2415 4440 creditur
2482 4388 2621 4441 inter
2675 4391 2900 4443 crimina
2956 4406 3077 4445 esse
3139 4391 3440 4458 dimissum,

1856 4474 1998 4543 quod
2032 4474 2140 4529 Deo
2193 4485 2413 4531 auctore
2462 4477 2657 4546 legitur
2702 4483 3173 4536 consummatum?
3216 4482 3351 4548 Quid
3378 4486 3446 4536 de

155 4562 349 4618 dicitur
404 4570 465 4617 et
511 4568 767 4627 tanquam
815 4559 975 4613 alieni
1001 4558 1141 4627 juris
1185 4574 1441 4627 peraaSor
1470 4559 1748 4622 habeatur,

1860 4566 2043 4621 talium
2079 4566 2199 4621 liliis
2236 4579 2597 4635 percensetur,
2630 4570 2868 4638 nunquid
2910 4588 3017 4625 non
3059 4583 3217 4626 erunt
3246 4576 3442 4628 admit-

157 4654 243 4715 qui
269 4665 567 4722 personam
597 4650 716 4717 ejus
740 4650 913 4704 mariti
938 4649 1031 4718 qui
1054 4649 1165 4718 jam
1190 4664 1294 4703 non
1323 4664 1442 4703 esse
1474 4650 1754 4704 existimas

158 4743 315 4797 batur
341 4741 679 4810 assumpsit:
720 4741 798 4795 sic
840 4741 983 4795 enim
1018 4739 1204 4804 multa,
1236 4754 1353 4807 qu-c
1396 4739 1462 4792 ad
1511 4754 1607 4794 eos
1662 4741 1752 4808 qui

157 4835 206 4887 in
221 4835 598 4903 captivitatem
630 4832 776 4886 ducti
805 4842 929 4887 sunt
949 4831 1308 4901 pertinebant,
1341 4830 1491 4898 injus
1517 4831 1751 4886 alienum

156 4926 389 4981 transire
440 4932 773 4994 potuerunt;
817 4931 870 4977 et
901 4932 1078 4976 tamen
1113 4922 1329 4991 plenum
1364 4922 1593 4988 justitiai
1643 4932 1748 4987 est,

157 5024 214 5069 ut
242 5016 437 5070 iisdem
472 5013 711 5069 reversis
741 5014 959 5083 propria
990 5013 1377 5067 reformentur.
1408 5012 1563 5078 Quod
1592 5014 1635 5067 si
1698 5015 1750 5070 in

157 5106 462 5177 mancipiis,
500 5106 587 5159 vel
630 5105 682 5159 in
747 5106 888 5173 agris
937 5112 1031 5157 aut
1073 5104 1233 5158 etiam
1289 5105 1340 5157 in
1383 5104 1633 5159 domibus
1688 5120 1751 5158 ac

159 5188 593 5264 possessionibus
616 5194 718 5249 rite
743 5204 1012 5260 servatur,
1046 5202 1250 5263 quanto
1282 5193 1448 5263 magis
1485 5194 1537 5248 in
1563 5196 1750 5263 conju-

157 5290 365 5357 giornm
422 5288 891 5357 redintegratione
950 5284 1253 5341 taciendum
1309 5295 1431 5352 est,
1499 5298 1556 5339 ut
1604 5288 1748 5356 quod

156 5380 344 5435 bellica
376 5382 708 5435 necessitate
739 5378 1012 5433 turbatum
1041 5385 1145 5443 est,
1175 5378 1325 5445 pacis
1370 5376 1607 5432 remedio
1662 5392 1747 5433 re-

156 5471 417 5527 formetur
436 5473 460 5524 ἰν

225 5562 380 5629 Item,
402 5565 487 5617 tit.
502 5562 594 5616 ιιι.
613 5562 681 5616 Et
696 5561 817 5616 ideo
832 5562 875 5617 si
894 5561 991 5615 viri
1011 5568 1131 5631 post
1147 5560 1360 5629 longam
1379 5562 1743 5630 captivitatem

157 5657 376 5720 reversi,
408 5657 485 5710 ita
513 5655 565 5709 in
589 5654 878 5710 dilectione
905 5668 1123 5708 suarum
1154 5653 1445 5722 conjugum
1478 5669 1743 5723 ρει-ξυνα-

156 5756 296 5813 rent,
342 5756 400 5800 ut
456 5762 552 5802 eas
604 5747 826 5815 cupiant
874 5746 926 5799 in
956 5761 1111 5797 suum
1163 5744 1338 5798 redire
1387 5746 1739 5809 consortium,

156 5837 519 5895 omittendum
578 5845 679 5891 cst.
739 5846 791 5890 et
834 5834 1155 5907 inculpabile
1203 5834 1553 5903 judicandum
1602 5837 1742 5907 quod

1858 4657 1999 4712 tendi
2030 4657 2080 4711 in
2113 4658 2442 4713 hmreditatis
2466 4663 2764 4726 consortio,
2795 4662 2884 4731 qui
2914 4678 2976 4717 ex
2992 4678 3053 4717 ea
3072 4666 3446 4733 susceptisuut

1854 4762 1972 4815 qua:
2004 4758 2129 4802 ante
2160 4750 2481 4819 baptismum
2518 4750 2617 4805 fuit
2649 4768 2805 4815 uxor,
2840 4764 3106 4822 eruntque
3136 4757 3442 4825 appellandi

1854 4842 1937 4895 vel
1963 4843 2258 4907 naturales,
2290 4844 2369 4898 vel
2398 4845 2585 4912 spurii,
2618 4846 2743 4914 quia
2774 4863 2878 4901 non
2899 4855 2983 4902 est
3009 4849 3304 4914 lcgitimmu
3335 4865 3445 4903 ma-

1853 4934 2185 4997 trimonium,
2220 4936 2319 4989 nisi
2368 4937 2495 4990 illud
2540 4940 2622 5007 (ut
2650 4938 2805 4993 vobis
2855 4940 3087 5008 videtur)
3144 4941 3288 5011 quod
3319 4953 3441 5011 post

1852 5023 2174 5091 baptismum
2206 5029 2495 5081 assumitur
2526 5029 2549 5080 ?
2580 5028 2699 5097 Ipse
2737 5029 3018 5096 Dominus,
3050 5046 3176 5083 cum
3209 5032 3441 5085 intertu-

1853 5128 2073 5185 garetur
2095 5134 2125 5173 a
2155 5118 2375 5186 Judmis,
2407 5121 2449 5172 si
2482 5122 2671 5175 liceret
2697 5120 2970 5176 dimittere
3000 5138 3245 5183 uxorem,
3280 5136 3441 5193 atque

1854 5218 2153 5276 exponeret
2181 5212 2293 5264 lieri
2318 5226 2422 5265 non
2448 5211 2669 5278 debere,
2702 5211 2942 5267 addidit:
2962 5212 3116 5280 Quod
3148 5229 3277 5281 ergo
3302 5216 3442 5270 Deus

1847 5301 2043 5367 junxit,
2069 5303 2233 5356 homo
2261 5318 2366 5356 non
2394 5312 2629 5371 separet.
2648 5304 2723 5360 Ac
2754 5321 2820 5360 ne
2849 5306 2917 5361 de
2950 5308 3031 5361 his
3057 5308 3264 5376 cepalis
3296 5309 3439 5365 locu-

1852 5398 1937 5444 tus
1977 5405 2099 5446 esse
2140 5392 2412 5460 credatur,
2442 5407 2563 5462 qum
2592 5403 2715 5462 post
2758 5395 3082 5463 baptismum
3114 5399 3431 5462 surtiunlur,

1845 5480 2189 5535 meminerint
2220 5480 2322 5535 hoc
2347 5491 2403 5534 et
2430 5497 2459 5535 a
2488 5482 2687 5537 Judmis
2715 5484 3127 5553 interrogatum,
3154 5495 3211 5540 et
3237 5488 3433 5543 Jud:cis

1848 5584 1967 5624 esse
1988 5586 2321 5641 responsum.
2355 5571 2573 5641 Qumro,
2603 5582 2658 5628 et
2694 5574 2957 5630 sollicitus
2985 5591 3192 5645 quaero,
3233 5581 3278 5634 si
3328 5597 3430 5633 una

1848 5661 2143 5729 eademque
2191 5663 2262 5715 sit
2316 5679 2454 5717 uxor
2491 5664 2623 5732 ejus,
2680 5665 2772 5735 qui
2820 5676 2944 5721 ante
2988 5670 3428 5735 eatecbuntcnus,

1850 5763 2032 5822 postea
2075 5756 2141 5807 sit
2176 5754 2365 5816 lidelis,
2394 5756 2635 5824 liliosquc
2666 5772 2731 5811 ex
2765 5774 2827 5813 ea
2856 5774 2975 5813 cum
3007 5767 3146 5814 esset
3176 5766 3429 5816 catechu-

1850 5858 2035 5899 tncuus
2087 5848 2404 5915 susceperit,
2455 5861 2514 5900 ac
2592 5855 2782 5917 postea
2831 5847 2984 5916 alios,
3036 5866 3155 5906 cum
3208 5851 3427 5908 lidelis?
