4204 6618
149 30 262 44 V—W"
285 36 344 42 «Ἡ-

1727 97 1786 104 ..-

827 503 929 557 9l9

823 625 1001 672 utrum
1056 619 1163 672 sint
1215 618 1408 672 fratres
1480 620 1782 688 appenandi
1839 635 1906 673 an
1969 636 2075 675 non
2097 624 2117 673 1'
2169 623 2473 685 habeantA
2507 633 2562 675 ut
2619 623 2762 675 nulla
2806 623 3080 692 religionis
3125 627 3424 681 reverentia
3456 629 3784 683 obscuritate
3828 631 4079 687 l’uscetur.

819 717 1011 778 postea
1041 707 1295 764 defuncto
1331 717 1484 779 patre
1511 710 1874 765 herciscundae
1902 711 2233 766 haereditatis
2261 728 2396 767 con-

817 802 1274 872 sortium,quibus
1296 803 1526 858 ﬁliorum
1555 819 1748 857 nomen
1775 806 2117 870 regeneratio
2147 805 2400 874 spiritalis

818 894 1057 950 creditur
1084 894 1412 950 abstulisse?
1438 896 1581 966 quod
1619 911 1740 949 cum
1773 897 1845 950 ita
1891 899 2091 952 sentire
2127 906 2288 967 atque
2311 901 2398 964 ju-

817 987 1002 1044 dicare
1033 987 1322 1042 absurdum
1375 996 1478 1054 est,
1526 1003 1645 1056 quae
1686 989 1932 1054 (malum)
1981 989 2119 1042 ratio
2166 999 2249 1043 est
2297 991 2396 1042 hcc

816 1079 1033 1135 defendi
1083 1088 1139 1134 et
1171 1095 1336 1135 vacua
1366 1083 1535 1148 magis
1579 1082 1833 1150 opinione
1856 1083 2072 1148 jactari,
2103 1097 2263 1150 quam
2294 1083 2394 1136 ali-

814 1186 919 1238 qua
949 1172 1270 1228 auctoritate
1292 1173 1574 1228 roborari‘.’
1603 1174 1736 1228 Cum
1765 1191 1870 1228 non
1903 1179 2071 1243 possit
2100 1176 2242 1228 inter
2267 1191 2394 1244 pce-

813 1267 936 1314 cata
977 1259 1244 1330 deputari,
1291 1261 1434 1332 quod
1487 1263 1574 1318 lex
1618 1265 1890 1333 percepit,
1931 1275 1986 1318 et
2029 1265 2168 1319 Deus
2192 1266 2391 1334 jungit.

811 1351 1062 1422 Nunquid
1084 1355 1129 1408 si
1158 1356 1278 1422 quis
1325 1357 1747 1412 catechumenus
1775 1358 2062 1412 virtutibus
2107 1359 2392 1426 studuerit,

813 1449 1171 1504 numilitatem
1193 1459 1412 1504 secutus
1431 1452 1608 1514 fuerit,
1633 1451 1947 1521 patientiam
1979 1453 2231 1515 tenuerit,
2251 1452 2390 1506 elec-

811 1554 1072 1608 mosynas
1112 1539 1324 1608 fecerit,
1350 1545 1510 1596 morti
1561 1542 1860 1597 destinatos
1889 1545 2129 1611 qualibet
2185 1545 2394 1598 ratione

813 1629 1100 1699 eripuerit,
1150 1633 1415 1687 adulteria
1467 1634 1830 1698 exborrucrit,
1863 1637 2168 1690 castitatem
2209 1645 2395 1691 tenue-

812 1721 905 1788 rit,
931 1737 1114 1789 quacro
1140 1723 1184 1776 si
1217 1722 1349 1788 inec,
1378 1739 1499 1778 cum
1540 1723 1712 1783 factus
1742 1725 1901 1779 fuerit
1931 1727 2122 1791 ﬁdelis,
2155 1727 2353 1780 amittit
2380 1746 2391 1779 :

812 1810 939 1884 quia
968 1825 1064 1880 per
1090 1811 1419 1880 baptismum
1449 1823 1644 1879 totum,
1676 1816 1819 1882 quod
1849 1826 2000 1869 vetns
2031 1819 2193 1871 homo
2221 1832 2395 1885 gesse-

810 1913 896 1956 rat
923 1910 1144 1972 putatur
1178 1903 1414 1959 auferri?
1451 1904 1792 1974 Aspiciamus
1820 1908 2074 1973 gentilcm
2118 1908 2391 1962 hominem

1950 509 2276 563 ClllSCUNll
2319 511 2633 564 AFlllCANl
2680 510 2977 566 EPISCUH

3984 517 4081 571 920

2504 714 2619 767 Non
2650 714 2717 767 sit
2748 729 2882 767 vana
2908 715 3157 783 gloriatio
3181 717 3434 786 palliatis,
3467 719 3827 788 epise0palem
3860 735 4077 784 morem,

2502 805 2592 872 qui
2614 805 2852 874 episc0pi
2883 814 3028 872 sunt,
3057 817 3369 874 sequantur.
3407 809 3610 872 Daniel,
3638 819 3696 865 ut
3723 810 3974 876 diximus,
3996 813 4078 885 qui

2501 897 2897 950 accusationem
2968 898 3259 966 pontiﬁcali
3332 899 3542 954 honore
3593 902 3967 967 subterfugere
4025 919 4079 958 se

2499 1005 2658 1058 posse
2705 990 2947 1052 credidit,
2979 1003 3035 1045 et
3063 990 3128 1045 ad
3174 990 3442 1062 fastigium
3490 1003 3694 1047 tantum
3745 1006 4079 1050 accusatores

2497 1095 2623 1132 suos
2647 1079 2860 1134 latendo
2884 1081 3147 1149 pervenit,
3171 1096 3201 1134 a
3230 1083 3533 1138 sanctitatis
3563 1093 3751 1138 vestra:
3772 1095 3918 1140 cmtu
3951 1085 4077 1140 inte-

2496 1174 2597 1226 rim
2611 1189 2671 1228 se
2688 1175 3372 1245 noveritsegregatum,qui
3399 1191 3458 1230 se
3481 1186 3668 1231 nostro
3692 1177 3902 1244 judicio
3925 1177 4076 1232 debet

2497 1266 2749 1335 abjieere,
2781 1268 2826 1322 si
2864 1268 3211 1322 conscientia:
3247 1283 3355 1322 sua:
3399 1270 3548 1322 novit
3593 1268 3975 1323 conﬁdentiam
4023 1285 4079 1325 se

2498 1360 2760 1412 obtinere.
2820 1357 3162 1416 Massiliensis
3219 1373 3348 1412 vero
3411 1358 3652 1412 ecclesiae
3696 1358 4075 1420 sacerdotem,

2498 1453 2588 1518 qui
2632 1450 2826 1504 dicitur
2853 1449 3020 1516 (quod
3049 1449 3191 1503 dictu
3245 1448 3395 1502 nelas
3431 1457 3529 1513 est)
3566 1450 3617 1502 in
3674 1465 3865 1505 necem
3906 1449 4076 1502 fratris

2498 1542 2578 1594 sui
2635 1541 2808 1594 taliter
2843 1541 3177 1610 gratulatus:
3227 1547 3285 1593 ut
3326 1539 3470 1604 huic,
3521 1541 3612 1607 qui
3661 1541 3781 1607 ejus
3823 1541 4076 1606 sanguine

2498 1641 2812 1686 cruentatus
2839 1631 3151 1696 advenerat,
3185 1631 3490 1701 portionem
3521 1647 3641 1685 eum
3685 1631 3879 1686 eodem
3930 1632 4050 1684 habi

2501 1733 2671 1783 turus,
2690 1730 3001 1775 occurreret
3025 1739 3038 1773 :
3065 1736 3133 1776 ex
3151 1731 3331 1776 vestro
3354 1735 3474 1776 eum
3500 1721 3821 1775 audiendum
3852 1722 4076 1789 collegio

2497 1814 2826 1881 delegamus.

2575 1905 2652 1958 Ex
2677 1909 2864 1958 derret.
2890 1923 3043 1976 papa:
3072 1905 3255 1972 Leon.,
3287 1905 3366 1958 tit.
3400 1905 3484 1957 15.
3520 1903 3673 1958 Nulla
3703 1903 3842 1958 ratio
3867 1904 3993 1957 sinit
4021 1914 4074 1956 ut

810 1994 1122 2051 Cornelium
1147 1997 1485 2052 orationibus
1514 2008 1677 2070 atque
1705 2000 2059 2069 elecmosj‘uis
2085 2011 2388 2065 vacantem,
2424 2005 2468 2062 Β
2499 2001 2636 2052 inter
2673 2000 2960 2068 episcOpos
2999 1999 3318 2062 habeantur,
3351 1998 3441 2066 qui
3475 2012 3572 2051 nec
3620 2013 3649 2050 a
3697 1996 3909 2050 clericis
3953 2005 4072 2050 sunt

809 2099 908 2153 per
929 2085 1310 2142 revelationem
1327 2089 1596 2156 angelum,
1622 2089 1948 2158 Petrumque
1973 2094 2144 2158 ipsum
2169 2092 2391 2156 vidisse,

809 2177 1047 2245 nunquid
1070 2192 1166 2246 per
1193 2177 1521 2246 baptismum
1545 2179 1660 2232 haec
1688 2180 1764 2232 illi
1790 2181 1968 2233 ablata
1996 2188 2136 2245 sunt,
2173 2193 2393 2250 propter

808 2285 929 2339 quin
959 2270 1009 2325 ei
1057 2270 1386 2340 baptismum
1434 2272 1646 2327 videtur
1671 2287 1790 2327 esse
1835 2289 2150 2328 concessum
2175 2276 2197 2324 ?
2232 2273 2288 2326 Si
2320 2275 2390 2327 ita

807 2362 1064 2424 creditur,
1097 2364 1227 2418 mihi
1273 2364 1499 2427 credite,
1549 2381 1655 2418 non
1701 2364 1974 2418 modicum
2004 2375 2234 2428 erratur,
2265 2366 2390 2434 quia

807 2455 1060 2524 quidquid
1086 2456 1221 2510 bene
1239 2465 1450 2524 gestum
1477 2457 1656 2522 fuerit,
1685 2466 1738 2510 et
1759 2473 1925 2511 secuti
1948 2461 2054 2509 tum
2080 2455 2234 2525 chis
2257 2473 2391 2526 pne-

807 2558 967 2618 cepta
1007 2551 1334 2606 custoditum
1381 2567 1488 2604 non
1521 2561 1699 2621 potest
1748 2552 2070 2604 facientibus
2117 2551 2384 2619 deperire.

807 2638 1124 2707 Nuptiarum
1149 2655 1278 2709 ergo
1311 2641 1502 2708 copula
1527 2681 1542 2704 ,
1565 2641 1688 2707 quia
1707 2639 1799 2692 Dei
1823 2638 2075 2692 mandato
2093 2639 2387 2706 perﬁcitur,

806 2743 918 2780 non
943 2737 1120 2795 potest
1143 2727 1246 2786 dici
1271 2737 1570 2798 peccatum,
1600 2728 1818 2796 etquod
1847 2736 2123 2796 peccatum
2151 2742 2257 2780 non
2285 2735 2387 2789 est,

804 2817 944 2872 solvi
968 2818 1107 2872 inter
1133 2827 1357 2888 peccata
1388 2818 1534 2873 credi
1561 2820 1783 2874 omnino
1817 2835 1922 2872 non
1955 2817 2115 2871 debet
2140 2833 2154 2881 ;
2179 2817 2390 2884 eritque

806 2907 1079 2974 integrum
1117 2908 1384 2962 :cstimare
1413 2909 1613 2963 aboleri
1645 2924 1751 2962 non
1781 2922 1941 2978 posse
1965 2909 2160 2976 prioris
2189 2922 2387 2961 nomen

804 3001 1012 3062 uxoris,
1047 3014 1167 3052 cum
1197 3014 1302 3054 non
1345 2999 1620 3053 dimissum
1651 2999 1720 3054 sit
1747 3007 2118 3070 propeccato,
2147 3000 2273 3068 quia
2313 3014 2377 3054 ex

810 3091 902 3144 ltei
923 3091 993 3145 sit
1016 3092 1289 3146 voluntate
1311 3093 1659 3162 corripietum.

807 3203 1129 3259 CCXXVIII.
1157 3203 1308 3268 Quod
1329 3205 1618 3258 nolentibus
1667 3205 1864 3257 clericis
1920 3205 1996 3256 vel
2032 3217 2233 3271 poputts
2283 3219 2384 3256 non

878 3276 1057 3327 debeat
1104 3277 1371 3344 cpiscopus
1413 3276 1690 3336 ordinari;
1734 3285 1783 3328 et
1811 3274 1947 3342 quod
1996 3274 2277 3326 abilliritis
2317 3274 2385 3325 sit

874 3344 1286 3403 ordinaionibus
1314 3344 1690 3398 ab..tineudum.

876 3459 962 3514 Ea:
991 3460 1208 3514 daretis
1245 3477 1396 3529 papa:
1446 3460 1674 3520 Calest.,
1706 3461 1785 3512 tit.
1829 3459 1916 3519 18.
1962 3459 2148 3512 Nullus
2202 3457 2381 3512 invitis

806 3552 965 3606 detur
993 3549 1310 3620 episcopus;
1351 3551 1502 3614 cleri,
1548 3551 1717 3619 plebis
1747 3558 1803 3604 et
1831 3551 2034 3605 ordinis
2058 3565 2377 3615 consensus,

803 3651 862 3697 et
889 3641 1216 3698 desiderium
1257 3642 1580 3709 requiratur,
1608 3649 1737 3695 tunc
1764 3641 1901 3696 alter
1924 3640 1993 3695 de
2022 3641 2192 3698 altera
2215 3638 2382 3707 eliga-

804 3744 895 3786 tur
921 3732 1172 3798 ecclesia,
1195 3731 1330 3787 side
1355 3732 1590 3786 civitatis
1616 3732 1781 3799 ipsius
1801 3733 2034 3797 clericis,
2067 3733 2152 3787 cui
2173 3732 2382 3801 episco-

805 3842 909 3896 pus
928 3834 1014 3881 est
1040 3825 1392 3894 ordinandus,
1422 3826 1600 3880 nullus
1627 3825 1818 3895 dignus
1839 3825 2002 3895 (quod
2031 3826 2249 3880 evenire
2270 3840 2378 3878 non

804 3921 1098 3990 credimus)
1130 3921 1366 3990 potuerit
1394 3919 1642 3984 inveniri,
1674 3919 1901 3988 primum
1931 3919 2074 3973 enim
2100 3918 2174 3975 illi
2192 3932 2380 3986 repro-

805 4012 968 4066 bandi
995 4019 1143 4078 sunt,
1167 4021 1226 4065 ut
1245 4010 1410 4079 aliqui
1439 4009 1510 4064 de
1534 4010 1724 4064 alienis
1751 4009 1994 4063 ecclesiis
2017 4008 2210 4062 merito
2239 4023 2377 4076 pra:-

800 4106 1062 4158 t'erantur.
1095 4101 1304 4156 Habeat
1343 4100 1708 4168 unusquisque
1749 4115 1862 4154 sua:
1895 4099 2129 4155 fructum
2170 4099 2377 4155 militiae

803 4198 860 4248 in
887 4193 1138 4258 ecclesia,
1168 4192 1222 4246 in
1250 4207 1358 4260 qua
1401 4207 1496 4247 sua
1531 4207 1630 4261 per
1681 4191 1865 4246 omnia
1911 4191 2090 4245 ofﬁcia
2115 4191 2377 4258 transegit

803 4288 1120 4341 mtatemJn
1149 4286 1322 4340 aliena
1368 4285 1634 4354 stipendia
1684 4286 1904 4339 minime
1949 4285 2088 4338 alter
2126 4286 2374 4352 obrepat,

809 4393 910 4432 nec
940 4376 1030 4430 alii
1061 4376 1294 4430 debitam
1325 4375 1462 4431 alter
1489 4376 1590 4429 sibi
1621 4375 1817 4429 audeat
1845 4375 2133 4429 vendicare
2162 4389 2372 4428 merce-

801 4469 947 4520 dem.
995 4467 1077 4520 Sit
1121 4466 1348 4544 facultas
1395 4466 1602 4520 clericis
1639 4465 1927 4531 renitendi,
1958 4465 2004 4519 si
2042 4480 2102 4519 se
2147 4465 2378 4519 viderint

803 4544 1148 4628 praegravari,
1180 4549 1236 4613 et
1263 4575 1399 4628 quos
1428 4559 1526 4612 sibi
1559 4559 1724 4626 ingeri
1747 4574 1812 4612 ex
1838 4567 2142 4612 transverso
2172 4572 2346 4623 cogno

2496 2091 2676 2155 electi,
2708 2104 2807 2144 nec
2836 2105 2866 2142 a
2896 2088 3138 2158 plebibus
3173 2088 3422 2156 expetiti,
3455 2102 3553 2140 nec
3581 2101 3612 2139 a
3643 2086 4072 2156 comprovincia-

2496 2181 2631 2235 libus
2657 2181 2925 2248 episcopis
2947 2195 3070 2234 cum
3095 2179 3494 2247 metropolitani
3513 2177 3712 2246 judicio
3737 2181 4071 2234 consecrati.

2498 2272 2646 2326 Unde
2693 2285 2814 2326 cum
2861 2285 3005 2338 saepe
3049 2269 3276 2338 qumstio
3304 2268 3371 2323 de
3411 2268 3548 2323 male
3603 2278 3827 2336 accepto
3869 2269 4073 2324 honore

2493 2361 2902 2430 nascatur,quis
2924 2361 3182 2427 ambigat,
3199 2374 3534 2428 nequaquam
3566 2359 3680 2413 istis
3696 2373 3814 2412 esse
3837 2360 4071 2413 tribuen-

2492 2455 2638 2515 dum,
2672 2452 2814 2520 quod
2856 2467 2958 2506 non
2987 2452 3216 2506 docetur
3260 2453 3421 2506 fuisse
3448 2451 3702 2506 collatum
3726 2452 3747 2502 ?
3771 2451 3825 2506 Si
3858 2452 3946 2521 qui
3979 2467 4073 2502 au-

2494 2558 2598 2602 tem
2624 2549 2804 2603 clerici
2835 2548 2902 2601 ab
2932 2548 3047 2601 istis
3091 2545 3570 2616 pseudoepiscopis
3618 2546 3669 2599 in
3699 2545 3779 2601 eis
3825 2545 4072 2600 ecclesiis

2491 2641 2722 2694 ordinati
2753 2648 2916 2701 sunt,
2962 2652 3081 2704 qua:
3119 2638 3184 2690 ad
3217 2636 3470 2712 proprios,
3505 2636 3790 2705 episcopos
3832 2636 4065 2705 pertine-

2490 2732 2642 2797 bant,
2675 2740 2732 2786 et
2755 2730 3024 2786 ordinatio
3053 2745 3242 2785 eorum
3271 2745 3557 2792 consensu,
3577 2737 3631 2784 et
3649 2729 3857 2797 judicio
3887 2729 4069 2798 praesi-

2488 2821 2731 2875 dentium
2761 2820 2903 2874 facta
2928 2828 3030 2884 est,
3062 2827 3242 2888 potest
3265 2827 3382 2873 rata
3408 2819 3597 2873 haberi
3628 2836 3641 2870 :
3675 2819 3748 2872 ita
3771 2827 3833 2871 ut
3862 2819 3916 2871 in
3945 2818 4068 2887 ipsis

2490 2913 2730 2968 ecclesiis
2755 2920 3127 2981 persewrent.
3151 2911 3321 2965 Aliter
3347 2918 3527 2964 autem
3548 2925 3688 2964 vana
3715 2909 3961 2964 habenda
3990 2918 4066 2963 est

2489 3000 2850 3068 etmseeratio,
2879 3015 3000 3068 qua:
3029 3015 3130 3055 nec
3165 2999 3288 3054 loco
3315 2998 3534 3053 fundata
3564 3010 3670 3066 est,
3699 3014 3802 3054 nec
3827 3000 4060 3053 auctori-

2488 3101 2598 3145 tatc
2631 3093 2854 3146 munita.

2557 3181 2717 3252 Cujus
2745 3200 2926 3252 supra,
2953 3187 3033 3236 tit.
3073 3184 3161 3238 '55.
3186 3184 3319 3237 Cum
3347 3197 3478 3252 ergo
3507 3183 3574 3237 de
3599 3188 3796 3238 summi
3817 3181 4062 3236 sacerdo-

2489 3274 2554 3328 tis
2595 3273 2860 3328 electione
2900 3275 3240 3338 tractabitur,
3279 3275 3370 3329 ille
3421 3274 3668 3330 omnibus
3712 3273 4058 3343 praeponitur,

2407 3354 2452 3417 C
2485 3381 2646 3434 quem
2669 3366 2822 3429 cleri,
2855 3365 3136 3434 plebisque
3179 3380 3473 3421 consensus
3511 3363 3857 3420 concorditer
3883 3370 4057 3432 postu-

2484 3453 2645 3508 larint
2673 3471 2687 3507 ;
2719 3455 2792 3507 ita
2823 3462 2882 3506 ut
2916 3454 2962 3507 si
2988 3453 3043 3507 in
3076 3453 3234 3506 aliam
3267 3453 3407 3507 forte
3431 3466 3718 3521 personam
3748 3451 3981 3520 partium
4007 3464 4062 3503 se

2484 3552 2608 3596 vota
2640 3543 2937 3608 diviserint,
2987 3541 3390 3612 metropolitani
3423 3541 3624 3609 judicio
3667 3541 3714 3595 is
3743 3541 3900 3595 alteri
3931 3554 4059 3608 prato

2484 3641 2735 3702 ponatur,
2765 3633 2857 3701 qui
2882 3632 3179 3701 majoribus
3204 3641 3262 3687 et
3278 3632 3467 3687 studiis
3487 3631 3726 3701 juvatur,
3757 3640 3815 3686 et
3839 3630 4058 3691 meritis,

2487 3731 2692 3778 tantum
2721 3733 2780 3778 ut
2808 3723 2986 3778 nullus
3015 3723 3217 3788 invitis,
3264 3731 3322 3777 et
3361 3738 3469 3778 non
3503 3722 3812 3792 petentibus
3847 3721 4058 3775 ordine-

2488 3824 2596 3879 tur,
2628 3830 2696 3869 ne
2725 3815 2914 3869 civitas
2945 3815 3261 3883 episcopum
3287 3828 3396 3867 non
3424 3822 3672 3882 Optatum
3700 3819 3795 3864 aut
3821 3820 4058 3865 contem-

2485 3916 2597 3971 nat,
2640 3915 2733 3960 aut
2760 3906 2958 3974 oderit,
2985 3913 3040 3961 et
3068 3907 3162 3960 ﬁat
3185 3905 3365 3960 minus
3400 3905 3650 3972 religiosa
3681 3918 3847 3972 quam
3871 3916 4059 3958 conve-

2483 3999 2587 4066 nit,
2609 4001 2695 4054 cui
2725 4015 2832 4054 non
2859 3999 3074 4054 licuerit
3097 3998 3319 4065 habere,
3350 4011 3511 4066 quem
3533 3996 3722 4051 voluit.

2481 4110 2757 4171 CCXXIX.
2788 4109 2937 4177 Quod
2957 4111 3087 4165 nulli
3101 4110 3360 4165 sacerdoti
3379 4124 3607 4162 canones
3623 4109 3777 4161 liceat
3795 4109 4055 4178 ignorare.

2554 4217 2637 4270 Ex
2668 4217 2857 4270 decret.
2889 4229 3039 4283 papa:
3063 4211 3296 4274 (latest,
3330 4211 3409 4264 tit.
3439 4209 3529 4262 20.
3567 4207 3896 4265 leestinus
3939 4208 4056 4261 uni-

2481 4308 2651 4362 versis
2678 4304 2948 4374 episcopis
2978 4318 3076 4373 per
3094 4302 3346 4372 Apuliam
3372 4308 3431 4354 et
3455 4299 3761 4354 Calabriam
3791 4300 4056 4353 constitu-

2480 4398 2567 4452 tis.
2600 4395 2740 4450 Nulli
2781 4393 3125 4450 sacerdotum
3168 4407 3298 4447 snos
3324 4390 3488 4445 liceat
3519 4403 3757 4444 canones
3786 4389 4052 4456 ignorare,

2477 4502 2578 4541 nec
2625 4486 2915 4554 quidquam
2949 4484 3149 4549 facere,
3200 4480 3344 4550 quod
3392 4478 3612 4533 Patrum
3649 4478 3823 4548 possit
3863 4478 4058 4546 regulis

2480 4575 2719 4629 obviare.
2751 4576 2880 4640 Qua:
2903 4574 3044 4628 enim
3092 4588 3122 4626 a
3165 4571 3323 4626 nobis
3349 4585 3439 4624 res
3463 4569 3622 4637 digna
3658 4569 3988 4633 servabitur,
4017 4568 4057 4621 si

801 4649 995 4710 verint,
1048 4663 1155 4702 non
1204 4648 1429 4702 timeant
1475 4646 1730 4709 refutare,
1784 4646 1946 4713 quisi
2003 4662 2108 4700 non
2138 4647 2374 4699 debitum
2406 4649 2832 4721 Ddecwmpum
2885 4679 3073 4718 mum
3124 4661 3539 4717 εοηειίιυιοηιω
3597 4673 3698 4728 pro
3753 4658 4056 4725 aliquorum

804 4741 1103 4808 prmmium,
1139 4741 1221 4794 \el
1252 4739 1477 4792 liberum
1517 4738 1586 4791 de
1630 4753 1718 4801 eo,
1742 4737 1835 4805 qui
1861 4752 1955 4791 eos
2002 4746 2243 4792 recturus
2272 4747 2372 4802 est,

801 4830 1002 4884 debent
1029 4830 1230 4883 habere
1255 4829 1534 4896 judicium.

873 4920 959 4972 Ea:
986 4921 1062 4972 de.
1082 4921 1205 4973 retis
1226 4921 1371 4985 cujus
1408 4937 1586 4987 supra,
1619 4921 1698 4971 tit.
1729 4918 1813 4972 19.
1850 4919 2193 4975 Abstineatur
2215 4921 2374 4973 etiam

802 5012 870 5065 ab
901 5011 1100 5066 illicitis
1139 5012 1588 5075 ordinationibus,
1639 5013 1815 5066 nullus
1865 5028 1931 5066 cx
1982 5013 2152 5079 laicis,
2203 5013 2377 5070 nullus

799 5103 1060 5168 digamus,
1108 5102 1283 5157 nullus
1311 5103 1401 5172 qui
1450 5103 1518 5156 sit
1570 5105 1736 5157 vidua:
1777 5105 2016 5168 maritus,
2059 5116 2153 5159 aut
2195 5107 2373 5171 fuerit,

799 5191 1092 5254 ordinetur,
1116 5191 1210 5245 sed
1232 5192 1709 5261 irreprehensibilis
1731 5203 1785 5247 et
1811 5196 2022 5262 qualem
2047 5196 2206 5261 elegit
2228 5198 2376 5263 Apo-

799 5280 985 5342 stolus,
1014 5280 1124 5333 ﬁat.
1142 5279 1241 5334 Per
1259 5279 1493 5352 Moysen:
1516 5282 1770 5337 Dominus
1790 5286 2041 5353 praecepit
2067 5303 2077 5336 :
2107 5285 2374 5352 Virginem

799 5371 1030 5439 accipiat
1065 5372 1315 5426 sacerdos
1356 5388 1596 5429 uxorem.
1641 5374 2013 5443 Subsequitur,
2064 5386 2119 5429 et
2164 5379 2376 5444 supplet

801 5462 1086 5529 Apostolus
1107 5465 1294 5517 eodem
1326 5465 1533 5518 loeutus
1553 5464 1772 5533 spiritu:
1806 5467 1969 5520 Unius
1991 5466 2174 5520 uxoris
2203 5468 2373 5520 virum

799 5551 996 5604 debere
1016 5553 1320 5622 episcopum
1344 5555 1664 5608 consecrari.
1691 5554 1767 5606 Ad
1794 5555 1932 5609 hanc
1961 5570 2087 5624 ergo
2111 5557 2374 5623 eligantur

804 5644 1083 5697 formulam
1114 5647 1438 5709 sacerdotes,
1466 5648 1581 5701 etsi
1611 5663 1728 5716 quae
1757 5647 1908 5702 factm
1927 5659 2048 5702 sunt
2076 5649 2372 5704 ordinatio-

801 5749 895 5788 nes
937 5735 1154 5797 illicitw,
1171 5747 1563 5800 removeantur,
1581 5755 1831 5804 quoniam
1846 5748 1987 5792 stare
2009 5755 2113 5794 non
2129 5748 2370 5807 possunt,

803 5839 896 5878 nec
925 5825 1308 5880 discussionem
1368 5839 1604 5882 nostram
1654 5829 2019 5896 subterfugere
2085 5842 2365 5898 poterunt:

806 5918 1042 5985 quamvis
1097 5919 1260 5974 latere
1306 5936 1358 5974 se
1407 5922 1686 5986 aestiment,
1731 5922 1956 5990 qualiter
1991 5932 2368 5991 pervenerunt,

2479 4761 2653 4821 libita,
2680 4761 2889 4815 licentia
2919 4757 3134 4828 populis
3159 4755 3445 4825 permissa,
3476 4752 3772 4820 frangatur.

2477 4853 2731 4908 CCXXX.
2766 4851 2915 4914 Quod
2960 4849 3103 4903 aliud
3131 4850 3210 4901 sit
3231 4863 3386 4909 uxor,
3421 4844 3567 4898 aliud
3601 4841 3935 4914 concubina;
3969 4857 4055 4914 nec

2548 4934 2680 4977 erret
2708 4912 2938 4992 quisquis
2981 4921 3145 4992 ﬁliam
3163 4933 3312 4972 suam
3339 4917 3392 4969 in
3416 4914 3749 4968 matrimonio
3777 4912 4055 4965 tradiderit

2548 4990 2884 5048 concubinam
2911 4990 3138 5042 habenti.

2549 5104 2632 5157 Er
2655 5105 2841 5157 derret.
2869 5117 3020 5170 papa:
3043 5099 3250 5165 Leonis,
3279 5099 3361 5151 tit.
3396 5095 3484 5150 18.
3515 5097 3632 5150 Non
3653 5110 3834 5149 omnis
3866 5094 4056 5148 mulier

2477 5198 2594 5250 viro
2609 5197 2792 5265 juncta
2825 5208 2959 5246 uxor
2987 5190 3220 5254 estviri,
3248 5189 3373 5258 quia
3401 5203 3500 5242 nec
3517 5186 3692 5242 omnis
3716 5185 3860 5240 ﬁlius
3891 5186 4055 5237 heres

2478 5295 2562 5340 est
2591 5285 2750 5355 patri.
2802 5283 3117 5353 Nuptiarum
3165 5290 3343 5336 autem
3377 5280 3580 5336 fmiera
3623 5278 3769 5332 inter
3795 5277 4054 5344 ingenuos

2477 5387 2602 5432 sunt
2633 5378 2894 5445 legitima,
2924 5384 2982 5430 et
3028 5375 3168 5427 inter
3186 5371 3441 5442 :equales,
3473 5378 3523 5423 et
3574 5368 3744 5426 multo
3775 5367 3929 5435 prius
3957 5366 4053 5418 hoc

2479 5467 2654 5534 ipsum
2683 5466 2911 5521 Domino
2959 5463 3344 5527 constituente,
3373 5472 3534 5527 quam
3573 5457 3786 5513 initium
3825 5452 4048 5508 Bonnam

2473 5557 2610 5625 juris
2639 5555 2913 5610 existeret.
2958 5552 3142 5619 Itaque
3185 5548 3329 5603 aliud
3372 5555 3457 5600 est
3483 5561 3640 5608 uxor,
3671 5543 3818 5597 aliud
3849 5556 4047 5597 concu-

2479 5647 2602 5700 bina
2627 5664 2637 5697 :
2677 5646 2817 5700 sicut
2844 5642 2989 5697 aliud
3015 5641 3231 5704 ancilla,
3261 5638 3406 5693 aliud
3434 5638 3625 5691 libera.
3660 5634 3889 5703 Propter
3909 5631 4048 5700 quod

2477 5738 2638 5792 et’am
2666 5734 2954 5806 Apostolus
2987 5733 3054 5786 ad
3085 5729 3528 5785 manifestandum
3560 5727 3748 5780 harum
3793 5735 4047 5792 persona-

2481 5846 2597 5885 rum
2639 5827 3038 5889 discretionem,
3087 5821 3450 5878 testimonium
3517 5820 3668 5886 ponit
3715 5830 3782 5868 ex
3831 5810 4045 5869 Genesi,

2480 5923 2568 5976 ubi
2606 5920 2792 5976 dicitur
2824 5917 3080 5972 Abrahae;
3129 5914 3276 5983 Ejice
3307 5911 3574 5976 ancillam,
3607 5917 3658 5963 ct
3711 5906 3877 5962 ﬁlium
3909 5915 4044 5969 ejus,
