4204 6544
205 419 308 475 921

1429 411 1856 468 ιςίιιῖγιΑιιιωι
1898 412 1940 467 C
1961 412 2318 468 \NONICUM.

3373 411 3479 472 922

207 553 316 591 non
369 537 512 590 enim
551 535 723 588 hmres
765 531 863 586 erit
901 529 1040 584 ﬁlius
1086 529 1293 582 ancilla:
1342 543 1462 580 cum
1524 527 1634 580 tilio
1671 540 1791 579 meo
1819 533 1867 590 Α
1897 527 2118 580 laribus.
2149 526 2302 580 Unde
2334 535 2546 582 nonest
2573 527 2709 582 Inter
2739 542 2767 580 a
2810 527 3016 596 laqueis
3045 528 3266 598 diaboli,
3296 532 3386 600 qui
3418 547 3478 587 se

205 630 373 682 Isaac.
420 627 571 683 Unde
611 640 730 680 cum
778 623 1015 676 societas
1068 621 1376 690 nuptiarum
1417 618 1491 671 ita
1522 618 1589 672 ab
1637 615 1791 670 initio

205 718 504 773 constituta
527 716 618 782 sit,
647 722 702 766 ut
725 720 923 782 praeter
935 725 1163 765 sexuum
1189 707 1648 777 conjunctionem,
1674 720 1793 775 qua:

204 811 431 864 haberet
458 809 509 862 in
539 807 738 861 Christi
761 814 816 860 et
840 803 1096 858 Ecclesia:
1123 810 1542 867 sacramentum,
1573 798 1791 853 dubium

203 919 314 958 non
345 912 426 957 est
451 916 571 955 eam
610 899 890 954 mulierem
942 912 1048 950 non
1099 896 1370 964 pertinere
1410 893 1476 947 ad
1508 892 1789 946 matrimo-

201 999 377 1063 nium,
402 996 453 1047 in
479 1009 585 1061 qua
611 992 840 1046 docetur
863 988 1098 1057 nuptiale
1125 1003 1230 1040 non
1256 987 1422 1040 fui~se
1452 985 1786 1056 mysterium.

203 1087 370 1153 Igitur
399 1084 685 1152 cujuslibet
713 1081 813 1136 loci
845 1080 1076 1134 clericus
1102 1078 1146 1132 si
1180 1078 1340 1130 ﬁliam
1368 1091 1519 1129 suam
1552 1075 1665 1126 viro
1695 1077 1786 1125 hac

199 1178 352 1232 benti
383 1176 741 1232 c0i.cubinam
794 1173 846 1226 in
882 1170 1278 1225 matrimonium
1318 1167 1546 1230 dederit,
1579 1182 1684 1219 non
1716 1165 1787 1216 ita

199 1268 577 1337 accipiendum
609 1275 712 1332 est,
742 1263 894 1333 quasi
924 1277 1042 1315 eam
1085 1261 1375 1328 conjugato
1417 1257 1644 1318 dederit,
1685 1255 1786 1308 nisi

200 1358 342 1410 forte
373 1356 460 1409 illa
487 1356 679 1410 mulier
699 1365 752 1407 et
797 1354 1026 1421 ingenua
1061 1353 1220 1414 facta,
1246 1361 1300 1404 et
1321 1350 1504 1404 dotata
1530 1348 1782 1414 legitime,

197 1457 254 1500 et
300 1447 532 1518 publicis
561 1445 762 1514 nuptiis
794 1444 1074 1498 honestata
1124 1440 1401 1520 videatur:
1437 1446 1662 1506 paterno
1696 1452 1785 1488 ar-

201 1540 366 1592 bitrio
398 1539 524 1591 viris
564 1537 766 1606 junctm
795 1543 981 1590 carent
1023 1533 1200 1601 culpa,
1233 1533 1277 1585 si
1320 1532 1572 1584 mulieres
1598 1545 1715 1598 quae
1755 1545 1785 1582 a

200 1632 335 1686 viris
365 1630 728 1694 habebantur,
762 1630 814 1681 in
844 1627 1188 1680 matrimonio
1221 1641 1324 1678 non
1359 1624 1607 1678 fuerunt:
1641 1621 1786 1676 aliud

197 1731 282 1776 est
307 1731 494 1790 nupta,
525 1719 668 1773 aliud
697 1717 1016 1773 concubina.

274 1831 556 1889 CCXXXI.
590 1831 739 1891 Quod
764 1847 865 1884 non
897 1831 960 1884 sit
986 1830 1212 1898 ronjngii
1241 1829 1325 1891 du,
1349 1828 1546 1891 licatio,
1580 1842 1692 1878 cum

471 1920 552 1955 an.
572 1903 664 1955 illa
687 1905 903 1969 eapulsa
933 1917 1064 1951 utor
1085 1901 1314 1951 intremit
1341 1907 1479 1952 atur.

255 2017 339 2069 Ea:
368 2017 587 2069 decretis
618 2031 767 2083 papa:
819 2012 1030 2078 Leonis,
1070 2016 1145 2065 tit.
1181 2012 1266 2065 19.
1314 2011 1573 2064 Ancillam
1607 2019 1629 2044 ιι
1662 2025 1778 2063 ma-

194 2119 351 2163 trona
386 2116 608 2174 accepta
632 2104 891 2172 abjicere,
925 2113 981 2158 et
1033 2119 1255 2157 uxorem
1288 2110 1448 2156 certae
1489 2101 1782 2169 iugenuita~

193 2200 262 2252 tis
285 2197 555 2264 accipere,
607 2211 714 2249 non
745 2194 1035 2263 duplicatio
1075 2192 1333 2260 conjugii,
1367 2191 1459 2244 sed
1507 2190 1780 2260 profectus

191 2298 276 2344 est
325 2289 652 2342 honestatis.
685 2285 963 2354 Culpanda
995 2293 1078 2338 est
1104 2298 1236 2336 sane
1279 2284 1461 2335 talium
1507 2281 1782 2348 negligen~

190 2382 286 2444 tia,
321 2379 416 2434 sed
475 2395 580 2434 non
610 2379 826 2447 penitus
859 2376 883 2414 δ
913 2375 1238 2446 deperanda,
1266 2385 1316 2428 ut
1352 2375 1555 2429 crebris
1584 2375 1778 2428 exhor-

189 2469 486 2524 tationibus
533 2469 762 2535 incitati,
813 2468 958 2538 quod
1031 2468 1340 2522 necessario
1402 2467 1780 2535 expetiverunt

189 2559 429 2614 ﬁdeliter
477 2567 864 2627 exsequantur.
900 2558 1068 2612 Nemo
1100 2558 1242 2610 enim
1282 2557 1647 2626 desperandus
1674 2564 1774 2621 est,

186 2652 317 2703 dum
349 2650 400 2703 in
444 2649 549 2704 hoc
599 2663 830 2718 corpore
875 2649 1202 2702 constitutus
1233 2649 1477 2717 est,quia
1533 2663 1778 2702 nonnun-

185 2755 352 2807 quam
379 2742 524 2809 quod
551 2739 843 2794 diffidentia
865 2739 1040 2794 celatis
1069 2738 1334 2807 diﬁ'ertur,
1359 2739 1580 2793 consilio
1605 2749 1779 2792 mutu--

184 2831 334 2885 riore
359 2829 651 2898 perﬁcitur.

184 2960 501 3017 CCXXXII.
535 2960 614 3018 De
643 2964 998 3017 communione
1036 2963 1268 3032 privatis,
1301 2969 1349 3013 et
1385 2961 1456 3014 ita
1494 2961 1771 3028 defunctis.

255 3075 346 3128 Ea:
390 3075 610 3129 decretis
654 3092 804 3143 parte
849 3075 1060 3138 Leonis,
1115 3077 1196 3129 tit.
1248 3074 1335 3130 ‘20.
1378 3073 1580 3127 Horum
1612 3087 1773 3127 causa

181 3168 281 3222 Dei
309 3168 516 3237 judicio
567 3166 892 3222 reservanda
928 3177 1031 3231 est,
1073 3168 1126 3221 in
1173 3167 1326 3234 cujus
1356 3181 1515 3219 manu
1555 3165 1673 3228 fuit,
1715 3172 1773 3216 ut

1895 618 2096 673 militia:
2121 619 2404 673 mundana:
2432 619 2662 674 voluerit
2690 619 2983 690 implicare.

1894 753 2125 831 CCXXX
2139 752 2220 831 YI.
2243 754 2405 831 Quod
2429 758 2746 831 adolescens,
2765 756 2812 808 si
2839 763 3053 831 urgente
3080 751 3303 823 quolibet
3334 768 3472 831 mor-

1965 826 2027 878 tis
2057 826 2282 891 pericu'o
2330 827 2682 892 paenitentiam
2722 828 2954 893 gesserit,
2988 835 3035 877 et
3073 840 3177 877 non
3206 839 3260 876 se
3307 826 3474 875 conti-

1961 898 2147 960 nuerit,
2179 897 2354 951 ua‘oris
2383 895 2563 948 debeat
2593 897 2815 950 remedio
2845 894 3147 950 sustentari.

1965 1027 2043 1078 Er
2074 1028 2289 1081 decretis
2316 1044 2465 1097 papa:
2513 1027 2701 1091 Leon.,
2735 1030 2819 1083 tit.
2871 1027 2961 1081 25.
3002 1028 3060 1082 ln
3103 1024 3469 1082 adolescentia

1890 1117 2210 1171 constitutus
2249 1119 2312 1182 si,
2347 1129 2568 1188 urgente
2597 1129 2688 1174 aut
2714 1128 2859 1174 metu
2887 1119 3097 1178 mortis,
3128 1116 3473 1185 autcaptivi-

1891 1209 2016 1262 tatis
2060 1209 2317 1278 periculo,
2351 1210 2720 1278 paenitentiam
2762 1209 2948 1279 gessit,
2981 1217 3036 1263 et
3059 1216 3247 1278 postea
3274 1207 3471 1260 timens

1889 1301 2092 1369 lapsum
2117 1303 2517 1356 incontinentiae
2547 1304 2768 1358 veniafis
2793 1301 3040 1372 copulam
3073 1300 3256 1355 uxoris
3285 1299 3467 1366 elegit,

1888 1404 1954 1442 ne
1984 1389 2186 1443 crimen
2233 1390 2593 1444 fornicationis
2642 1391 2962 1458 incurreret,
3008 1405 3122 1444 rem
3154 1388 3365 1444 videtur
3394 1389 3471 1442 fe-

1886 1479 2023 1533 cisse
2054 1479 2339 1544 venialem,
2375 1480 2418 1533 si
2450 1489 2648 1550 praeter
2683 1481 2972 1549 conjugem
3015 1481 3214 1534 nullam
3245 1479 3469 1534 omnino

1886 1573 2216 1641 cognoverit.
2249 1571 2304 1625 In
2328 1589 2435 1639 quo
2460 1581 2638 1627 tamen
2663 1589 2770 1626 non
2799 1575 3038 1640 regulam
3069 1572 3471 1634 constituimus,

1884 1666 1978 1719 sed
2008 1665 2134 1734 quid
2163 1667 2231 1718 sit
2263 1664 2596 1720 tolerabilius
2637 1664 2994 1728 aestimamus;
3023 1679 3146 1717 nam
3173 1663 3467 1717 secundum

1885 1773 2073 1812 veram
2102 1759 2465 1827 cognitionem
2491 1805 2494 1810 .
2518 1759 2649 1812 nihil
2688 1758 2858 1826 magis
2881 1758 2932 1811 ci
2962 1757 3209 1826 congruit
3233 1756 3323 1823 qui
3355 1768 3468 1824 pce-

1813 1879 1860 1939 B
1890 1850 2167 1903 nitentiam
2198 1850 2386 1918 gessit,
2409 1863 2571 1917 quam
2603 1848 2828 1903 castitas
2854 1862 3206 1918 perseverans
3235 1854 3292 1900 et
3319 1859 3469 1899 tuen-

1887 1939 1955 1992 tis
1982 1947 2034 1992 et
2061 1938 2321 2007 corporis.

1938 2070 2286 2126 CCXXXVII.
2322 2072 2470 2138 Quod
2498 2073 2831 2127 subdiaco-is
2851 2073 3064 2127 carnale
3091 2072 3382 2127 connubia»

2523 2145 2820 2213 denegetur.

1953 2253 2034 2305 Er
2063 2255 2279 2307 decretis
2313 2269 2462 2323 papce
2511 2252 2700 2321 Leon.,
2732 2254 2812 2307 tit.
2845 2253 2937 2308 31.
2968 2254 3100 2308 Nam
3148 2270 3269 2309 cum
3303 2263 3457 2308 extra

1881 2344 2204 2398 clericorum
2245 2343 2488 2398 ordinem
2534 2345 2841 2400 constitutis
2868 2346 3173 2415 nuptiarmn
3215 2347 3462 2402 societati

1882 2444 1937 2489 et
1955 2435 2314 2504 procreationi
2337 2434 2565 2489 ﬁliorum
2589 2435 2808 2492 studere
2827 2437 2899 2492 sit
2917 2438 3142 2492 liberum
3156 2440 3461 2507 arbitrium,

1881 2525 1948 2580 ad
1969 2525 2286 2580 exibendam
2312 2534 2488 2580 tamen
2509 2542 2559 2596 p;
2578 2527 2759 2580 rfectae
2781 2529 3125 2583 continentia:
3149 2531 3461 2597 puritatem.

1881 2630 1948 2670 ne
1978 2613 2324 2669 subdiaconis
2353 2615 2570 2684 quidem
2597 2615 2927 2669 connubiutn
2956 2617 3173 2672 carnale
3202 2618 3461 2673 concedi-

1880 2716 1984 2772 tur,
2016 2718 2073 2762 ut
2103 2718 2154 2762 ct
2180 2709 2272 2778 qui
2297 2709 2520 2778 habent,
2547 2709 2654 2766 sint
2682 2718 2933 2780 tanquam
2962 2727 3068 2766 non
3098 2712 3375 2778 habentes,
3406 2724 3462 2768 et

1876 2802 1969 2869 qui
1998 2817 2104 2856 non
2125 2803 2326 2857 habent
2343 2811 2692 2873 permaneant
2710 2803 3191 2872 singulares.Quod
3212 2804 3256 2860 si
3280 2806 3333 2858 in
3353 2805 3458 2860 hoc

1877 2893 2090 2959 ordine,
2127 2893 2220 2963 qai
2261 2903 2491 2962 quartus
2518 2893 2652 2947 ordo
2685 2901 2770 2948 est
2818 2910 2847 2946 a
2877 2894 3075 2963 capite,
3125 2895 3342 2963 dignum
3377 2903 3462 2950 est

1877 2983 2162 3048 custodiri,
2195 2993 2398 3052 quanto
2445 2984 2615 3053 magis
2661 2983 2712 3038 in
2745 2983 2938 3052 primo,
2968 2984 3052 3039 vel
3081 2985 3317 3041 secundo
3349 2994 3459 3041 ter-

1879 3077 2062 3145 tioque
2089 3077 2412 3132 servandum
2442 3085 2547 3144 est,
2586 3091 2654 3132 ne
2681 3085 2774 3130 aut
2800 3075 3038 3142 levitieo,
3068 3086 3161 3132 aut
3181 3079 3464 3150 presbyte-

1877 3166 1972 3220 rali
2019 3167 2247 3232 honore,
2288 3176 2382 3221 aut
2433 3166 2728 3236 episcopali
2780 3166 3100 3222 excellentia
3175 3168 3461 3236 quisquam

183 3258 378 3312 talium
406 3258 587 3312 obitus
609 3272 781 3325 usque
811 3258 877 3311 ad
904 3257 1300 3311 communionis
1331 3253 1630 3310 remedium
1663 3270 1769 3307 non
1800 3227 1846 3288 Ο
1879 3257 2105 3312 idoneus
2132 3258 2445 3320 aestimetur,
2477 3257 2566 3327 qui
2611 3272 2671 3312 se
2723 3271 2755 3312 a
2785 3257 3064 3314 voluntate
3111 3260 3300 3314 uxoria
3333 3275 3460 3314 nec-

181 3347 499 3413 .liﬂ‘eratur;
523 3362 624 3402 nos
653 3355 833 3401 autem
850 3347 1044 3416 quibus
1071 3347 1375 3400 viventibus
1397 3361 1503 3399 non
1530 3360 1774 3400 commu-

182 3438 513 3505 nicavimus,
545 3438 776 3493 mortuis
798 3438 1200 3493 communicare
1223 3453 1331 3492 non
1360 3452 1662 3507 possumus.

183 3550 513 3606 CCXXXIII.
550 3550 700 3614 Quod
727 3560 961 3620 oporteat
980 3569 1095 3605 eum
1127 3554 1210 3622 qui
1235 3569 1324 3613 iro
1349 3551 1543 3604 illicitis
1571 3569 1608 3604 υ.
1631 3552 1770 3604 niant

503 3623 732 3687 postulat
758 3624 913 3675 etiam
940 3639 972 3675 a
1003 3624 1156 3676 licitis
1185 3622 1457 3675 abstinere.

257 3733 345 3788 Ex
377 3735 599 3789 decret‘s
632 3751 714 3804 pa;
736 3751 781 3789 te
812 3734 1015 3798 Leonis,
1050 3737 1126 3787 tit.
1147 3734 1234 3787 22.
1270 3733 1424 3786 Aliud
1455 3733 1671 3802 quidem
1690 3746 1774 3790 est

180 3826 372 3881 debita
402 3839 713 3894 reposcere,
755 3825 903 3879 aliud
953 3826 1171 3895 propria
1204 3826 1554 3894 perfectionis
1586 3841 1772 3882 amore

185 3927 575 3982 contemnere;
632 3917 726 3973 sed
768 3917 1079 3972 illicitorum
1143 3918 1354 3971 veniam
1410 3918 1771 3986 postulantem

184 4017 408 4079 oportet
437 4011 601 4063 etiam
633 4024 662 4062 a
695 4009 856 4064 licitis
877 4009 1183 4074 abstinere;
1215 4010 1430 4064 dicente
1459 4010 1722 4081 Apostolo
1753 4030 1762 4063 :

183 4100 381 4155 Omnia
420 4099 607 4163 licent,
654 4100 749 4154 sed
787 4115 894 4152 non
945 4101 1126 4154 omnia
1173 4100 1484 4168 expediunt.
1529 4098 1677 4154 Unde
1725 4102 1768 4154 si

183 4193 519 4260 paenitentes
557 4190 759 4244 habent
811 4204 1050 4254 causam,
1099 4203 1260 4257 quam
1321 4189 1591 4257 negligere
1630 4189 1772 4244 forte

183 4296 296 4336 non
349 4281 605 4342 debeant,
657 4279 849 4334 melius
914 4280 1122 4350 expetit
1171 4280 1292 4348 quis
1345 4279 1771 4337 ecclesiasticum

181 4386 348 4439 quam
373 4371 587 4426 forense
612 4369 893 4438 judicium.

181 4482 517 4539 CCXXXIV.
557 4483 707 4547 Quod
734 4485 1000 4551 ptenitenti
1028 4485 1179 4564 nulla.
1207 4485 1352 4539 lucra
1397 4486 1769 4555 negotiationis

705 4570 758 4606 ω
771 4570 942 4607 arcere
971 4566 1260 4607 conveniat.

250 4645 342 4700 Ea:
365 4647 506 4702 decr.
538 4663 689 4716 papa:
713 4645 898 4710 Leon.,
933 4649 1012 4701 tit.
1046 4647 1134 4701 25.
1168 4647 1411 4713 Qualitas
1435 4649 1566 4704 lucri
1600 4665 1768 4718 nego-

181 4739 414 4792 tiantem
441 4746 532 4792 aut
578 4748 823 4804 excusat,
864 4748 956 4795 aut
984 4741 1178 4810 arguit,
1210 4741 1334 4809 quia
1378 4751 1460 4796 est
1507 4744 1769 4799 honestus

178 4838 441 4895 quaestus,
497 4837 553 4882 et
601 4829 794 4897 turpis.
835 4829 1216 4883 Verumtamen
1257 4832 1536 4899 pmnitenti
1580 4833 1764 4890 utilius

178 4916 465 4987 dispendia
503 4918 632 4986 pati,
658 4933 817 4986 quam
841 4918 1094 4987 periculis
1123 4921 1504 4986 negotiationis
1525 4922 1762 4977 obstrin-

177 5007 229 5074 gi
251 5006 412 5075 ;quia
441 5005 664 5061 difﬁcile
689 5016 772 5061 est
791 5007 930 5062 inter
957 5009 1189 5062 ementis
1203 5010 1590 5080 vendentisquc
1614 5028 1766 5068 com-

179 5097 444 5151 mercium
472 5111 578 5148 non
608 5095 934 5152 intervenire
962 5108 1270 5167 peceatum.

177 5204 485 5262 CCXXXV.
518 5206 666 5270 Quod
712 5208 781 5282 ad
811 5209 1048 5282 militiam
1095 5212 1395 5282 scecularent
1431 5221 1544 5278 post
1590 5217 1760 5282 poeni-

609 5279 820 5332 tentiam
845 5279 1014 5332 redire
1041 5295 1144 5334 non
1171 5281 1336 5334 debet.

249 5386 333 5440 Ea:
371 5388 591 5440 decretis
617 5403 764 5456 papa:
792 5387 1000 5453 Leonis,
1043 5392 1124 5444 tit.
1156 5390 1248 5445 24.
1299 5392 1643 5448 Contrarium
1675 5405 1760 5451 est

174 5480 399 5534 onmino
428 5479 807 5535 ecclesiasticis
835 5482 1050 5552 regulis,
1082 5494 1203 5553 post
1226 5485 1555 5554 pmnitentia:
1585 5490 1754 5543 actio-

173 5585 294 5624 nem
333 5569 513 5624 redire
541 5569 607 5624 ad
638 5570 881 5623 militiam
922 5573 1256 5639 sarcularem,
1302 5591 1421 5629 cum
1455 5576 1752 5645 Apostolus

171 5662 346 5718 dicat:
382 5660 552 5717 Nemo
583 5662 817 5719 militans
841 5664 951 5720 Deo
977 5666 1217 5737 implicat
1245 5685 1302 5725 se
1330 5673 1554 5740 negotiis
1578 5688 1747 5730 saccu-

240 5827 262 5857 ⁸
293 5817 446 5874 Dion.
479 5817 659 5886 Exig.,
694 5834 722 5869 a
754 5827 862 5873 toro
898 5817 1135 5890 abjirere.

1876 3349 1999 3404 dum
2030 3348 2270 3405 frenasse
2298 3349 2566 3419 detegitur

1874 3478 2246 3534 CCXXXVIII.
2319 3491 2336 3555 t
2356 3482 2501 3535 nulla
2515 3483 2687 3555 pri-tia
2709 3483 2774 3537 de
2800 3482 3124 3547 baptizandis
3151 3487 3464 3555 consignan-

2283 3551 2462 3620 disque
2491 3551 2734 3622 ﬁde:ibus
2753 3555 3048 3623 exigeretur.
3141 3554 3148 3572 '

1955 3685 2037 3739 Ea:
2064 3686 2280 3741 decretis
2303 3703 2452 3757 papa:
2479 3685 2692 3753 Gelasii,
2710 3688 2858 3742 titulo
2875 3689 2926 3743 5.
2955 3688 3296 3760 Baptiaandis
3322 3707 3462 3748 cou-

1882 3777 2263 3847 signandisque
2319 3778 2564 3835 ﬁdelibus
2605 3781 2777 3848 pretia
2825 3781 2970 3835 nulla
3027 3783 3326 3853 przeﬁgant,
3362 3801 3462 3840 nec

1881 3868 2212 3924 illationihus
2238 3868 2567 3937 quibuslibet
2612 3871 2878 3940 impositis
2928 3873 3206 3940 exagitare
3243 3875 3466 3945 cupiant

1879 3969 2247 4027 renascentes,
2278 3962 2531 4031 quoniam
2576 3961 2722 4030 quod
2762 3964 2931 4030 gratis
2965 3964 3255 4032 accipimus
3295 3969 3462 4035 gratis

1878 4053 2007 4108 dare
2035 4053 2390 4119 mandamur;
2432 4062 2488 4108 et
2532 4054 2654 4109 ideo
2683 4055 2815 4109 nihil
2846 4071 2879 4110 a
2927 4057 3196 4126 przedictis
3243 4075 3464 4129 prorsus

1880 4144 2098 4211 exigere
2136 4143 2451 4209 moliantur,
2481 4160 2589 4214 quo
2619 4145 2701 4200 vel
2742 4156 3063 4217 paupertate
3089 4159 3319 4219 cogente
3348 4161 3461 4208 ter-

1879 4233 1989 4298 riti,
2041 4233 2124 4288 vel
2177 4233 2544 4302 indignatione
2595 4236 2858 4304 revocati,
2911 4238 3300 4309 redemptionis
3352 4258 3462 4297 sua:

1878 4337 2068 4376 causas
2098 4324 2247 4376 adire
2279 4323 2574 4392 despiciant
2601 4343 2610 4377 :
2661 4334 2866 4380 certum
2915 4326 3178 4386 habentes
3198 4331 3340 4400 quod
3367 4335 3460 4402 qui

1878 4412 2145 4480 proliibta
2176 4412 2496 4482 deprehensi
2511 4414 2712 4470 fuerint
2738 4416 3038 4487 admisisse,
3062 4421 3144 4474 vel
3168 4424 3459 4478 commiSsa

1801 4547 1854 4605 Β
1878 4518 1986 4557 non
2019 4504 2197 4574 potius
2226 4520 2322 4559 sua
2352 4514 2548 4575 sponte
2585 4511 2946 4576 correxerint,
2966 4514 3266 4582 periculum
3310 4518 3458 4572 subi-

1883 4595 1985 4651 turi
2017 4596 2222 4666 proprii
2249 4597 2358 4652 sint
2385 4598 2630 4655 honoris.

1873 4729 2199 4805 CCXXXIX.
2256 4732 2675 4805 Presbyterorunt
2739 4747 2789 4790 et
2844 4738 3184 4794 diaconorum
3233 4742 3451 4797 ordina-

2062 4804 2223 4858 tiones
2262 4804 2618 4860 certis’dbere
2644 4807 2892 4863 celebrari
2922 4811 3253 4880 temporibus.

1946 4931 2024 4988 Ex
2069 4934 2288 4989 decretis
2335 4953 2486 5006 papa:
2537 4936 2754 5003 Gelasii,
2804 4952 2882 4995 tit.
2938 4942 3026 4996 Il.
3074 4943 3454 5006 Ordinationcs

1869 5025 2026 5079 etiam
2047 5025 2480 5093 presbyterorum
2503 5027 2983 5101 diaconorumquc,
3011 5035 3112 5090 nisi
3132 5038 3293 5092 certis
3317 5048 3452 5094 tem-

1868 5116 2085 5185 poribus
2110 5123 2164 5170 et
2210 5117 2402 5172 diebus
2428 5132 2684 5174 exercere
2729 5136 2835 5174 non
2885 5122 3102 5192 debent,
3135 5125 3187 5178 id
3218 5135 3301 5182 est
3343 5130 3452 5198 pii-

1865 5208 1937 5261 mi
1967 5217 2021 5261 et
2058 5210 2238 5276 quarti
2268 5211 2466 5265 mensis
2488 5211 2717 5280 jejunio,
2760 5215 2975 5283 septimi
3013 5225 3069 5271 et
3096 5216 3319 5273 decimi:
3351 5221 3449 5276 sed

1861 5301 2027 5355 etiam
2058 5303 2540 5371 qnadragesimalis
2589 5304 2745 5370 initii,
2779 5322 2842 5361 ac
2873 5310 3119 5364 mediana
3147 5313 3446 5383 quadrage-

1861 5393 2010 5446 sima:
2052 5393 2158 5459 die,
2190 5395 2397 5448 sabbati
2447 5394 2657 5464 jejunio
2708 5398 2853 5453 circa
2903 5415 3183 5469 vesperam
3233 5407 3446 5462 noverit

1859 5486 2232 5541 celebrandas.
2258 5487 2365 5542 Nec
2388 5489 2676 5557 cujuslibet
2695 5491 2938 5546 utilitatis
2958 5509 3144 5564 causa,
3175 5512 3270 5553 seu
3294 5515 3445 5569 pres-

1858 5577 2125 5646 byterum,
2155 5593 2248 5631 seu
2301 5578 2585 5635 diaconum
2615 5582 2696 5637 his
2725 5583 2978 5654 preferre
3019 5589 3112 5659 qui
3141 5601 3267 5647 ante
3291 5591 3436 5662 ipsos

1857 5669 2056 5729 fuerint
2084 5671 2317 5725 ordinati

1925 5827 1948 5867 lt
1983 5825 2132 5883 Dion.
2166 5826 2341 5898 Exig,
2373 5829 2670 5887 deserenda.
