5174 6604
1705 520 1810 575 923

2840 513 3175 569 CIllSCONll
3219 513 3545 568 AFRICANI
3589 512 3887 568 EPISCOI'I

4880 521 4979 576 921

1705 628 1902 685 CCXL.
1939 628 2007 683 Ut
2037 629 2327 682 constitutis
2363 627 2537 680 dubus
2580 627 2800 696 virgines
2831 643 2994 680 sacra:
3035 627 3281 681 celentur.
3316 627 3365 686 Λ
3393 624 3639 678 humanm
3670 624 3938 692 lragilitati
3965 625 4293 692 generaliter
4319 640 4577 683 concessa
4607 629 4845 697 licentia,
4881 634 4984 689 alia

1779 740 1862 794 Ea;
1893 741 2113 794 decretis
2159 755 2310 810 papa:
2357 737 2570 803 Gelasii,
2604 738 2681 790 tit.
2722 737 2808 793 1‘2.
2838 736 3055 792 Devotis
3077 753 3290 806 quoque

1707 833 2023 903 virginibus,
2057 833 2159 886 nisi
2188 839 2282 885 aut
2326 831 2380 884 in
2431 829 2874 898 Epiphaniorum,
2917 839 3009 884 aut
3057 831 3107 885 in
3157 831 3291 884 albis

1706 922 2078 984 l-‘aschalibns,
2108 928 2200 975 aut
2247 921 2299 974 in
2352 921 2732 990 Apostolorum
2764 923 3052 987 natalibus,
3077 938 3288 977 sacrum

1706 1015 1926 1068 minime
1956 1013 2200 1068 velamen
2251 1013 2561 1081 imponant;
2614 1014 2714 1066 nisi
2762 1014 3008 1078 forsitan,
3039 1015 3176 1067 sicut
3221 1013 3290 1068 de

1705 1108 2030 1176 baptismate
2059 1106 2262 1160 dictum
2291 1116 2392 1169 est,
2427 1107 2575 1174 gravi
2608 1107 2864 1173 languore
2905 1108 3192 1177 correptis,
3225 1124 3291 1163 ne

1706 1198 1823 1250 sine
1853 1198 1954 1252 hoc
2005 1212 2231 1252 munere
2259 1197 2327 1251 de
2366 1197 2562 1252 satculo
2594 1205 2814 1263 exeant,
2881 1199 3292 1268 implorantibus

1708 1306 1816 1344 non
1846 1299 2097 1359 negetur.

2035 1424 2258 1480 CCXLI.
2289 1423 2354 1476 Ut
2385 1425 2550 1479 uidua:
2581 1444 2681 1480 non
2724 1427 2966 1480 releutur.

1783 1555 1867 1610 Ex
1905 1558 2122 1610 decretis
2152 1574 2302 1626 para:
2347 1558 2560 1623 Celasii,
2609 1561 2687 1612 tit.
2737 1560 2824 1614 15.
2869 1561 3065 1616 Viduas
3110 1573 3289 1618 autem

1708 1645 1890 1700 velare
1920 1647 2231 1715 pontilicutn
2262 1649 2440 1703 nullus
2464 1658 2716 1716 attentet,
2747 1653 2890 1721 quod
2922 1670 3019 1707 nec
3051 1656 3290 1708 auctori-

1709 1737 1843 1790 ritas
1873 1737 2054 1791 divina
2090 1738 2322 1806 delegat,
2354 1755 2452 1795 nec
2497 1756 2767 1796 canonum
2791 1743 2962 1797 forma
2987 1746 3289 1814 prteslituit.

1709 1827 1827 1881 Non
1857 1838 1942 1882 est
1969 1844 2098 1895 ergo
2130 1833 2342 1896 penitus
2374 1833 2762 1900 usurpandum,
2793 1835 2980 1905 eisque
3009 1838 3087 1890 sic
3116 1838 3292 1891 eccle-

1710 1915 1925 1970 siastica
1959 1925 2085 1972 sunt
2115 1917 2392 1974 inferenda
2427 1922 2695 1990 praesidia,
2727 1933 2785 1978 ut
2817 1925 2945 1978 nihil
2985 1930 3292 1982 committa-

1712 2018 1802 2062 tur
1830 2009 2092 2064 illicitum.

1783 2099 1943 2170 Cujus
1971 2118 2148 2166 supra,
2199 2105 2346 2156 titulo
2375 2103 2464 2158 2|.
2501 2105 2630 2158 Nam
2681 2108 2748 2161 de
2786 2107 2960 2163 viduis
3009 2109 3109 2163 sub
3152 2110 3294 2162 nulla

1713 2191 2096 2246 benedictione
2143 2195 2384 2248 vetandis
2431 2197 2678 2264 superius
2710 2198 2816 2252 late
2862 2200 3109 2254 duximus
3137 2201 3299 2255 disse-

1718 2281 1968 2335 rendum.
2004 2281 2134 2348 Quae
2180 2285 2223 2337 si
2256 2287 2472 2354 propria
2528 2288 2801 2341 voluntate
2849 2290 3144 2357 professam
3186 2291 3296 2360 pri-

1715 2372 1843 2426 stini
1892 2373 2130 2443 conjugii
2185 2376 2489 2430 eastitatem
2537 2379 2777 2432 tttutahili
2828 2388 3005 2434 mente
3052 2381 3298 2435 calcave-

1715 2463 1844 2525 rint,
1893 2464 2116 2532 periculi
2163 2480 2350 2520 earnm
2399 2468 2640 2521 intererit
2671 2470 2814 2538 quali
2863 2471 3028 2524 Deum
3071 2472 3302 2526 debeant

1720 2553 2091 2609 satisfactione
2121 2555 2356 2625 placare.
2391 2558 2541 2612 Sicut
2569 2559 2712 2612 enim
2756 2559 2799 2612 si
2831 2575 2889 2614 se
2914 2562 3136 2615 forsitan
3169 2579 3301 2617 cort-

1724 2646 1900 2699 tinere
1929 2661 2037 2700 non
2086 2656 2338 2715 poterant
2368 2649 2660 2703 secundum
2693 2651 3036 2720 Apostolum,
3070 2654 3303 2708 nullate-

1735 2751 1835 2788 nus
1888 2737 2094 2792 nubere
2134 2739 2486 2803 vetabantur;
2517 2740 2594 2794 sic
2643 2742 2820 2794 habita
2873 2759 3056 2797 secum
3104 2744 3306 2800 delibe-

1720 2827 1932 2882 ratione
1981 2830 2300 2898 promissam
2355 2833 2463 2886 lteo
2495 2835 2760 2901 plltlit'llltc
2816 2836 2969 2889 tidem
3007 2839 3307 2893 debuerunt

1723 2917 2018 2972 custodire.
2047 2917 2157 2973 Nos
2183 2929 2362 2973 autem
2398 2923 2600 2974 natium
2635 2925 2829 2978 tabbns
2858 2926 3105 2995 laqueum
3137 2929 3304 2983 debe-

1726 3023 1848 3063 mus
1879 3006 2120 3076 injicere,
2149 3012 2241 3063 sed
2289 3013 2461 3066 solum
2507 3013 2841 3070 hortationes
2869 3019 3064 3079 ιτωηιίἱ
3110 3019 3309 3088 sempi-

1720 3098 1884 3164 terni,
1915 3114 2210 3168 pmnasque
2235 3117 2539 3170 proponere
2578 3103 2741 3156 divini
2786 3104 2934 3172 jmlie
2959 3108 2997 3172 i,
3043 3116 3100 3159 ut
3126 3117 3308 3160 nostra

1719 3195 1792 3249 sit
1821 3189 2066 3249 absoluta
2103 3198 2456 3260 conscientia,
2490 3208 2544 3251 et
2574 3199 2782 3253 illarum
2829 3215 2928 3268 pro
2957 3215 3015 3254 se
3047 3202 3307 3254 rationem

1727 3280 1840 3343 Deo
1871 3289 2059 3343 reddat
2088 3291 2332 3346 intentio.
2375 3291 2683 3346 Cavendum
2728 3302 2811 3347 est
2839 3294 3057 3363 quippe,
3089 3311 3208 3363 qua:
3242 3296 3308 3348 de

1726 3377 1920 3432 harum
1949 3378 2188 3434 moribus
2235 3381 2551 3450 actibusque
2604 3383 2792 3437 beatus
2841 3381 3035 3438 l’aulus
3076 3393 3304 3437 testatur

1727 3471 2025 3539 apostoius,
2056 3473 2199 3541 quod
2249 3474 2460 3542 planius
2510 3490 2783 3544 exponere
2830 3479 3182 3545 praeterimus.
3239 3494 3305 3532 ne

1731 3576 1896 3615 sexus
1925 3562 2188 3616 instabilis
2227 3579 2335 3618 non
2374 3574 2479 3618 tam
2513 3564 2774 3620 deterreri
2822 3582 2982 3636 quatn
3028 3568 3306 3621 adiuncti

1729 3652 1996 3707 videatur.

1728 3785 1970 3842 CCXLII.
2022 3786 2172 3850 Quod
2203 3791 2468 3844 da'moniis
2496 3792 2710 3862 aliisque
2752 3793 3010 3860 passionib
3051 3811 3073 3846 s
3101 3795 3314 3848 irretitis

2022 3875 2173 3912 sacra
2203 3863 2447 3930 mysteria
2475 3871 2700 3914 tractare
2730 3879 2831 3915 non
2861 3865 2879 3916 ι
2903 3873 3033 3916 real.

1808 3988 1894 4043 Ea:
1937 3989 2152 4042 decretis
2195 3992 2339 4060 cujus
2378 4008 2555 4058 supra,
2585 3992 2664 4043 tit.
2699 3991 2780 4044 19.
2819 3990 2997 4059 Usque
3027 3992 3160 4044 adeo
3189 4006 3318 4043 sane

1733 4081 2116 4149 comperimus,
2150 4081 2331 4135 illicita
2357 4096 2582 4149 qnzeque
2609 4096 2981 4150 prorumpere,
3022 4090 3077 4133 nt
3117 4081 3318 4133 daemo-

1733 4171 1839 4224 niis
1866 4171 1964 4224 sim
1992 4171 2236 4240 libusque
2259 4172 2592 4240 passionibus
2640 4173 2875 4225 irretitas
2915 4170 3205 4223 ministeria
3236 4185 3320 4222 sa-

1734 4273 2017 4318 crosancta
2051 4271 2280 4317 tractare
2313 4264 2576 4316 tribuatur
2608 4282 2620 4314 :
2647 4263 2839 4331 quibus
2865 4263 2907 4316 si
2939 4263 2990 4314 in
3024 4262 3125 4315 hoc
3151 4273 3318 4328 opere

1735 4352 1926 4419 positis
1957 4352 2154 4420 aliquid
2182 4355 2412 4422 propria:
2447 4355 2785 4408 necessitatis
2815 4362 3079 4414 occurrat,
3112 4351 3230 4420 quis
3251 4351 3317 4404 de

1736 4458 1833 4497 sua
1869 4443 2100 4497 lidelium
2131 4445 2304 4498 salute
2336 4445 2588 4509 contidet,
2619 4445 2708 4498 ubi
2737 4445 3008 4497 ministros
3050 4444 3194 4511 ipsos
3219 4458 3315 4496 cu-

1734 4533 1962 4588 rationis
1991 4534 2236 4587 bumana:
2262 4543 2405 4587 tanta
2431 4535 2762 4604 perspexerit
2782 4534 3090 4589 calamitate
3112 4532 3320 4586 vexari?

3342 3345 3389 3406 C

3394 715 3554 768 debet
3579 729 3700 768 esse
3724 715 3832 768 vita
3863 716 4159 770 divinarum
4189 733 4366 771 rerum
4399 719 4620 774 servitio
4641 720 4912 778 dedicata.

3429 832 3696 888 CCXLIV.
3751 833 3820 886 Ut
3848 835 4194 909 ali‘episropis
4233 839 4573 909 prirreptioae
4615 857 4767 909 papae
4809 858 4952 896 nova:

3908 903 3970 957 ba
4000 907 4132 958 ilica:
4160 907 4482 960 dedier-utar.

3469 993 3550 1045 Ea:
3597 993 3814 1047 decretis
3859 1012 4011 1063 papa:
4040 994 4233 1049 (ἐρίσεὶὶ
4255 1037 4268 1062 ,
4296 998 4374 1052 tit.
4403 995 4436 1048 4
4487 997 4749 1054 Basilicas
4777 1001 4986 1055 noviter

3394 1086 3666 1140 in~titntas
3697 1102 3801 1139 tton
3834 1087 4016 1153 petitis
4046 1102 4110 1141 ex
4144 1103 4293 1141 more
4338 1091 4794 1157 pra-ceptionibus
4831 1093 4984 1146 dedi-

3399 1192 3525 1232 care
3557 1193 3660 1229 non
3691 1178 3955 1242 mulcant;
4009 1194 4115 1231 non
4164 1179 4402 1233 ambiant
4453 1181 4670 1235 sibimet
4712 1183 4987 1237 vindicare

3395 1267 3620 1322 clericos
3651 1269 3932 1336 potestatis
3960 1267 4164 1322 alienae.

3396 1377 3462 1431 Et
3492 1380 3632 1432 nulla
3664 1381 3875 1434 basilica
3921 1379 4010 1434 sub
4047 1382 4405 1449 defunctorum
4435 1395 4733 1439 constructa
4785 1389 4988 1441 nomine

4048 1452 4327 1506 dedicetur.

3468 1542 3626 1613 Cujus
3652 1561 3833 1613 supra,
3864 1543 4000 1596 titul.
4034 1540 4122 1596 ‘25.
4175 1543 4249 1597 De
4297 1543 4540 1599 locorum
4579 1549 4991 1604 consecratione

3395 1644 3725 1699 sanctorum,
3756 1651 3943 1703 quaint
3962 1636 4003 1689 is
4030 1635 4276 1704 superius
4299 1637 4527 1690 strictim
4554 1637 4720 1691 fuerit
4747 1656 4992 1708 compre-

3397 1726 3639 1780 hensum.
3675 1727 3829 1779 nobis
3863 1742 4082 1794 quoque
4110 1728 4431 1792 patefactum
4472 1737 4555 1781 est
4599 1729 4747 1797 quod
4794 1732 4993 1801 absque

3398 1825 3666 1884 praecepto
3707 1816 3849 1870 sedis
3892 1817 4204 1883 apostolica:
4254 1818 4494 1870 nonnulli
4541 1816 4712 1873 factas
4738 1820 4994 1874 ecclesias

3403 1909 3484 1960 vel
3517 1911 3756 1961 oratoria
3787 1922 4005 1962 sacrare
4037 1918 4384 1976 przesumaut.
4435 1907 4548 1962 lloc
4597 1926 4787 1965 sumus
4818 1920 4994 1966 tamen

3327 1985 3371 2042 Β
3405 1999 3602 2052 indicio
3632 1998 4022 2051 detestabiliori
4049 2001 4276 2066 permoti
4306 1999 4449 2068 quod
4476 2000 4525 2052 in
4550 2017 4872 2070 quocunque
4901 2019 4997 2058 no-

3399 2090 3542 2142 mine
3570 2089 3969 2151 defunctorum,
3999 2096 4054 2142 et
4080 2098 4340 2155 quantum
4373 2089 4592 2154 dicitur,
4646 2106 4747 2144 nec
4777 2093 4997 2146 omnino

3402 2179 3636 2230 tidcliatm
3669 2179 4099 2232 constructiones
4125 2175 4420 2231 aediﬁcatus
4446 2180 4616 2233 sacris
4647 2181 4998 2246 professioni-

3401 2269 3501 2320 bus
3529 2268 3786 2321 aulacter
3815 2267 4095 2321 instituere
4139 2277 4526 2322 memorantur.
4573 2269 4704 2334 Qua:
4746 2272 5000 2339 quoniam

3403 2368 3511 2412 tam
3539 2361 3751 2422 acerba,
3782 2368 3888 2412 tam
3917 2359 4050 2414 dura
4075 2367 4218 2424 sunt,
4244 2368 4302 2413 ut
4323 2361 4511 2414 eadem
4542 2363 4629 2414 vix
4654 2373 4843 2416 noster
4865 2363 5002 2418 ferre

3404 2460 3586 2518 posset
3616 2449 3866 2513 auditus;
3901 2449 3947 2502 si
3978 2465 4166 2504 revera
4215 2449 4638 2504 Christianitatis
4684 2449 4909 2506 allectus
4949 2454 5002 2507 in

3405 2538 3512 2590 illis
3531 2538 3842 2605 regionibus
3866 2546 4064 2602 certus,
4098 2546 4152 2591 et
4184 2538 4321 2592 littus
4347 2547 4452 2602 est,
4494 2547 4549 2592 et
4571 2540 4866 2595 districtius
4890 2543 4992 2596 ista

3407 2640 3732 2697 quatiantur,
3766 2640 3818 2682 et
3848 2645 3876 2682 a
3909 2629 4103 2696 quibus
4130 2629 4326 2683 fuerint
4351 2639 4499 2698 gesta
4527 2630 4848 2698 prodantur,
4871 2649 5003 2699 quo-

3409 2720 3548 2772 niam
3580 2720 3620 2771 si
3660 2727 3717 2772 ut
3763 2719 4055 2773 latentibus
4102 2719 4154 2772 in
4205 2719 4308 2773 hac
4353 2722 4644 2774 atrocitate
4675 2723 5000 2788 nominibus,

3411 2831 3514 2866 non
3544 2822 3717 2866 exstat
3763 2815 3814 2866 in
3861 2828 4019 2880 quem
4050 2813 4316 2867 sententia
4347 2812 4527 2866 debita
4559 2813 4884 2881 proferatur,
4933 2817 5002 2867 ita

3409 2920 3528 2958 cum
3582 2903 3881 2956 manifestis
3933 2903 4097 2956 fuerit
4127 2903 4468 2956 documentis
4499 2903 4801 2971 expositus,
4845 2918 5001 2971 quam

3411 2995 3629 3048 sceleris
3661 2995 3792 3046 tanti
3823 2993 3992 3062 poscit
4025 2993 4351 3055 immanitas,
4385 3007 4491 3046 non
4530 3000 4554 3026 δι
4589 2992 4777 3045 vitabit
4812 2992 4998 3047 ullate-

3415 3101 3513 3137 nus
3545 3084 3827 3136 titionem.

3414 3195 3658 3251 CCXLV.
3697 3195 3764 3248 Ut
3793 3197 3834 3247 si
3865 3195 3975 3264 quis
4002 3195 4268 3263 episcopus
4296 3194 4352 3245 in
4395 3193 4610 3264 crimine
4641 3192 4838 3264 absque
4877 3201 5001 3264 tem,-

3488 3284 3610 3334 pore
3657 3266 3841 3334 synodi
3879 3262 4118 3317 detentus
4150 3265 4324 3333 fuerit,
4377 3279 4410 3314 a
4464 3262 4733 3334 duodecim
4758 3262 5001 3334 episcopis

3491 3330 3762 3396 audiatur;
3794 3333 4060 3404 presbyter
4086 3330 4200 3387 vero
4232 3350 4263 3385 a
4292 3349 4420 3398 sex;
4448 3333 4700 3385 diaconus
4726 3349 4758 3384 a
4791 3330 4967 3385 tribus.

3488 3449 3683 3504 Concil.
3733 3447 4004 3518 Carthag.,
4045 3448 4125 3500 tit.
4171 3444 4259 3500 1?...
4310 3444 4458 3499 Felix
4491 3445 4783 3513 episcopus
4824 3443 4998 3497 dixit:

3420 3544 3667 3610 Suggere
3696 3541 3991 3596 secundum
4022 3547 4222 3593 statuta
4253 3545 4496 3590 veterum
4527 3537 4907 3602 conciliorum,
4950 3545 5005 3588 ut

3419 3638 3461 3692 si
3491 3636 3611 3704 quis
3635 3636 3924 3702 episcopus
3951 3630 4118 3701 (quod
4145 3645 4248 3684 non
4286 3629 4559 3697 Optamus)
4587 3628 4638 3681 in
4671 3636 4879 3680 reatum
4908 3626 5003 3680 ali-

3421 3744 3581 3796 quem
3632 3726 3937 3788 incurrerit,
3990 3731 4047 3777 et
4087 3722 4245 3775 fuerit
4291 3721 4339 3775 ei
4389 3721 4550 3773 nimia
4584 3720 4878 3774 necessitas
4907 3734 5006 3772 non

3426 3833 3584 3888 posse
3609 3817 3869 3886 plurimos
3890 3827 4220 3881 congregare
4247 3830 4258 3864 :
4293 3826 4360 3865 ne
4386 3812 4437 3864 in
4462 3810 4688 3864 crimine
4710 3818 5003 3871 remaneat,

3422 3923 3450 3960 a
3483 3906 3764 3960 duodecim
3810 3902 4098 3971 episcopis,
4127 3910 4182 3955 et
4211 3901 4492 3971 presbyter
4534 3914 4565 3952 a
4614 3914 4709 3953 sex
4749 3899 5008 3968 episcopis

3422 4012 3542 4050 eum
3585 3993 3802 4063 proprio
3842 4007 3940 4046 suo
3978 3990 4233 4059 episcopo
4259 3989 4529 4051 audiatur,
4573 3997 4628 4043 et
4668 3988 4934 4044 diaconus
4980 4003 5008 4041 a

3424 4084 3613 4135 tribus.

3495 4169 3692 4223 Concil.
3723 4169 4088 4237 suprascr-Eph,
4120 4167 4198 4218 tit.
4235 4164 4322 4218 20.
4373 4163 4428 4218 Si
4459 4173 4640 4217 autem
4690 4165 5007 4235 presbyteri,

3424 4263 3507 4316 vel
3539 4261 3754 4315 diaconi
3785 4260 3981 4314 iuerint
4009 4259 4270 4323 accusati,
4302 4258 4556 4327 adjuncto
4583 4257 4684 4313 sibi
4728 4275 4798 4312 ex
4830 4259 5010 4313 vicinis

3423 4355 3555 4408 l0t‘i5
3604 4354 3853 4423 proprius
3897 4353 4180 4421 cpiscopus
4220 4351 4456 4417 legitimo
4505 4365 4734 4404 numero
4782 4352 5011 4418 collega-

3425 4463 3567 4511 rum,
3596 4462 3733 4513 quos
3778 4444 3846 4496 ab
3881 4443 4071 4495 eodem
4117 4440 4350 4495 accusati
4385 4439 4656 4508 petierint,
4707 4439 4760 4493 id
4798 4450 4882 4494 est
4917 4455 5011 4492 una

3423 4555 3608 4594 secum
3656 4541 3708 4593 in
3758 4538 4053 4610 presbyteri
4095 4537 4310 4590 nomine
4357 4551 4473 4597 sex,
4527 4537 4577 4588 in
4621 4537 4839 4590 diaconi
4889 4545 5005 4598 t-es,

1739 4622 1917 4692 Αιιιυε
1949 4623 2069 4677 ideo
2112 4626 2410 4678 necessari"
2442 4625 2748 4678 νεηιονθηάί
2796 4632 2941 4689 δυιιῑν
2994 4640 3062 4677 lle
3103 4623 3319 4690 αυῖὺυς-
3354 4651 3400 4711 D
3429 4635 3662 4700 ipsorum
3695 4645 3910 4684 causam
3961 4629 4273 4692 discutiant,
4303 4628 4489 4682 eadem
4519 4627 4754 4692 dierum,
4787 4637 4844 4682 et
4886 4629 5009 4682 dila-

1737 4713 1889 4780 libet,
1940 4728 2037 4782 pro
2084 4714 2278 4783 quibus
2315 4714 2556 4768 (Lhridus
2600 4723 2682 4768 est
2722 4722 2981 4777 mortuus,
3014 4714 3322 4768 scandlmn

1740 4814 2029 4872 generetur
2059 4807 2301 4860 inlirmis.
2335 4807 2630 4870 Postremo,
2683 4807 2726 4860 si
2770 4823 2996 4875 corpore
3031 4808 3324 4861 sauciatum

1742 4898 2008 4962 fortassis,
2033 4909 2124 4951 aut
2155 4899 2380 4952 debilem
2426 4915 2762 4969 nequaquam
2806 4908 2989 4953 sancta
3017 4900 3328 4966 contingere

1742 4991 1827 5044 lex
1853 4990 2028 5044 divina
2063 4994 2329 5059 permisit;
2361 5003 2561 5060 quanto
2594 4994 2762 5061 magis
2797 4994 2920 5046 doni
2963 4992 3194 5046 caelestis
3223 4991 3328 5044 dis.

1744 5089 2062 5152 pensatores
2104 5099 2224 5138 esse
2272 5100 2376 5139 non
2420 5086 2706 5150 convenit,
2759 5085 2900 5152 quod
2949 5093 3030 5138 est
3068 5083 3326 5148 deterius,

1747 5185 1928 5228 mente
1955 5175 2262 5243 perculsos?

1750 5324 2020 5380 CCXLI".
2073 5324 2221 5390 Quod
2265 5328 2489 5382 secunda
2545 5328 2786 5396 ronjugia
2851 5327 3178 5380 sa'cularibns
3229 5345 3331 5380 non

1821 5398 2149 5477 denegantur.
2180 5399 2357 5464 quibus
2393 5408 2446 5450 ta
2500 5415 2561 5450 en
2609 5416 2702 5467 pro
2750 5399 2843 5451 lioc
2872 5399 2983 5466 ipso
3027 5399 3095 5448 ad
3143 5400 3332 5449 clerum

1827 5483 2034 5520 mnmne
2059 5479 2290 5521 convenit
2318 5485 2570 5536 aspirare.

1831 5593 1914 5648 Ea:
1944 5598 2130 5648 (ἰείη-οι.
2156 5613 2305 5663 papa:
2337 5594 2430 5649 Gel
2467 5615 2534 5658 s.,
2567 5601 2642 5650 tit.
2677 5597 2764 5650 2'2.
2817 5597 3092 5651 Secundus
3123 5597 3334 5667 nuptias

1755 5687 1895 5740 sicut
1920 5687 2262 5741 smeu‘aribus
2290 5687 2425 5742 inire
2447 5689 2777 5753 conceditur,
2801 5689 2869 5741 ita
2896 5699 3017 5758 post
3044 5704 3134 5741 eas
3160 5689 3335 5742 nullus

1757 5779 1822 5832 ad
1853 5778 2100 5832 elericale
2127 5779 2330 5834 sinatur
2354 5781 2538 5835 venire
2583 5781 2863 5850 collegium
2893 5800 2903 5835 :
2936 5782 3038 5835 alia
3071 5789 3152 5836 est
3191 5795 3332 5834 ennn

1840 5942 1860 5966 "
1894 5931 2045 5986 Ilion.
2080 5929 2256 6001 Exig.,
2289 5935 2510 6002 rﬂugict.

3432 4723 3633 4775 tionnm
3662 4729 3716 4774 et
3747 4737 3776 4773 a
3799 4719 4173 4774 eotmnunionc
4199 4719 4580 4782 remotionum,
4604 4729 4654 4772 et
4679 4719 5009 4772 discussione

3431 4827 3803 4880 personarum,
3848 4811 3986 4863 inter
4019 4818 4379 4874 accusatores,
4418 4819 4473 4863 et
4507 4825 4601 4863 eos
4637 4810 4732 4877 qui
4765 4824 5013 4863 accusan-

3431 4908 3519 4954 tur
3567 4901 3736 4954 iorma
3788 4909 4022 4973 servata.
4077 4899 4422 4966 Reliquorum
4474 4907 4654 4952 autem
4702 4899 5012 4952 clericorum

3432 5006 3624 5046 causas
3667 4991 3827 5043 etiam
3858 4989 4006 5043 stilus
4033 4989 4320 5058 episcopus
4350 4988 4450 5043 loci
4480 4997 4744 5056 agnoscat
4773 4997 4829 5042 et
4853 4989 5012 5041 tiniat.

3429 5099 3704 5156 CCXLVI.
3740 5099 3816 5152 De
3841 5099 4054 5152 diversis
4081 5098 4345 5153 ordinibus
4390 5097 4636 5149 Ecclesia:
4661 5097 5014 5159 servientibus,

3502 5182 3554 5223 ut
3582 5173 3625 5223 si
3656 5172 3764 5240 quis
3794 5172 3845 5222 in
3876 5186 4085 5222 causam
4131 5169 4521 5240 incurrerit,_et
4559 5166 4811 5240 abnuerit
4864 5169 5013 5220 eccle-

3502 5237 3762 5293 siasticum
3786 5241 4060 5308 judicium,
4084 5237 4261 5291 debeat
4289 5237 4591 5305 periclitari.

3503 5329 3700 5382 Concil.
3759 5326 4035 5393 Cart.,tit.
4082 5325 4166 5380 15.
4232 5325 4363 5379 Item
4411 5325 4612 5393 placuit
4666 5335 4726 5379 ut
4781 5326 5017 5396 quisquis

3434 5420 3831 5485 episcoporum,
3867 5417 4323 5488 presbyterorum,
4355 5415 4728 5479 diaconorum,
4780 5432 4879 5470 seu
4917 5417 5017 5468 cleo

3436 5510 3690 5572 iicorum,
3725 5525 3845 5564 cum
3870 5509 3920 5562 in
3952 5509 4177 5563 eet-lesia
4208 5507 4257 5562 ei
4288 5506 4669 5561 fueritcrimen
4696 5507 5016 5565 institutum,

3435 5600 3518 5653 vel
3551 5599 3722 5654 civilis
3750 5615 3912 5655 causa
3957 5599 4117 5652 fuerit
4145 5607 4436 5659 commota,
4475 5597 4517 5651 si
4549 5597 4738 5650 relicto
4767 5597 5021 5651 ecclesia-

3435 5707 3460 5743 s
3488 5691 3572 5744 ico
3591 5689 3812 5758 judicio,
3845 5690 4071 5760 publicis
4089 5687 4302 5757 judiciis
4326 5689 4539 5758 purgari
4562 5688 4812 5753 voluerit,
4837 5689 5020 5741 etiam-

3437 5781 3479 5834 si
3525 5796 3621 5850 pro
3672 5781 3787 5850 ipso
3838 5780 4000 5836 fuerit
4044 5781 4252 5848 prolata
4295 5779 4584 5845 sententia,
4641 5778 4815 5834 let-unt
4864 5792 5020 5831 suum
