5174 6538
674 369 778 426 995

1886 353 2316 411 BREVIAlllUZd
2357 352 2776 411 CANONICUM.

3858 353 3963 409 926

674 485 902 546 amittat,
935 488 991 534 et
1020 480 1127 534 hoc
1174 476 1227 531 in
1259 473 1557 539 criminali;
1610 474 1663 527 in
1708 471 1856 527 civili
1904 486 2036 526 vero
2077 468 2269 539 perdat
2295 471 2342 528 Α
2370 466 2692 539 presbyteri,
2738 464 2976 533 diaconi,
3004 464 3088 521 vel
3117 465 3428 534 quicunque
3463 464 3668 534 clerici,
3713 469 3800 535 qui
3833 468 3965 522 nihil

675 575 817 646 quod
845 571 1025 633 evicit,
1054 570 1099 625 si
1128 570 1304 624 locum
1352 582 1510 620 suum
1552 565 1798 619 obtinere
1828 561 2101 617 maluerit.
2154 558 2269 613 Hoc

675 670 837 723 etiam
868 664 1073 736 placuit
1116 671 1177 717 ut
1204 677 1233 715 a
1263 660 1674 731 quibuscunque
1708 656 1980 725 judicibus
2008 653 2268 710 ecclesia-

673 758 825 812 sticis
854 756 920 809 ad
950 754 1087 808 alios
1130 750 1344 820 judices
1385 747 1806 809 ecclesiasticos,
1842 744 1929 798 ubi
1975 752 2059 797 est
2094 740 2272 811 major

676 846 994 912 auctoritas,
1026 842 1189 898 fuerit
1218 850 1595 912 provocatum,
1629 853 1735 891 non
1764 836 1842 891 eis
1871 835 2014 890 obsit
2041 846 2270 904 quorum

675 940 837 995 fuerit
881 936 1062 992 soluta
1110 932 1399 995 sententia,
1453 933 1497 985 si
1546 928 1792 985 convinci
1836 941 1943 981 non
1994 925 2273 995 potuerint

678 1033 760 1088 vel
786 1032 973 1100 iniquo
1000 1029 1182 1084 animo
1210 1027 1502 1096 judicasse,
1533 1023 1617 1078 vel
1643 1021 1820 1092 aliqua
1862 1019 2157 1090 cupiditate
2186 1016 2272 1070 vel

674 1126 844 1194 gratia
875 1122 1177 1195 depravati.
1206 1121 1347 1174 Sane
1376 1119 1421 1173 si
1450 1134 1518 1172 ex
1548 1130 1816 1171 consensu
1846 1113 2078 1183 partium
2112 1109 2271 1165 electi

674 1216 876 1270 fuerint
900 1212 1127 1283 judices,
1157 1211 1319 1265 etiam
1350 1225 1379 1263 a
1415 1206 1654 1278 pauciori
1686 1218 1912 1259 numero
1939 1215 2107 1272 quam
2136 1216 2269 1255 con-

673 1311 923 1361 stitutum
951 1314 1057 1369 est,
1085 1318 1192 1356 non
1228 1302 1388 1355 liceat
1417 1296 1722 1368 provocari.

673 1413 968 1471 CCXLV“.
1016 1413 1083 1467 Ut
1112 1414 1327 1466 clericus
1376 1411 1457 1481 qui
1510 1408 1802 1486 ordinatur,
1846 1407 2042 1459 moueri
2092 1405 2268 1486 debeat

746 1488 1031 1540 constituta
1060 1498 1274 1553 paterna
1297 1498 1530 1543 servare;
1562 1481 1786 1553 maxime
1814 1495 1929 1531 vero
1958 1487 2011 1528 ut
2044 1481 2273 1553 corpori-

744 1558 837 1611 bus
865 1547 1183 1611 mortuorum
1205 1554 1515 1607 eucharistia
1545 1561 1592 1603 et
1618 1550 1872 1619 baptisma
1894 1564 1997 1600 non
2027 1547 2232 1600 dentur.

746 1670 949 1725 Cuncil.
998 1668 1273 1739 Cari/mg"
1310 1668 1392 1719 tit.
1426 1664 1512 1718 18.
1545 1664 1678 1718 llcm
1709 1663 1909 1733 placuit
1931 1670 1989 1715 ut
2015 1659 2273 1715 ordinatis

673 1763 966 1833 episcopis,
1011 1759 1100 1815 vel
1150 1759 1361 1814 clericis
1411 1758 1559 1826 prius
1608 1757 1673 1809 ab
1714 1754 2115 1809 ordinatoribus
2161 1751 2273 1805 suis

2370 560 2630 615 habentes
2678 557 3022 625 ordinantur,
3078 565 3136 612 et
3180 566 3427 627 tempore
3482 557 3827 629 episcopatus
3880 561 3967 615 vel

2368 650 2657 705 clericatus
2683 648 2764 704 sui
2794 663 2955 718 agros
2989 647 3075 703 vel
3103 662 3437 727 quacunque
3468 648 3669 719 praedia
3716 665 3817 705 suo
3862 666 3966 706 no-

2369 742 2515 796 mine
2555 751 2869 811 comparant
2903 759 2916 793 :
2950 749 3206 810 tanquam
3235 755 3417 794 rerum
3454 741 3856 797 Dominicarum
3888 743 3969 797 in-

2372 836 2609 891 vasionis
2649 835 2875 890 crimine
2902 843 3215 898 teneantur,
3259 833 3363 889 nisi
3409 833 3668 889 admoniti
3695 834 3750 889 in
3787 834 3969 890 eccle-

2370 928 2505 982 siam
2536 927 2726 982 eadem
2760 926 2873 996 ipsa
2902 926 3250 982 contulerint.
3277 924 3333 980 Si
3365 934 3547 980 tamen
3595 926 3723 995 ipsis
3750 928 3972 997 proprie

2374 1016 2573 1085 aliquid
2604 1017 2933 1072 liberalitate
2961 1016 3212 1085 alicujus,
3261 1016 3345 1070 vel
3385 1017 3729 1072 successione
3768 1031 3970 1086 cogna-

2375 1108 2536 1163 tionis
2561 1109 2861 1175 obvenerit,
2889 1110 3096 1164 faciant
3122 1108 3250 1163 inde
3278 1111 3423 1178 quod
3452 1125 3640 1166 eorum
3687 1114 3971 1182 proposito

2374 1204 2640 1272 congruit.
2672 1203 2826 1269 Quod
2853 1204 2899 1259 si
2930 1219 2959 1256 a
2989 1218 3089 1257 suo
3121 1203 3398 1272 proposito
3421 1211 3716 1259 retrorsum
3750 1204 3971 1259 exorbi-

2374 1294 2624 1359 taverint,
2660 1295 2869 1348 honore
2909 1293 3282 1349 ecclesiastico
3322 1293 3547 1362 indigni,
3595 1303 3849 1363 tanquam
3886 1309 3972 1350 re-

2375 1387 2529 1455 probi
2556 1387 2888 1456 iudicentur.

2374 1522 2569 1578 CCLll.
2605 1524 2673 1579 Ut
2702 1524 2982 1594 presbyteri
3010 1540 3118 1578 rem
3139 1526 3367 1579 ecclesia:
3392 1527 3445 1578 iu
3477 1543 3575 1596 qua
3618 1534 3739 1580 sunt
3767 1527 3966 1580 consti-

2450 1596 2541 1647 tuli
2572 1614 2675 1665 non
2703 1596 2943 1658 rendam,
2987 1603 3033 1647 et
3064 1595 3196 1648 nulli
3237 1595 3661 1665 epist‘Opo’liccat
3692 1612 3799 1649 rem
3831 1598 3969 1651 tituli

2447 1683 2495 1719 m
2514 1668 2626 1720 (tris
2657 1664 2902 1719 Ecclesia:
2927 1682 3195 1735 usurpare.

2450 1779 2644 1834 Com‘il.
2704 1777 2975 1848 Cartlmg.,
3009 1779 3089 1832 til.
3124 1778 3213 1833 ⁸55.
3257 1778 3387 1832 Item
3431 1779 3633 1847 placuit
3661 1787 3718 1832 ut
3753 1780 3974 1849 presby-

674 1853 873 1922 plai-ita
904 1851 1261 1907 conciliorum
1313 1848 1533 1901 auribus
1572 1860 1760 1900 eorum
1809 1842 2163 1907 inculcentur,
2209 1855 2278 1896 ne
2310 1827 2354 1888 Β
2385 1870 2484 1926 teri
2516 1884 2622 1925 non
2654 1886 2717 1925 ve

2454 1827 2644 1834 ν--ν-τη
3127 1827 3213 1833 νη
3434 1827 3517 1847 r-—
3558 1827 3633 1833 --ν
3664 1827 3717 1832 —-
3754 1827 3936 1849 τ-ηη

1935 1842 2163 1937 lce‘wr’
2209 1855 2278 1896 ne
2310 1827 2354 1888 Β
2385 1870 2484 1926 teri
2516 1884 2622 1925 non
2654 1869 2891 1925 vendant
2930 1884 3043 1924 rem
3085 1869 3325 1925 ecclesia:
3371 1869 3459 1924 ubi
3504 1878 3631 1924 sunt
3674 1872 3971 1937 constituti,

671 1962 731 1999 se
761 1944 964 2013 aliquid
996 1954 1182 1996 contra
1226 1948 1426 1994 statuta
1466 1938 1678 1993 concilii
1720 1936 1910 1991 iecisse
1955 1936 2275 2006 pmniteant.

674 2036 805 2089 Item
838 2034 1045 2105 placuit
1074 2042 1132 2087 ut
1162 2031 1481 2101 corporibus
1522 2028 1897 2084 defunctorum
1940 2026 2276 2081 Eucharistia

674 2142 783 2181 non
834 2126 995 2179 detur
1041 2142 1055 2178 :
1099 2124 1359 2193 scriptum
1391 2130 1475 2176 est
1506 2122 1647 2176 enim
1696 2139 1712 2177 ι
1754 2120 1997 2189 Accipite
2027 2128 2081 2174 et
2111 2119 2274 2174 edite.

674 2216 956 2271 Cadavera
984 2223 1164 2269 autem
1192 2229 1291 2268 nec
1322 2214 1569 2283 accipere
1600 2219 1845 2283 possunt,
1878 2226 1976 2265 nec
2004 2210 2185 2274 edere;
2223 2224 2279 2269 ei

673 2324 742 2365 ne
777 2309 892 2377 jam
929 2317 1174 2364 mortuos
1204 2307 1454 2363 homines
1491 2306 1753 2377 baptizari
1798 2305 1959 2359 faciat
1991 2307 2276 2377 presbyte-

672 2415 859 2455 rorum
890 2399 1124 2466 ignavia.

673 2509 994 2565 CCXLVlll.
1033 2508 1101 2563 Ut
1129 2510 1355 2578 episcopi
1386 2510 1462 2562 vel
1484 2508 1656 2561 clerici
1694 2509 1748 2560 in
1789 2523 1875 2561 eos
1918 2508 2004 2576 qui
2034 2507 2279 2561 catholici

1112 2597 1214 2633 non
1244 2591 1363 2633 sunt
1401 2580 1531 2632 nihil
1560 2580 1851 2646 conferant.

742 2694 951 2748 Couril.
1003 2691 1277 2762 Cartitag.,
1311 2693 1395 2744 tit.
1440 2689 1528 2743 22.
1562 2688 1628 2742 Et
1658 2698 1715 2743 ut
1743 2689 1796 2743 in
1827 2704 1921 2743 eos
1966 2689 2057 2756 qui
2088 2690 2277 2742 catho-

672 2787 757 2842 lici
792 2785 1090 2841 Christiani
1141 2799 1249 2838 non
1297 2793 1445 2847 sunt,
1488 2782 1701 2836 etiamsi
1740 2781 2128 2850 consanguinei
2166 2781 2280 2835 lue-

673 2880 809 2944 rint,
870 2894 968 2947 per
1020 2877 1343 2933 donationes
1395 2890 1575 2930 rerum
1630 2889 1850 2929 suarum
1896 2873 2132 2943 episcopi
2194 2873 2280 2927 vel

672 2968 866 3023 clerici
896 2966 1030 3020 nihil
1057 2966 1358 3021 conferant.

742 3061 906 3125 Item,
939 3059 1125 3113 coucil.
1158 3058 1499 3128 suprascripti
1531 3057 1608 3109 tit.
1639 3055 1729 3110 48.
1765 3056 1898 3109 Item
1929 3055 2281 3110 constitutum

672 3160 775 3216 est,
815 3152 863 3206 si
897 3150 1021 3218 quis
1053 3149 1342 3219 episcopus
1382 3147 1624 3203 hzcredes
1671 3156 1957 3202 extraneos
1986 3162 2017 3201 a
2047 3162 2279 3202 consan-
2310 3191 2354 3219 η

670 3244 945 3313 guinitate
987 3256 1106 3306 sua,
1155 3241 1241 3295 vel
1289 3240 1592 3304 hmreticos,
1639 3239 1801 3293 etiam
1849 3239 2277 3309 consanguineos

670 3343 763 3389 aut
787 3348 1033 3404 paganos
1065 3331 1316 3387 Ecclesia:
1338 3331 1651 3401 praetulerit,
1683 3332 1875 3386 saltem
1903 3340 2024 3401 post
2046 3340 2277 3386 mortem

670 3427 970 3481 anathema
999 3425 1050 3479 ei
1079 3422 1310 3487 dicatur,
1338 3431 1501 3491 atque
1529 3424 1645 3491 ejus
1673 3436 1870 3476 nomen
1900 3422 2041 3476 inter
2065 3420 2155 3477 Dei
2184 3436 2277 3478 sa-

671 3517 937 3573 cerdotes
966 3516 1118 3571 nullo
1166 3513 1328 3569 modo
1376 3514 1652 3578 recitetur,
1702 3528 1804 3567 nec
1832 3515 2076 3569 eXcusari
2108 3514 2277 3583 possit

670 3611 714 3666 si
746 3610 1043 3663 intestatus
1084 3614 1107 3640 ⁸
1149 3605 1428 3670 defecerit,
1476 3608 1603 3674 quia
1652 3606 1837 3674 utique
1877 3606 2063 3659 debuit
2101 3606 2275 3659 lactus

669 3700 989 3768 episcopus,
1022 3696 1103 3751 rei
1131 3710 1243 3751 sua:
1277 3696 1671 3751 ordinationem
1702 3711 1997 3763 congruam
2020 3712 2131 3753 sua:
2161 3713 2278 3767 pro~

670 3788 900 3845 fessioni
928 3802 1268 3858 nequaquam
1300 3786 1534 3842 differre.

929 3899 1203 3956 CCXLIX.
1236 3899 1316 3956 De
1350 3911 1588 3955 accusan
1614 3901 1692 3955 vel
1719 3912 2037 3956 accusatore.

741 4012 954 4068 Concil.
986 4011 1257 4082 Carthag.,
1281 4014 1360 4067 tit.
1394 4012 1481 4067 30.
1515 4013 1646 4067 ltem
1679 4013 1878 4082 placuit
1908 4025 1966 4068 ut
1992 4024 2276 4073 accusatus

670 4108 759 4163 vel
786 4113 1081 4160 accusator
1110 4105 1164 4158 in
1205 4120 1269 4160 eo
1298 4106 1417 4159 loco
1447 4106 1588 4161 unde
1627 4117 1711 4161 est
1733 4107 1821 4161 ille
1851 4108 1941 4176 qui
1973 4118 2276 4175 accusatur,

670 4199 715 4253 si
744 4198 950 4251 metuit
975 4196 1210 4264 aliquam
1237 4197 1343 4249 vim
1375 4198 1675 4252 temeraria:
1703 4199 2078 4263 multitudinis,
2104 4202 2279 4256 locum

671 4292 777 4345 sibi
824 4290 997 4357 eligat
1038 4290 1367 4358 proximum,
1414 4306 1521 4359 quo
1576 4307 1682 4346 non
1738 4292 1810 4346 sit
1851 4292 2068 4349 diflicile
2119 4303 2282 4350 testes

676 4382 1013 4452 producere,
1049 4380 1137 4433 ubi
1162 4395 1321 4434 causa
1354 4382 1585 4435 liniatur.

674 4492 828 4547 CCL.
864 4490 1019 4556 Quid
1058 4492 1230 4545 clerici
1268 4496 1352 4560 qui
1394 4497 1644 4560 episcopis
1687 4499 1791 4550 suis
1822 4517 1923 4553 non
1954 4500 2195 4556 obcdiunt
2226 4516 2280 4558 ut
2312 4495 2364 4555 D

744 4571 1174 4633 promoveantur,
1206 4580 1297 4615 nec
1327 4565 1434 4618 illic
1464 4584 1671 4620 timuere
1700 4569 1913 4623 tlcbcuut
1961 4575 2095 4625 unde
2146 4592 2286 4629 ree-

746 4636 876 4687 dcre
906 4633 1201 4686 noluerunt.

749 4725 961 4781 Concil.
1017 4723 1292 4793 Cartlmg.,
1326 4728 1404 4780 tit.
1440 4727 1526 4780 '5l.
1561 4729 1688 4784 ltem
1724 4731 1921 4800 placuit
1964 4742 2021 4788 ut
2060 4736 2290 4803 quicun-

677 4834 787 4889 que
816 4818 1011 4872 clerici
1044 4818 1125 4870 ιρι
1165 4818 1378 4871 diaconi
1425 4834 1523 4888 pro
1566 4824 1974 4879 necessitatibus
2017 4825 2284 4882 Ecclesia-

677 4928 802 4966 rum
836 4925 951 4965 non
981 4910 1477 4980 obtemperaverint
1515 4914 1786 4984 episcopis
1828 4918 1937 4973 suis
1985 4920 2287 4979 volentibus

678 5018 777 5058 eos
808 5002 879 5055 ad
914 5002 1180 5055 honorem
1214 5003 1529 5072 ampliorem
1573 5004 1627 5058 in
1660 5021 1757 5059 sua
1799 5006 2032 5063 ECclesia
2066 5027 2287 5081 promo-

678 5110 811 5150 vere
832 5136 846 5157 ,
884 5108 989 5148 nec
1020 5093 1093 5147 illi
1124 5094 1433 5151 ministrent
1462 5100 1515 5152 in
1536 5098 1702 5166 gradu
1732 5116 1831 5157 suo
1862 5102 2003 5157 unde
2034 5104 2289 5160 recedere

679 5190 1004 5244 noluerunt.

680 5297 860 5374 CCU.
904 5298 1050 5374 Utsi
1086 5301 1197 5374 quis
1246 5300 1550 5374 clericorum
1590 5320 1784 5374 pauper
1828 5314 2089 5373 promotus
2115 5307 2168 5361 in
2200 5324 2286 5360 or-

753 5373 880 5447 diue
938 5370 1137 5438 aliquid
1189 5385 1365 5437 postea
1426 5372 1511 5425 ha.’
1528 5370 1702 5439 ιιεὶνίι,⁷
1746 5370 1992 5430 Ecclesia:
2046 5380 2289 5447 potestati

752 5442 849 5493 sub
845 5442 1049 5511 jaceat.

752 5532 965 5587 Concil.
1020 5530 1296 5604 Cartliag.,
1329 5536 1404 5588 tit.
1439 5534 1530 5590 '52.
1557 5534 1685 5591 ltcm
1710 5538 1913 5606 placuit
1940 5549 1997 5594 ut
2023 5541 2285 5613 episcopi,

758 5700 781 5726 ο
808 5691 973 5746 Dion.
1013 5694 1185 5761 Exig.,
1220 5697 1283 5751 de
1313 5702 1509 5753 asserit.

761 5762 785 5800 δ
815 5762 877 5818 1η
904 5762 1106 5821 Codice
1127 5768 1259 5823 Cau.
1292 5768 1544 5828 Ecclesia:
1583 5772 1860 5839 Africanae,
1890 5786 1935 5829 et
1962 5778 2099 5849 apud
2124 5777 2280 5837 Dion.

2381 1965 2744 2020 nescientibus
2792 1966 3082 2035 episcopis,
3134 1965 3409 2034 quomodo
3455 1977 3507 2020 et
3555 1968 3821 2036 episcopis
3865 1984 3975 2023 non

2380 2056 2507 2111 licet
2536 2058 2767 2111 vendere
2798 2056 2997 2127 przcdia
3036 2056 3275 2111 ecclesia:
3303 2058 3587 2125 ignorante
3614 2058 3862 2123 concilio,
3889 2058 3975 2112 vel

2382 2150 2710 2220 presbyteris
2760 2149 2892 2203 suis.
2941 2148 3057 2201 Non
3110 2147 3344 2202 habente
3392 2162 3522 2216 ergo
3570 2148 3973 2214 necessitatem,

2383 2257 2481 2296 nec
2506 2242 2759 2310 episcopo
2790 2241 2949 2295 liceat
2973 2241 3210 2296 matricis
3240 2239 3488 2297 Ecclesia:
3514 2256 3651 2307 rem,
3691 2256 3793 2296 nec
3822 2256 3976 2311 pres-

2380 2330 2570 2403 bytero
2600 2332 2736 2385 tituli
2760 2332 2843 2385 sui
2876 2346 3157 2401 usurpare.

2381 2461 2592 2517 CCLIII.
2628 2462 2695 2518 Ut
2722 2464 2920 2531 parvuli
2962 2465 3045 2534 qui
3086 2465 3226 2536 apud
3278 2463 3586 2520 Donatistae
3616 2468 3969 2536 baptizantur,

2452 2536 2495 2609 si
2542 2535 2773 2587 conversi
2829 2537 3043 2604 fuerint,
3103 2535 3168 2588 ab
3208 2536 3621 2592 ordinationibus
3658 2535 3762 2592 non
3803 2541 3975 2609 pro/ii-

2450 2603 2689 2658 beantur.

2452 2716 2651 2772 Concil.
2697 2716 2966 2788 Cart'iag.,
2998 2720 3078 2771 tit.
3111 2717 3199 2773 M.
3236 2718 3312 2775 De
3362 2719 3657 2776 Donatistis
3687 2722 3887 2791 placuit
3918 2734 3977 2779 ut

2381 2809 2727 2863 consulamus
2785 2810 2978 2864 fratres
3029 2819 3084 2864 et
3116 2812 3533 2866 consacerdotes
3585 2823 3800 2868 nostros
3829 2812 3979 2885 Syri-

2382 2898 2524 2952 cium
2551 2906 2606 2952 et
2629 2897 3131 2967 Simplicianum-de
3168 2901 3297 2955 solis
3347 2901 3641 2957 infantibus
3673 2904 3764 2972 qui
3797 2904 3974 2973 bapti-

2384 2996 2574 3041 zantur
2620 3003 2785 3059 penes
2827 2988 3068 3053 eosdem,
3124 3004 3193 3044 ne
3239 2990 3386 3058 quod
3442 3006 3539 3045 suo
3580 3008 3688 3047 non
3736 2991 3978 3049 fecerunt

2378 3077 2602 3145 judicio,
2635 3093 2758 3131 cum
2784 3078 2853 3132 ad
2884 3077 3177 3133 Ecclesiain
3210 3080 3305 3135 Dei
3335 3081 3535 3137 salubri
3564 3084 3842 3152 proposito
3863 3085 3979 3141 fue-

2387 3166 2494 3220 rint
2516 3169 2783 3234 conversi,
2813 3180 3093 3239 parentum
3122 3171 3244 3226 illos
3272 3188 3426 3228 error
3449 3174 3722 3244 impediat,
3748 3193 3817 3232 ne
3846 3194 3975 3248 pro-

2386 3269 2707 3316 moveantur
2736 3264 2870 3317 sacri
2900 3263 3085 3318 altaris
3113 3264 3339 3319 ministri

2454 3350 2647 3405 Concil.
2667 3353 3040 3423 suprascripto,
3067 3356 3146 3408 tit.
3181 3354 3203 3390 ι]
3223 3355 3290 3408 25
3319 3367 3367 3410 et
3386 3357 3475 3412 ‘24.
3502 3359 3751 3417 Aurelius
3773 3361 3979 3431 episco~

2385 3460 2484 3514 pus
2512 3445 2647 3500 dixit
2680 3464 2693 3499 :
2731 3447 3092 3503 Ecclesiarum
3122 3448 3216 3505 Dei
3261 3465 3359 3520 per
3386 3450 3621 3507 Africam
3660 3455 3979 3509 constituta-

2382 3553 2500 3590 rum
2523 3540 2876 3593 necessitates
2896 3554 3104 3595 mecum
3126 3541 3331 3611 optime
3352 3543 3503 3597 novit
3522 3543 3760 3600 charitas
3776 3554 3977 3610 vestra,

2387 3631 2713 3686 sanctis-simi
2739 3631 2966 3699 fratres;
2999 3642 3053 3688 et
3077 3636 3328 3703 quoniam
3352 3637 3601 3707 prmstitit
3630 3637 3891 3692 Dominus
3921 3647 3982 3693 ut

2387 3730 2453 3769 ex
2478 3716 2652 3783 aliqua
2682 3727 2835 3785 parte
2858 3719 3030 3772 sancti
3070 3728 3242 3775 cintus
3281 3723 3443 3775 vestri
3486 3732 3631 3777 esset
3657 3733 3982 3794 congregata

2386 3809 2692 3877 praesentia,
2721 3809 2934 3864 videtur
2975 3810 3109 3865 mihi
3139 3820 3196 3865 ut
3221 3812 3321 3867 has
3349 3814 3567 3869 easdem
3604 3817 3978 3879 necessitates.

2386 3910 2522 3965 quas
2552 3912 2649 3966 pro
2677 3898 3041 3956 sollicitudine
3068 3910 3253 3957 nostra
3287 3902 3541 3973 indagare
3591 3906 3881 3977 potuimus,
3928 3908 3981 3961 in

2386 3989 2622 4041 medium
2671 3990 3029 4062 proferamus,
3060 4008 3195 4063 quas
3229 4011 3351 4049 cum
3395 3999 3775 4067 approbaverit
3802 4010 3983 4054 vestra

2386 4079 2689 4146 sinceritas,
2741 4082 2813 4136 sit
2857 4098 3197 4154 consequens
3246 4087 3550 4155 eligendum
3595 4105 3716 4146 esse
3746 4108 3909 4147 unum
3950 4108 3982 4147 a

2387 4180 2576 4227 nostro
2602 4189 2827 4228 numero
2857 4179 3320 4243 consacerdotem,
3354 4181 3446 4249 qui
3472 4182 3768 4237 auxiliante
3790 4185 3979 4239 Domi-

2388 4278 2458 4316 no
2506 4265 2842 4320 orationibus
2914 4269 3126 4331 vestris,
3184 4281 3239 4325 et
3286 4271 3384 4326 has
3436 4272 3579 4343 ipsas
3628 4276 3984 4333 necessitates

2386 4354 2659 4422 suscipere
2708 4356 2894 4424 possit,
2942 4365 2998 4410 et
3049 4360 3296 4426 gnaviter
3343 4365 3680 4429 peragendas
3731 4365 3981 4435 implere,

2388 4458 2731 4514 perrecturus
2759 4450 2824 4502 ad
2876 4451 3262 4508 transmarinas
3305 4452 3467 4508 Itali-.e
3512 4465 3722 4525 partes;
3773 4468 3832 4513 ut
3872 4468 3983 4515 tam

2389 4538 2588 4592 sanctis
2623 4538 2877 4593 fratribus
2906 4549 2962 4595 et
2990 4544 3471 4601 consacerdotibus
3501 4549 3718 4614 nostris,
3750 4565 3984 4605 venera-

2385 4630 2475 4684 bili
2501 4642 2689 4685 saucto
2712 4630 2860 4687 fratri
2884 4634 3170 4689 Anastasio
3190 4636 3330 4690 sedis
3363 4639 3676 4707 apostolica:
3701 4641 3979 4710 episcopo,

2387 4736 2545 4791 quam
2575 4723 2737 4777 etiam
2768 4734 2957 4780 sancto
2985 4725 3137 4780 fratri
3172 4727 3400 4784 \‘enerio
3423 4731 3691 4786 sacerdoti
3716 4731 3980 4789 Mediola-

2388 4814 2570 4867 nensis
2619 4812 2876 4869 Ecclesia:
2927 4818 3307 4873 necessitatem
3366 4821 3557 4889 ipsam,
3606 4838 3670 4878 ac
3710 4823 3981 4891 dolorem,

2388 4912 2552 4975 atque
2579 4905 2815 4974 inop’am
2848 4915 3090 4961 nostram
3119 4909 3297 4963 valeat
3324 4910 3600 4977 intimare;
3631 4929 3699 4967 ex
3728 4914 3810 4968 his
3834 4915 3980 4969 enim

2388 4998 2606 5052 sedibus
2640 4997 2742 5057 hoc
2786 4995 2961 5052 fuerat
2988 5000 3342 5068 prohibitum,
3370 5003 3517 5070 quod
3546 5004 3798 5059 noverint
3825 5021 3981 5060 coni-

2389 5090 2537 5145 muni
2573 5091 2809 5158 periculo
2839 5094 3225 5167 providendum
3263 5098 3520 5166 maxime,
3546 5100 3673 5167 quia
3704 5107 3854 5154 tanta
3894 5103 3980 5156 in-

2389 5180 2621 5249 digentia
2653 5184 2973 5239 clericorum
3004 5195 3106 5249 est,
3156 5188 3447 5257 multaeque
3487 5190 3732 5245 ecclesia:
3767 5193 3839 5245 ita
3880 5193 3981 5248 de-

2389 5282 2549 5327 serta:
2577 5282 2721 5339 sunt,
2755 5284 2812 5329 ut
2841 5291 2909 5331 ne
2940 5293 3101 5331 unum
3124 5278 3341 5346 quidem
3371 5280 3658 5336 diaconum
3681 5282 3766 5337 vel
3795 5284 3980 5338 illitte-

2392 5372 2566 5418 ratum
2595 5365 2793 5420 habcrc
2823 5369 3183 5437 reperiantur.
3228 5369 3360 5424 Nam
3391 5371 3457 5427 de
3487 5374 3697 5429 crcteris
3730 5377 3981 5444 superio-

2393 5458 2539 5513 ribus
2567 5458 2818 5527 gradibus
2844 5470 2900 5515 et
2929 5460 3118 5517 officiis
3148 5466 3430 5519 tacendum
3464 5466 3718 5534 arbitror,
3751 5469 3897 5537 quia,
3925 5478 3983 5522 ut

2392 5548 2524 5612 dixi,
2573 5550 2619 5604 si
2658 5551 3010 5607 ministerium
3057 5554 3267 5610 diaconi
3320 5555 3477 5611 facile
3526 5573 3632 5612 non
3690 5557 3983 5625 invenitur,

2393 5707 2676 5775 Exiguum,
2732 5719 2855 5764 sunt
2912 5728 3148 5771 canones
3204 5714 3268 5767 bii
3325 5725 3377 5771 ct
3434 5715 3518 5771 57.
3606 5718 3744 5773 Nihil
3802 5730 3981 5775 tamen

2394 5778 2807 5837 emendandtun.
