5174 6556
1751 439 1848 492 927

2883 433 3223 490 ClllSCONll
3262 431 3573 488 AFRICAM
3626 433 3923 489 l'll’lSCOl’l

4894 447 4990 502 928

1750 551 1921 606 multo
1943 552 2110 617 magis
2130 551 2466 618 superiorum
2495 549 2754 603 honorum
2783 548 3004 605 inveniri
3030 563 3134 603 non
3158 560 3315 617 posse
3345 550 3392 605 A
3420 547 3546 610 sius,
3579 562 3684 614 quo
3715 547 3922 599 noverit
3953 547 4148 601 habere
4178 547 4406 603 Africam
4433 567 4676 618 magnam
4706 559 4989 611 nccessita-

1750 643 2107 698 certissimum
2154 653 2235 697 est
2266 659 2278 694 :
2311 650 2365 696 et
2405 641 2646 711 quotidie
2677 657 2774 700 nos
2802 640 3042 712 planctus
3086 640 3322 694 diversa-

1747 748 1862 785 rum
1888 747 2024 802 pene
2046 743 2412 786 emortuarum
2440 733 2669 801 plebium
2694 731 2806 798 jam
2836 745 2944 785 non
2973 731 3318 792 sustinemus,

1745 822 1940 889 quibus
1971 822 2068 876 nisi
2103 822 2262 876 fuerit
2289 821 2573 889 aliquando
2599 821 2940 885 subventum,
2973 819 3148 888 gravis
3169 819 3322 874 nobis

1744 921 1800 964 ct
1842 911 2218 965 inexcusabilis
2249 909 2708 964 innumerabilium
2755 910 3054 976 animarum
3087 923 3317 978 pereun-

1744 1002 1875 1056 tium
1901 1017 2085 1068 causa,
2118 1002 2256 1072 apud
2287 1002 2452 1056 Deum
2484 1016 2732 1056 mansura
2761 1011 2862 1056 est.
2895 999 3043 1056 Unde
3063 1001 3316 1069 quoniam

1741 1094 2002 1162 superiori
2043 1093 2268 1150 concilio
2307 1101 2565 1148 statutum
2588 1107 2705 1145 esse
2741 1107 2950 1146 mecum
2981 1091 3318 1159 recognoscit

1742 1184 2067 1239 unanimitas
2099 1193 2294 1249 vestra,
2329 1193 2385 1237 ut
2411 1184 2465 1239 hi
2497 1184 2586 1252 qui
2610 1182 2750 1254 apud
2782 1182 3086 1237 Donatistas
3114 1183 3316 1252 parvuli

1742 1276 1996 1346 baptizati
2025 1284 2170 1335 sunt.
2198 1277 2434 1330 nondum
2465 1277 2606 1330 scire
2637 1275 2875 1328 valentes
2903 1274 3102 1329 erroris
3131 1289 3314 1328 eorum

1741 1368 2038 1435 interitum,
2069 1377 2126 1422 et
2169 1379 2516 1436 posteaquam
2555 1366 2619 1419 ad
2663 1375 2874 1419 mtatcm
2906 1366 3125 1420 rationis
3155 1380 3315 1434 capa-

1740 1475 1859 1515 cem
1890 1468 2272 1529 pervenerunt,
2304 1459 2478 1525 agnita
2522 1458 2764 1521 veritate,
2799 1457 3081 1512 falsitatem
3129 1472 3312 1511 eorum

1740 1551 2092 1604 abhorrentes
2139 1549 2205 1603 ad
2253 1547 2547 1602 Ecclesium
2583 1548 2673 1602 Dei
2703 1547 3042 1612 catholicam,
3075 1562 3172 1617 per
3201 1547 3315 1600 uui-

1740 1659 1956 1699 versum
1979 1645 2236 1700 mundum
2263 1644 2531 1712 diffusam,
2552 1645 2741 1701 ordine
2765 1646 2985 1715 antiquo
3011 1660 3106 1714 per
3127 1659 3316 1699 manus

1742 1737 2134 1806 Impositionem
2166 1739 2363 1805 recepti
2396 1746 2538 1799 sunt,
2566 1737 2763 1790 debere
2792 1737 2984 1792 talibus
3011 1737 3314 1806 suscipien-

1740 1827 1867 1880 dum
1896 1842 2088 1880 munus
2115 1826 2398 1880 clericatus
2425 1841 2528 1878 non
2561 1824 2820 1894 impedire
2858 1840 3053 1881 nomen
3091 1828 3307 1888 erroris,

3428 644 3532 689 tcm
3566 646 3783 705 propter
3811 635 4065 692 Ecclesia:
4106 655 4292 708 pacem
4337 649 4389 694 et
4421 645 4725 713 utilitatem,
4759 657 4817 700 ut
4846 658 4900 702 et
4928 652 4989 703 de

3426 729 3551 797 ipsis
3582 727 3886 791 Donatistis,
3931 733 4231 802 quicunque
4262 737 4442 791 cleriii
4480 753 4724 797 COI‘I‘CL'IO
4769 747 4989 801 consilio

3423 818 3486 870 ad
3513 818 3828 873 catholicam
3855 821 4110 874 unitatem
4144 827 4368 880 transire
4392 830 4676 894 voluerint,
4699 835 4986 888 secundum

3423 908 3838 977 uniuscujusque
3885 912 4124 982 episcopi
4179 917 4424 972 catholici
4473 921 4801 977 voluntatem
4831 935 4988 996 atque

3421 997 3720 1064 consilium,
3748 1001 3835 1068 qui
3863 1001 3913 1054 in
3944 1003 4130 1056 eodem
4163 1003 4280 1060 loco
4307 1009 4567 1076 gubernat
4596 1010 4885 1068 Ecclesiam
4909 1058 4921 1071 .
4943 1018 4985 1070 si

3421 1087 3522 1142 hoc
3551 1090 3664 1157 paci
3695 1089 4004 1144 Christianm
4046 1093 4298 1163 prodesse
4339 1099 4504 1152 visum
4554 1101 4730 1166 fuerit,
4785 1105 4835 1158 in
4875 1109 4986 1161 suis

3421 1179 3710 1235 honoribus
3741 1183 4120 1253 suscipiantur,
4169 1189 4307 1242 sicut
4337 1192 4600 1258 prioribus
4635 1195 4878 1262 ejusdem
4905 1199 4985 1252 di-

3420 1270 3636 1324 visionis
3681 1274 4005 1341 temporibus
4059 1276 4256 1332 factum
4307 1294 4427 1334 esse
4477 1283 4816 1338 manifestum
4868 1297 4984 1350 est;

3418 1363 3558 1431 quod
3588 1364 3873 1418 multarum
3904 1378 3956 1420 et
3988 1383 4121 1436 pene
4149 1373 4382 1426 omnium
4406 1373 4774 1431 Africanarum
4805 1377 4988 1434 Eccle-

3418 1455 3638 1520 siarnm,
3672 1457 3723 1510 in
3761 1459 3953 1526 quibus
3999 1461 4114 1515 talis
4153 1476 4301 1517 error
4337 1475 4555 1523 exortus
4595 1478 4698 1533 est,
4742 1472 4985 1538 exempla

3419 1552 3698 1605 testantur,
3751 1562 3856 1600 non
3905 1557 3962 1602 ut
4007 1551 4292 1606 concilium
4331 1556 4472 1621 quod
4521 1557 4572 1610 in
4620 1561 4989 1614 transmarinis

3418 1635 3655 1702 partibus
3701 1637 3767 1692 de
3815 1638 3914 1693 hac
3961 1655 4020 1694 re
4069 1644 4266 1696 factum
4309 1654 4393 1698 est
4429 1647 4772 1714 dissolvatur,
4804 1652 4898 1703 sed
4930 1663 4988 1703 ut

3416 1722 3542 1776 illud
3569 1736 3779 1781 maneat
3809 1727 3948 1782 circa
3971 1744 4065 1784 eos
4093 1733 4181 1799 qui
4211 1733 4288 1787 sic
4316 1736 4542 1790 transire
4569 1737 4634 1790 ad
4656 1737 4986 1794 Catholicam

3419 1813 3622 1878 volunt,
3655 1825 3710 1869 ut
3737 1818 3876 1871 nulla
3908 1834 4002 1888 per
4026 1835 4120 1875 eos
4151 1823 4371 1879 unitatis
4397 1829 4764 1894 compensatio
4795 1845 4989 1896 procu-

1742 1932 1866 1973 cnm
1898 1931 2078 1970 veram
2119 1915 2410 1971 Ecclesiam
2467 1916 2679 1970 illorum
2729 1917 3031 1984 putaverint
3060 1915 3123 1970 ad
3154 1915 3308 1970 fidem
3340 1895 3386 1953 Β
3416 1913 3586 1971 rem":
3633 1920 3728 1974 ρετ
3771 1922 3785 1957 ί

2947 1917 3031 1970 ιεηι
3060 1915 3123 1970 ad
3154 1915 3308 1970 ﬁdem
3340 1895 3386 1953 B
3416 1913 3586 1971 retur,
3633 1920 3728 1974 per
3771 1922 3904 1974 quos
3947 1919 4124 1964 autem
4156 1911 4239 1966 vel
4293 1915 4602 1971 omnimodo
4649 1895 4857 1986 perliti,
4905 1922 4990 1974 νει

1743 2008 2068 2072 accedendo,
2100 2017 2155 2062 et
2196 2009 2264 2062 ibi
2292 2007 2506 2062 Christo
2535 2007 2884 2074 crediderint,
2935 2017 2990 2064 et
3039 2008 3312 2064 Trinitatis

1737 2107 2073 2154 sacramenta
2101 2099 2440 2169 perceperint
2471 2118 2480 2152 :
2515 2113 2633 2168 qua:
2664 2099 2839 2153 omnia
2871 2115 2994 2154 vera
3035 2109 3084 2155 et
3107 2109 3308 2166 sancta,

1737 2199 1900 2258 atque
1925 2190 2102 2244 divina
2134 2205 2253 2246 esse
2284 2190 2640 2244 certissimum
2684 2200 2786 2255 est,
2824 2200 2877 2244 et
2905 2193 2955 2244 in
2985 2191 3068 2246 his
3097 2208 3312 2246 omnem

1735 2281 1926 2333 anima:
1952 2294 2100 2348 spem
2122 2281 2485 2334 constitutam.
2517 2279 2828 2348 Quanquam
2857 2288 2912 2334 et
2940 2280 3310 2335 litereticorum

1738 2383 2060 2442 praesumpta
2108 2371 2329 2427 audacia
2387 2372 2627 2427 veritatis
2676 2374 2892 2428 nomine
2940 2374 3154 2443 palliata
3201 2375 3312 2430 hare

1737 2462 1952 2518 tradere
1980 2462 2192 2524 audeat,
2226 2477 2343 2531 qum
2371 2462 2626 2530 quoniam
2667 2463 2924 2533 simplicia
2967 2474 3108 2528 sunt,
3159 2474 3212 2519 et
3257 2474 3312 2519 ut

1737 2560 2034 2620 pm'monet
2086 2551 2276 2606 beatus
2327 2551 2614 2620 Apostolus
2663 2552 2910 2619 dicendo,
2967 2569 3102 2608 unus
3149 2554 3306 2618 Deus,

1738 2658 1841 2696 una
1873 2641 2022 2707 fides,
2045 2657 2208 2696 unum
2237 2642 2517 2711 baptisma,
2547 2652 2601 2697 et
2629 2643 2807 2698 iterari
2839 2660 2944 2700 non
2976 2644 3310 2713 liceat,quod

1731 2733 1899 2791 semel
1929 2734 2042 2790 dari
2073 2742 2305 2804 Oportet,
2357 2734 2816 2788 anathematizato
2859 2736 3074 2793 nomine
3113 2739 3310 2792 erroris

1733 2829 2063 2897 recipiantur
2094 2843 2189 2899 per
2217 2839 2406 2882 manus
2434 2825 2828 2896 intpositiOuctn
2861 2827 2911 2882 in
2940 2842 3098 2883 unam
3129 2826 3310 2884 Εςςιρο

1731 2920 1864 2974 siam
1912 2919 2236 2986 columbam,
2289 2928 2346 2971 ut
2393 2919 2593 2973 dictum
2633 2928 2733 2984 est,
2777 2929 2830 2974 et.
2879 2935 3036 2974 unam
3081 2929 3306 2976 matrem

1734 3010 1970 3063 omnium
2013 3009 2459 3072 Christianorum,
2511 3009 2599 3064 ubi
2632 3011 2813 3065 omnia
2843 3021 3173 3066 sacramenta
3217 3030 3304 3068 sa-

1731 3101 1747 3154 l
1772 3102 1970 3165 .briter,
1997 3110 2050 3155 et
2079 3111 2296 3166 aeterne,
2325 3111 2379 3155 et
2408 3101 2643 3156 vitaliter
2669 3103 3022 3172 accipiuntur,
3047 3118 3165 3174 qua:
3187 3119 3308 3174 per-

1729 3191 2101 3246 severantibus
2140 3191 2194 3245 in
2223 3193 2410 3246 haeresi
2435 3207 2680 3262 magnam
2710 3192 3064 3250 damnationis
3091 3210 3302 3264 pmnam

1729 3281 2070 3348 conquirunt,
2100 3289 2157 3335 ut
2175 3282 2318 3350 quod
2345 3282 2422 3338 eis
2444 3282 2497 3335 in
2519 3282 2744 3337 veritate
2763 3281 2830 3336 ad
2850 3290 3106 3338 mteruam
3132 3286 3295 3339 vitam

1727 3370 2158 3438 consequendam
2205 3381 2348 3425 esset
2393 3370 2727 3437 luminosius,
2776 3369 2880 3426 hoc
2920 3371 2970 3424 in
3019 3387 3203 3427 errore
3229 3373 3298 3428 sit

1728 3461 2083 3527 tcnebrosius,
2115 3469 2274 3528 atque
2296 3461 2622 3516 ilainnosius.
2672 3459 2824 3528 Quod
2869 3461 3132 3529 fugientes
3157 3478 3295 3516 non-

1731 3551 1860 3606 nulli
1889 3560 1938 3604 et
1971 3551 2156 3604 matris
2193 3548 2445 3604 Ecclesia:
2473 3551 2750 3606 catbolicm
2776 3549 3294 3622 uberacoguoscen-

1731 3649 1832 3706 tes,
1867 3639 1953 3693 illa
1985 3639 2162 3693 omnia
2183 3634 2645 3713 sancta'mysteria
2674 3655 2858 3696 amore
2885 3643 3124 3697 veritatis
3172 3658 3292 3698 cre-

1730 3731 1998 3794 diderunt,
2030 3739 2190 3799 atque
2219 3741 2606 3803 perceperunt;
2629 3733 2821 3803 quibus
2846 3743 3300 3790 Sacramentorum

1731 3822 1891 3875 rebus
1915 3837 2033 3875 cum
2065 3822 2184 3874 vita:
2211 3822 2365 3876 bonas
2394 3823 2631 3890 probitas
2658 3823 2965 3890 accesserit,
2997 3823 3113 3878 sine
3139 3824 3301 3878 dubio

1729 3909 1796 3961 ait
1824 3907 2057 3964 ollicium
2081 3907 2365 3964 clericattts
2389 3909 2524 3966 tales
2543 3925 2662 3964 esse
2680 3910 3046 3980 applicandos,
3072 3911 3302 3966 maxime

1731 4000 1784 4051 in
1811 4007 1956 4052 tanta
1985 4013 2164 4052 rerum
2194 4001 2516 4054 necessitate
2539 3999 2714 4054 nullus
2738 4009 2820 4054 est
2849 4000 2938 4070 qni
2966 4016 3070 4056 non
3101 4017 3300 4057 conce-

1729 4088 1840 4142 dat.
1872 4086 2186 4159 Quanquam
2217 4087 2458 4142 nonnulli
2489 4087 2726 4156 ejusdem
2756 4098 2913 4144 secta:
2955 4089 3134 4144 clerici
3177 4107 3299 4146 cum

1729 4177 1973 4247 plebibus
1999 4186 2160 4246 atque
2202 4178 2496 4233 honoribus
2522 4179 2634 4233 suis
2661 4179 2728 4232 ad
2759 4193 2859 4232 nos
2901 4181 3129 4234 transire
3153 4181 3297 4235 desi-

1727 4272 1938 4331 derent,
1963 4269 2053 4336 qui
2079 4282 2265 4323 amore
2292 4270 2532 4333 honoris,
2559 4277 2653 4322 aut
2674 4271 2996 4338 persuadent
3021 4270 3089 4323 ad
3114 4272 3299 4337 vitam,

1727 4367 1822 4412 aut
1849 4359 2083 4413 retinent
2107 4358 2174 4413 ad
2201 4359 2450 4414 salutem.
2478 4359 2585 4414 Sed
2613 4361 2715 4414 hoc
2744 4359 2931 4427 majori
2963 4361 3181 4415 fratrum
3210 4377 3299 4417 su-

1727 4449 2089 4518 pradictorum
2120 4451 2533 4506 consideratiuni
2575 4451 2948 4508 dimittendum
2995 4468 3209 4519 censeo,
3243 4463 3302 4509 ut

1727 4541 2058 4610 prudentiori
2087 4557 2184 4596 suo
2210 4544 2434 4597 consilio
2474 4553 2669 4597 nostra:
2697 4547 3053 4614 suggestionis
3085 4563 3291 4602 sermo-
3324 4531 3374 4591 D

1731 4647 1851 4685 nem
1900 4648 2022 4705 cum
2065 4633 2465 4702 perpenderint,
2490 4634 2621 4704 quid
2649 4635 2716 4688 de
2745 4636 2844 4690 hac
2888 4651 2947 4691 re
2983 4637 3061 4690 eis
3088 4637 3296 4705 placeat

1729 4738 1826 4776 nos
1856 4723 2144 4776 informare
2165 4724 2467 4792 dignentur.
2496 4723 2722 4779 Tantum
2744 4727 2810 4780 de
2841 4728 2921 4780 his
2951 4729 3037 4796 qui
3068 4728 3297 4784 infantes

1729 4813 1980 4880 haptizati
2026 4821 2152 4865 sunt
2189 4815 2502 4881 satagimus,
2551 4822 2610 4867 ut
2655 4824 2869 4878 nostra},
2916 4818 2958 4870 si
3001 4818 3191 4885 placet,
3244 4818 3294 4870 in

1733 4904 1918 4956 iisilem
1945 4903 2254 4958 ordinandis
2280 4905 2619 4958 consentiant
2647 4907 2928 4961 voluntati.
2952 4908 3139 4962 Omnia
3167 4923 3296 4976 ergo

1729 5009 1849 5060 qua:
1894 4993 2140 5063 superius
2183 4995 2703 5063 comprehendimus,
2753 4997 2892 5066 apud
2941 5008 3157 5052 sanctus
3185 5000 3296 5066 epi-

1729 5099 1922 5152 scopns
1959 5085 2160 5151 agenda
2205 5101 2326 5141 esse
2369 5101 2576 5141 mecum
2625 5088 2950 5144 honorabilis
2994 5090 3295 5145 fraternitas

1730 5184 1904 5230 vestra
1933 5177 2240 5245 perpendat.

1804 5331 1931 5386 Item
1976 5343 2027 5386 ut
2055 5333 2226 5385 clerici
2272 5332 2659 5413 Donaistarum
2708 5336 2759 5386 in
2805 5334 2910 5386 suis
2955 5335 3225 5387 honoribus

2335 5408 2693 5461 suscipiantur.

1799 5534 1995 5587 Concil.
2027 5533 2298 5603 Cartliag.,
2330 5537 2410 5589 tit.
2443 5534 2530 5589 '53.
2581 5536 2779 5592 Deinde
2809 5537 3009 5605 placuit
3029 5546 3085 5590 ut
3111 5537 3296 5590 httcm:

1733 5631 2009 5678 imitantur
2060 5624 2124 5677 ad
2184 5628 2374 5678 fratres
2423 5635 2478 5679 ct
2525 5627 2872 5696 COCplSCOItOS
2919 5636 3171 5686 IIOsU'OS,
3245 5635 3299 5680 ct

1731 5716 1960 5769 maxime
1991 5715 2055 5768 ad
2085 5713 2266 5768 sedem
2299 5718 2668 5784 apostolicam,
2699 5717 2747 5770 in
2783 5736 2882 5786 qua
2912 5719 3156 5786 praesidet
3186 5734 3297 5770 mc-

1730 5815 1966 5860 moratns
1993 5807 2309 5862 venerabilis
2350 5808 2510 5862 frater
2541 5817 2590 5862 ct
2623 5809 2820 5875 collega
2854 5819 3031 5864 noster
3073 5809 3294 5861 Anasta-

3413 1992 3652 2059 adjnvari
3680 1996 3975 2051 manifestis
4007 1999 4356 2056 fraternarum
4384 2006 4679 2062 animarum
4711 2009 4874 2064 lucris
4897 2028 4989 2064 ca-

3415 2085 3611 2140 tholica
3644 2087 3817 2142 unitas
3848 2089 3897 2142 in
3927 2089 4058 2144 locis
4084 2093 4276 2160 quibus
4303 2094 4504 2162 degunt
4531 2099 4640 2153 visa
4672 2101 4987 2155 fueritznon

3413 2177 3492 2230 eis
3519 2176 3660 2230 obsit
3681 2179 3824 2246 quod
3847 2190 4031 2234 contra
4062 2182 4296 2241 honores
4329 2201 4540 2256 eorum,
4569 2193 4812 2258 quamvis
4843 2195 4990 2248 salus

3413 2267 3542 2320 nulli
3573 2269 3859 2325 interclusa
3890 2272 3980 2339 sit,
4011 2275 4063 2327 in
4095 2279 4450 2334 transmarino
4475 2282 4702 2337 concilio
4725 2292 4986 2338 statutum

3412 2370 3517 2427 est,
3545 2361 3597 2416 id
3622 2372 3702 2418 est
3733 2373 3792 2418 ut
3818 2365 4048 2420 ordinati
4077 2369 4127 2420 in
4155 2380 4305 2438 parte
4334 2371 4547 2439 Donati,
4577 2375 4621 2428 si
4652 2375 4717 2428 ad
4748 2375 4989 2430 Catholi-

3413 2465 3530 2503 cam
3561 2453 3790 2506 correcti
3821 2455 4048 2510 transire
4071 2458 4354 2524 voluerint,
4401 2475 4507 2516 non
4547 2463 4904 2532 suscipiantur
4934 2466 4989 2517 in

3413 2542 3704 2599 honoribus
3727 2546 3833 2600 suis
3863 2547 4158 2602 secundum
4194 2551 4603 2605 transmarinum
4650 2553 4937 2608 concilium
4972 2572 4984 2604 :

3411 2633 3504 2687 sed
3547 2635 3786 2704 exceptis
3836 2636 3938 2703 his,
3989 2651 4083 2706 per
4120 2652 4255 2706 quos
4297 2639 4568 2696 catholica
4617 2643 4807 2697 unitati
4852 2660 4985 2699 con-

3411 2724 3616 2780 sulitur.

3445 2859 3664 2917 CCLIV.
3701 2861 3767 2918 L't
3803 2865 4030 2936 epismpi
4057 2865 4132 2918 cel
4154 2867 4321 2946 clerici
4361 2869 4496 2936 filios
4526 2886 4644 2924 suos
4672 2888 4773 2925 non
4798 2875 4952 2940 facile

4023 2946 4362 3006 emanctpent.

3483 3044 3684 3100 Concil.
3732 3046 4002 3118 Carthag.,
4053 3048 4132 3103 tit.
4163 3050 4217 3102 2.
4271 3050 4340 3105 Ut
4385 3051 4621 3121 episcopi
4670 3051 4753 3106 vel
4801 3053 4986 3108 clerici

3413 3133 3549 3190 filios
3575 3151 3700 3190 suos
3728 3151 3758 3188 a
3787 3151 3884 3190 sua
3911 3147 4179 3206 potestate
4206 3154 4302 3207 per
4324 3140 4804 3209 emancipationem
4833 3143 4986 3195 exire

3326 3235 3375 3300 ρ
3411 3241 3519 3281 non
3543 3226 3742 3294 sinant,
3787 3228 3886 3282 nisi
3929 3227 3996 3282 de
4045 3230 4283 3284 moribus
4335 3245 4523 3285 eorum
4574 3231 4770 3285 fuerint
4817 3243 4871 3286 et
4915 3233 4986 3288 de

3404 3328 3562 3375 mtate
3588 3322 3788 3387 securi,
3819 3331 3876 3376 ut
3902 3323 4104 3392 possint
4132 3322 4197 3378 ad
4227 3338 4322 3380 eos
4343 3323 4454 3394 jam
4477 3326 4692 3396 propria
4714 3327 4987 3395 pertinere

3405 3421 3643 3484 peccata.

3407 3540 3603 3599 CCLV.
3640 3543 3708 3599 Ut
3734 3545 3909 3600 clerici
3935 3548 4012 3600 vel
4039 3549 4361 3602 continentes
4377 3549 4446 3601 ad
4477 3550 4698 3618 virgines
4723 3560 4773 3603 et
4803 3552 4983 3605 viduas

3990 3633 4091 3670 non
4119 3619 4384 3671 accedant.

3480 3723 3677 3778 Concil.
3727 3723 3996 3797 Carthag.,
4031 3729 4108 3780 tit.
4140 3727 4196 3783 5.
4223 3727 4417 3783 Clerici
4447 3730 4529 3785 vel
4556 3732 4895 3786 continentes
4914 3733 4980 3785 ad

3406 3815 3590 3869 viduas
3620 3815 3703 3870 vel
3731 3817 3965 3885 virgines
4000 3817 4102 3872 nisi
4144 3833 4212 3872 ex
4253 3819 4405 3887 jussu
4435 3821 4518 3874 vel
4557 3824 4819 3889 permissu
4859 3824 4980 3890 epi-

3405 3919 3690 3972 scoporum
3728 3906 3814 3959 vel
3855 3907 4290 3976 presbyterorum
4329 3923 4437 3964 non
4464 3911 4743 3977 accedant,
4784 3921 4839 3967 et
4877 3914 4984 3967 hoc

3405 4009 3511 4047 non
3541 3994 3642 4049 soli
3672 3995 3888 4058 faciant.
3919 3996 4014 4051 sed
4039 4013 4163 4051 cum
4192 3999 4418 4064 clericis,
4473 4000 4556 4053 vel
4595 4014 4717 4054 cum
4744 4001 4826 4053 bis
4854 4017 4980 4054 cum

3401 4085 3596 4153 quibus
3633 4086 3914 4156 episcopus
3959 4097 4051 4142 aut
4095 4089 4370 4158 presbyter
4422 4089 4681 4158 jusserit;
4733 4107 4831 4144 nec
4880 4092 4981 4160 ipsi

3401 4175 3637 4243 episcopi
3684 4185 3777 4231 aut
3816 4177 4115 4248 presbyteri
4162 4179 4262 4234 soli
4314 4180 4545 4235 habeant
4587 4195 4865 4236 accessum
4911 4181 4982 4234 ad

3406 4263 3712 4331 hujusmodi
3761 4266 4009 4332 feminas,
4065 4267 4159 4321 sed
4207 4269 4292 4321 ubi
4336 4278 4428 4322 aut
4469 4269 4652 4323 clerici
4688 4279 4984 4339 praesentes

3401 4359 3544 4416 sunt,
3575 4359 3669 4406 aut
3694 4367 3882 4422 graves
3910 4353 4072 4422 aliqui
4098 4353 4404 4412 Christiani.

3473 4485 3690 4542 CCLVI.
3729 4488 3795 4543 Ut
3830 4492 4066 4560 princeps
4101 4494 4433 4572 .sacerdotum
4477 4510 4577 4547 non
4622 4495 4904 4564 appelletur

4029 4578 4314 4632 episcopus.

3467 4665 3662 4722 Conci’.
3716 4669 3990 4740 Carthag.,
4025 4674 4102 4726 tit.
4129 4672 4179 4724 6.
4216 4673 4283 4727 Ut
4308 4674 4490 4742 prima:
4516 4673 4660 4730 sedis
4689 4675 4982 4744 episcolius

3398 4773 3500 4813 non
3552 4761 3848 4830 appelletur
3895 4763 4143 4833 princeps
4185 4765 4544 4829 sacerdOtum,
4591 4775 4683 4819 ant
4734 4782 4983 4820 summus

3395 4853 3668 4914 sacerdos,
3702 4863 3794 4907 aut
3823 4854 4020 4924 aliquid
4064 4855 4386 4924 hnjusmodi,
4430 4855 4520 4910 sed
4557 4865 4762 4910 tantum
4796 4857 4983 4925 prima:

3396 4942 3539 4996 sedis
3570 4942 3851 5012 cpiscopus

3469 5069 3710 5126 CCLV".
3747 5073 3814 5128 Ut
3843 5091 3874 5127 α
3897 5075 4093 5149 jejunis
4128 5079 4476 5149 sacerdotibus
4507 5077 4613 5132 Deo
4642 5079 4905 5149 sacri/tria

4019 5146 4346 5200 celebrentur.

3467 5258 3571 5308 Con
3605 5257 3660 5308 it.
3719 5256 3989 5326 Carllmg.,
4035 5262 4112 5310 tit.
4171 5258 4222 5309 8.
4281 5257 4348 5312 Ut
4398 5267 4730 5312 sacramenta
4785 5263 4983 5312 a'taris

3397 5362 3502 5400 non
3552 5346 3651 5400 nisi
3697 5362 3726 5398 a
3763 5347 3960 5414 jejunis
4001 5348 4303 5402 hominibus
4333 5347 4690 5412 celebrentur,
4742 5362 4982 5417 excepto

3399 5453 3504 5488 uno
3535 5438 3620 5489 ilic
3646 5437 4033 5500 anniversario,
4066 5455 4173 5507 quo
4207 5455 4358 5493 coma
4393 5439 4597 5493 Domini
4625 5439 4979 5503 celebratur;

3397 5544 3518 5582 nam
3560 5530 3602 5582 si
3652 5529 3949 5597 aliquorum
3992 5531 4360 5600 pomeridiano
4406 5540 4645 5600 tempore
4685 5531 4984 5589 defunctu-

3398 5635 3534 5675 rum.
3567 5621 3680 5673 sive
3711 5622 4101 5689 episcoporum,
4133 5623 4244 5675 sive
4274 5632 4587 5676 etetcrurnm
4619 5625 4982 5678 commenda-

3401 5714 3473 5764 tio
3503 5713 3736 5766 l'acienda
3766 5722 3863 5777 est,
3897 5714 4025 5767 solis
4053 5715 4383 5768 orationibus
4426 5715 4534 5782 liat,
4573 5717 4617 5770 si
4655 5717 4730 5770 illi
4769 5718 4861 5784 qui
4902 5722 4985 5772 fa-

3400 5807 3543 5858 rinnt
3568 5805 3674 5873 jam
3708 5807 3882 5876 pransi
3914 5807 4261 5862 inveniuntur.
