5174 6534
696 411 806 469 9‘29

774 526 1036 581 (κωκυ.
1063 526 1141 581 De
1169 526 1511 581 sollicitudine
1530 538 1623 596 pro
1652 529 1931 599 virginibus
1957 528 2201 597 gerenda.

773 663 971 716 tioncit.
1015 660 1287 730 (.‘urtlmg.,
1321 662 1399 714 tit.
1449 660 1531 712 ll.
1581 661 1647 713 llt
1685 662 1923 730 virgines
1965 676 2129 715 sacra:
2159 675 2281 713 cum

696 752 1038 819 parentibus,
1085 766 1114 803 a
1164 751 1355 818 quibus
1404 752 1861 814 custodiebantur,
1913 752 2133 821 privata:
2167 750 2285 805 lue-

701 842 829 907 rint,
881 843 1138 911 episcopi,
1169 841 1252 897 vel
1277 841 1596 912 presbyteri,
1632 843 1720 897 ubi
1767 844 2052 912 episcopus
2093 846 2286 898 absens

701 942 824 997 ist,
870 933 1206 1003 providentia
1260 932 1594 999 gravioribus
1644 933 1854 987 feznims
1906 933 2286 987 commenden-

705 1032 811 1088 tur,
868 1032 957 1075 aut
1009 1023 1167 1076 simul
1200 1022 1505 1075 habitantes
1533 1023 1760 1077 invicem
1804 1038 1861 1075 se
1883 1023 2190 1077 custodiant
2219 1038 2286 1077 ne

703 1116 905 1184 passim
969 1113 1209 1181 vagando
1266 1113 1518 1169 Ecclesia:
1572 1115 1768 1168 lmdant
1809 1115 2283 1169 existimationem.

699 1265 928 1320 \ICIJX.
1005 1265 1073 1321 Ut
1128 1267 1397 1335 episcopus
1454 1283 1555 1320 non
1620 1266 1887 1320 ordinetur
1958 1266 2013 1319 in
2080 1265 2285 1319 diwcesi

776 1353 893 1399 aute
971 1338 1265 1405 epismpum
1351 1346 1610 1405 nunquam
1684 1335 1855 1388 habuit
1884 1376 1897 1398 ,
1984 1336 2083 1387 nisi
2170 1344 2283 1388 cum

775 1408 1037 1461 voluntate
1068 1410 1293 1476 episcopi
1344 1409 1411 1458 ad
1456 1424 1600 1476 quem
1649 1407 1761 1477 ipsa
1791 1407 2019 1459 diaeresis
2043 1408 2278 1474 pertinet.

775 1530 979 1588 Count.
1007 1531 1206 1595 ϐιινιΙι.,
1238 1533 1314 1585 tit.
1345 1533 1431 1586 ‘30.
1463 1532 1753 1601 Epigonins
1784 1533 2069 1602 cpiscopus
2099 1532 2234 1587 dixit
2269 1553 2279 1585 :

698 1625 889 1680 Multis
937 1627 1179 1680 conciliis
1240 1627 1343 1679 hoc
1390 1634 1649 1679 statutum
1695 1642 1723 1678 a
1771 1634 1911 1679 cmtu
1966 1628 2283 1680 sacerdotali

702 1726 814 1781 est,
866 1724 923 1769 ut
965 1717 1149 1787 plebes
1196 1732 1313 1785 qua!
1342 1717 1394 1769 in
1439 1715 1759 1770 dimcesibus
1792 1717 1859 1769 ab
1912 1716 2177 1785 episcopis
2208 1730 2281 1768 re-

702 1817 965 1867 tinentur.
1007 1824 1124 1877 qurc
1162 1809 1445 1878 episcopos
1471 1825 1741 1878 nunquam
1791 1810 2116 1876 habuerunt,
2151 1825 2286 1862 non-

704 1901 806 1955 nisi
863 1917 983 1955 cum
1032 1902 1306 1957 volun'ate
1349 1902 1464 1971 ejus
1508 1902 1743 1971 episcopi
1777 1916 1805 1955 a
1876 1916 1983 1970 quo
2012 1910 2281 1967 tenentur,

703 1992 957 2061 proprios
986 1993 1252 2061 accipiant
1294 2004 1553 2058 rectores,
1604 1994 1655 2047 id
1706 2004 1789 2048 est
1849 1996 2147 2064 episcopos.
2218 1995 2281 2047 At

703 2099 842 2140 vero
894 2087 1017 2153 quia
1075 2087 1339 2153 nonnulli,
1418 2088 1693 2141 dominatu
1764 2089 1998 2156 quodam
2068 2089 2285 2157 adepto,

703 2184 1144 2232 communionem
1192 2181 1415 2233 fratrum
1473 2182 1789 2247 abhorrent,
1824 2181 1907 2235 vel
1968 2190 2117 2236 certe
2165 2197 2284 2236 cum

702 2270 986 2340 depravati
1035 2268 1251 2335 fuerint,
1298 2270 1450 2337 quasi
1484 2271 1536 2323 in
1582 2270 1813 2338 quadam
1864 2285 1985 2325 arce
2011 2271 2282 2341 tyrannica

700 2360 807 2414 sibi
858 2359 1190 2413 dominatum
1229 2359 1520 2423 vindicant,
1550 2361 1692 2427 quod
1760 2359 2003 2429 plerique
2076 2361 2281 2424 tumidi,

702 2459 869 2519 atque
913 2450 1092 2503 stolidi
1140 2448 1421 2504 adversum
1464 2450 1748 2520 episcopos
1785 2466 1912 2505 suos
1933 2452 2167 2504 cervices
2190 2451 2287 2503 eri-

701 2550 840 2609 gunt
869 2541 1191 2612 presbyteri,
1223 2541 1304 2595 vel
1334 2542 1592 2595 conviviis
1626 2542 1723 2595 sibi
1760 2542 2141 2596 concinnantes
2171 2541 2285 2612 ple—

704 2638 717 2687 l
740 2650 851 2700 em,
872 2634 957 2689 vel
979 2643 1124 2689 certe
1146 2648 1404 2702 persuasu
1423 2634 1673 2701 maligno,
1690 2642 1745 2686 ut
1768 2633 1858 2687 ἱιιὶι
1878 2634 1952 2688 ito
1970 2634 2149 2688 favore
2174 2649 2285 2688 eos-

702 2730 831 2784 dem
870 2729 1071 2783 vellent
1110 2728 1211 2782 sibi
1270 2728 1536 2781 collocare
1585 2736 1845 2781 rectores.
1876 2726 2028 2791 Quod
2070 2726 2283 2794 quidem

708 2822 923 2890 insigne
953 2818 1150 2874 mentis
1189 2827 1291 2873 tuae
1335 2825 1577 2871 tenemus
1608 2826 1811 2881 votum,
1846 2815 2011 2870 lrater
2037 2816 2286 2883 religiose

705 2910 918 2975 Aureli,
957 2908 1045 2977 qui
1069 2909 1181 2963 haec
1218 2922 1361 2976 saepe
1411 2908 1724 2977 oppressisti
1748 2923 1855 2961 non
1873 2906 2112 2960 curando
2154 2906 2286 2959 tales

705 3000 988 3069 petitores,
1043 2998 1137 3053 sed
1178 3007 1397 3068 pr0pter
1448 3012 1634 3053 eorum
1687 2998 1858 3051 malos
1896 2998 2183 3067 cogitatus,
2234 3006 2286 3051 ct

706 3107 875 3162 prava
920 3091 1240 3146 concinnata
1283 3105 1468 3144 eorum
1526 3089 1748 3144 consilia
1807 3089 1911 3143 hoc
1984 3090 2124 3153 dico,
2178 3105 2284 3143 non

1942 410 2358 468 IlIlEVIAIIIUII
2399 412 2814 469 CANthlCUM.

3852 418 3956 473 930

2312 527 2361 585 Α
2388 526 2630 595 episcopi
2667 527 2917 580 dixerunt
2946 550 2954 580 ;
2984 528 3201 582 Sunnna
3236 529 3468 597 provisio
3516 537 3819 584 sanctitatis
3864 541 3966 582 tum

2389 617 2611 670 cohaesit
2645 617 2912 671 mentibus
2946 618 3307 691 rsingnlorum,
3351 626 3405 671 et
3449 628 3579 685 puto
3608 618 3849 672 omnium
3882 635 3965 669 re-

2386 708 2681 776 sponsione
2714 722 2776 760 ca
2824 722 2942 775 qum
2973 710 3221 777 prosequi
3262 709 3514 775 dignatus
3541 723 3601 762 es
3635 708 3966 763 roboranda.

2389 796 2631 852 llniversi
2676 797 2919 866 episcopi
2968 796 3242 863 dixerunt,
3295 798 3496 867 placet,
3553 797 3751 866 placet.

2454 906 2655 962 CCLX.
2710 907 2776 961 Ut
2839 909 2923 977 qui
2955 909 3196 979 episcopi
3222 910 3275 960 in
3338 910 3635 962 dimcesibus
3700 911 3893 979 fuerint

2572 978 2818 1045 ordinati,
2850 979 3105 1031 diwcesim
3132 977 3227 1031 sibi
3263 978 3458 1031 nullam
3486 977 3751 1049 usurpent.

2457 1089 2654 1147 Concil.
2713 1090 2988 1159 Carthag.,
3049 1092 3127 1144 tit.
3183 1090 3272 1143 '25.
3324 1088 3629 1145 Honoratus
3682 1098 3737 1145 et
3798 1092 3961 1147 Urbad

2388 1195 2489 1234 nus
2533 1181 2771 1251 episcopi
2810 1181 3061 1234 dixerunt
3094 1199 3105 1231 :
3143 1181 3455 1235 Audivinms
3506 1180 3856 1235 ennstitutum
3910 1191 3969 1234 ut

2387 1273 2647 1328 dzmceses
2700 1290 2805 1326 non
2854 1280 3161 1325 mereantur
3209 1273 3494 1342 episcopos
3548 1272 3815 1341 accipere,
3866 1271 3968 1326 nisi

2388 1378 2654 1419 consensu
2712 1364 2831 1431 ejus
2875 1364 2974 1419 sub
3021 1379 3128 1433 quo
3203 1361 3416 1417 luerunt
3470 1365 3819 1430 constitutm;
3869 1365 3966 1419 sed

2391 1454 2441 1507 in
2492 1455 2761 1523 provincia
2816 1462 2999 1508 nostra
3049 1469 3169 1509 cum
3224 1454 3389 1522 aliqui
3438 1454 3573 1509 forte
3613 1457 3665 1509 in
3720 1456 3963 1519 dits-cesi,

2389 1548 2721 1602 concedente
2751 1563 2817 1602 eo
2868 1548 3142 1616 episcopo,
3179 1546 3231 1600 in
3255 1548 3409 1615 cujus
3457 1555 3723 1615 potestate
3754 1547 3969 1601 fuerant

2390 1643 2713 1704 constituta",
2768 1640 2997 1695 ordinati
3052 1649 3177 1694 sunt
3205 1640 3463 1708 episcopi,
3516 1640 3969 1695 etiamdiceceses

2390 1732 2488 1786 sibi
2541 1732 2831 1793 vindicant,
2891 1732 2992 1784 hoc
3042 1738 3096 1784 et
3125 1730 3317 1797 corrigi
3352 1730 3631 1785 ebaritatis
3663 1731 3933 1799 VCSII'il‘jII

2393 1821 2533 1876 dicio
2577 1830 2631 1876 cl.
2672 1822 2897 1875 inhiberi
2944 1820 3011 1873 de
3051 1828 3248 1873 cmlcro
3296 1820 3474 1874 debet.
3534 1820 3826 1889 Epigonius
3854 1822 3968 1889 epi-

2394 1928 2587 1979 scopus
2614 1912 2747 1965 dixit
2781 1929 2792 1963 :
2833 1910 3067 1978 Singulis
3093 1912 3360 1979 episcopis
3391 1920 3662 1965 servatum
3693 1920 3776 1965 est
3818 1912 3967 1979 quod

2388 2001 2614 2055 decebat
2647 2019 2658 2052 :
2693 2009 2749 2055 ut
2785 2016 2849 2055 ex
2892 2016 3064 2055 massa
3104 2000 3414 2054 diceecsium
3462 2002 3604 2055 nulla
3633 2010 3963 2071 carperetur,

2391 2100 2447 2145 ut
2500 2092 2771 2162 proprium
2818 2093 3127 2163 episcopum
3175 2091 3469 2156 habuisset,
3520 2093 3621 2146 nisi
3670 2093 3783 2162 ipse
3834 2108 3966 2146 con-

2388 2200 2604 2240 sensum
2663 2186 2993 2238 adhibuisset
3048 2182 3405 2237 concedendi.
3452 2181 3695 2237 Sulliciat
3733 2183 3874 2236 enim
3918 2184 3963 2235 si

2390 2273 2737 2337 concesserit,
2789 2281 2845 2326 ut
2874 2272 3063 2327 eadem
3099 2271 3348 2327 dimcesis
3394 2272 3655 2342 permissa
3688 2272 3964 2341 proprium

2388 2373 2595 2418 tantum
2650 2365 2960 2433 episcopum
3008 2363 3247 2428 habeat,
3305 2374 3361 2417 et
3415 2373 3641 2417 ca'teras
3693 2364 3795 2418 sibi
3858 2379 3963 2417 non

2387 2454 2657 2508 vindicent
2707 2454 3001 2507 dimceses:
3033 2454 3156 2522 quia
3210 2460 3456 2522 exempta
3500 2453 3567 2507 de
3595 2452 3740 2507 lasce
3767 2454 3964 2507 multa-

2388 2562 2504 2600 rum
2554 2544 2668 2599 sola
2718 2545 2913 2597 meruit
2956 2544 3217 2597 honorem
3281 2544 3619 2612 episcopatus
3666 2546 3959 2613 suscipere.

2386 2636 2633 2689 Aurelius
2679 2634 2963 2702 episcopus
2991 2633 3165 2687 dixit:
3197 2631 3311 2687 Non
3353 2634 3537 2691 dubito
3576 2635 3823 2689 charitati
3863 2650 3961 2689 ve-

2387 2736 2509 2781 stra:
2540 2742 2571 2781 o
2602 2727 2776 2779 auium
2808 2724 3040 2795 placere,
3073 2740 3195 2779 eum
3225 2725 3314 2793 qui
3365 2727 3417 2778 in
3469 2724 3708 2791 dimcesi,
3760 2740 3957 2780 cont-e—

2386 2820 2548 2875 dente
2595 2820 2871 2889 episcopo,
2926 2818 3017 2887 qui
3069 2818 3344 2871 matricem
3377 2818 3565 2881 tenuit,
3598 2817 3768 2873 solam
3816 2832 3963 2871 eain—

2386 2909 2507 2964 dem
2533 2910 2768 2965 retinere
2792 2909 3026 2978 plebem,
3057 2907 3109 2962 in
3159 2922 3263 2977 qua
3294 2909 3451 2963 fuerit
3478 2910 3772 2965 ordinatus.
3812 2910 3962 2975 Quo-

2389 3000 2531 3054 niam
2568 3000 2728 3067 igitur
2754 3000 3001 3052 universa
3032 2994 3266 3052 arbitror
3292 2998 3453 3054 fuisse
3483 3008 3729 3064 tractata,
3760 3001 3804 3055 si
3846 3016 3963 3053 om-

2390 3090 2477 3142 nia
2499 3104 2619 3142 eum
2652 3088 2830 3141 animo
2866 3095 3049 3141 vestro
3079 3098 3470 3152 convenerunt,
3503 3103 3750 3142 sermone
3781 3097 3961 3142 vestro

704 3183 909 3237 debere
934 3190 1199 3235 rectorem
1232 3180 1477 3249 accipere
1506 3196 1624 3233 eam
1655 3179 1884 3249 plebem,
1917 3195 2035 3249 qua:
2065 3180 2117 3234 in
2153 3182 2284 3234 diue-
2315 3207 2359 3269 ρ
2392 3189 2586 3233 cuncta
2614 3177 2886 3232 roborate.
2937 3173 3183 3231 Universi
3227 3177 3466 3246 episcopi
3513 3177 3761 3231 dixerunt
3796 3197 3806 3229 :
3839 3178 3967 3230 0m-

704 3272 814 3325 cesi
863 3286 1080 3339 semper
1108 3271 1391 3339 subjatuit,
1429 3284 1527 3323 nec
1559 3284 1792 3338 unquam
1844 3273 2115 3338 propr'um
2168 3270 2273 3340 epi-

704 3377 931 3432 scopum
976 3362 1181 3415 habuit.
1222 3359 1561 3430 Quapropter
1601 3362 1644 3414 si
1672 3360 1919 3415 univer.~o
1948 3362 2286 3416 sanctissimo

704 3452 872 3505 cintui
922 3452 1119 3520 placet,
1176 3449 1279 3504 hoc
1319 3448 1462 3518 quod
1510 3458 1827 3518 prosecutus
1855 3465 1971 3504 sum
2005 3451 2287 3505 conlirme-

707 3551 812 3595 tur.
872 3542 1124 3595 Aurelius
1162 3540 1449 3609 episcopus
1516 3539 1689 3593 dixit:
1722 3539 1926 3595 Fratris
2000 3550 2053 3595 et
2099 3556 2289 3596 consa-

706 3632 947 3687 cerdotis
997 3631 1170 3686 nostri
1224 3629 1587 3700 prosecutioni
1638 3645 1743 3684 non
1792 3630 2018 3695 obsisto,
2059 3630 2154 3686 sed
2186 3632 2289 3686 hoc

708 3740 794 3778 me
842 3733 896 3777 et
925 3721 1116 3777 fecisse
1170 3731 1223 3776 et
1280 3722 1544 3775 facturum
1622 3735 1741 3774 esse
1822 3720 2083 3789 proﬁteor
2146 3722 2287 3776 circa

707 3829 803 3867 eos
840 3825 976 3865 sane
1022 3811 1110 3878 qui
1162 3808 1376 3863 fuerunt
1418 3808 1733 3873 concordes,
1765 3824 1873 3861 non
1931 3808 2104 3863 solum
2146 3810 2285 3863 cina

709 3900 1001 3957 Beclesiam
1048 3899 1545 3966 Carthaginensem,
1586 3896 1680 3961 sed
1727 3898 1867 3952 circa
1906 3912 2069 3952 omne
2112 3913 2287 3953 sacer-

707 3990 890 4045 dotale
940 3989 1290 4043 consortium.
1347 3987 1485 4041 Sunt
1504 3986 1645 4041 enim
1694 3986 1936 4056 plerique
1976 3986 2287 4055 conspirau-

710 4091 788 4137 les
810 4098 935 4136 cum
960 4080 1200 4150 plebibus
1227 4078 1475 4149 propriis,
1508 4094 1642 4146 quas
1687 4077 1975 4147 decipiunt,
2001 4086 2057 4131 ut
2084 4079 2283 4132 dictum

707 4186 811 4242 est,
858 4188 1047 4228 earum
1101 4171 1402 4241 scalpentes
1450 4184 1629 4235 aures,
1684 4168 1861 4222 blandi
1907 4169 1974 4222 ad
2030 4169 2284 4224 seducen-

707 4264 854 4327 dum,
892 4261 1102 4315 vitiosa:
1143 4260 1264 4312 vita:
1295 4260 1557 4323 homines,
1592 4257 1677 4311 vel
1718 4266 1864 4311 certe
1918 4257 2086 4311 iullati
2118 4266 2173 4311 et
2215 4258 2282 4311 ab

708 4356 811 4410 hoc
840 4353 1119 4409 consortio
1149 4352 1399 4421 separati,
1426 4352 1516 4419 qui
1547 4359 1737 4420 putant
1757 4352 1988 4420 propria:
2028 4352 2166 4421 plebi
2198 4352 2281 4405 iu-

707 4445 1034 4507 cubandum,
1071 4450 1128 4497 et
1168 4456 1551 4509 nonnunquam
1590 4441 1837 4493 converti
1886 4438 1953 4492 ad
1998 4440 2282 4494 concilium

709 4535 895 4587 venire
945 4531 1271 4594 detrectant;
1323 4544 1417 4583 sua
1471 4528 1609 4581 forte
1648 4541 1713 4581 ne
1760 4528 2054 4596 prodantur
2087 4528 2282 4596 ﬂagitia

711 4629 1040 4677 metuentes.
1094 4620 1241 4683 DICO,
1302 4619 1347 4674 si
1412 4618 1609 4686 placet,
1668 4618 1809 4671 circa
1860 4618 1959 4671 hos
2016 4633 2120 4671 non
2173 4627 2285 4670 tau-

715 4726 824 4769 tuin
875 4714 1138 4769 diaeceses
1196 4726 1301 4765 non
1356 4724 1477 4763 esse
1540 4708 1849 4769 servandas,
1895 4722 2078 4761 verum
2128 4716 2184 4761 et
2219 4708 2287 4762 de

714 4807 929 4876 propria
982 4802 1208 4859 ecclesia
1230 4842 1245 4868 ,
1274 4815 1393 4869 qua:
1432 4799 1534 4853 illis
1562 4798 1701 4853 male
1731 4798 1944 4862 faverit,
1974 4798 2286 4853 onmimodo

713 4897 1063 4952 adnitendum
1109 4904 1165 4947 ut
1212 4893 1371 4946 etiam
1412 4890 1733 4945 auctoritate
1782 4890 1989 4959 publica
2034 4890 2281 4957 rejician-

716 4998 818 5055 tur,
868 4998 1035 5055 atque
1078 4986 1144 5038 ab
1186 4984 1312 5053 ipsis
1366 4979 1749 5051 principalibus
1795 4979 2063 5032 cathedris
2103 4994 2283 5032 remo-

714 5088 955 5134 veantur.
1014 5073 1241 5145 Oportet
1293 5072 1435 5126 enim
1494 5071 1668 5139 utqui
1718 5070 1978 5123 universis
2034 5068 2287 5123 fratribus

716 5186 775 5223 ac
832 5180 947 5225 toto
976 5167 1204 5223 concilio
1243 5164 1532 5227 inluserit,
1562 5178 1668 5215 non
1723 5160 1899 5213 solum
1928 5174 2082 5213 suam
2116 5168 2138 5195 ⁸
2173 5159 2287 5222 iure

717 5262 941 5329 integro,
1002 5258 1099 5314 sed
1151 5267 1208 5313 et
1254 5258 1519 5311 dimceses
1559 5254 1850 5323 possideat.
1900 5253 1968 5305 At
2012 5268 2136 5306 vero
2191 5252 2283 5319 qui

716 5353 925 5407 sibimet
977 5358 1168 5420 putant
1219 5347 1402 5418 plebes
1446 5360 1570 5399 suas
1622 5342 1887 5409 sollieere,
1943 5342 2176 5396 fraterna
2205 5342 2287 5395 di-

716 5443 945 5497 lectione
1002 5448 1331 5509 contempta,
1388 5452 1494 5492 non
1550 5444 1758 5490 tantum
1814 5434 2076 5489 dimceses
2124 5434 2280 5486 amit-

720 5542 845 5598 tant,
896 5533 1010 5597 sed,
1067 5542 1123 5584 ut
1174 5532 1305 5589 dixi.
1351 5532 1510 5583 etiam
1562 5528 1791 5597 propriis
1814 5526 2023 5595 publica
2068 5532 2286 5578 careant

718 5626 1051 5689 auctoritate,
1104 5632 1160 5675 ut
1202 5622 1447 5675 rebelles.
1521 5619 1828 5673 Ilanoratns
1904 5627 1958 5672 ct.
2044 5617 2287 5670 l'rbanus

792 5807 1025 5861 -Codex
1084 5803 1289 5857 Eccles.
1344 5801 1524 5863 Ilum,
1570 5800 1777 5867 integre.

2391 3271 2543 3324 nibus
2574 3270 2727 3324 nobis
2757 3270 2868 3323 hmc
2897 3269 3232 3339 placuerunt,
3256 3276 3310 3323 et
3358 3269 3470 3323 haec
3501 3276 3683 3323 nostra
3726 3269 3959 3325 subscri-

2389 3361 2571 3431 ptione
2617 3360 2904 3415 lirmamus.

2461 3470 2685 3527 CCLXI.
2743 3470 2821 3524 De
2875 3472 3104 3542 reliquiis
3132 3471 3410 3542 idolorum,
3451 3470 3528 3542 rel
3572 3463 3774 3539 templis
3828 3466 3890 3521 alt

2809 3540 3205 3611 imperatoribus
3246 3540 3532 3594 abo.’endis.

2463 3651 2658 3706 Conc.'t.
2705 3652 2976 3723 Cartliag.,
3023 3653 3101 3705 tit.
3149 3650 3235 3704 2‘5.
3262 3650 3467 3705 Instant
3512 3653 3676 3705 etiam
3717 3650 3835 3705 aliie
3865 3666 3962 3705 ne-

2389 3745 2671 3799 cessitates
2718 3758 2747 3796 a
2823 3744 3088 3813 religiosis
3139 3740 3551 3811 imperatoribus
3596 3740 3962 3810 postulandai;

2390 3844 2449 3890 ut
2489 3836 2741 3903 reliquias
2782 3834 3045 3889 idolorum
3087 3848 3184 3903 per
3213 3848 3430 3887 omnem
3473 3830 3704 3886 Africam
3740 3831 3967 3901 jubeant

2390 3934 2605 4004 peni.us
2659 3933 2925 4002 amputari
2961 3949 2975 3985 :
3032 3946 3155 3984 nam
3203 3929 3473 3999 plerisque
3512 3929 3566 3982 in
3595 3928 3727 3983 locis
3756 3927 3963 3981 mariti-

2390 4023 2491 4077 mis
2546 4028 2707 4091 atque
2758 4020 3191 4091 possessionibus
3251 4019 3478 4073 diversis
3533 4018 3711 4072 adhuc
3764 4018 3966 4072 erroris

2390 4114 2545 4170 istius
2588 4106 2844 4184 iniquitas
2898 4113 3063 4181 viget,
3096 4118 3154 4165 ut
3189 4112 3585 4181 pnecipiantur,
3632 4116 3687 4163 et
3738 4109 3849 4177 ipsa
3871 4108 3965 4161 de-

2390 4208 2509 4266 leri.
2548 4213 2603 4260 et
2641 4206 2838 4274 templa
2886 4218 3096 4264 eorum,
3146 4216 3265 4270 qua:
3316 4201 3368 4253 in
3428 4200 3573 4267 agris
3614 4199 3697 4253 vel
3728 4200 3780 4253 in
3832 4198 3965 4252 locis

2390 4297 2583 4351 abditis
2637 4293 2926 4349 constituta
2986 4292 3132 4347 nullo
3182 4299 3504 4348 ornamento
3550 4298 3699 4356 sunt,
3738 4288 3965 4357 jubean-

2392 4396 2477 4441 tur
2533 4385 2847 4440 omnimodo
2891 4382 3116 4438 destrui.

2316 4515 2366 4575 ο
2470 4497 2714 4553 CCLXII.
2772 4497 2839 4550 lit
2888 4496 3059 4575 clerici
3215 4494 3402 4575 juflieii
3454 4494 3872 4575 suilcognitione

2530 4586 2631 4622 non
2653 4576 2901 4637 cogantur
2938 4567 2988 4617 in
3030 4564 3231 4634 publica
3261 4564 3429 4617 dicere
3449 4564 3815 4617 testimonium.

2458 4685 2651 4740 Conril.
2708 4683 2979 4752 Caitliag.,
3030 4681 3107 4733 tit.
3172 4679 3263 4732 26.
3326 4678 3621 4733 Peli-udum
3688 4680 3851 4733 etiam
3906 4690 3964 4733 ut

2387 4787 2625 4834 statuere
2662 4778 2946 4843 dignentur
2978 4792 2991 4826 :
3025 4782 3084 4827 ut
3110 4774 3154 4827 si
3183 4773 3322 4826 forte
3361 4772 3413 4825 in
3447 4770 3687 4827 Ecclesia
3732 4771 3965 4839 quamli-

2387 4872 2478 4927 bet
2508 4884 2722 4925 causam
2753 4872 2869 4935 jure
2898 4865 3195 4935 apostolico
3226 4862 3475 4917 Ecclesiis
3504 4862 3776 4930 imposito,
3800 4876 3965 4930 agere

2388 4959 2676 5020 voluerint,
2725 4965 2781 5011 et
2807 4955 3037 5009 fortasse
3090 4952 3295 5007 decisio
3323 4952 3641 5006 clericorum
3683 4951 3771 5005 uni
3822 4954 3964 5020 parti

2387 5051 2741 5119 displituerit,
2818 5062 2923 5101 non
2982 5046 3141 5101 liceat
3182 5044 3437 5099 clericum
3491 5043 3542 5097 in
3587 5043 3846 5112 judicium
3893 5044 3962 5097 ad

2390 5142 2753 5197 testimonium
2799 5137 3047 5192 devocari
3092 5151 3211 5190 eum
3266 5135 3358 5203 qui
3404 5134 3653 5199 cognitor
3699 5134 3783 5187 vel
3825 5149 3962 5202 prce-

2386 5248 2509 5285 sens
2561 5230 2679 5289 fuit,
2739 5235 2797 5279 ut
2846 5224 2989 5278 nulla
3037 5224 3102 5276 ad
3144 5221 3513 5277 testimonium
3563 5220 3849 5275 dicendum
3871 5235 3962 5274 ec-

2388 5319 2670 5377 clt'siastici
2723 5315 3008 5385 cujuslibet
3038 5326 3269 5383 persona
3321 5309 3582 5378 pulsetur.

2494 5427 2759 5487 CCLXIII.
2794 5426 2869 5480 De
2903 5437 3227 5496 paganorum
3256 5421 3494 5473 conviciis
3525 5420 3848 5488 auferendis.

2459 5540 2654 5595 Concil.
2690 5537 2893 5602 Camn,
2942 5536 3020 5587 tit.
3064 5532 3153 5585 27.
3206 5530 3337 5585 Illud
3378 5530 3539 5584 etiam
3586 5528 3874 5598 petendum
3907 5538 3965 5583 ut

2390 5652 2504 5707 qua:
2533 5642 2717 5685 contra
2747 5638 3013 5699 θηρευμα
3052 5624 3229 5683 divina
3262 5622 3509 5677 convivia
3542 5620 3724 5675 multis
3748 5620 3799 5673 in
3827 5620 3963 5675 loris
