5174 6618
1729 486 1822 541 951

2855 480 3191 540 CRISCONII
3233 478 3556 534 AFIIICANI
3601 479 3908 537 EPISCOI'I

4903 491 4993 548 952

1728 612 2067 668 “creentur,
2105 617 2222 671 qua:
2252 603 2321 657 ab
2349 615 2535 658 errore
2581 601 2764 671 gentili
2796 609 3019 657 attracta
3049 611 3194 667 sunt,
3227 601 3296 651 ita
3339 601 3382 658 Α
3410 597 3701 656 CCLXVII.
3763 601 3842 656 Ne
3890 612 4200 658 mterventor
4258 607 4526 675 episcOpns
4579 608 4884 662 cathedra»:
4919 611 4994 660 ubi

1726 709 1788 754 ut
1820 714 1957 753 nunc
1983 712 2012 751 a
2065 695 2284 766 paganis
2312 693 2596 750 Christiani
2627 693 2692 749 ad
2723 694 2836 750 hzec
2864 693 3184 749 celebranda
3218 707 3306 746 co-

1727 798 1942 859 gantur,
1989 804 2058 843 ex
2107 802 2209 856 qua
2241 803 2298 842 re
2327 785 2662 856 temporibus
2701 785 3134 842 Christianorum
3203 786 3302 839 im-

1727 889 2040 952 peratorum
2107 878 2412 948 persecutio
2458 877 2628 932 altera
2704 877 2817 931 lieri
2862 877 3071 932 occulte
3123 876 3306 929 vidca-

1729 983 1854 1028 tur:
1887 973 2056 1026 vetari
2115 970 2238 1024 talia
2268 971 2514 1038 jubeant,
2552 977 2606 1023 et
2644 969 2709 1024 de
2757 968 3084 1034 civitatibus,
3136 977 3192 1022 et
3239 967 3306 1020 de

1728 1062 2155 1132 possessionibus
2194 1061 2443 1130 imposita
2487 1074 2644 1129 paena
2697 1059 2970 1128 prohiberi
3017 1077 3028 1110 ε
3074 1059 3308 1112 maxime

1727 1167 1848 1206 eum
1903 1153 2067 1206 etiam
2123 1152 2176 1205 in
2231 1151 2498 1206 natalibus
2530 1151 2962 1206 beatissimorum
3007 1161 3302 1220 martyrum

1728 1261 1826 1315 per
1866 1245 2150 1300 nonnullas
2195 1243 2458 1308 civitates,
2491 1249 2547 1296 et
2584 1243 2636 1297 in
2691 1243 2823 1312 ipsis
2863 1243 2998 1296 locis
3035 1244 3202 1297 sacris
3232 1252 3310 1296 ta-

1728 1340 1799 1394 lia
1845 1340 2183 1395 committere
2240 1355 2347 1392 non
2398 1337 2772 1394 reformident.
2846 1337 3057 1403 Quibus
3120 1337 3310 1396 diebus

1727 1432 1912 1495 etiam,
1944 1431 2086 1499 quod
2138 1431 2360 1499 pudoris
2401 1440 2484 1486 est
2535 1431 2736 1496 dicere,
2792 1430 3106 1487 saltationes
3133 1431 3306 1486 scele-

1726 1521 2026 1576 ralissinias
2075 1536 2170 1588 per
2213 1522 2358 1576 vicos
2412 1529 2572 1589 atque
2627 1519 2835 1588 plateas
2889 1530 3196 1584 exerceant,
3251 1530 3310 1576 ut

1727 1609 2039 1674 matronalis
2094 1610 2286 1674 honor,
2355 1617 2410 1663 et
2466 1609 2936 1663 innumerabilium
2986 1610 3304 1664 feminarum

1726 1705 1900 1771 pudor
1929 1702 2122 1757 devote
2163 1702 2496 1755 venientium
2551 1702 2616 1754 ad
2690 1701 3106 1755 sacratissimum
3165 1701 3306 1756 diem

1726 1794 1940 1863 injuriis
1994 1793 2397 1850 Iaseivicntibus
2444 1800 2779 1862 appetatur:
2833 1802 2892 1847 ut
2943 1794 3107 1848 etiam
3141 1794 3308 1863 ipsius

1724 1897 1926 1942 sancta:
1979 1887 2253 1956 religionis
2313 1901 2450 1955 pene
2505 1886 2740 1954 t‘ugiatur
2789 1901 3058 1942 accessus.

1725 2039 1992 2094 CCLXIV.
2023 2038 2101 2090 De
2128 2039 2451 2106 spectaculis,
2478 2049 2531 2091 ut
2559 2041 2612 2093 in
2635 2042 2718 2093 die
2754 2040 3026 2096 Dominiro
3058 2044 3135 2096 rel
3157 2055 3300 2097 σωτε-

1809 2111 1881 2163 ris
1903 2119 2198 2163 sanctorum
2219 2111 2624 2164 solemnitatibus
2650 2113 2856 2165 minime
2871 2113 3206 2167 celebrentur.

1795 2220 1992 2275 Coucil.
2023 2219 2293 2290 Carthag.,
2321 2222 2399 2273 tit.
2433 2220 2519 2274 28.
2545 2219 2761 2276 Necnon
2785 2229 2837 2277 et
2861 2221 2989 2276 illud
3013 2224 3302 2292 petendum

1726 2320 1784 2365 nt
1827 2312 2134 2380 spectacula
2188 2310 2520 2364 theatrorum
2561 2321 2988 2382 ceterorumque
3032 2314 3305 2381 ludorum,

1723 2403 1811 2456 die
1850 2401 2147 2465 Dominica,
2193 2404 2275 2454 vel
2305 2402 2514 2457 cn'teris
2544 2404 2814 2473 religionis
2845 2404 3163 2462 Christiana:
3192 2409 3305 2462 die-

1725 2492 1826 2546 bus
1866 2492 2230 2545 celeberrimis
2270 2502 2638 2557 amoveantur,
2681 2495 2914 2552 maxime
2961 2498 3086 2566 quia
3134 2500 3304 2554 sancti

1724 2582 1944 2637 Pascha:
1991 2593 2300 2638 octavarum
2335 2585 2520 2640 diebus
2549 2586 2732 2655 populi
2761 2587 2827 2642 ad
2858 2588 3061 2644 circum
3111 2591 3300 2658 magis,

1723 2689 1886 2744 quam
1939 2673 2005 2728 ad
2055 2675 2339 2765 ecclesiam
2391 2679 2753 2744 conveniunt,
2787 2681 2988 2736 debere
3029 2684 3302 2738 transferri

1724 2763 2026 2818 devotionis
2046 2763 2231 2818 eorum
2257 2765 2390 2831 dies,
2409 2767 2625 2834 quando
2651 2772 3004 2835 occurrerint,
3030 2787 3129 2828 nec
3154 2789 3308 2843 opor-

1723 2862 1842 2908 tere
1883 2853 2042 2907 etiam
2093 2870 2417 2924 quemquam
2451 2854 2876 2912 Christianorum
2919 2863 3036 2928 cogi
3067 2861 3135 2915 ad
3191 2863 3306 2918 hinc

1722 2944 2026 3012 spectacula
2049 2961 2063 2997 :
2084 2945 2315 2998 maxime
2345 2947 2467 3015 quia
2493 2948 2544 3000 in
2575 2948 2656 3002 his
2680 2952 3146 3023 exercendis,quzc
3174 2970 3306 3009 eon-

1723 3044 1806 3090 tra
1860 3045 2124 3106 praecepta
2174 3037 2266 3090 Dei
2319 3046 2463 3103 sunt,
2521 3039 2662 3094 nulla
2697 3045 3084 3110 persecutionis
3115 3062 3303 3101 ncces-

1718 3124 1851 3180 sitas
1907 3141 1938 3179 a
1988 3137 2012 3161 ⁸
2045 3142 2368 3195 quocunque
2413 3127 2714 3182 adhibenda
2746 3140 2828 3184 est
2861 3150 2871 3184 :
2899 3132 2989 3186 sed
3024 3135 3102 3188 uti
3142 3151 3302 3204 opor-

1718 3223 1802 3270 tet
1853 3216 2126 3271 hominem
2175 3216 2344 3271 libera
2398 3218 2676 3274 voluntate
2733 3236 2838 3290 qua
2891 3225 3150 3292 subsistit,
3200 3229 3300 3283 sibi

1719 3303 1979 3367 divinitus
2007 3325 2263 3366 concessa
2294 3331 2304 3364 :
2339 3322 2751 3380 corporatorum
2775 3316 2917 3370 enim
2945 3319 3179 3374 maxime
3202 3336 3301 3390 pe-

1719 3400 1946 3453 riculum
2001 3401 2452 3455 considerandum
2484 3412 2584 3466 est,
2642 3408 2730 3473 qui
2789 3416 2977 3460 contra
3032 3419 3304 3479 prteeepta

1717 3489 1812 3545 Dei
1861 3505 2054 3560 magno
2086 3499 2294 3547 terrore
2337 3502 2606 3563 coguntur
2651 3495 2720 3550 ad
2777 3499 3052 3566 spetacula
3099 3514 3297 3556 conve-

1721 3599 1856 3639 nire.

1824 3716 2074 3774 CCLXV.
2131 3719 2212 3775 De
2249 3722 2584 3778 histrionibus
2649 3724 2958 3782 Christianis
3017 3731 3190 3793 factis.

1787 3849 1984 3905 Concil.
2023 3851 2294 3924 Carthag.,
2323 3857 2402 3909 tit.
2461 3857 2550 3910 '50.
2585 3857 2653 3910 Et
2701 3857 2769 3914 de
2815 3860 2896 3915 his
2923 3869 3084 3915 etiam
3117 3875 3298 3932 peten-

1715 3940 1844 3995 dum
1874 3951 1931 3995 ιιι
1953 3944 1995 3997 si
2027 3944 2148 4013 quis
2177 3961 2244 4000 ex
2274 3947 2513 4014 qualibet
2540 3948 2749 4004 ludicra
2777 3962 2894 4006 arte
2935 3953 3004 4008 ad
3034 3955 3263 4009 Christia
3283 3987 3298 3998 -

1714 4032 1902 4085 nitatis
1955 4035 2179 4101 gratiam
2229 4035 2413 4092 venire
2464 4037 2717 4100 voluerit,
2771 4055 2834 4096 ac
2889 4041 3026 4098 liber
3083 4045 3149 4100 ab
3207 4045 3294 4099 illa

1713 4121 1924 4177 macula
1975 4138 2312 4191 permanere,
2368 4142 2476 4182 non
2529 4143 2654 4182 eum
2707 4129 2863 4185 liceat
2884 4147 3156 4200 quoquam
3191 4135 3293 4188 ite-

1711 4226 1832 4265 rum
1877 4211 1944 4265 ad
1996 4213 2184 4268 eadem
2239 4215 2541 4271 exercenda
2595 4218 2807 4276 reduci.

1837 4361 2108 4418 CCLX‘VI.
2171 4364 2245 4421 De
2295 4371 2786 4428 manumissionibus
2834 4376 2888 4429 in
2946 4376 3178 4432 Ecclesia

2336 4443 2673 4497 celebrandis.

1783 4566 1980 4621 Concit.
2009 4568 2242 4641 Cartag.,
2272 4573 2354 4627 tit.
2386 4574 2470 4628 51.
2506 4574 2582 4630 De
2623 4580 3130 4639 manumissionibus
3159 4600 3292 4642 sane
3317 4577 3372 4641 D

1710 4657 1763 4710 in
1808 4658 2046 4713 Ecclesia
2101 4661 2359 4728 dicendis,
2409 4666 2453 4719 si
2504 4667 2556 4720 id
2631 4671 2801 4725 nostri
2875 4678 3293 4733 consacerdotes

1711 4762 1814 4815 per
1860 4747 2066 4802 Italiam
2117 4751 2296 4808 facere
2350 4757 2710 4827 reperiuntur,
2761 4773 2958 4820 nostra:
3000 4769 3162 4824 etiam
3191 4773 3294 4826 erit

1708 4839 1916 4894 ﬁducia:
1945 4841 2170 4897 istorum
2212 4847 2456 4903 ordinem
2499 4853 2649 4921 sequi
2685 4871 2700 4910 :
2733 4856 2854 4913 dats
2881 4861 3040 4928 plane
3073 4863 3288 4922 licentia

1705 4932 1871 4987 misso
1900 4934 2076 5002 legato
2133 4946 2190 4990 ut
2231 4953 2567 5011 quaecunque
2622 4947 2778 5016 digna
2851 4947 2955 5005 fide
2989 4969 3086 5023 pro
3141 4966 3288 5012 statu

1706 5020 1957 5077 Ecclesiae
2019 5034 2074 5078 et
2119 5027 2290 5082 salute
2343 5033 2641 5089 animarum
2671 5049 2832 5104 agere
2889 5020 3143 5110 potuerit,
3195 5063 3294 5102 nos

1706 5111 2049 5169 laudabiliter
2100 5118 2148 5170 in
2182 5133 2470 5190 conspectu
2516 5123 2725 5182 Domini
2777 5143 3115 5202 accepturos.
3163 5137 3291 5204 Qua:

1705 5205 1883 5256 omnia
1926 5206 1970 5258 si
2015 5209 2283 5263 sanctitati
2327 5223 2520 5268 vestra:
2582 5220 2831 5286 placent,
2881 5225 3075 5281 cdicite
3123 5237 3180 5282 ut
3235 5241 3289 5285 et

1706 5309 1882 5349 meam
1931 5299 2326 5364 suggestionem
2379 5317 2550 5360 ratam
2603 5326 2722 5366 esse
2775 5313 2925 5369 vob’s
2980 5319 3280 5385 advertant,

1705 5393 1760 5437 et
1782 5394 2021 5440 nostrain
2054 5392 2288 5445 omnium
2314 5402 2724 5457 consensionem
2779 5406 3062 5464 sinceritas
3091 5429 3288 5471 eorum

1704 5472 1934 5532 libenter
1955 5481 2204 5549 accipiat.
2231 5483 2311 5538 Ab
2339 5489 2601 5547 universis
2627 5496 2898 5567 episcopis
2928 5504 3128 5559 dictum
3161 5523 3191 5562 e
3226 5519 3243 5561 t
3271 5527 3284 5561 :

1703 5565 1961 5624 Omnibus
1989 5572 2202 5639 placent
2251 5577 2361 5634 lucc
2384 5596 2504 5650 qua:
2536 5585 2771 5654 injuncta
2801 5565 2925 5647 sunt
2956 5600 3283 5672 peragenda,

1702 5669 1756 5714 et
1804 5669 2094 5732 prudenter
2141 5685 2172 5724 a
2222 5681 2310 5726 tua
2360 5687 2649 5738 sanctitate
2705 5700 2978 5748 enarrata.

1776 5829 1798 5856 ι
1836 5817 1983 5877 Dion.
2040 5824 2210 5895 Esig.,
2245 5846 2516 5901 quoquam.

3896 675 4207 729 interrentor
4232 687 4306 729 est
4343 686 4538 732 sedeat.

3485 783 3682 836 (.‘oncil.
3713 783 3985 853 Carthag.,
4033 787 4165 840 titul.
4205 788 4292 842 41.
4351 788 4481 844 Item
4527 794 4881 847 constitutum
4920 803 4993 847 est

3415 882 3473 926 ut
3497 873 3624 927 nulli
3652 873 3675 912 δ
3709 875 4053 932 iutcrventori
4085 878 4284 934 licitum
4308 881 4378 935 sit
4402 883 4714 936 cathedram
4735 885 4820 936 cui
4842 885 4992 936 inter-

3415 978 3596 1018 cessor
3624 964 3778 1020 datus
3806 976 3887 1020 est
3917 1007 3930 1028 .
3977 970 4303 1037 quibuslibet
4332 973 4654 1042 populorum
4689 975 4880 1029 studiis
4916 975 4990 1028 vel

3413 1055 3764 1113 seditionibus
3781 1060 4011 1115 retinere
4036 1079 4047 1113 :
4071 1063 4165 1117 sed
4183 1063 4311 1118 dare
4327 1080 4546 1134 Operam
4571 1076 4630 1119 ut
4646 1067 4787 1121 intra
4807 1084 4992 1120 annum

3414 1147 3616 1203 eisdem
3673 1151 3984 1222 episcopum
4029 1153 4344 1222 provideat;
4403 1156 4548 1224 quod
4601 1157 4649 1211 si
4712 1158 4993 1226 neglexerit

3415 1253 3556 1294 anno
3580 1251 3861 1310 exempto,
3889 1243 4224 1300 interventor
4243 1246 4377 1301 alius
4399 1249 4687 1303 tribuatur.

3413 1367 3727 1444 CCLXVIII.
3747 1372 3825 1427 De
3853 1377 4103 1445 epismpis
4121 1378 4202 1448 qui
4227 1379 4297 1432 ad
4323 1381 4539 1434 concilia
4563 1400 4668 1436 non
4699 1393 4989 1437 occurrunt.

3483 1483 3681 1539 Concil.
3713 1489 4040 1556 supradicto,
4092 1493 4174 1544 tit.
4224 1491 4312 1546 45.
4357 1493 4488 1549 Item
4528 1496 4733 1566 placuit
4779 1506 4838 1550 ut
4865 1514 4992 1566 quo-

3418 1575 3726 1647 tiescunque
3765 1580 4050 1634 concilium
4097 1587 4535 1652 congregandum
4579 1597 4684 1654 est,
4719 1590 4993 1658 episcopi,

3414 1664 3501 1732 qui
3534 1681 3708 1734 neque
3737 1678 3896 1723 aetate
3922 1711 3934 1734 ,
3983 1686 4158 1740 neque
4201 1675 4548 1742 :rgritudine,
4608 1694 4785 1747 neque
4825 1680 4993 1745 aliqua

3415 1758 3657 1825 graviore
3703 1762 4025 1816 necessitate
4062 1763 4453 1833 impediuntur,
4505 1780 4877 1838 competenter
4905 1787 4995 1825 oc-

3416 1858 3666 1916 curaant,
3696 1858 3750 1903 et
3790 1853 4107 1919 primatibus
4134 1871 4350 1910 suarum
4403 1874 4739 1930 quarumque
4786 1863 4996 1932 provin-

3338 1949 3385 2008 Β
3415 1942 3617 1994 ciarum
3649 1941 3923 1996 intiinetnr
3945 1953 4003 1997 nt
4032 1945 4099 2000 de
4131 1947 4395 2004 universis
4423 1951 4710 2020 episcopis,
4745 1954 4828 2007 vel
4858 1954 4992 2018 dum,

3411 2035 3495 2088 vel
3528 2045 3635 2090 tres
3663 2045 3850 2090 turmm
3877 2036 4002 2092 fiant
4022 2079 4036 2103 ,
4068 2055 4132 2094 ac
4161 2042 4229 2096 de
4251 2044 4474 2112 singulis
4502 2047 4696 2100 turmis
4727 2048 4989 2111 vicissim,

3410 2134 3677 2195 quotquot
3705 2127 3863 2181 electi
3897 2128 4112 2193 fuerint,
4133 2131 4198 2186 ad
4224 2131 4366 2187 diem
4381 2137 4595 2190 concilii
4615 2137 4997 2192 instantissime

3411 2224 3720 2270 occurrant.
3742 2217 3893 2281 Quod
3924 2219 3967 2272 si
4008 2236 4115 2274 non
4145 2223 4422 2290 potuerint
4446 2240 4995 2291 occurrere,excusa-

3411 2307 3586 2364 tiones
3631 2321 3758 2363 suas
3812 2311 3863 2363 in
3916 2313 4172 2367 tractoria
4221 2317 4595 2382 eonseribant;
4654 2319 4740 2373 vel
4783 2321 4825 2373 si
4875 2331 4998 2388 post

3408 2395 3696 2451 adventum
3725 2402 3995 2456 tractoria:
4036 2402 4228 2472 aliqua»:
4257 2409 4613 2463 necessitates
4640 2420 4861 2478 repente
4892 2413 4999 2464 fur-

3408 2487 3545 2541 sitan
3571 2499 3703 2543 orta:
3752 2490 3983 2558 fuerint,
4031 2495 4134 2549 nisi
4184 2497 4449 2550 rationein
4495 2499 4867 2567 impedimenti
4920 2502 4998 2554 sui

3409 2579 3552 2648 apud
3605 2596 3758 2636 suum
3818 2583 4104 2653 primatem
4155 2586 4531 2655 reddiderint,
4591 2589 4846 2648 Ecclesiae
4892 2607 4999 2647 sua:

3406 2673 3786 2728 communione
3816 2673 4015 2730 debere
4038 2690 4159 2732 esse
4182 2689 4490 2734 contentos.

3404 2802 3699 2885 CCLXIX._
3733 2806 3802 2860 Ut
3840 2808 3906 2862 de
3949 2809 4120 2885 alieno
4170 2815 4482 2868 monasterio
4535 2828 4800 2885 susceptos
4828 2857 4843 2881 ,
4901 2835 4992 2872 nec

3478 2879 3782 2945 praepositos
3802 2883 4120 2946 monasterii,
4136 2900 4228 2936 nec
4245 2886 4458 2939 clericos
4481 2887 4632 2940 liceat
4659 2879 4922 2941 ordinari.

3479 2985 3677 3041 Concil.
3706 2990 3974 3060 Carthag.,
4009 2993 4087 3046 tit.
4105 2993 4196 3048 47.
4229 2995 4363 3052 Item
4394 2998 4595 3067 placuit
4624 3008 4684 3053 ut
4713 3001 4759 3056 si
4790 3003 4912 3069 quis
4938 3003 5001 3058 de

3408 3076 3627 3132 alterius
3675 3083 4007 3137 monasterio
4055 3095 4365 3153 repertum,
4429 3087 4513 3143 vel
4559 3089 4627 3144 ad
4680 3089 4994 3147 clericatum

3411 3181 3732 3236 promovere
3759 3172 4026 3237 voluerit,
4052 3176 4140 3229 vel
4171 3176 4222 3230 in
4239 3192 4337 3232 suo
4371 3182 4705 3237 monasterio
4733 3185 4992 3253 majorem

3329 3285 3377 3348 ο
3407 3259 3780 3315 constituerit:
3805 3263 4091 3333 episcopus
4114 3267 4204 3334 qui
4228 3266 4331 3323 hoc
4359 3268 4574 3337 fecerit,
4607 3287 4639 3326 a
4668 3283 4985 3330 ceterorum

3409 3352 3790 3407 communione
3809 3356 4115 3422 seiunctus,
4157 3374 4268 3414 sua:
4298 3369 4504 3416 tantum
4534 3365 4712 3434 plebis
4754 3384 4995 3423 commu-

3411 3440 3572 3496 nione
3600 3451 3885 3500 contentus
3911 3445 4012 3511 sit,
4064 3457 4120 3502 et
4166 3450 4257 3506 ille
4296 3468 4470 3523 neque
4513 3458 4784 3526 clericus,
4825 3478 4998 3531 neque

3409 3531 3732 3599 praepositus
3763 3545 4090 3604 perseveret.

3407 3659 3657 3740 CCLXX.
3683 3663 3758 3740 _Ut
3787 3668 4010 3740 episcopi
4044 3671 4131 3740 qui
4152 3673 4478 3737 ordinantur,
4503 3677 4567 3728 ab
4607 3681 4996 3736 ordinatoribus

3477 3735 3582 3822 suis
3613 3737 3854 3803 epistolas
3877 3735 4158 3808 accipiant,
4189 3760 4303 3812 qua:
4332 3735 4542 3799 diemet
4563 3751 4826 3803 consultu:
4858 3771 4905 3822 p.
4926 3735 4995 3806 te?

3476 3805 3664 3857 ferant.

3473 3914 3670 3970 Concil.
3703 3916 3978 3991 Carthag.,
4008 3923 4088 3974 tit.
4140 3921 4230 3976 56.
4280 3925 4481 3982 Deinde
4521 3929 4728 3998 placuit
4773 3944 4829 3987 ut
4876 3936 4994 4003 qui-

3401 4019 3614 4075 cunque
3667 4007 3923 4080 deinceps
3971 4013 4288 4070 ordinantur
4355 4033 4450 4087 per
4497 4024 4810 4090 provincias
4860 4027 4996 4082 Afri-

3400 4112 3585 4164 canas,
3608 4098 3816 4155 litteras
3850 4104 4117 4173 accipiant
4138 4107 4205 4161 ab
4239 4109 4639 4167 ordinatoribus
4669 4118 4784 4171 suis
4825 4134 4989 4171 manu

3395 4198 3591 4240 eorum
3648 4189 4014 4260 subscriptas,
4085 4203 4140 4248 et
4205 4200 4545 4256 continentes
4601 4207 4892 4261 consulem
4947 4217 4998 4261 et

3399 4273 3572 4341 diem,
3613 4286 3671 4330 ut
3711 4278 3858 4332 nulla
3888 4280 4175 4339 altercatio
4205 4286 4272 4342 de
4300 4291 4692 4357 posterioribus
4726 4297 4813 4350 vel
4846 4311 4999 4351 antc-

3399 4363 3630 4419 rioribus
3657 4367 3883 4424 oriatur.

3397 4492 3666 4548 CCLXXI.
3687 4494 3767 4548 De
3789 4499 3869 4551 his
3891 4502 3977 4566 qui
4001 4504 4160 4556 semel
4178 4504 4232 4557 in
4264 4504 4501 4591 Ecclesia
4528 4511 4750 4581 legerint
4781 4517 4850 4570 ab
4880 4523 4999 4575 aliis

3878 4585 3980 4623 non
4016 4589 4166 4640 posse
4187 4592 4444 4643 promovet
4459 4585 4496 4633 i.

3471 4678 3670 4733 Concil.
3703 4679 3975 4753 Carthag.,
4007 4686 4141 4740 titul.
4174 4686 4260 4741 57.
4287 4689 4420 4746 Item
4447 4694 4649 4763 placuit
4673 4710 4733 4753 ut
4758 4705 4995 4770 quicun-

3399 4783 3504 4838 que
3533 4769 3584 4822 in
3623 4771 3850 4826 ecclesia
3879 4774 3963 4827 vel
3990 4778 4158 4832 semel
4186 4779 4394 4848 legerit,
4423 4786 4492 4839 ab
4514 4786 4621 4842 alia
4651 4769 4894 4848 ecclesia
4928 4796 4995 4848 ad

3395 4862 3709 4918 clericatum
3739 4881 3847 4920 non
3871 4875 4138 4924 teneatur.

3396 4976 3691 5035 CCLXXII.
3723 4979 4006 5124 Concilium
4051 4988 4340 5110 unizersale
4380 5008 4482 5046 non
4525 4997 4625 5049 nisi
4679 5003 4996 5055 necessitate

3997 5071 4138 5109 acien
4183 5075 4287 5114 um.

3997 5071 4287 5114 acienaum.

3465 5159 3662 5214 Concil.
3697 5161 3966 5235 Carthag.,
4000 5167 4135 5222 titul.
4163 5169 4252 5224 62.
4278 5171 4485 5228 Placuit
4515 5183 4572 5230 nt
4604 5193 4712 5233 non
4741 5182 4816 5234 sit
4849 5182 4990 5235 ultra

3393 5251 3677 5322 fatigandis
3703 5255 3954 5312 fratribus
3980 5261 4342 5320 anniversaria
4366 5271 4679 5336 necessitas,
4714 5274 4814 5327 sed
4846 5290 4988 5342 quo-

3394 5345 3492 5399 ties
3521 5361 3680 5400 causa
3707 5350 4008 5405 communis
4036 5355 4298 5422 exegerit,
4342 5359 4392 5412 id
4424 5368 4506 5414 est
4533 5362 4702 5417 totius
4743 5363 4946 5418 Africa:
4970 5407 4984 5425 .

3391 5434 3751 5504 undecunque
3780 5437 3847 5492 ad
3889 5439 4027 5496 hanc
4055 5444 4237 5498 sedem
4276 5446 4342 5502 de
4382 5449 4481 5503 hac
4511 5466 4569 5505 re
4619 5451 4717 5506 dat
4733 5473 4761 5506 υ
4787 5455 4985 5510 Iitterx

3391 5523 3604 5588 fuerint,
3624 5529 4053 5594 congregandam
4082 5547 4201 5588 esse
4232 5537 4493 5605 synodum
4526 5540 4577 5593 in
4605 5555 4669 5596 ea
4699 5546 4982 5612 provincia

3388 5616 3478 5670 ubi
3517 5623 3891 5688 opportunitas
3945 5631 4304 5696 persuaserit;
4373 5648 4547 5687 caussa
4614 5645 4798 5692 autem
4859 5655 4983 5708 qua:

3387 5719 3700 5764 communes
3731 5726 3836 5765 non
3858 5723 4012 5779 sunt,
4042 5716 4094 5769 in
4117 5719 4227 5773 suis
4252 5723 4540 5790 provinciis
4564 5725 4899 5794 iudicentur.

3459 5861 3484 5898 δ
3528 5862 3680 5919 Dion.
3713 5863 3864 5938 Exig.
3891 5879 3945 5925 et
3973 5869 4110 5928 Cod.
4136 5872 4276 5932 Eccl.
4312 5877 4494 5943 Rom.,
4521 5881 4866 5940 intercessori.
