5174 6538
690 408 801 462 955

1923 417 2346 483 lilll'ZVlAlllll‘d
2389 421 2804 483 CANUNHZUM.

3869 452 3972 509 934

677 521 1000 576 CCLXXI".
1023 524 1091 577 Lit
1116 528 1177 578 ob
1200 528 1644 597 e.ertisjiidiribiis
1674 546 2071 598 proromreuou
2099 534 2271 586 liceat.
2305 541 2352 597 Α
2384 538 2598 603 quidem
2631 549 2755 595 ante
2786 545 2989 614 aliquot
3020 563 3191 603 annos
3244 568 3294 605 Ill
3325 554 3423 610 hac
3464 561 3690 616 ecclesia
3727 566 3968 634 plenario

748 633 951 688 Coni'il.
988 640 1342 707 suprascripto
1364 681 1378 705 ,
1421 641 1499 692 tit.
1529 638 1617 694 65.
1649 641 1703 695 Si
1732 650 1914 696 autem
1944 642 2103 698 fuerit
2149 662 2274 715 pro-

673 736 964 793 vocatum,
998 729 1166 796 eligat
1189 731 1278 799 qui
1305 734 1682 801 provocaverit
1713 734 1946 803 juiliccs,
1972 747 2174 792 etcum
2206 755 2272 793 eo

671 828 726 871 et
760 818 852 873 ille
880 827 1070 873 contra
1098 837 1257 889 quem
1288 825 1703 890 provocaverit,
1760 835 1815 879 ut
1846 828 1914 880 ab
1958 828 2085 897 ipsis
2116 829 2271 883 dein-

668 922 802 975 ceps
834 909 964 961 nulli
999 910 1156 964 liceat
1187 927 1513 980 provocare.

746 997 882 1053 Item
915 1000 977 1053 de
1004 1002 1099 1055 lioc
1123 1004 1252 1067 ipso,
1289 1006 1369 1057 tit.
1422 1006 1507 1058 89.
1546 1004 1590 1058 Α
1617 1007 1885 1075 judicibus
1916 1022 2093 1067 autem
2131 1028 2268 1083 quos

666 1092 980 1145 communis
1006 1108 1305 1148 consensus
1327 1096 1573 1165 elegerit,
1605 1116 1710 1152 non
1743 1101 1899 1155 liceat
1945 1118 2260 1171 provocare.

665 1178 730 1233 Et
760 1181 1004 1249 quisquis
1027 1195 1353 1251 provocatus
1382 1198 1626 1257 repertus
1658 1191 1817 1243 fuerit
1856 1208 1950 1261 per
1979 1205 2264 1250 contuma-

663 1274 805 1327 riam
837 1276 982 1330 nolle
1011 1281 1389 1347 obtemperare
1415 1281 1713 1349 indicibus,
1762 1300 1882 1338 cuin
1932 1288 2033 1341 hoc
2076 1289 2261 1355 primie

660 1366 809 1418 sedis
840 1368 1097 1436 episcopo
1130 1370 1287 1423 fuerit
1310 1373 1613 1439 probatum,
1648 1374 1733 1427 det
1769 1376 1971 1429 litteras
2005 1388 2059 1430 iit
2084 1379 2170 1431 nul
2195 1396 2259 1434 iis

657 1459 706 1510 ei
740 1462 1110 1515 communicet
1152 1463 1529 1533 episc0p0ruui
1553 1510 1567 1532 ,
1600 1468 1770 1520 donec
1801 1470 2155 1539 obtemperet.

656 1567 985 1625 CCLXXIV.
1022 1572 1100 1626 Dc
1145 1575 1373 1654 plebibus
1418 1596 1816 1651 οσιιτιηηιιηίμιαιιι
1846 1587 2111 1654 episcopos
2155 1590 2255 1641 liu-

1340 1648 1572 1702 buerunt.

727 1753 930 1807 Concil.
961 1753 1238 1825 Cai'tliag.,
1266 1760 1342 1811 tit.
1376 1759 1463 1815 (iii.
1510 1762 1713 1817 Placuit
1742 1776 1796 1817 et
1826 1766 1952 1818 illud
1987 1778 2038 1820 ut
2072 1768 2253 1836 plebes

651 1858 776 1911 quae
802 1862 1075 1914 nunquam
1127 1849 1431 1904 halmerunt
1488 1857 1734 1923 progirios
1779 1858 2094 1926 OpiSt'ttpttS,

648 1950 719 1988 ex
769 1937 1001 1991 coni-ilio
1049 1939 1290 2007 plen-ario
1347 1943 1767 2014 uuiiiseujusqne
1818 1950 2140 2016 proviiieiie,
2194 1963 2245 2005 et

642 2028 897 2095 primatis
922 2070 937 2094 ,
990 2040 1153 2097 atque
1184 2048 1451 2088 consensu
1506 2038 1622 2103 ejus
1677 2039 1740 2090 ad
1782 2045 1932 2101 cujus
1971 2045 2243 2098 diicesiin

647 2117 844 2171 eadem
867 2120 1101 2174 ecclesia
1132 2123 1454 2190 pertinebat,
1478 2127 1754 2181 ileeretum
1801 2130 1959 2183 fuerit
1980 2172 1993 2195 ,
2028 2135 2245 2188 minime

643 2206 941 2275 accipiant.

636 2317 946 2375 CCLXXV.
994 2320 1072 2375 De
1097 2325 1330 2389 plebibus
1380 2328 1456 2380 vel
1495 2328 1795 2409 dicrecsr'bus
1840 2349 1904 2385 ex
1952 2332 2240 2388 Diutitistis

1312 2414 1590 2451 (σηιξη-διδ.

712 2500 916 2554 Concil.
952 2507 1323 2573 suprascripto,
1352 2510 1429 2559 tit.
1466 2508 1734 2572 06.Sane,
1771 2521 1824 2565 ut
1855 2521 1875 2546 η
1914 2514 2095 2581 plebes
2121 2532 2238 2585 quin

642 2605 929 2644 conversae
951 2601 1078 2646 sunt
1104 2611 1133 2647 a
1166 2594 1473 2661 Donatistis,
1499 2607 1551 2651 et
1592 2599 1893 2654 habuerunt
1916 2604 2199 2672 episcopos
2220 2648 2233 2668 ,

633 2681 759 2734 sine
789 2681 957 2737 dubio
982 2724 995 2747 ,
1049 2684 1357 2739 inconsulto
1407 2690 1635 2743 concilio
1682 2690 1881 2746 habere
1908 2704 2233 2747 mereantur.

631 2770 770 2834 Qua:
803 2782 986 2826 autem
1010 2774 1196 2841 plebes
1220 2776 1525 2832 habuerunt
1552 2781 1860 2851 episcopum
1880 2822 1895 2847 ,
1942 2796 1996 2836 et
2024 2801 2087 2837 eo
2140 2790 2235 2839 de-

632 2861 829 2917 functo
875 2866 1146 2920 voluerint
1186 2884 1288 2922 non
1332 2871 1644 2940 episcopum
1685 2877 1955 2942 proprium
2007 2878 2233 2941 habere,

629 2953 727 3006 sed
760 2953 832 3007 ad
863 2954 1088 3024 alicujus
1125 2959 1366 3029 episcopi
1388 2961 1665 3015 dimcesim
1699 2966 1984 3032 pertinere,
2022 2984 2123 3020 non
2156 2970 2233 3023 εἰς

628 3056 755 3097 esse
811 3044 1208 3113 denegandum.
1254 3049 1472 3105 Necnon
1519 3064 1574 3107 et
1616 3055 1745 3108 illud
1796 3069 2100 3125 suggestum
2153 3071 2233 3115 est

626 3135 779 3202 quod
822 3136 1009 3203 plebes
1048 3149 1173 3193 ante
1201 3141 1374 3209 legem
1406 3143 1794 3213 imperatorum
1830 3148 1896 3200 de
1919 3165 1988 3201 un
2015 3158 2121 3203 tate
2153 3152 2229 3203 la-

2152 1861 2246 1912 iiisi
2280 1898 2323 1955 Β

2380 630 2611 684 coni-ilio
2658 635 3003 692 constitutum
3051 652 3134 695 est
3176 652 3587 720 utquam-imque
3615 658 3857 713 ecclesia;
3910 658 3961 717 in

2384 721 2603 778 diazcesi
2635 729 2977 797 constitutae,
3024 744 3147 789 ante
3188 737 3331 807 leges
3379 742 3446 797 ile
3487 743 3777 806 Donatistis
3806 753 3961 811 datas

2376 814 2656 869 eatholiem
2670 817 2821 874 facta:
2848 832 2991 888 sunt,
3017 826 3189 882 adeas
3223 833 3512 890 cathedras
3537 842 3839 907 pertineant
3862 863 3963 916 per

2371 917 2596 970 quarum
2626 910 2910 980 epiSCOpos
2963 916 3161 971 factum
3206 931 3286 975 est
3332 936 3388 978 ut
3441 931 3720 987 cathoiicm
3769 910 3959 996 unitati

2370 1000 2857 1065 communicarent;
2910 1023 2978 1074 po
3011 1018 3028 1061 t
3058 1009 3204 1078 leges
3230 1025 3429 1084 autem,
3462 1037 3792 1096 qumcuuque
3812 1046 3962 1087 com-

2369 1088 2796 1154 municaverunt,
2830 1094 2955 1150 iﬁlue
2984 1102 3290 1165 pertineant
3320 1121 3428 1174 quo
3459 1088 3796 1178 pertinebant
3830 1137 3955 1179 cum

2367 1187 2542 1230 essent
2576 1178 2627 1231 in
2653 1191 2804 1249 parte
2839 1185 3047 1240 Donati.
3091 1192 3194 1245 Sed
3217 1197 3339 1262 quia
3369 1200 3551 1256 multa:
3575 1214 3956 1267 controversiae

2366 1277 2549 1335 p03103
2582 1274 2721 1327 inter
2771 1277 3054 1347 episcopos
3106 1282 3173 1337 de
3211 1285 3529 1345 dioecesibus
3570 1305 3704 1352 orta:
3730 1310 3856 1355 sunt
3899 1315 3957 1359 et

2362 1362 2610 1418 oriuntur
2633 1368 2826 1434 quibus
2854 1378 2981 1427 tunc
3008 1374 3184 1429 minus
3205 1377 3418 1434 videtur
3437 1397 3555 1440 esse
3584 1404 3949 1464 prospectum,

2362 1466 2502 1507 nunc
2528 1456 2631 1510 isto
2660 1471 2845 1514 sancto
2868 1466 3101 1521 concilio
3142 1468 3345 1537 placuit
3390 1483 3448 1529 ut
3494 1456 3801 1551 ubicunque
3846 1486 3952 1541 Ca-

2362 1542 2557 1596 tholica
2586 1546 2701 1610 fuit,
2732 1560 2785 1602 et
2826 1568 2950 1619 pais
2975 1554 3185 1623 Donati,
3214 1570 3269 1615 et
3290 1564 3354 1616 ad
3385 1566 3624 1624 diversas
3665 1542 3951 1634 cathedras

2359 1636 3059 1716 pertinebant,quocunque
3084 1660 3327 1723 tempore
3358 1657 3466 1713 illic
3498 1663 3677 1717 unitas
3705 1665 3843 1722 facta
3864 1680 3949 1725 est

2356 1726 2438 1777 vel
2470 1726 2535 1779 fa:
2559 1737 2608 1781 ta
2654 1732 2870 1797 fuerint,
2898 1739 3013 1792 sive
3041 1748 3167 1794 ante
3208 1742 3373 1811 leges,
3405 1748 3518 1802 sive
3547 1761 3670 1818 post
3694 1754 3855 1823 leges,
3880 1760 3947 1813 ad

2357 1817 2599 1872 eamdem
2651 1825 2960 1880 cathedram
2988 1832 3295 1897 pertineant
3342 1837 3408 1890 ad
3456 1817 3617 1906 quam
3664 1842 3944 1901 Catholica

2355 1925 2471 1976 qum
2490 1908 2598 1977 jam
2630 1912 2699 1966 ibi
2744 1916 2915 1969 fuerat
2944 1921 3263 1988 pertinebat.

2351 2035 2670 2122 C(IXLXIIX.
2720 2044 2809 2124 .De
2848 2048 3149 2105 (Iiwi'esibus
3187 2057 3407 2124 qualiter
3434 2076 3523 2115 eas
3545 2064 3778 2120 dividant
3808 2070 3939 2123 inter

2425 2126 2479 2162 se
2507 2115 2750 2191 episropi,
2782 2127 2887 2170 tum
2914 2123 3154 2175 catholici
3181 2115 3414 2195 quam“:
3438 2115 3631 2187 Donati
3658 2149 3808 2203 parte
3823 2157 3942 2195 60.:-

2421 2184 2552 2233 νει.ςέ
2574 2195 2709 2237 sunt.

2421 2288 2619 2343 Coucii.
2650 2293 2924 2368 Cm'tliag.,
2955 2303 3085 2356 titul.
3114 2303 3201 2358 85.
3231 2304 3304 2360 Ita
3336 2325 3467 2365 sane
3491 2320 3548 2366 ιιι
3570 2314 3613 2367 si
3654 2318 3938 2389 episcopus

2350 2395 2413 2432 ex
2448 2380 2739 2440 Donatistis
2763 2390 2827 2442 ad
2869 2394 3189 2450 catholicam
3223 2403 3481 2456 unitatem
3511 2421 3805 2465 conversus
3833 2425 3936 2477 est,

2348 2475 2624 2540 ieqnaliter
2668 2479 2808 2534 inter
2845 2498 2903 2539 sc
2943 2485 3185 2542 dividant
3226 2506 3317 2547 eas
3345 2510 3463 2563 qua:
3502 2498 3581 2552 sic
3629 2499 3829 2556 fuerint
3859 2504 3938 2557 iii-

2347 2575 2520 2619 venta:
2564 2570 2648 2621 ubi
2680 2573 2849 2626 amba:
2904 2588 3083 2644 paites
3124 2582 3370 2649 fuerunt,
3416 2587 3463 2639 id
3496 2598 3654 2644 estut
3685 2593 3787 2646 alia
3818 2595 3935 2649 loca

2346 2658 2411 2710 ad
2440 2659 2611 2722 illuni,
2639 2662 2742 2717 alia
2770 2666 2837 2719 ad
2867 2668 3013 2723 illum
3043 2675 3373 2743 pertineant;
3420 2679 3491 2733 ita
3523 2690 3577 2735 ut
3601 2685 3688 2738 ille
3709 2686 3931 2745 dividat.

2344 2750 2433 2819 qui
2467 2754 2698 2822 annilius
2731 2764 2985 2827 temporis
3031 2764 3081 2817 iu
3115 2767 3425 2838 episcopatu
3457 2773 3639 2838 liabet,
3675 2784 3728 2831 et
3756 2780 3934 2835 minor

2343 2842 2525 2909 eligat.
2557 2846 2707 2912 Quod
2736 2850 2777 2902 si
2812 2851 2948 2907 forte
2980 2871 3115 2911 unus
3139 2859 3294 2914 fuerit
3329 2862 3506 2929 locus,
3565 2868 3631 2922 ad
3658 2885 3781 2924 cum
3807 2890 3930 2940 per-

2345 2932 2512 2986 lineat
2559 2938 2642 2989 cui
2703 2939 2925 2995 vicinior
2989 2944 3275 3003 invenitur.
3344 2952 3494 3019 Quod
3557 2959 3601 3012 si
3670 2961 3932 3019 ambabus

2341 3024 2611 3079 cathedris
2633 3031 2911 3097 :cquliler
2939 3037 3145 3094 vicinus
3190 3050 3310 3109 est,
3370 3046 3438 3098 ad
3487 3063 3608 3103 eum
3661 3055 3929 3121 pertineat

2341 3128 2500 3180 quem
2544 3120 2694 3186 plebs
2726 3126 2966 3191 elegerit.
2995 3128 3148 3194 Quod
3185 3132 3228 3186 si
3261 3135 3398 3190 forte
3442 3120 3925 3210 antiquicalholici

624 3233 763 3291 tam,
800 3228 1107 3299 quicunque
1140 3212 1585 3288 converterentur
1626 3238 1861 3306 episcopi
1893 3240 1956 3291 ad
1988 3239 2227 3293 Caiholi—
2260 3258 2302 3318 ς
2342 3221 2502 3318 fimi",
2527 3212 2795 3318 v‘flueriin
2821 3255 2836 3280 ’
2890 3227 2941 3318 0.!
2973 3221 3043 3318 illi
3090 3239 3275 3291 suun"
3328 3230 3416 3296 qni
3450 3246 3514 3285 ex
3546 3232 3738 3289 bona”
3773 3248 3927 3306 parte

621 3333 774 3382 eam,
820 3321 919 3388 ipsi
952 3337 1045 3376 eas
1077 3323 1323 3379 obtinere
1369 3326 1630 3394 debeant;
1681 3346 1867 3383 verum
1898 3346 1926 3384 a
1966 3332 2085 3401 lege
2118 3338 2227 3387 uni-

622 3408 759 3462 tatis
797 3450 813 3475 ,
886 3418 942 3464 et
998 3411 1254 3481 deinceps
1321 3426 1570 3484 Oportrat
1638 3420 1915 3476 universas
1968 3425 2224 3482 ecclesias

618 3499 913 3554 vindicare
942 3502 1042 3554 sibi
1068 3504 1355 3571 episcopos
1399 3510 1698 3565 catholicos
1729 3528 1912 3565 eormn
1946 3514 2220 3581 locorum,

618 3588 687 3639 ad
712 3602 842 3655 qua:
874 3589 990 3643 loca
1031 3592 1131 3644 sub
1175 3593 1443 3650 hiereticis
1474 3601 1833 3667 pertinebant,
1863 3604 1944 3657 vel
1992 3622 2218 3660 convcr-

615 3691 817 3729 sorum
859 3677 924 3730 ad
966 3679 1311 3749 catholicam,
1342 3687 1423 3740 vel
1456 3704 1557 3740 non
1590 3706 1971 3747 coiiversoruin
2001 3695 2217 3749 ha'reli-

614 3780 839 3829 corum,
859 3777 913 3822 et
942 3769 1292 3835 dimceses,et
1323 3776 1365 3829 si
1396 3792 1498 3846 qua
1534 3777 1673 3833 forte
1714 3792 1835 3835 sunt
1866 3784 2215 3843 ins'rumenta

613 3858 907 3921 ecclesiic,
958 3861 1043 3914 vel
1081 3862 1148 3914 ad
1178 3863 1292 3931 ejus
1317 3865 1400 3932 jus
1431 3870 1772 3935 pertinentia.
1819 3872 1919 3938 Qui
1959 3891 2088 3930 vero
2118 3880 2218 3931 ali-

612 3963 726 4014 qua
765 3952 1180 4017 usurpaverint,
1229 3965 1348 4024 post
1395 3958 1566 4028 legem
1602 3975 1854 4032 usu.pata
1891 3966 1914 4001 δ
1942 3973 2217 4024 conversis

610 4038 934 4093 restituant.

767 4149 1094 4209 CCLXXW.
1129 4154 1206 4210 De
1235 4162 1467 4227 precibus
1499 4165 1568 4215 ad
1591 4166 1755 4217 altare
1784 4172 2038 4223 dicendis.

682 4261 898 4316 Coucil.
926 4263 1197 4338 Cari/iag.,
1223 4273 1301 4325 tit.
1335 4271 1421 4326 70.
1453 4274 1659 4330 Placuit
1687 4279 1848 4334 etiam
1870 4282 1991 4347 hoc,
2010 4276 2215 4354 ut'preo

606 4370 703 4408 ces
734 4370 861 4422 qua:
884 4357 1124 4425 probata:
1153 4360 1351 4416 fuerint
1370 4365 1418 4417 in
1443 4368 1822 4433 concilio,sive
1848 4376 2212 4444 praefationes,

603 4448 725 4500 sive
762 4449 1295 4518 commendationes,
1355 4471 1448 4509 seu
1478 4474 1665 4512 manus
1696 4461 2101 4532 iin,iositiones,
2145 4473 2211 4521 a7i

2341 3303 2584 3354 conversi
2636 3314 2797 3369 sunt,
2864 3308 3214 3376 plurimorum
3274 3320 3522 3375 voluntas
3575 3327 3923 3393 paucioribus

2336 3391 2686 3455 pri-feratur:
2722 3398 2762 3447 si
2794 3408 2970 3453 autem
3006 3414 3185 3470 partes
3229 3411 3464 3476 :cquales
3491 3424 3652 3482 sunt,
3705 3418 3925 3485 majoris

2335 3483 2589 3549 temporis
2615 3487 2870 3557 episeopo
2919 3493 3224 3561 deputetur.
3256 3499 3311 3552 Si
3365 3510 3540 3555 autem
3572 3504 3643 3558 ita
3693 3506 3920 3575 plurima

2331 3571 2450 3623 loca
2502 3573 2879 3645 inveniuntur,
2933 3583 2984 3635 in
3017 3587 3208 3652 quibus
3255 3591 3425 3644 ambio
3457 3604 3635 3662 partes
3666 3596 3917 3665 fuerunt,

2331 3674 2389 3718 ut
2421 3684 2525 3723 non
2560 3675 2766 3737 giossiut
2811 3679 3091 3745 a-qualiter
3121 3682 3300 3746 dividi,
3338 3688 3481 3740 velut.
3507 3689 3550 3741 si
3604 3689 3789 3759 illlpa'i
3821 3710 3920 3747 nii-

2328 3773 2476 3812 niero
2510 3762 2723 3828 iuerint,
2753 3766 3052 3824 distributis
3082 3773 3162 3826 eis
3192 3772 3344 3837 locis,
3377 3778 3464 3844 qui
3498 3794 3682 3847 parem
3715 3782 3916 3837 habent

2328 3865 2631 3917 numerum,
2663 3856 2969 3925 quicunque
3000 3860 3150 3915 locus
3196 3868 3553 3934 remanserit,
3598 3870 3699 3925 huc
3745 3872 3796 3925 in
3846 3888 3914 3926 eo

2323 3954 2567 3998 servetur
2611 3949 2754 4015 quod
2802 3954 3049 4021 superius
3089 3956 3290 4011 dictum
3344 3969 3464 4027 est,
3523 3978 3644 4016 cum
3677 3962 3747 4019 de
3803 3981 3910 4021 uno

2326 4044 2647 4091 tractaretur
2674 4040 2814 4095 loco.

2326 4166 2621 4253 CC‘L'XXX.
2654 4171 2795 4253 Etsi
2820 4193 2972 4253 quam
2998 4179 3254 4253 diieccsim
3294 4185 3563 4253 episcopus
3615 4189 3679 4240 ab
3723 4190 3912 4244 lia’resi

2396 4238 2642 4305 libemus,
2681 4238 2906 4299 triennio
2933 4252 3238 4318 possederit,
3276 4238 3448 4308 nullus
3469 4238 3589 4310 leam
3622 4270 3835 4329 repetiit.

2393 4354 2588 4406 (.‘oucil.
2624 4355 2827 4422 Cat-tiu,
2861 4362 2943 4415 tit.
2991 4362 3077 4417 86.
3130 4365 3264 4421 Item
3316 4370 3512 4438 placet,
3550 4383 3607 4427 ut
3656 4376 3817 4429 etiam
3862 4379 3907 4432 si

2333 4443 2595 4514 piisquam
2641 4459 2761 4516 post
2810 4451 2953 4519 leges
2992 4456 3220 4526 aliquem
3255 4461 3430 4515 locum
3474 4466 3538 4516 ad
3582 4468 3907 4525 catholicam

601 4537 871 4590 omnibus
901 4539 1260 4607 celebrentur,
1295 4559 1393 4599 nec
1422 4546 1541 4601 alia,
1587 4552 1805 4606 omnino
1832 4564 2019 4608 contra
2053 4558 2207 4612 “dvm
2245 4560 2292 4619 ο
2319 4535 2574 4588 unitatem
2612 4547 2955 4607 converterit,
2999 4547 3043 4599 si
3091 4564 3213 4603 eum
3246 4568 3343 4620 per
3371 4556 3658 4612 triennium
3691 4563 3907 4616 nemine

601 4630 985 4696 proferantur,
1009 4631 1102 4686 sed
1126 4647 1462 4705 quotcunque
1483 4653 1511 4691 a
1541 4640 1981 4707 prudentioribus
2014 4645 2214 4701 fuerint

600 4720 880 4779 collectae,
907 4720 1175 4775 dicantur.

599 4832 964 4886 CCLXXVII.
995 4834 1071 4920 De
1082 4835 1159 4916 liis
1185 4838 1395 4905 quicum
1413 4842 1465 4893 in
1489 4842 1663 4920 Africo
1688 4863 1788 4920 non
1808 4852 2207 4920 communicant,

946 4906 1198 4959 coluerint
1223 4919 1365 4963 trans
1397 4906 1542 4966 mare
1568 4914 1849 4986 subripere.

668 5018 879 5072 Coucil.
918 5018 1206 5090 Carthag.,
1248 5026 1327 5077 tit.
1384 5026 1471 5081 72.
1502 5026 1819 5099 Quicunque
1867 5045 2047 5089 autem
2097 5054 2205 5094 non

600 5120 621 5146 ε
658 5110 1040 5165 communicat
1084 5128 1137 5165 in
1168 5113 1369 5181 Africa,
1401 5118 1441 5171 si
1475 5120 1527 5172 in
1560 5126 1931 5181 transmarinis
1957 5130 2023 5182 ad
2057 5146 2205 5185 coin-

592 5202 993 5254 munieandum
1038 5200 1061 5237 ἀ
1091 5203 1414 5275 olirepserit,
1440 5208 1703 5277 jacturam
1735 5216 2019 5274 clericatus
2054 5233 2075 5258 ο
2105 5238 2200 5276 ex‘

590 5293 788 5360 cipiat.

689 5403 1069 5460 CCLXXHII.
1107 5407 1180 5461 De
1212 5410 1437 5479 plebibus
1461 5419 1715 5470 ronr'ersia
1736 5436 1766 5471 a
1793 5418 2101 5481 Donat‘stis.

662 5516 875 5573 Coucil.
909 5518 1184 5592 Cari/iag.,
1229 5525 1363 5578 titul.
1396 5521 1485 5580 84.
1519 5526 1649 5583 ltem
1700 5532 1899 5600 placuit
1948 5538 2198 5606 quonfam

664 5677 689 5757 ξ
740 5674 898 5757 Dion.
1128 5687 1181 5733 et
1204 5680 1730 5757 _(_30i_l._Ecel.ARom.,
1758 5690 1863 5743 ilia:
1900 5694 2089 5757 plebes.

663 5739 691 5777 ι’
738 5744 898 5822 Dion.
1114 5757 1169 5803 et
1198 5751 1328 5804 Cod.
1358 5752 1496 5807 Eccl.
1527 5739 1986 5822 littnl.,,cot:ecitti

666 5824 687 5850 ε
733 5814 893 5870 Ilion.
942 5814 1138 5887 lixis”
1184 5826 1597 5888 coniumuicims;
1644 5814 1778 5885 (Zoil.
1830 5831 1976 5887 Eccl.
2013 5835 2147 5891 Rom
2180 5877 2193 5902 ,

2317 4637 2593 4698 repetente
2616 4635 2900 4697 continuit,
2930 4641 3158 4695 u'terius
3188 4645 3254 4699 ab
3282 4661 3346 4700 eo
3379 4664 3483 4702 non
3516 4661 3810 4721 repetatur.
3847 4654 3905 4709 Si

2314 4728 2491 4775 tamen
2523 4738 2618 4792 per
2649 4725 2821 4793 ipsnm
2857 4730 3144 4786 triennium
3190 4736 3287 4790 fuit
3316 4739 3623 4811 episcopus,
3653 4745 3742 4811 qui
3776 4762 3903 4814 pos-

2310 4818 2393 4864 set
2422 4826 2551 4881 repe
2579 4829 2690 4879 ere,
2720 4825 2776 4870 et
2809 4821 2995 4884 tacuit,
3026 4825 3393 4892 priejudiciuin
3428 4833 3679 4899 patietur.
3714 4835 3770 4890 Si
3803 4852 3901 4891 au—

2310 4909 2417 4955 tem
2451 4904 2710 4969 nonfuit,
2758 4924 2863 4961 nou
2905 4914 3281 4979 prmjudicetur
3324 4922 3556 4987 matrici,
3599 4926 3692 4980 sed
3738 4928 3899 4982 liceat

2309 5008 2428 5046 cu'u
2460 4994 2609 5049 locus
2635 5001 2905 5068 acceperit
2925 5004 3260 5075 episcopum,
3290 5011 3377 5077 qui
3410 5028 3517 5066 non
3550 5015 3805 5081 habebat,
3833 5034 3901 5074 ex

2308 5084 2425 5155 ipso
2469 5086 2557 5142 die
2591 5088 2727 5142 intra
2761 5091 3047 5148 triennium
3080 5109 3344 5167 repetere.
3380 5100 3621 5174 Itemque
3650 5108 3695 5160 si
3738 5106 3899 5163 fuerit

2307 5175 2591 5246 episcopus
2618 5179 2682 5231 ad
2714 5179 3053 5238 Catholicam
3086 5202 3153 5241 ex
3178 5189 3369 5246 Donati
3400 5207 3552 5265 parte
3581 5212 3894 5264 conversus,

2306 5283 2414 5321 non
2446 5269 2495 5322 ei
2527 5272 2843 5339 pra-judicet
2888 5278 3210 5344 prictiuitum
3241 5291 3453 5354 tempus
3492 5304 3505 5339 :
3557 5288 3651 5342 sed
3682 5304 3747 5343 ex
3788 5306 3898 5359 quo

2304 5362 2390 5416 die
2416 5378 2707 5420 conversus
2738 5377 2840 5433 est,
2886 5370 3078 5427 habeat
3123 5389 3219 5443 per
3250 5378 3535 5433 triennium
3568 5390 3893 5449 potestatem

2304 5454 2583 5520 repetendi
2634 5456 2751 5512 loca
2834 5474 2952 5528 qua:
2997 5462 3062 5517 ad
3101 5464 3271 5533 ipsam
3313 5469 3658 5537 pertinebant
3704 5474 3892 5529 cathe-

2301 5542 2470 5598 dram.

2301 5705 2701 5757 iommunicant.

2371 5772 2393 5805 εί
2436 5772 2571 5845 Qud.
2602 5774 2743 5830 Eccl.
2774 5778 2951 5845 Rom.,
2986 5782 3104 5837 cbre
3140 5790 3321 5842 seriut.

2378 5847 2398 5870 "
2440 5843 2572 5898 Cod.
2602 5845 2749 5901 Eccl.
2784 5843 2964 5917 Romf,
2998 5858 3123 5924 cui,
3150 5860 3279 5911 imit.
