5174 6532
1148 471 1153 476 .
1227 428 1332 481 935

1304 617 1578 684 pertinere,
1604 603 1924 664 inconvenlis
1954 603 2054 667 his,
2084 621 2114 658 a
2147 603 2329 672 quibus
2355 611 2608 667 tenentur,
2640 603 2807 654 iro-uec

1303 696 1426 746 rint.

1303 819 1732 882 Concil..Carth.,
1764 819 1841 870 tit.
1873 814 1964 869 81.
2005 813 2136 868 Item
2169 807 2386 880 placuit,
2420 817 2478 860 ut
2502 807 2811 875 quicunque

1233 918 1500 993 episcopi,
1536 915 1718 986 plebes
1743 923 1876 980 quas
1905 907 1972 964 ad
2009 920 2161 961 suam
2199 900 2511 958 cathedram
2545 899 2813 953 :estimant

1237 990 1532 1083 pertinere,
1559 1021 1665 1059 non
1695 1005 1769 1058 ita
1799 1007 2071 1072 repetunt,
2099 1004 2156 1051 ut
2179 1009 2375 1050 causas
2402 1007 2528 1049 suas
2550 990 2817 1060 episcopis

1233 1099 1601 1172 iudicantibus
1621 1103 1802 1163 agant,
1833 1091 1927 1148 sed
1955 1090 2062 1143 alio
2091 1087 2362 1144 retinente
2407 1084 2680 1145 irruerint,
2707 1083 2818 1136 sive

1237 1171 1568 1255 volentibus,
1596 1187 1710 1240 sive
1739 1181 2048 1237 nolentibus
2078 1177 2342 1250 plebibus,
2375 1188 2550 1229 causa
2579 1186 2688 1226 sua:
2719 1171 2819 1225 de-

1240 1288 1552 1340 trimentum
1583 1279 1876 1347 jatiantur.
1922 1271 1986 1327 Et
2028 1273 2334 1341 quicunque
2369 1267 2479 1336 jam
2531 1266 2633 1320 hoc
2676 1263 2819 1318 fece—

1239 1388 1384 1444 runt,
1434 1377 1478 1429 si
1520 1372 1757 1428 nondum
1807 1378 1889 1424 est
1918 1369 2058 1424 inter
2085 1364 2370 1434 episcopos
2401 1359 2551 1412 Iinita
2593 1365 2821 1411 conten-

1244 1471 1340 1536 tio,
1373 1467 1478 1523 sedv
1502 1466 1677 1520 adhuc
1715 1459 2080 1521 contendunt,
2111 1455 2202 1510 ille
2243 1452 2366 1510 inde
2396 1449 2634 1506 discedat
2659 1461 2820 1516 quem

1241 1558 1545 1616 constiterit
1595 1550 1974 1627 praetermissis
2031 1547 2251 1616 judiciis
2314 1540 2694 1599 ecclesiasti.:is
2751 1539 2822 1590 ir-

1245 1654 1437 1709 ruisse.
1470 1649 1583 1705 Nec
1608 1647 1707 1702 sibi
1739 1646 1964 1715 quisque
1994 1638 2322 1704 blandiatur,
2349 1635 2394 1689 si
2437 1648 2467 1688 a
2506 1631 2735 1701 primate
2765 1635 2822 1681 ut

1242 1746 1496 1808 retineat,
1526 1743 1734 1796 litteras
1765 1734 2083 1806 impetrarit,
2114 1730 2209 1786 sed
2235 1730 2346 1785 sive
2371 1728 2567 1781 habeat
2595 1723 2820 1784 littera:,

1243 1838 1358 1892 sive
1389 1850 1494 1890 non
1526 1833 1744 1894 habeat,
1790 1825 2080 1882 conveniat
2105 1837 2227 1878 eum
2256 1820 2347 1892 qui
2392 1825 2559 1883 tenet,
2589 1823 2664 1869 .et
2706 1813 2823 1880 ejus

1244 1930 1452 1984 litteras
1481 1921 1734 1990 accipiat,
1779 1927 1838 1974 ut
1867 1933 1989 1972 eum
2031 1922 2288 1984 appareat
2327 1909 2549 1980 pacitice
2591 1906 2824 1960 tenuisse

1247 2016 1534 2074 ecclesiam
1556 2013 1621 2067 ad
1649 2026 1707 2064 se
1729 2009 2106 2080 pertinentem.
2131 2003 2185 2058 Si
2213 2012 2393 2057 autem
2421 2000 2653 2068 aliquam
2679 2013 2748 2066 qu
2768 2014 2824 2048 r-

1248 2109 1481 2164 stionem
1519 2100 1784 2163 retulerit,
1826 2114 1924 2169 per
1948 2098 2232 2167 episcopos
2257 2094 2467 2162 judices
2487 2105 2646 2145 causa
2677 2089 2827 2140 linia-

1249 2209 1374 2254 tur:
1407 2197 1521 2252 sive
1559 2207 1696 2262 quos
1725 2191 1803 2244 eis
1831 2188 2088 2258 primates
2117 2183 2385 2249 dederint,
2414 2182 2527 2236 sive
2557 2193 2694 2247 quos
2726 2177 2827 2246 ipsi

1248 2288 1458 2343 vicinos
1486 2300 1553 2340 ex
1582 2295 1851 2338 consensu
1880 2276 2161 2347 elegerint.

1348 2414 1695 2476 CCLXXXII.
1731 2413 1805 2466 De
1830 2412 1908 2464 his
1939 2411 2023 2478 qui
2053 2407 2221 2475 plebes
2241 2419 2308 2459 aa
2333 2420 2388 2458 se
2409 2402 2719 2473 pertinentes

1411 2529 1414 2531 .
1903 2478 2187 2531 nealianut.

1411 2529 1414 2533 .
1903 2495 2187 2549 negligant.

1325 2623 1524 2679 Conril.
1556 2620 1826 2689 Carthag.,
1872 2614 2006 2668 titul.
2056 2611 2144 2665 88.
2188 2610 2318 2665 Item
2361 2605 2581 2677 placuit,
2611 2611 2672 2657 ttt
2709 2601 2831 2673 qui-

1253 2730 1465 2786 cunque
1495 2713 1769 2780 nogligunt
1799 2708 1916 2762 loca
1944 2705 2010 2760 ad
2040 2718 2192 2759 suam
2220 2700 2529 2757 cathedram
2562 2696 2834 2766 pertinen-

1255 2810 1329 2862 tia
1378 2809 1428 2860 in
1477 2802 1798 2858 catholicam
1828 2803 2092 2851 unttatent
2136 2790 2353 2852 lucrari,
2385 2787 2776 2845 conveniantur
2801 2799 2832 2838 a

1255 2895 1600 2965 diligentibus
1637 2890 1824 2945 vicinis
1853 2885 2140 2957 episeOpis,
2186 2891 2247 2938 ut
2287 2882 2340 2937 id
2371 2893 2532 2947 agere
2577 2893 2682 2932 non
2713 2891 2832 2928 mo-

1256 2997 1467 3043 rentur.
1497 2983 1651 3050 Quod
1675 2982 1718 3037 si
1751 2982 1886 3035 intra
1918 2994 2017 3034 sex
2039 2989 2253 3032 menses
2282 2987 2312 3027 a
2339 2973 2426 3028 die
2463 2966 2836 3027 conventionis

1258 3097 1365 3135 non
1396 3077 1691 3140 eﬂecerint,
1724 3074 1815 3144 qui
1841 3071 2078 3142 potuerit
2105 3084 2166 3125 ea
2198 3065 2391 3122 lucrari
2418 3063 2485 3118 ad
2516 3063 2688 3133 ipsum
2715 3076 2836 3131 per-

1256 3173 1485 3226 tineant.
1519 3168 1597 3222 Ita
1639 3181 1768 3220 sane
1789 3207 1804 3232 ,
1837 3173 1895 3217 ut
1923 3164 1966 3217 si
1999 3162 2090 3215 ille
2119 3159 2184 3213 ad
2213 3172 2373 3228 quem
2404 3153 2727 3225 pertinuisse
2752 3150 2834 3204 vi-

2302 427 2305 431 ’
2373 415 2710 473 (‘IliSCONll
2758 413 3079 471 AFRICANI
3126 415 3425 472 EPiSCOPI

1228 538 1548 596 CCLXXXI.
1589 539 1660 593 De
1686 539 1764 592 Itis
1802 537 1886 604 qui
1929 536 1982 589 in
2027 533 2374 606 ple'espguas
2420 530 2490 584 ad
2529 547 2584 584 se
2622 536 2804 606 putant
2838 531 2883 587 Δ

4407 419 4515 478 956

3035 529 3385 584 CCLXXXV.
3423 529 3496 582 De
3524 530 3836 600 presbyteris
3867 541 3916 584 et
3945 531 4168 593 clericis,
4201 540 4260 584 ut
4283 549 4387 586 non

3216 602 3538 672 appellentur
3564 603 3666 655 nisi
3691 602 3940 672 Africana
3972 604 4222 656 concilia.

2989 723 3472 793 Contil.Carl/tag.,
3496 724 3571 776 tit.
3603 723 3692 778 9:2.
3719 723 3848 778 Item
3873 724 4093 793 placuit,
4123 733 4178 779 ut
4205 725 4512 796 presbyteri

2918 825 2973 870 et
3001 815 3236 881 diaconi,
3262 815 3344 868 vel
3374 815 3552 869 caeteri
3579 815 3862 869 interiores
3882 815 4064 871 clerici
4096 817 4149 870 in
4171 817 4355 871 causis
4377 833 4515 886 quas

2918 905 3222 966 habuerint,
3251 905 3294 958 si
3324 905 3391 958 de
3420 905 3638 972 judiciis
3667 906 4049 976 episcoporum
4081 921 4306 960 suorum
4331 906 4513 975 questi

2919 995 3133 1060 fuerint,
3159 997 3315 1051 vicini
3343 997 3580 1066 episcopi
3604 1013 3699 1052 eos
3724 997 3963 1063 audiant,
3990 1006 4049 1052 et
4077 998 4222 1051 inter
4245 1013 4342 1052 eos
4359 998 4514 1065 quid-

2919 1087 3044 1156 quid
3075 1097 3158 1142 est
3202 1088 3390 1141 tiniant
3437 1089 3660 1142 adhibiti
3689 1090 3757 1142 ab
3784 1088 3863 1143 eis
3889 1103 3952 1143 ex
3985 1103 4258 1144 consensu
4297 1089 4516 1157 episco-

2920 1195 3111 1250 porum
3141 1195 3382 1234 suorum.
3414 1179 3568 1244 Quod
3596 1180 3640 1234 si
3671 1188 3726 1235 et
3753 1180 3822 1234 ab
3852 1179 3931 1235 eis
3961 1178 4374 1249 provocandum
4407 1193 4516 1247 puc

2923 1274 3172 1338 laverint,
3218 1290 3324 1328 non
3357 1282 3670 1343 provocent,
3719 1274 3819 1331 nisi
3865 1274 3932 1328 ad
3971 1273 4224 1328 Africana
4257 1273 4512 1336 concilia,

2920 1363 3004 1416 vel
3034 1364 3098 1417 ad
3135 1364 3388 1432 primates
3426 1364 3822 1432 provinciarum
3853 1378 4106 1428 suarum;
4137 1364 4205 1417 ad
4245 1372 4517 1416 transma-

2922 1455 3035 1507 rina
3065 1464 3244 1509 autem
3272 1456 3365 1524 qui
3392 1456 3663 1525 putaverit
3685 1457 4090 1525 appellandum,
4125 1470 4157 1510 a
4189 1456 4338 1511 nullo
4369 1457 4514 1510 intra

2923 1545 3156 1600 Africam
3184 1547 3235 1600 in
3267 1548 3702 1603 communionem
3727 1547 4075 1618 suscipiatur.

2924 1689 3289 1749 CCLXXXVI.
3325 1689 3400 1744 De
3429 1691 3731 1761 virginibus,
3759 1694 3914 1745 etiam
3937 1691 4225 1747 minoribus
4254 1690 4516 1744 velandis.

2999 1826 3200 1882 Concil.
3230 1825 3437 1892 Cartlt.,
3467 1827 3545 1878 tit.
3584 1824 3671 1879 93.
3705 1822 3838 1879 Item
3869 1823 4090 1893 placuit,
4119 1832 4179 1878 ut
4206 1823 4519 1894 quicunque

2861 1889 2900 1946 Β
2925 1921 3306 1989 episcoporum
3330 1917 3650 1972 necessitate
3677 1913 4030 1985 periclitantis
4054 1889 4326 1985 pudicitia:
4348 1889 4515 1982 virgi-

2927 2010 3086 2073 nalis,
3130 2024 3250 2064 eum
3281 2017 3338 2063 et
3364 2010 3448 2062 vel
3479 2009 3679 2077 petitor
3710 2017 3920 2077 potens,
3966 2009 4048 2062 vel
4096 2017 4284 2076 raptor
4323 2005 4521 2076 aliquis

2931 2100 3290 2154 formidatur:
3333 2099 3419 2152 vel
3463 2096 3509 2152 si
3551 2097 3714 2152 etiam
3756 2098 3938 2166 aliquo
3984 2099 4175 2152 mortis
4213 2098 4520 2168 periculoso

2930 2193 3183 2262 scrupulo
3207 2200 3530 2261 compuncta
3576 2190 3750 2255 fuerit,
3794 2206 3860 2245 ne
3890 2206 3998 2245 non
4025 2192 4202 2245 velata
4233 2192 4517 2256 moriatur,

2931 2292 3023 2338 aut
3049 2283 3384 2352 exigentibus
3413 2281 3742 2351 parentibus,
3765 2289 3857 2334 aut
3884 2281 3967 2334 his
3989 2279 4055 2334 ad
4075 2295 4304 2350 quorum
4331 2295 4522 2334 curam

2932 2373 3184 2444 pertinet,
3215 2371 3475 2426 velaverit
3503 2371 3786 2439 virginem,
3811 2385 3907 2426 seu
3937 2371 4138 2424 velavit
4164 2371 4308 2424 intra
4334 2370 4519 2439 viginti

2932 2465 3167 2534 quinque
3191 2479 3361 2520 annos
3387 2462 3582 2526 anatis,
3615 2477 3720 2516 non
3749 2463 3800 2516 ei
3838 2463 3978 2516 obsit
4006 2462 4322 2529 concilium,
4363 2462 4514 2531 quod

2932 2557 3000 2611 de
3032 2557 3132 2609 isto
3159 2569 3421 2609 annorum
3451 2568 3677 2609 numero
3706 2556 4058 2609 constitutum
4089 2562 4195 2608 est.

2934 2686 3324 2744 CCLXXXVII.
3380 2686 3458 2740 De
3505 2689 3742 2753 episcopo
3789 2689 3873 2756 qui
3920 2689 4338 2740 excommunical
4381 2703 4516 2753 eum,

3025 2823 3027 2826 p
3099 2775 3246 2827 quem
3275 2757 3371 2810 sibi
3393 2757 3490 2812 soli
3517 2759 3710 2810 crimen
3740 2757 3863 2811 dicit
3886 2773 4000 2811 esse
4026 2759 4347 2826 «anfessum.

3007 2871 3204 2926 Concil.
3256 2872 3525 2940 Carthag.,
3576 2871 3721 2924 titulo
3767 2870 3854 2922 99.
3904 2869 4034 2924 Item
4085 2870 4313 2939 placuit,
4362 2879 4424 2923 ut
4476 2872 4517 2924 si

2936 2963 3152 3030 quando
3183 2961 3470 3030 episcopus
3499 2959 3662 3023 dicit,
3694 2959 3929 3027 aliquem
3974 2957 4076 3012 sibi
4107 2958 4211 3012 soli
4243 2958 4517 3027 proprium

2938 3054 3139 3107 crimen
3169 3051 3331 3106 fuisse
3356 3049 3680 3112 confessum,
3714 3057 3875 3117 atque
3905 3049 3994 3102 ille
4019 3057 4204 3116 neget,
4232 3063 4339 3101 non
4371 3055 4522 3116 putet

2939 3143 3006 3198 ad
3033 3142 3284 3211 injuriam
3316 3155 3467 3196 suam
3498 3141 3784 3210 episcopus
3814 3138 4105 3208 pertinere,
4136 3137 4286 3206 quod
4316 3137 4393 3191 illi
4423 3138 4521 3192 soli

1255 3263 1542 3325 debantur,
1576 3230 1806 3327 probare
1839 3252 2076 3324 potuerit
2113 3250 2283 3319 magis
2314 3247 2456 3301 illius
2483 3245 2712 3300 electam
2742 3257 2834 3296 nec
2867 3241 2914 3304 (ζ
2943 3249 3051 3288 non
3097 3233 3354 3296 creditur,
3387 3231 3488 3286 etsi
3533 3231 3787 3299 scrupulo
3828 3230 4060 3300 propriae
4087 3230 4440 3285 conscientia:
4469 3246 4522 3284 se

1257 3353 1569 3422 gligcntiam
1599 3350 1665 3403 ab
1687 3346 1974 3408 hmreticls,
2007 3353 2066 3398 ut
2095 3345 2312 3410 impune
2342 3339 2413 3393 ibi
2441 3338 2570 3400 sint,
2601 3343 2656 3390 et
2682 3347 2836 3388 suam

1257 3442 1588 3511 diligentiam
1619 3440 1784 3494 fuisse
1811 3440 2157 3507 preventam,
2199 3439 2258 3486 ut
2283 3446 2349 3486 eo
2375 3427 2541 3483 modo
2566 3425 2682 3495 ejus
2707 3437 2837 3479 cura

1258 3533 1542 3590 sollicitior
1571 3531 1850 3584 vitaretur.
1892 3526 2024 3581 Cum
2071 3526 2175 3578 hoc
2201 3521 2407 3591 judices
2448 3517 2697 3588 Episcopi
2744 3530 2838 3570 co-

1257 3625 1562 3695 gnoverint,
1613 3635 1722 3678 sua:
1761 3618 2030 3675 cathedra:
2078 3616 2194 3671 loca
2244 3614 2553 3669 restituant.
2602 3609 2747 3664 Sane
2793 3607 2838 3662 si

1261 3716 1520 3786 episcopi,
1555 3714 1693 3768 inter
1715 3725 1852 3781 quos
1873 3721 2034 3765 causa
2060 3713 2328 3770 versatur,
2359 3701 2689 3758 diversarum
2711 3705 2839 3754 sunt

1261 3809 1680 3882 provinciarum,
1711 3804 1801 3859 ille
1829 3801 2029 3872 primas
2062 3798 2153 3854 det
2173 3797 2400 3868 judices,
2436 3795 2487 3848 in
2528 3791 2680 3861 cujus
2710 3805 2840 3861 pro-

1263 3899 1438 3954 vincia
1474 3906 1555 3953 est
1585 3897 1734 3952 locus
1771 3894 1840 3949 de
1884 3907 1989 3962 quo
2034 3889 2396 3946 contenditur.
2441 3885 2498 3940 Si
2545 3892 2725 3939 autem
2773 3896 2840 3936 ex

1262 3989 1532 4044 communi
1564 3987 1762 4056 placito
1793 3983 1999 4038 vicinos
2025 3981 2234 4050 judices
2271 3976 2550 4046 elegerint,
2581 3982 2673 4029 aut
2704 3987 2839 4027 unus

1264 4078 1515 4144 eligatur,
1547 4083 1640 4128 aut
1668 4083 1777 4126 tres
1803 4090 1815 4123 :
1850 4081 1908 4125 ut
1939 4071 1982 4124 si
2018 4078 2127 4123 tres
2157 4066 2437 4135 elegerint,
2467 4072 2559 4118 aut
2597 4064 2835 4118 omnimn

1264 4173 1585 4228 sententiam
1614 4176 1924 4239 sequantur,
1953 4175 2046 4220 aut
2072 4163 2320 4219 duorum.

1266 4302 1637 4362 CCLXXXIII.
1671 4302 1737 4357 Ut
1760 4302 1805 4355 si
1841 4300 2108 4378 episcopus
2133 4298 2361 4378 negligat
2393 4308 2536 4350 suam
2564 4290 2838 4354 diacesint,

1738 4373 2093 4425 communione
2121 4373 2364 4437 privetur.

1344 4511 1541 4566 Concil.
1572 4507 1845 4575 Curtltag.,
1869 4504 2003 4556 titul.
2038 4501 2126 4555 90.
2159 4500 2216 4555 Si
2250 4515 2300 4553 In
2326 4495 2641 4551 matricibus
2664 4494 2848 4548 cathe-

1269 4602 1380 4657 dris
1415 4600 1700 4668 cpiscOpus
1729 4593 2002 4662 negligens
2032 4591 2190 4644 fuerit
2242 4587 2500 4642 adversus
2529 4585 2844 4646 luereticos,

1272 4691 1623 4747 conveniatur
1652 4701 1680 4738 a
1709 4684 1899 4740 vicinis
1920 4682 2188 4752 episcopis
2209 4674 2574 4747 diligentibus,
2604 4684 2659 4730 et
2681 4674 2728 4728 ei
2755 4687 2848 4727 sua

1273 4778 1597 4851 negligentia
1624 4780 2044 4837 demonstretur,
2075 4783 2133 4826 ut
2161 4787 2219 4826 se
2243 4784 2502 4826 excusare
2529 4783 2634 4822 non
2659 4767 2848 4836 possit.

1273 4869 1427 4937 Quod
1458 4869 1501 4922 si
1542 4882 1606 4922 ex
1650 4862 1737 4920 die
1781 4881 1883 4932 quo
1914 4862 2252 4928 convenitur,
2301 4861 2438 4914 intra
2483 4873 2578 4913 sex
2616 4871 2848 4921 menses,

1273 4961 1318 5015 si
1352 4961 1404 5012 in
1435 4958 1551 5025 ejus
1578 4951 1852 5025 provincia
1892 4953 2137 5008 executio
2182 4951 2363 5015 fuerit,
2404 4959 2460 5004 et
2501 4963 2607 5002 non
2647 4962 2741 5002 cos
2786 4946 2852 5000 ad

1277 5051 1537 5104 unitatem
1587 5044 1906 5100 catholicam
1949 5039 2341 5098 convertendos
2373 5039 2595 5102 curarit,
2629 5053 2751 5091 «non
2802 5037 2850 5090 ei

1277 5139 1722 5200 communicetur,
1769 5136 1942 5190 donec
1974 5132 2298 5202 adimpleat:
2339 5145 2384 5186 SI
2428 5137 2606 5183 autem
2651 5143 2848 5182 execu-

1279 5242 1364 5285 tor
1395 5231 1461 5284 ad
1487 5230 1602 5283 loca
1637 5243 1742 5282 non
1772 5228 2003 5292 venerit,
2032 5240 2140 5278 non
2168 5221 2470 5278 ascribatur
2495 5219 2775 5289 episcopo.

1280 5363 1362 5415 CC
1371 5362 1454 5428 LX
1467 5362 1502 5415 Χ
1513 5359 1625 5414 XIV
1636 5400 1648 5412 .
1673 5359 1746 5412 De
1767 5359 2017 5426 episcopis
2031 5357 2114 5426 qui
2139 5356 2440 5409 Donatistas
2454 5353 2857 5407 communicasse

1854 5431 2047 5482 mentiti
2078 5430 2302 5496 fuerunt.

1354 5569 1546 5622 Concil.
1573 5567 1845 5634 Cartuag.,
1871 5569 1948 5618 tit.
1973 5565 2060 5619 9i.
2085 5565 2140 5620 Si
2168 5577 2345 5619 autem
2369 5563 2650 5633 probatum
2676 5562 2856 5626 fuerit,

1283 5675 1404 5712 eum
1444 5660 1510 5713 dc
1553 5659 1930 5712 communione
1970 5657 2179 5710 illorum
2227 5655 2388 5709 fuisse
2440 5654 2744 5717 tnentitum,
2777 5652 2856 5706 tli-

1287 5751 1459 5806 cmulo
1484 5767 1579 5805 eos
1609 5752 2050 5813 communicasse,
2082 5765 2214 5818 quos
2243 5765 2308 5802 eo
2339 5750 2542 5803 sciente
2571 5763 2677 5800 non
2709 5761 2855 5799 com-

1291 5844 1585 5897 municasse
1616 5842 1933 5904 con~titrrit,
1962 5843 2122 5895 etiam
2152 5840 2516 5910 epismpatum
2549 5838 2777 5891 amittat.

2943 3325 3072 3379 dicit
3099 3324 3317 3392 neganti
3348 3324 3492 3377 nolle
3522 3322 3945 3377 communicare.

2947 3415 3015 3470 Ut
3037 3431 3138 3469 non
3153 3425 3337 3468 temere
3356 3429 3659 3484 quemquam
3679 3413 4032 3468 communione
4045 3414 4209 3481 privet
4232 3417 4522 3484 episcopus.

3015 3505 3210 3558 Concil.
3244 3503 3514 3572 Carthag.,
3541 3504 3622 3556 tit.
3647 3502 4029 3568 100.Quandiu
4053 3505 4526 3558 excommunicato

2942 3611 3051 3651 non
3076 3595 3557 3649 communicaverit
3584 3609 3712 3648 suus
3741 3595 4047 3663 episcopus,
4071 3593 4252 3647 eidem
4275 3593 4526 3664 episcopo

2948 3688 3015 3742 ab
3037 3687 3155 3742 aliis
3176 3701 3284 3740 non
3312 3685 3740 3740 communicetur
3759 3684 4045 3754 episcopis,
4072 3692 4131 3738 ut
4152 3685 4329 3752 magis
4345 3693 4527 3739 caveat

2946 3779 3254 3848 episcopus,
3303 3791 3370 3830 ne
3409 3776 3551 3830 dicat
3581 3776 3633 3830 in
3664 3789 3990 3844 quemquam
4017 3774 4161 3843 quod
4209 3776 4337 3830 aliis
4365 3776 4525 3831 (locus

2946 3870 3140 3925 mentis
3168 3869 3492 3924 convincere
3520 3883 3627 3922 non
3653 3876 3834 3938 potest

2999 3997 3412 4055 CCLXXXVIII.
3442 3997 3637 4051 Contra
3663 4008 4044 4067 impugnatores
4069 3999 4260 4067 gratia:
4282 3997 4402 4066 Dei,
4428 4010 4474 4054 et

3282 4069 3676 4122 calumniatores
3703 4068 3867 4120 sancti
3897 4069 4189 4137 Augustini.

3021 4192 3106 4258 Ea;
3149 4192 3363 4244 decretis
3394 4204 3543 4258 papa:
3589 4187 3882 4252 Ctelestini,
3927 4188 4006 4239 tit.
4054 4186 4106 4239 1.
4152 4185 4530 4243 Dilectissimts

2951 4257 3205 4337 fratribus
3241 4257 3491 4345 Venerio,
3527 4277 3748 4342 Marino,
3780 4276 4022 4341 Leontio,
4054 4276 4335 4342 Ausonio,
4368 4280 4529 4332 Arca-

2951 4376 3071 4441 dio,
3102 4373 3350 4437 Filtanio,
3381 4382 3436 4426 et
3460 4372 3667 4427 cretei-is
3693 4369 3986 4424 Galliarum
4016 4368 4291 4438 episcopis
4312 4410 4327 4432 ,
4359 4369 4527 4425 Caele—

2953 4468 3143 4521 stinus.
3178 4464 3468 4534 Apostolici
3500 4463 3661 4516 verba
3691 4460 3945 4531 praecepti
3967 4467 4092 4516 sunt
4121 4459 4268 4528 apud
4293 4459 4523 4522 Iudices.

2884 4551 2924 4608 Β
2954 4564 3114 4622 atque
3137 4553 3384 4622 gentiles,
3415 4553 3532 4606 sine
3559 4550 3858 4605 oll'ensione
3889 4564 3986 4602 nos
4008 4563 4128 4603 esse
4153 4548 4393 4614 debere;
4427 4550 4524 4603 hoc

2953 4646 3192 4716 quisquis
3211 4643 3548 4699 Christianus
3573 4650 3674 4706 est,
3707 4648 3819 4694 tota
3848 4639 4010 4692 animi
4042 4637 4245 4692 virtute
4273 4639 4523 4692 custodit.

2953 4739 3104 4804 Quod
3137 4753 3257 4791 cum
3289 4737 3359 4790 ita
3385 4736 3474 4800 sit,
3509 4749 3613 4787 non
3657 4745 3845 4800 parum
3875 4728 4098 4798 periculi
4141 4728 4293 4780 illum
4336 4729 4529 4796 poterit

2955 4843 3170 4883 manere
3193 4835 3317 4880 ante
3344 4825 3529 4884 Deum,
3555 4822 3644 4890 qui
3672 4821 3774 4875 hoc
3797 4822 4064 4873 detrectat
4084 4817 4251 4871 etiam
4281 4815 4526 4871 fidelibus

2954 4921 3225 4976 exhibere.
3257 4917 3385 4972 Nam
3416 4932 3449 4984 q
3474 4914 3648 4966 taliter
3676 4927 3773 4966 nos
3801 4911 3892 4979 qui
3921 4907 4194 4963 neminem
4224 4909 4408 4977 perire
4433 4923 4526 4960 vo-

2954 5014 3151 5074 lumus,
3197 5011 3296 5064 ista
3334 5007 3674 5068 contristent,
3705 5019 3824 5072 qua:
3865 5001 4177 5056 auctoribus
4213 5001 4531 5055 Christianis

2951 5103 3250 5173 percellunt
3277 5099 3484 5153 animos
3501 5096 3854 5157 Christianos,
3871 5092 4181 5146 Dominicus
4207 5091 4264 5145 iu
4297 5093 4532 5159 Evange-

2955 5195 3028 5249 Iio
3057 5206 3234 5247 sermo
3275 5197 3543 5246 testatur:
3593 5186 3670 5238 ait
3716 5183 3858 5237 enim
3902 5182 4019 5251 ipse
4063 5180 4339 5245 Salvator,
4391 5180 4528 5250 quod

2957 5281 3206 5351 expediat
3233 5274 3619 5334 scandalizanti
3644 5287 3806 5326 unum
3833 5271 3899 5324 de
3921 5269 4125 5339 pusillis
4146 5269 4199 5322 in
4227 5271 4393 5324 maris
4413 5285 4531 5338 pro-

2959 5373 3115 5427 funda
3146 5361 3402 5437 demergi,
3439 5376 3494 5421 et
3525 5365 3643 5419 ideo
3672 5379 3790 5432 qua:
3818 5361 3886 5416 sit
3912 5359 4030 5428 ejus
4054 5360 4168 5429 jam
4201 5374 4363 5428 poma
4391 5373 4532 5426 qur-

2959 5480 3162 5531 ranms,
3201 5463 3285 5516 cui
3318 5462 3421 5514 tale
3466 5459 3782 5527 supplicium
3829 5456 4052 5523 legimus
4090 5456 4366 5522 expedire.
4419 5453 4528 5508 Filii

2961 5559 3126 5612 nostri
3159 5562 3448 5625 prsesentcs
3489 5552 3720 5619 l’rosper
3749 5557 3804 5604 et
3834 5549 4080 5612 llilarius,
4114 5564 4347 5617 quorum
4394 5548 4529 5602 circa

2963 5649 3128 5703 Deum
3185 5655 3424 5700 nostrum
3472 5640 3780 5698 sollicitudo
3835 5639 4098 5693 laudanda
4152 5649 4264 5703 est,
4326 5648 4526 5693 tantum

2965 5739 3144 5792 nescio
3173 5737 3360 5806 quibus
3392 5733 3718 5804 presbyteris
3749 5731 3855 5784 illic
3886 5731 4068 5795 licere,
4097 5731 4188 5798 qui
4212 5729 4528 5783 dissensioni

2969 5833 3330 5888 Iicclesiarum
3361 5843 3445 5884 stu
3468 5833 3631 5895 Ieuttt,
3663 5837 3784 5882 sunt
3816 5826 3956 5897 apud
4005 5843 4103 5879 nos
4143 5825 4434 5894 prosecuti,
4479 5828 4529 5873 ut
