5174 6540
625 400 731 457 937

1852 398 2289 460 BREVIARIUM
2318 397 2740 458 CANONICUM.

3831 413 3935 470 958

626 515 1058 586 indisciplinatas
1083 517 1411 590 quaestiones
1440 525 1702 578 vocantes
1733 516 1787 572 in
1816 518 2078 584 medium,
2109 531 2231 586 per—
2260 520 2313 579 Α
2337 512 2456 568 Non
2487 521 2570 568 est
2593 512 2867 583 agentium
2897 526 3060 570 causa
3091 516 3363 582 solorum;
3393 517 3716 576 universalis
3741 520 3935 579 Eccle-

626 608 887 663 tinaciter
913 625 1014 666 eos
1043 610 1228 665 dicant
1268 610 1568 680 przedicare
1596 609 1935 664 adversantia
1967 609 2182 663 veritati
2216 626 2229 674 ;

626 699 723 754 sed
757 711 951 756 vestrae
978 701 1257 757 dilectioni
1285 701 1486 772 justius
1527 702 1878 771 imputamus,
1913 699 2128 769 quando
2157 699 2234 754 illi

625 804 795 860 supra
824 807 924 846 vos
955 792 1160 847 habent
1190 793 1404 863 copiam
1429 792 1758 862 disputandi.
1790 791 2043 860 Legimus
2069 805 2234 861 supra

628 883 948 952 magistrum
981 900 1089 938 non
1123 899 1242 939 esse
1273 883 1598 952 discipulum
1623 924 1638 948 ,
1672 883 1725 937 id
1755 890 1840 936 est
1869 898 1976 936 non
2009 880 2109 936 sibi
2142 880 2237 934 de-

627 975 763 1030 bere
818 991 1149 1046 quemquam
1200 978 1267 1032 ad
1305 977 1574 1046 ‘injuriam
1622 977 1906 1031 doctorum
1961 975 2237 1029 vindicare

628 1068 980 1135 doctrinam;
1014 1085 1137 1124 nam
1183 1079 1236 1124 et
1276 1072 1375 1126 hos
1417 1072 1562 1141 ipsos
1594 1088 1622 1124 a
1657 1070 1768 1125 Deo
1810 1078 1998 1124 nostro
2028 1070 2236 1138 positos

628 1160 884 1216 novimus
915 1161 982 1215 ad
1010 1160 1342 1228 docendum,
1371 1179 1494 1217 cum
1523 1163 1595 1218 sit
1621 1162 1837 1217 dicente
1865 1161 2128 1230 Apostolo
2159 1160 2236 1216 eis

629 1255 829 1308 tertius
860 1253 1012 1309 locus
1045 1254 1184 1309 intra
1213 1255 1516 1310 Ecclesium
1550 1255 1911 1324 deputandus.
1946 1253 2085 1320 Quid
2127 1253 2235 1309 illic

626 1346 750 1414 spei
782 1354 883 1410 est,
919 1347 1009 1401 ubi
1041 1347 1311 1417 magistris
1343 1349 1668 1408 tacentibus,
1695 1348 1748 1401 hi
1777 1349 2088 1416 loquuntur,
2121 1347 2233 1414 qui,

626 1441 676 1496 si
708 1440 784 1494 ita
817 1448 920 1504 est,
969 1456 1159 1495 eorum
1189 1441 1434 1509 discipuli
1479 1457 1585 1496 non
1633 1440 1886 1495 fuerunt?
1935 1439 2125 1494 Timeo
2167 1453 2236 1494 ne

626 1533 930 1588 connivere
951 1535 1021 1588 sit
1043 1534 1147 1588 hoc
1169 1542 1377 1598 tacere,
1408 1534 1572 1589 timeo
1595 1549 1664 1589 ne
1687 1534 1857 1603 magis
1880 1534 1980 1603 ipsi
2008 1534 2238 1601 loquan-

626 1635 740 1691 tur,
776 1626 867 1695 qui
899 1626 1226 1696 permittunt
1253 1626 1359 1681 illis
1390 1626 1570 1680 taliter
1600 1627 1768 1694 loqui.
1803 1627 1860 1680 in
1892 1627 2084 1682 talibus
2107 1640 2237 1680 cau-

625 1720 706 1774 sis
739 1734 852 1773 non
882 1727 1035 1774 caret
1054 1718 1366 1788 suspicione
1393 1719 1750 1784 taciturnitas,
1777 1720 1902 1787 quia
1925 1728 2238 1774 occurreret

624 1809 857 1873 veritas,
889 1810 936 1864 si
975 1809 1183 1865 falsitas
1212 1810 1544 1880 displiceret.
1576 1809 1770 1866 Merito
1801 1827 2034 1882 namque
2071 1827 2236 1867 causa

622 1918 731 1958 nos
762 1903 1006 1973 respicit,
1036 1903 1083 1958 si
1115 1903 1330 1959 silentio
1360 1903 1638 1960 faveamus
1669 1905 1862 1959 errori.
1896 1904 2036 1973 Ergo
2059 1906 2231 1960 corri-
2268 1890 2316 1950 Β

619 1996 857 2067 piantur
888 1996 1219 2065 hujusmodi,
1252 2012 1359 2052 non
1391 1997 1492 2051 sibi
1530 1998 1600 2051 sit
1630 1997 1857 2051 liberum
1901 1998 2104 2052 habere
2133 2013 2232 2068 pro

621 2089 910 2144 voluntate
939 2104 1250 2145 sermonem
1276 2109 1288 2155 ;
1324 2089 1554 2155 desinat,
1585 2090 1630 2145 si
1661 2100 1732 2144 ita
1764 2106 1852 2146 res
1882 2101 2024 2159 sunt,
2060 2092 2232 2147 inces-

618 2194 749 2235 sere
773 2181 985 2234 novitas
1009 2189 1353 2247 vetustatem,
1376 2183 1588 2238 desinat
1610 2183 1972 2238 Ecclesiarum
1994 2186 2233 2253 quietem

620 2270 948 2341 inquietudo
981 2273 1221 2328 turbare.
1268 2275 1549 2330 Conantur
1576 2292 1719 2345 smpe
1761 2276 2038 2345 naufragio
2084 2294 2229 2333 mer-

617 2381 776 2436 gere,
807 2382 948 2436 quos
971 2369 1114 2422 intra
1146 2378 1363 2439 portum
1393 2379 1601 2426 stantes
1635 2373 1798 2429 statio
1829 2374 1989 2429 faciat
2012 2375 2115 2430 tida
2145 2389 2234 2430 se-

616 2473 784 2513 curos
814 2475 828 2524 ;
862 2457 965 2512 ﬁda
998 2459 1200 2529 quippe
1230 2469 1313 2516 est
1344 2463 1586 2516 omnium
1627 2465 1810 2531 statio,
1845 2482 2073 2535 quorum
2102 2484 2230 2538 per-

613 2549 782 2604 fectis
815 2549 1094 2617 gressibus
1123 2551 1350 2619 vestigia
1379 2568 1486 2608 non
1518 2565 1826 2611 moventur.
1859 2555 2233 2615 Recurrerunt

615 2643 688 2698 ad
715 2644 1080 2714 apostolicam
1111 2645 1355 2713 praedicti
1387 2645 1592 2712 sedem,
1633 2649 1746 2705 haec
1777 2652 1893 2720 ipsa
1927 2654 2083 2708 nobis
2111 2670 2231 2723 quae

614 2743 800 2792 tentat
832 2736 1172 2806 perturbatio
1215 2748 1636 2807 conquerentes.
1687 2741 1993 2809 Habetote,
2035 2745 2230 2801 fratres

613 2829 965 2894 charissimi,
1021 2845 1123 2899 pro
1175 2831 1457 2887 catholicae
1508 2834 1680 2902 plebis
1723 2851 1858 2906 pace
1901 2847 2229 2908 tractatum,

610 2920 802 2976 sciant
830 2935 892 2976 se
939 2920 1018 2991 (si
1049 2931 1229 2978 tamen
1277 2935 1570 2981 censentur
1599 2928 1902 3000 presbyteri
1945 2931 2230 3002 dignitate)

613 3011 780 3066 vobis
838 3026 960 3068 esse
1007 3014 1306 3083 subjectos,
1358 3017 1534 3073 sciant
1560 3022 1708 3089 quod
1751 3022 1852 3077 sibi
1901 3038 2091 3080 omnes
2135 3027 2226 3095 qui

612 3103 766 3158 male
788 3103 1010 3170 docent,
1041 3105 1251 3163 discere
1279 3109 1450 3178 magis
1476 3126 1540 3167 ac
1563 3113 1733 3182 magis
1760 3125 2037 3186 competat
2065 3132 2228 3187 quam

611 3203 827 3259 docere
861 3221 876 3268 ;
906 3219 1029 3258 nam
1058 3205 1185 3275 quid
1216 3207 1272 3260 in
1301 3208 1549 3264 ecclesiis
1572 3226 1669 3266 vos
1697 3213 1877 3280 agitis,
1905 3214 1950 3268 si
1978 3214 2054 3269 illi
2078 3230 2226 3269 sum-

2337 604 2417 660 sia
2460 619 2784 675 quacunque
2815 604 3057 660 novitate
3097 607 3361 676 pulsatur.
3406 606 3774 678 lntelligamus
3826 615 3940 670 Ιιτιξο

2338 697 2454 767 ipsa
2488 699 2658 763 vobis,
2689 714 2811 767 qua:
2838 699 2994 754 nobis
3024 713 3131 754 non
3162 700 3400 770 placent,
3433 702 3744 773 displicere.
3779 704 3936 772 Quod

2339 790 2415 844 ita
2440 788 2653 844 demum
2686 790 2921 860 probare
2948 791 3266 861 poterimus,
3298 794 3342 847 si
3385 794 3642 865 imposito
3673 796 3938 868 improbis

2338 882 2558 938 silentio
2590 884 2655 938 de
2702 884 2796 938 tali
2845 898 2906 939 re
2950 885 3305 955 imposterum
3348 890 3568 957 querela
3617 893 3933 949 cessaverit.

2339 976 2481 1031 Deus
2511 992 2609 1032 vos
2640 978 2940 1034 incolumes
2968 980 3258 1047 custodiat,
3289 980 3487 1038 fratres
3525 984 3855 1042 charissimi.

2338 1107 2712 1165 CCLXXXIX.
2758 1111 2907 1187 Quod
2924 1112 3102 1187 Adam
3147 1131 3321 1169 omnes
3348 1117 3579 1173 homines
3602 1118 3811 1187 (merit,
3837 1138 3932 1178 nec

2499 1198 2802 1253 quemquam
2831 1185 2932 1237 nisi
2964 1182 3158 1238 Christi
3186 1188 3359 1256 gratia
3387 1205 3539 1257 posse
3568 1192 3788 1248 saluari.

2411 1293 2497 1348 Ex
2525 1295 2744 1349 decretis
2785 1314 2935 1367 papa
2963 1297 3249 1366 thestim‘,
3305 1302 3383 1354 tit.
3413 1301 3466 1356 4.
3513 1303 3572 1359 in
3618 1307 3939 1374 przevarica-

2342 1388 2490 1443 tione
2516 1387 2644 1444 Adrc
2668 1405 2857 1446 omnes
2896 1391 3145 1448 homines
3171 1395 3476 1451 naturalem
3516 1400 3938 1468 possibilitatem

2341 1488 2397 1535 et
2427 1481 2794 1536 innocentiam
2817 1484 3137 1554 perdidisse,
3171 1496 3226 1542 et
3255 1489 3528 1545 neminem
3558 1491 3627 1548 de
3667 1493 3940 1563 profundo

2339 1573 2484 1629 illius
2501 1576 2689 1642 ruinae,
2714 1591 2811 1647 per
2839 1579 3067 1639 liberum
3092 1580 3375 1638 arbitrium
3397 1599 3560 1654 posse
3581 1601 3934 1661 consurgere,

2341 1667 2446 1721 nisi
2476 1683 2597 1723 eum
2623 1671 2796 1739 gratia
2818 1670 2910 1725 Dei
2940 1672 3248 1728 miserantis
3274 1677 3529 1741 erexerit,
3554 1681 3942 1748 pronuntiante

2341 1759 2515 1815 beata:
2562 1763 2839 1818 memoriae
2903 1779 3042 1834 papa
3092 1763 3441 1834 lnnocentio,
3513 1779 3678 1839 atque
3728 1771 3943 1830 dicente

2344 1853 2398 1908 in
2448 1854 2678 1924 epistola
2727 1857 2794 1908 ad
2844 1855 3276 1925 Carthaginense
3316 1861 3647 1919 concilium:
3681 1865 3940 1924 Liberum

2342 1948 2487 2003 enim
2517 1946 2801 2002 arbitrium
2829 1948 2920 2003 ille
2947 1964 3258 2020 perpessus,
3292 1952 3420 2008 dum
3446 1955 3557 2011 suis
3583 1955 3942 2016 inconsultius

2339 2034 2506 2088 utitur
2535 2036 2693 2092 bonis
2722 2039 2943 2108 cadens,
2973 2041 3028 2094 in
3061 2043 3511 2110 praevaricatione
3539 2047 3805 2117 profunda
3834 2050 3932 2106 de-

2336 2142 2547 2183 mersus
2579 2140 2680 2196 est,
2716 2140 2770 2186 et
2799 2132 2931 2187 nihil
2962 2135 3420 2203 quemadmodum
3465 2139 3664 2195 exinde
3710 2157 3937 2212 surgere

2335 2233 2522 2293 posset
2570 2225 2796 2291 invenit,
2848 2243 3057 2298 suaque
3103 2229 3156 2284 in
3198 2240 3460 2286 aeternum
3491 2233 3742 2291 libertate
3777 2238 3940 2294 dece-

2337 2326 2460 2382 ptus
2490 2316 2649 2385 hujus
2693 2319 2862 2374 ruina:
2892 2320 3140 2377 latuisset
3170 2338 3459 2394 oppressu,
3483 2325 3585 2381 nisi
3615 2343 3758 2395 eum,
3788 2340 3934 2401 post,

2335 2407 2538 2465 Christi
2567 2427 2668 2482 pro
2715 2429 2811 2469 sua
2839 2416 3014 2485 gratia
3056 2415 3357 2473 relevasset
3397 2419 3682 2489 adventus,
3722 2422 3815 2492 qui
3843 2439 3940 2494 per

2335 2517 2489 2558 novae
2537 2508 2965 2574 regenerationis
3008 2510 3440 2577 purificationem
3491 2528 3652 2569 omne
3697 2516 3942 2585 praeteri-

2339 2601 2453 2648 tum
2491 2597 2679 2651 vitium
2709 2600 2790 2654 sui
2818 2600 3164 2671 baptismatis
3194 2604 3413 2662 lavacro
3443 2609 3712 2678 purgavit.

2336 2712 2535 2771 CCXC.
2583 2716 2734 2801 Quod
2756 2737 2911 2804 nemo
2954 2723 3026 2804 sit
3055 2725 3217 2804 bonus
3246 2727 3354 2804 suis
3386 2727 3603 2804 viribus,
3636 2731 3742 2786 nisi
3768 2733 3937 2804 parti-

2627 2792 2889 2860 cipatione
2915 2793 3027 2864 ejus
3054 2797 3140 2864 qui
3175 2796 3316 2851 solus
3343 2810 3420 2852 est
3444 2792 3632 2857 bonus.

2411 2901 2494 2955 Ea:
2519 2903 2738 2958 decretis
2786 2923 2938 2976 papa:
2968 2907 3252 2978 Caelestini,
3287 2913 3367 2967 tit.
3403 2915 3456 2970 5.
3502 2915 3785 2975 Neminem
3814 2937 3938 2979 esse

2334 3011 2434 3067 per
2459 3000 2812 3070 semetipsum
2837 3001 3064 3071 bonum,
3094 3004 3196 3059 nisi
3229 3008 3704 3078 participationem
3730 3016 3813 3070 sui
3842 3017 3934 3074 ille

2333 3088 2526 3157 donet,
2556 3091 2648 3159 qui
2675 3091 2825 3147 solus
2853 3101 2936 3148 est
2965 3093 3175 3160 bonus;
3208 3098 3356 3166 quod
3387 3100 3440 3154 in
3480 3101 3686 3160 eisdem
3717 3107 3938 3179 scriptis

2334 3179 2576 3249 ejusdem
2626 3185 2899 3253 pontificis
2944 3190 3212 3244 sententia
3261 3202 3637 3266 protestatur,
3685 3199 3871 3257 dicens
3915 3221 3930 3257 :

610 3311 766 3350 mam
803 3264 1024 3352 teneant
1054 3264 1420 3367 prmdicandi?
1468 3302 1574 3356 nisi
1618 3264 1762 3358 forte
1803 3264 1933 3360 ειιῖιά
1969 3306 2222 3373 obsistat,
2256 3264 2302 3328 Ο
2335 3273 2588 3373 “nequid
2633 3293 2733 3334 nos
2778 3279 2849 3373 ge
2880 3295 3072 3373 “tum
3101 3293 3225 3354 90⁵⁸
3265 3286 3382 3344 hac
3411 3299 3621 3346 remum
3661 3296 3934 3354 mentibus

606 3385 768 3456 quod
797 3402 911 3442 non
950 3389 1299 3455 auctoritate,
1341 3407 1453 3447 non
1483 3392 1660 3450 adhuc
1688 3396 1904 3452 ratione
1930 3397 2222 3468 colligitur,

610 3488 676 3533 ut
707 3480 881 3547 aliqui
908 3497 939 3536 e
978 3481 1204 3538 fratrum
1231 3500 1461 3541 numero
1489 3503 1668 3558 nuper
1697 3488 1764 3544 de
1797 3490 2060 3547 laicorum
2090 3509 2226 3550 con—

609 3573 818 3636 sortio,
850 3574 904 3628 in
959 3575 1251 3647 collegium
1278 3587 1520 3634 vestrum
1551 3577 1799 3638 fortassis
1841 3585 2096 3652 admissi,
2131 3602 2228 3642 ne-

607 3667 800 3720 sciant
829 3666 958 3735 quid
987 3668 1092 3722 sibi
1122 3667 1359 3726 debeant
1387 3673 1686 3730 vindicare.-
1720 3677 1897 3748 Super
1933 3679 2016 3734 his
2057 3682 2227 3737 multa

603 3759 730 3828 jam
756 3758 901 3815 dicta
932 3769 1059 3814 sunt
1083 3775 1151 3817 eo
1174 3770 1442 3834 tempore,
1473 3782 1581 3837 quo
1612 3767 1679 3823 ad
1709 3768 1888 3826 fratris
1910 3771 2106 3828 Tuenti
2133 3774 2228 3827 de-

606 3852 800 3908 dimus
839 3852 1046 3922 scripta
1075 3869 1432 3925 responsum;
1465 3873 1606 3914 nunc
1635 3870 1656 3895 ’³
1702 3869 1884 3916 autem
1915 3874 2228 3935 repetentes

607 3946 818 4016 saepius
845 3945 1226 4016 admonemus,
1255 3958 1316 4006 ut
1343 3951 1585 4007 vitentur
1611 3951 1923 4022 hujusmodi
1953 3958 2046 4024 qui
2072 3957 2230 4013 labo-

604 4047 744 4095 rant
775 4055 873 4109 per
903 4047 1074 4094 terras
1105 4041 1276 4107 aliud,
1305 4059 1468 4114 quam
1512 4045 1602 4099 ille
1643 4055 1828 4101 noster
1869 4047 2031 4117 jussit
2079 4051 2222 4118 agri-

606 4131 763 4195 cola,
807 4132 1096 4187 seminare.
1145 4132 1255 4188 Nec
1282 4143 1464 4191 tamen
1493 4137 1678 4192 mirari
1711 4153 2001 4207 possumus
2031 4141 2076 4195 si
2106 4141 2224 4196 haec

607 4239 748 4293 erga
793 4225 1040 4280 viventes
1066 4225 1104 4280 ii
1146 4242 1294 4282 nunc
1331 4235 1547 4286 tentare
1587 4229 1810 4296 audent,
1842 4233 1932 4302 qui
1975 4233 2223 4288 nituntur

606 4317 782 4372 etiam
827 4316 1225 4385 quiescentium
1281 4319 1512 4376 fratrum
1557 4325 1875 4378 memoriam
1931 4325 2217 4396 dissipare.

685 4405 776 4462 Ex
804 4409 998 4462 decret.
1031 4427 1181 4479 papa:
1208 4410 1437 4478 Creissa,
1473 4414 1552 4466 tit.
1586 4413 1641 4467 2.
1684 4416 2042 4483 Augustinum
2088 4435 2219 4474 san-

606 4509 717 4556 ctae
749 4501 1148 4558 recordationis
1177 4504 1371 4572 virum,
1401 4520 1502 4575 pro
1533 4507 1641 4560 vita
1669 4523 1784 4573 sua,
1817 4519 1980 4578 atque
2006 4513 2214 4570 meritis

2335 3366 2685 3434 aestimemus,
2719 3371 2812 3439 qui
2861 3371 2965 3428 sibi
3013 3389 3073 3430 se
3119 3385 3315 3446 putant
3360 3379 3568 3450 deberi,
3615 3386 3759 3453 quod
3807 3387 3936 3444 boni

2331 3468 2477 3521 sunt,
2510 3475 2612 3516 nec
2661 3461 2812 3516 illum
2840 3465 3208 3535 considerant,
3240 3469 3395 3539 cujus
3433 3474 3675 3542 quotidie
3702 3479 3931 3545 gratiam

2332 3561 2763 3622 consequuntur,
2797 3556 2890 3624 qui
2919 3557 3040 3613 sine
3067 3559 3159 3615 illo
3187 3570 3394 3618 tantum
3438 3580 3496 3621 se
3528 3571 3742 3639 assequi
3774 3587 3938 3642 posse

2332 3647 2634 3702 confidunt.

2329 3755 2554 3815 CCXCI.
2600 3756 2752 3824 Quod
2780 3764 2880 3817 nisi
2901 3768 3083 3889 [gratia
3114 3767 3489 3829 Dei'continua
3504 3777 3763 3850 juvemur,
3796 3785 3930 3841 imi-

2595 3832 2714 3885 dias
2922 3837 2940 3889 ί
2965 3854 3213 3889 superare
3237 3860 3340 3889 non
3369 3863 3640 3889 nanum":

2595 3832 2714 3885 dias
2743 3832 2940 3890 diaboli
2965 3854 3213 3907 superare
3236 3860 3340 3898 non
3368 3832 3661 3915 possimus.

2403 3941 2488 3994 Ex
2535 3943 2755 3999 decretis
2799 3953 3165 4022 suprascripti,
3201 3957 3282 4009 tit.
3335 3957 3389 4012 ti.
3441 3958 3723 4020 Neminem
3765 3970 3932 4026 etiam

2328 4031 2675 4102 baptismatis
2705 4037 2880 4104 gratia
2920 4050 3244 4099 renovatum
3274 4046 3529 4105 idoneum
3560 4068 3684 4111 esse
3727 4060 3796 4113 ad
3843 4076 3934 4117 su-

2329 4126 2602 4194 perandas
2648 4126 2849 4183 diaboli
2897 4129 3140 4201 insidias,
3185 4144 3242 4191 et
3290 4139 3358 4193 ad
3409 4142 3704 4203 vincendas
3753 4155 3934 4210 carnis

2328 4217 2833 4288 concupiscentias,
2882 4221 3126 4295 nisiper
3171 4229 3552 4299 quotidianum
3599 4240 3928 4310 adjutorium

2327 4304 2448 4373 Dei,
2482 4313 2941 4377 perseverantiam
2972 4315 3130 4372 bona:
3159 4325 3590 4386 conversationis
3612 4304 3926 4404 acceperit:

2326 4399 2471 4468 quod
2503 4399 2743 4470 ejusdem
2790 4405 3063 4465 Antistitis
3111 4411 3166 4467 in
3195 4413 3384 4472 iisdem
3429 4420 3638 4491 paginis
3683 4399 3927 4488 doctrina

2326 4494 2634 4564 confirmat,
2658 4498 2847 4556 dicens
2873 4519 2886 4556 :
2910 4501 3047 4560 Nam
3069 4510 3317 4577 quamvis
3336 4512 3613 4573 hominem
3634 4520 3930 4583 redimeret

608 4594 668 4647 in
699 4601 889 4647 nostra
933 4595 1319 4652 communione
1361 4613 1577 4669 semper
1607 4599 1914 4668 habuimus,
1959 4619 2060 4659 nec
2107 4622 2212 4660 un-
2242 4645 2299 4708 Β
2326 4606 2356 4646 ³
2386 4595 2651 4661 Ρηδῑθΐίιίε

613 4702 773 4708 η---...
810 4686 953 4708 ι---....
983 4687 1207 4708 .-ἶ-ἷηιμν,.
1250 4706 1262 4708 Α
1315 4706 1322 4708 ξ
1355 4692 1388 4708 γ’
1431 4693 1440 4702 ¹
1527 4695 1536 4704 ·
1660 4694 1694 4708 1-
2323 4697 2550 4708 nAn‘n—A
2606 4700 2651 4708 Α.

1883 4618 1914 4668 ς,
1959 4619 2060 4659 nec
2107 4622 2212 4660 un-
2242 4645 2299 4708 Β
2326 4606 2356 4646 a
2386 4595 2674 4708 praeteritis
2703 4596 2794 4652 ille
2821 4600 3080 4708 peccatis,
3111 4611 3289 4708 tamen
3337 4608 3517 4667 sciens
3530 4613 3739 4708 iterum
3765 4635 3926 4690 posse

607 4702 776 4756 quam
810 4686 955 4742 hunc
981 4687 1214 4743 sinistra:
1243 4692 1568 4761 suspicionis
1597 4694 1787 4750 saltem
1817 4714 2003 4753 rumor
2028 4716 2214 4772 asper-

606 4779 679 4834 sit
710 4796 723 4831 :
753 4794 918 4849 quem
948 4787 1108 4834 tanta:
1132 4781 1374 4837 scientia:
1407 4784 1534 4839 olim
1565 4786 1733 4842 fuisse
1757 4791 2119 4858 meminimus,
2157 4803 2216 4849 ut

605 4870 757 4926 inter
783 4871 1076 4939 magistros
1106 4874 1366 4942 optimos,
1392 4877 1556 4932 etiam
1578 4894 1608 4932 a
1630 4881 1768 4936 meis
1790 4897 2006 4952 semper
2025 4885 2215 4942 deces-

604 4963 829 5018 soribus
853 4963 1167 5020 haberetur.
1202 4966 1348 5024 Bene
1377 4984 1507 5038 ergo
1543 4971 1611 5028 de
1653 4989 1719 5028 eo
1750 4991 1941 5032 omnes
1971 4978 2024 5033 in
2062 4995 2214 5035 com-

604 5072 776 5112 mune
801 5068 1111 5124 senserunt,
1145 5069 1205 5114 ut
1232 5070 1359 5129 pote
1379 5065 1472 5133 qui
1496 5065 1697 5135 ubique
1722 5072 1935 5125 cunctis
1958 5080 2012 5126 et
2037 5076 2212 5131 amori

601 5151 793 5215 fuerit,
822 5158 878 5202 et
907 5150 1102 5205 honori
1132 5171 1145 5206 :
1182 5155 1325 5209 unde
1347 5158 1629 5214 resistatur
1659 5163 1880 5233 talibus,
1905 5181 2043 5235 quos
2068 5171 2212 5226 male

601 5256 863 5296 crescere
894 5242 1162 5299 videmus.
1194 5243 1356 5302 Nefas
1379 5258 1463 5306 est
1488 5250 1602 5307 hzec
1629 5253 1737 5323 pati
1768 5256 2053 5326 religiosas
2093 5263 2212 5316 ani-

600 5350 740 5398 mas,
776 5349 1011 5402 quarum
1041 5336 1356 5406 aﬂlictione,
1399 5343 1526 5411 quia
1557 5347 1800 5402 membra
1833 5359 2019 5406 nostra
2062 5363 2207 5420 sunt,

600 5443 706 5482 nos
737 5443 963 5496 quoque
992 5431 1248 5485 convenit
1272 5436 1557 5506 macerari,
1585 5441 1832 5508 quamvis
1861 5454 2079 5500 maneat
2108 5447 2207 5504 hos

599 5521 888 5578 beatitudo
921 5522 1210 5592 promissa,
1247 5527 1557 5599 quicunque
1602 5534 1897 5601 probantur
1947 5553 2205 5607 persecu-

601 5616 812 5671 tionem
841 5625 1066 5686 propter
1083 5618 1351 5685 justitiam
1377 5624 1665 5680 sustinere.
1688 5626 1890 5691 Quibus
1917 5631 2046 5699 quid
2075 5649 2206 5702 pro-

599 5711 785 5767 mittat
805 5709 1070 5766 Dominus
1095 5711 1147 5765 in
1172 5711 1431 5781 futurum,
1475 5731 1709 5786 sequens
1733 5735 1913 5776 sermo
1937 5722 2200 5782 declarat.

677 5879 701 5906 ⁸
734 5874 958 5946 Dionys.
987 5871 1164 5942 Exig.,
1200 5884 1391 5932 tamen.

889 5971 1165 6033 Pauor.
1218 5971 1630 6036 LXXXVIII.

2323 4697 2572 4782 peccare,
2604 4686 2670 4740 ad
2700 4690 3100 4758 reparationem
3144 4694 3267 4763 sibi,
3310 4686 3781 4768 quemadmodum
3798 4727 3925 4782 pos-

2321 4781 2407 4828 set
2433 4774 2607 4843 illum,
2631 4787 2687 4833 et
2711 4788 2834 4849 post
2854 4780 2956 4836 ista
2983 4784 3273 4855 corrigere,
3298 4791 3468 4848 multa
3494 4800 3748 4856 servavit.
3778 4774 3923 4870 (iuo-

2325 4869 2526 4925 tidiana
2559 4882 2780 4940 pmstat
2807 4874 2898 4931 ille
2935 4880 3196 4945 remedia,
3226 4884 3425 4952 quibus
3454 4889 3558 4945 nisi
3591 4890 3718 4949 freti
3747 4869 3920 4953 confi-

2319 4960 2474 5031 sique
2522 4963 2778 5031 nitamur,
2819 4969 3130 5029 nullatenus
3161 4973 3427 5035 humanos
3454 4981 3674 5041 vincere
3714 4992 3918 5058 poteri-

2319 5068 2440 5108 mus
2487 5069 2704 5112 errores
2735 5077 2746 5112 :
2781 5075 3006 5118 necesse
3055 5074 3139 5119 est
3168 5067 3337 5137 enim,
3370 5081 3429 5126 ut
3475 5089 3582 5143 quo
3621 5078 3922 5140 auxiliante

2321 5145 2568 5216 vicimus,
2600 5164 2667 5205 eo
2696 5151 2891 5208 iterum
2915 5169 3026 5211 non
3054 5157 3343 5226 adjuvante
3371 5164 3672 5224 vincamur.

2388 5260 2636 5321 CCXCII.
2677 5265 2829 5331 Quod
2858 5286 2950 5340 per
2981 5271 3240 5399 Chziptnm
3268 5276 3433 5335 libero
3478 5281 3605 5338 bene
3632 5295 3839 5343 utantur

2988 5360 3051 5397 ar
3086 5363 3226 5399 tria.

2988 5360 3226 5402 armtrto.

2385 5456 2469 5511 Ea:
2499 5459 2717 5515 decretis
2760 5480 2908 5533 papa:
2935 5463 3166 5534 ϐωἰεει..
3203 5470 3282 5526 tit.
3328 5471 3386 5526 7.
3419 5473 3574 5542 Quod
3619 5493 3780 5534 nemo
3809 5481 3913 5539 nisi

2312 5565 2410 5622 per
2431 5550 2703 5610 Christum
2736 5555 2906 5613 libero
2938 5558 3079 5616 bene
3107 5569 3294 5619 utatur
3328 5567 3577 5636 arbitrio,
3609 5571 3753 5628 idem
3796 5591 3915 5632 ma-

2311 5645 2477 5713 gister
2525 5645 2578 5700 in
2626 5648 2853 5717 epistola
2903 5653 2970 5706 ad
3019 5652 3394 5714 Milevitanum
3444 5664 3730 5721 concilium
3779 5667 3909 5724 data

2311 5737 2587 5808 praedicat,
2619 5739 2803 5799 dicens
2830 5761 2841 5798 :
2868 5743 3105 5805 Advorte
3136 5750 3375 5822 tandem,
3399 5770 3434 5811 ο
3455 5760 3906 5827 pravissimarum

3545 6003 3620 6062 80
