  <div class='ocr_page' id='page_1' title='image "/cluster/home/n/w/nwhite01/storage/ocr_20150623/88-89/uc1.31175000868714/473.png"; bbox 0 0 5174 6590; ppageno 0'>
   <div class='ocr_carea' id='block_1_1' title="bbox 1253 408 1364 468">
    <p class='ocr_par' dir='ltr' id='par_1_1' title="bbox 1253 408 1364 468">
     <span class='ocr_line' id='line_1_1' title="bbox 1253 408 1364 468; baseline 0 -1"><span class='ocrx_word' id='word_1_1' title='bbox 1253 408 1364 468; x_wconf 77' lang='lat'><strong>939</strong></span> 
     </span>
    </p>
   </div>
   <div class='ocr_carea' id='block_1_2' title="bbox 2389 386 3445 454">
    <p class='ocr_par' dir='ltr' id='par_1_2' title="bbox 2389 386 3445 454">
     <span class='ocr_line' id='line_1_2' title="bbox 2389 386 3445 454; baseline -0.01 0"><span class='ocrx_word' id='word_1_2' title='bbox 2389 391 2731 454; x_wconf 81' lang='lat' dir='ltr'><strong>CRISCONII</strong></span> <span class='ocrx_word' id='word_1_3' title='bbox 2772 386 3096 449; x_wconf 76' lang='lat' dir='ltr'><strong>AFRICANI</strong></span> <span class='ocrx_word' id='word_1_4' title='bbox 3133 386 3445 447; x_wconf 82' lang='lat' dir='ltr'><strong>EPlSCOPl</strong></span> 
     </span>
    </p>
   </div>
   <div class='ocr_carea' id='block_1_3' title="bbox 4450 376 4555 434">
    <p class='ocr_par' dir='ltr' id='par_1_3' title="bbox 4450 376 4555 434">
     <span class='ocr_line' id='line_1_3' title="bbox 4450 376 4555 434; baseline -0.019 0"><span class='ocrx_word' id='word_1_5' title='bbox 4450 376 4555 434; x_wconf 58' lang='lat'><strong>9&amp;0</strong></span> 
     </span>
    </p>
   </div>
   <div class='ocr_carea' id='block_1_4' title="bbox 1251 499 4559 599">
    <p class='ocr_par' dir='ltr' id='par_1_4' title="bbox 1251 499 4559 599">
     <span class='ocr_line' id='line_1_4' title="bbox 1251 499 4559 599; baseline -0.009 -11"><span class='ocrx_word' id='word_1_6' title='bbox 1251 529 1517 589; x_wconf 90' lang='lat' dir='ltr'><strong>mentium</strong></span> <span class='ocrx_word' id='word_1_7' title='bbox 1539 529 1792 599; x_wconf 83' lang='lat' dir='ltr'><strong>perversa</strong></span> <span class='ocrx_word' id='word_1_8' title='bbox 1817 520 2084 588; x_wconf 76' lang='lat' dir='ltr'><strong>doctrina,</strong></span> <span class='ocrx_word' id='word_1_9' title='bbox 2117 516 2265 589; x_wconf 88' lang='lat' dir='ltr'><strong>quod</strong></span> <span class='ocrx_word' id='word_1_10' title='bbox 2301 516 2533 588; x_wconf 87' lang='lat' dir='ltr'><strong>primum</strong></span> <span class='ocrx_word' id='word_1_11' title='bbox 2567 512 2847 570; x_wconf 84' lang='lat' dir='ltr'><strong>hominem</strong></span> <span class='ocrx_word' id='word_1_12' title='bbox 2875 509 2929 571; x_wconf 77' lang='grc' dir='ltr'><strong>Α</strong></span> <span class='ocrx_word' id='word_1_13' title='bbox 2954 515 3011 564; x_wconf 91' lang='lat' dir='ltr'><strong>et</strong></span> <span class='ocrx_word' id='word_1_14' title='bbox 3033 508 3208 578; x_wconf 82' lang='lat' dir='ltr'><strong>gratia</strong></span> <span class='ocrx_word' id='word_1_15' title='bbox 3240 506 3358 577; x_wconf 83' lang='lat' dir='ltr'><strong>ejus</strong></span> <span class='ocrx_word' id='word_1_16' title='bbox 3402 507 3459 561; x_wconf 93' lang='lat' dir='ltr'><strong>in</strong></span> <span class='ocrx_word' id='word_1_17' title='bbox 3487 518 3577 562; x_wconf 89' lang='lat' dir='ltr'><strong>me</strong></span> <span class='ocrx_word' id='word_1_18' title='bbox 3606 517 3773 562; x_wconf 87' lang='lat' dir='ltr'><strong>vacua</strong></span> <span class='ocrx_word' id='word_1_19' title='bbox 3802 518 3913 561; x_wconf 87' lang='lat' dir='ltr'><strong>non</strong></span> <span class='ocrx_word' id='word_1_20' title='bbox 3942 502 4063 572; x_wconf 86' lang='lat' dir='ltr'><strong>fuit,</strong></span> <span class='ocrx_word' id='word_1_21' title='bbox 4220 501 4349 575; x_wconf 87' lang='lat' dir='ltr'><strong>plus</strong></span> <span class='ocrx_word' id='word_1_22' title='bbox 4365 499 4559 599; x_wconf 64' lang='lat' dir='ltr'><strong>omni—</strong></span> 
     </span>
    </p>
   </div>
   <div class='ocr_carea' id='block_1_5' title="bbox 1254 602 2851 687">
    <p class='ocr_par' dir='ltr' id='par_1_5' title="bbox 1254 602 2851 687">
     <span class='ocr_line' id='line_1_5' title="bbox 1254 602 2851 687; baseline -0.014 -7"><span class='ocrx_word' id='word_1_23' title='bbox 1254 626 1331 680; x_wconf 88' lang='lat' dir='ltr'><strong>ita</strong></span> <span class='ocrx_word' id='word_1_24' title='bbox 1362 621 1585 677; x_wconf 86' lang='lat' dir='ltr'><strong>libertas</strong></span> <span class='ocrx_word' id='word_1_25' title='bbox 1613 620 1727 687; x_wconf 62' lang='lat' dir='ltr'><strong>ip~a</strong></span> <span class='ocrx_word' id='word_1_26' title='bbox 1757 613 1991 684; x_wconf 77' lang='lat' dir='ltr'><strong>decepit,</strong></span> <span class='ocrx_word' id='word_1_27' title='bbox 2023 618 2085 666; x_wconf 89' lang='lat' dir='ltr'><strong>ut</strong></span> <span class='ocrx_word' id='word_1_28' title='bbox 2114 610 2244 666; x_wconf 90' lang='lat' dir='ltr'><strong>dum</strong></span> <span class='ocrx_word' id='word_1_29' title='bbox 2284 605 2650 677; x_wconf 79' lang='lat' dir='ltr'><strong>indulgentius</strong></span> <span class='ocrx_word' id='word_1_30' title='bbox 2684 602 2851 661; x_wconf 80' lang='lat' dir='ltr'><strong>frenis</strong></span> 
     </span>
    </p>
   </div>
   <div class='ocr_carea' id='block_1_6' title="bbox 1256 698 2852 785">
    <p class='ocr_par' dir='ltr' id='par_1_6' title="bbox 1256 698 2852 785">
     <span class='ocr_line' id='line_1_6' title="bbox 1256 698 2852 785; baseline -0.014 -14"><span class='ocrx_word' id='word_1_31' title='bbox 1256 713 1594 785; x_wconf 83' lang='lat' dir='ltr'><strong>cjusutitur,</strong></span> <span class='ocrx_word' id='word_1_32' title='bbox 1628 710 1681 765; x_wconf 89' lang='lat' dir='ltr'><strong>in</strong></span> <span class='ocrx_word' id='word_1_33' title='bbox 1714 704 2218 779; x_wconf 65' lang='lat' dir='ltr'><strong>praevaricationem</strong></span> <span class='ocrx_word' id='word_1_34' title='bbox 2255 698 2680 771; x_wconf 66' lang='lat' dir='ltr'><strong>praesumptione</strong></span> <span class='ocrx_word' id='word_1_35' title='bbox 2718 709 2852 751; x_wconf 91' lang='lat' dir='ltr'><strong>con-</strong></span> 
     </span>
    </p>
   </div>
   <div class='ocr_carea' id='block_1_7' title="bbox 1257 788 2850 871">
    <p class='ocr_par' dir='ltr' id='par_1_7' title="bbox 1257 788 2850 871">
     <span class='ocr_line' id='line_1_7' title="bbox 1257 788 2850 871; baseline -0.011 -10"><span class='ocrx_word' id='word_1_36' title='bbox 1257 807 1498 871; x_wconf 88' lang='lat' dir='ltr'><strong>cideret;</strong></span> <span class='ocrx_word' id='word_1_37' title='bbox 1531 819 1633 860; x_wconf 88' lang='lat' dir='ltr'><strong>nec</strong></span> <span class='ocrx_word' id='word_1_38' title='bbox 1662 818 1731 857; x_wconf 84' lang='lat' dir='ltr'><strong>ex</strong></span> <span class='ocrx_word' id='word_1_39' title='bbox 1774 802 1877 856; x_wconf 72' lang='lat' dir='ltr'><strong>hac</strong></span> <span class='ocrx_word' id='word_1_40' title='bbox 1905 797 2083 871; x_wconf 91' lang='lat' dir='ltr'><strong>potuit</strong></span> <span class='ocrx_word' id='word_1_41' title='bbox 2110 796 2250 861; x_wconf 83' lang='lat' dir='ltr'><strong>erui,</strong></span> <span class='ocrx_word' id='word_1_42' title='bbox 2283 793 2386 849; x_wconf 82' lang='lat' dir='ltr'><strong>nisi</strong></span> <span class='ocrx_word' id='word_1_43' title='bbox 2417 792 2468 849; x_wconf 90' lang='lat' dir='ltr'><strong>ei</strong></span> <span class='ocrx_word' id='word_1_44' title='bbox 2511 788 2850 862; x_wconf 78' lang='lat' dir='ltr'><strong>providentia</strong></span> 
     </span>
    </p>
   </div>
   <div class='ocr_carea' id='block_1_8' title="bbox 1256 880 2854 968">
    <p class='ocr_par' dir='ltr' id='par_1_8' title="bbox 1256 880 2854 968">
     <span class='ocr_line' id='line_1_8' title="bbox 1256 880 2854 968; baseline -0.012 -13"><span class='ocrx_word' id='word_1_45' title='bbox 1256 896 1693 968; x_wconf 73' lang='lat' dir='ltr'><strong>regenerationis</strong></span> <span class='ocrx_word' id='word_1_46' title='bbox 1716 901 1917 950; x_wconf 88' lang='lat' dir='ltr'><strong>statum</strong></span> <span class='ocrx_word' id='word_1_47' title='bbox 1942 891 2184 963; x_wconf 75' lang='lat' dir='ltr'><strong>pristina:</strong></span> <span class='ocrx_word' id='word_1_48' title='bbox 2210 885 2478 945; x_wconf 78' lang='lat' dir='ltr'><strong>libertatis</strong></span> <span class='ocrx_word' id='word_1_49' title='bbox 2514 883 2717 940; x_wconf 88' lang='lat' dir='ltr'><strong>Christi</strong></span> <span class='ocrx_word' id='word_1_50' title='bbox 2748 880 2854 937; x_wconf 90' lang='lat' dir='ltr'><strong>Do—</strong></span> 
     </span>
    </p>
   </div>
   <div class='ocr_carea' id='block_1_9' title="bbox 1258 988 2083 1050">
    <p class='ocr_par' dir='ltr' id='par_1_9' title="bbox 1258 988 2083 1050">
     <span class='ocr_line' id='line_1_9' title="bbox 1258 988 2083 1050; baseline -0.012 0"><span class='ocrx_word' id='word_1_51' title='bbox 1258 997 1389 1050; x_wconf 84' lang='lat' dir='ltr'><strong>mini</strong></span> <span class='ocrx_word' id='word_1_52' title='bbox 1418 992 1768 1050; x_wconf 70' lang='lat' dir='ltr'><strong>reformasset</strong></span> <span class='ocrx_word' id='word_1_53' title='bbox 1796 988 2083 1044; x_wconf 83' lang='lat' dir='ltr'><strong>adventus.</strong></span> 
     </span>
    </p>
   </div>
   <div class='ocr_carea' id='block_1_10' title="bbox 1293 1112 2818 1191">
    <p class='ocr_par' dir='ltr' id='par_1_10' title="bbox 1293 1112 2818 1191">
     <span class='ocr_line' id='line_1_10' title="bbox 1293 1112 2818 1191; baseline -0.013 -7"><span class='ocrx_word' id='word_1_54' title='bbox 1293 1126 1562 1183; x_wconf 62' lang='lat' dir='ltr'><strong>CCXCll‘.</strong></span> <span class='ocrx_word' id='word_1_55' title='bbox 1609 1123 1758 1191; x_wconf 80' lang='lat' dir='ltr'><strong>Quod</strong></span> <span class='ocrx_word' id='word_1_56' title='bbox 1786 1122 1959 1179; x_wconf 84' lang='lat' dir='ltr'><strong>omnia</strong></span> <span class='ocrx_word' id='word_1_57' title='bbox 1984 1130 2281 1176; x_wconf 79' lang='lat' dir='ltr'><strong>sanctorum</strong></span> <span class='ocrx_word' id='word_1_58' title='bbox 2307 1116 2512 1180; x_wconf 85' lang='lat' dir='ltr'><strong>merita,</strong></span> <span class='ocrx_word' id='word_1_59' title='bbox 2544 1112 2681 1170; x_wconf 80' lang='lat' dir='ltr'><strong>dona</strong></span> <span class='ocrx_word' id='word_1_60' title='bbox 2712 1112 2818 1165; x_wconf 83' lang='lat' dir='ltr'><strong>sint</strong></span> 
     </span>
    </p>
   </div>
   <div class='ocr_carea' id='block_1_11' title="bbox 1860 1192 2113 1247">
    <p class='ocr_par' dir='ltr' id='par_1_11' title="bbox 1860 1192 2113 1247">
     <span class='ocr_line' id='line_1_11' title="bbox 1860 1192 2113 1247; baseline -0.008 1"><span class='ocrx_word' id='word_1_61' title='bbox 1860 1226 1863 1229; x_wconf 95' lang='lat'><strong><em>-</em></strong></span> <span class='ocrx_word' id='word_1_62' title='bbox 1999 1192 2113 1247; x_wconf 80' lang='lat' dir='ltr'><strong>Dei.</strong></span> 
     </span>
    </p>
   </div>
   <div class='ocr_carea' id='block_1_12' title="bbox 1333 1301 2856 1383">
    <p class='ocr_par' dir='ltr' id='par_1_12' title="bbox 1333 1301 2856 1383">
     <span class='ocr_line' id='line_1_12' title="bbox 1333 1301 2856 1383; baseline -0.01 -13"><span class='ocrx_word' id='word_1_63' title='bbox 1333 1315 1418 1370; x_wconf 82' lang='grc' dir='ltr'><strong>Ετ</strong></span> <span class='ocrx_word' id='word_1_64' title='bbox 1445 1315 1666 1369; x_wconf 81' lang='lat' dir='ltr'><strong>derrctis</strong></span> <span class='ocrx_word' id='word_1_65' title='bbox 1696 1327 1846 1383; x_wconf 72' lang='lat' dir='ltr'><strong>papa:</strong></span> <span class='ocrx_word' id='word_1_66' title='bbox 1888 1311 2117 1375; x_wconf 54' lang='grc' dir='ltr'><strong>στηρίξει,</strong></span> <span class='ocrx_word' id='word_1_67' title='bbox 2149 1308 2228 1362; x_wconf 85' lang='lat' dir='ltr'><strong>tit.</strong></span> <span class='ocrx_word' id='word_1_68' title='bbox 2263 1304 2315 1360; x_wconf 91' lang='lat'><strong>8.</strong></span> <span class='ocrx_word' id='word_1_69' title='bbox 2347 1303 2502 1371; x_wconf 84' lang='lat' dir='ltr'><strong>Quod</strong></span> <span class='ocrx_word' id='word_1_70' title='bbox 2532 1301 2713 1358; x_wconf 83' lang='lat' dir='ltr'><strong>omnia</strong></span> <span class='ocrx_word' id='word_1_71' title='bbox 2741 1308 2856 1355; x_wconf 87' lang='lat' dir='ltr'><strong>stu-</strong></span> 
     </span>
    </p>
   </div>
   <div class='ocr_carea' id='block_1_13' title="bbox 1263 1395 2857 1476">
    <p class='ocr_par' dir='ltr' id='par_1_13' title="bbox 1263 1395 2857 1476">
     <span class='ocr_line' id='line_1_13' title="bbox 1263 1395 2857 1476; baseline -0.011 -10"><span class='ocrx_word' id='word_1_72' title='bbox 1263 1413 1349 1466; x_wconf 84' lang='lat' dir='ltr'><strong>dia</strong></span> <span class='ocrx_word' id='word_1_73' title='bbox 1381 1420 1434 1464; x_wconf 86' lang='lat' dir='ltr'><strong>et</strong></span> <span class='ocrx_word' id='word_1_74' title='bbox 1464 1409 1643 1462; x_wconf 87' lang='lat' dir='ltr'><strong>omnia</strong></span> <span class='ocrx_word' id='word_1_75' title='bbox 1682 1422 1843 1476; x_wconf 85' lang='lat' dir='ltr'><strong>opera</strong></span> <span class='ocrx_word' id='word_1_76' title='bbox 1874 1421 1937 1461; x_wconf 90' lang='lat' dir='ltr'><strong>ac</strong></span> <span class='ocrx_word' id='word_1_77' title='bbox 1965 1404 2153 1458; x_wconf 86' lang='lat' dir='ltr'><strong>merita</strong></span> <span class='ocrx_word' id='word_1_78' title='bbox 2187 1408 2495 1455; x_wconf 85' lang='lat' dir='ltr'><strong>sanctorum</strong></span> <span class='ocrx_word' id='word_1_79' title='bbox 2530 1396 2597 1452; x_wconf 83' lang='lat' dir='ltr'><strong>ad</strong></span> <span class='ocrx_word' id='word_1_80' title='bbox 2627 1396 2717 1451; x_wconf 89' lang='lat' dir='ltr'><strong>Dei</strong></span> <span class='ocrx_word' id='word_1_81' title='bbox 2742 1395 2857 1466; x_wconf 77' lang='lat' dir='ltr'><strong>glo-</strong></span> 
     </span>
    </p>
   </div>
   <div class='ocr_carea' id='block_1_14' title="bbox 1262 1488 2856 1572">
    <p class='ocr_par' dir='ltr' id='par_1_14' title="bbox 1262 1488 2856 1572">
     <span class='ocr_line' id='line_1_14' title="bbox 1262 1488 2856 1572; baseline -0.01 -12"><span class='ocrx_word' id='word_1_82' title='bbox 1262 1506 1397 1560; x_wconf 83' lang='lat' dir='ltr'><strong>riam</strong></span> <span class='ocrx_word' id='word_1_83' title='bbox 1430 1504 1752 1572; x_wconf 80' lang='lat' dir='ltr'><strong>laudemque</strong></span> <span class='ocrx_word' id='word_1_84' title='bbox 1794 1497 2073 1552; x_wconf 82' lang='lat' dir='ltr'><strong>referenda</strong></span> <span class='ocrx_word' id='word_1_85' title='bbox 2106 1496 2232 1559; x_wconf 86' lang='lat' dir='ltr'><strong>sint,</strong></span> <span class='ocrx_word' id='word_1_86' title='bbox 2282 1492 2406 1563; x_wconf 87' lang='lat' dir='ltr'><strong>quia</strong></span> <span class='ocrx_word' id='word_1_87' title='bbox 2441 1507 2602 1547; x_wconf 91' lang='lat' dir='ltr'><strong>nemo</strong></span> <span class='ocrx_word' id='word_1_88' title='bbox 2636 1488 2856 1544; x_wconf 82' lang='lat' dir='ltr'><strong>aliunde</strong></span> 
     </span>
    </p>
   </div>
   <div class='ocr_carea' id='block_1_15' title="bbox 1267 1574 2857 1665">
    <p class='ocr_par' dir='ltr' id='par_1_15' title="bbox 1267 1574 2857 1665">
     <span class='ocr_line' id='line_1_15' title="bbox 1267 1574 2857 1665; baseline -0.009 -13"><span class='ocrx_word' id='word_1_89' title='bbox 1267 1599 1316 1652; x_wconf 81' lang='lat' dir='ltr'><strong>ei</strong></span> <span class='ocrx_word' id='word_1_90' title='bbox 1349 1598 1545 1665; x_wconf 83' lang='lat' dir='ltr'><strong>placet,</strong></span> <span class='ocrx_word' id='word_1_91' title='bbox 1584 1596 1683 1649; x_wconf 72' lang='lat' dir='ltr'><strong>nisi</strong></span> <span class='ocrx_word' id='word_1_92' title='bbox 1716 1610 1780 1649; x_wconf 73' lang='lat' dir='ltr'><strong>ex</strong></span> <span class='ocrx_word' id='word_1_93' title='bbox 1810 1609 1877 1647; x_wconf 86' lang='lat' dir='ltr'><strong>eo</strong></span> <span class='ocrx_word' id='word_1_94' title='bbox 1920 1590 2063 1661; x_wconf 87' lang='lat' dir='ltr'><strong>quod</strong></span> <span class='ocrx_word' id='word_1_95' title='bbox 2094 1574 2206 1660; x_wconf 78' lang='lat' dir='ltr'><strong>ipse</strong></span> <span class='ocrx_word' id='word_1_96' title='bbox 2248 1588 2552 1641; x_wconf 77' lang='lat' dir='ltr'><strong>donaverit.</strong></span> <span class='ocrx_word' id='word_1_97' title='bbox 2601 1586 2655 1639; x_wconf 88' lang='lat' dir='ltr'><strong>In</strong></span> <span class='ocrx_word' id='word_1_98' title='bbox 2695 1597 2857 1653; x_wconf 71' lang='lat' dir='ltr'><strong>quam</strong></span> 
     </span>
    </p>
   </div>
   <div class='ocr_carea' id='block_1_16' title="bbox 1262 1677 2859 1752">
    <p class='ocr_par' dir='ltr' id='par_1_16' title="bbox 1262 1677 2859 1752">
     <span class='ocr_line' id='line_1_16' title="bbox 1262 1677 2859 1752; baseline -0.009 -5"><span class='ocrx_word' id='word_1_99' title='bbox 1262 1706 1365 1747; x_wconf 82' lang='lat' dir='ltr'><strong>nos</strong></span> <span class='ocrx_word' id='word_1_100' title='bbox 1395 1690 1713 1748; x_wconf 68' lang='lat' dir='ltr'><strong>sententiam</strong></span> <span class='ocrx_word' id='word_1_101' title='bbox 1746 1689 1928 1752; x_wconf 59' lang='lat' dir='ltr'><strong>dirigit.</strong></span> <span class='ocrx_word' id='word_1_102' title='bbox 1955 1686 2126 1741; x_wconf 75' lang='lat' dir='ltr'><strong>beatze</strong></span> <span class='ocrx_word' id='word_1_103' title='bbox 2159 1684 2551 1738; x_wconf 71' lang='lat' dir='ltr'><strong>recordation’s</strong></span> <span class='ocrx_word' id='word_1_104' title='bbox 2577 1696 2729 1752; x_wconf 65' lang='lat' dir='ltr'><strong>papa:</strong></span> <span class='ocrx_word' id='word_1_105' title='bbox 2752 1677 2859 1734; x_wconf 86' lang='lat' dir='ltr'><strong>Zo-</strong></span> 
     </span>
    </p>
   </div>
   <div class='ocr_carea' id='block_1_17' title="bbox 1264 1774 2860 1850">
    <p class='ocr_par' dir='ltr' id='par_1_17' title="bbox 1264 1774 2860 1850">
     <span class='ocr_line' id='line_1_17' title="bbox 1264 1774 2860 1850; baseline -0.009 -12"><span class='ocrx_word' id='word_1_106' title='bbox 1264 1784 1382 1839; x_wconf 84' lang='lat' dir='ltr'><strong>simi</strong></span> <span class='ocrx_word' id='word_1_107' title='bbox 1416 1783 1599 1850; x_wconf 62' lang='lat' dir='ltr'><strong>regula</strong></span> <span class='ocrx_word' id='word_1_108' title='bbox 1625 1783 1679 1835; x_wconf 83' lang='lat' dir='ltr'><strong>is</strong></span> <span class='ocrx_word' id='word_1_109' title='bbox 1709 1781 2027 1845; x_wconf 60' lang='lat' dir='ltr'><strong>auctoritas,</strong></span> <span class='ocrx_word' id='word_1_110' title='bbox 2055 1792 2177 1833; x_wconf 89' lang='lat' dir='ltr'><strong>cum</strong></span> <span class='ocrx_word' id='word_1_111' title='bbox 2208 1778 2449 1831; x_wconf 65' lang='lat' dir='ltr'><strong>scribens</strong></span> <span class='ocrx_word' id='word_1_112' title='bbox 2478 1774 2542 1828; x_wconf 88' lang='lat' dir='ltr'><strong>ad</strong></span> <span class='ocrx_word' id='word_1_113' title='bbox 2575 1774 2741 1827; x_wconf 86' lang='lat' dir='ltr'><strong>totius</strong></span> <span class='ocrx_word' id='word_1_114' title='bbox 2772 1788 2860 1825; x_wconf 88' lang='lat' dir='ltr'><strong>or—</strong></span> 
     </span>
    </p>
   </div>
   <div class='ocr_carea' id='block_1_18' title="bbox 1262 1867 2623 1945">
    <p class='ocr_par' dir='ltr' id='par_1_18' title="bbox 1262 1867 2623 1945">
     <span class='ocr_line' id='line_1_18' title="bbox 1262 1867 2623 1945; baseline -0.009 -12"><span class='ocrx_word' id='word_1_115' title='bbox 1262 1876 1348 1933; x_wconf 85' lang='lat' dir='ltr'><strong>bis</strong></span> <span class='ocrx_word' id='word_1_116' title='bbox 1378 1877 1665 1945; x_wconf 74' lang='lat' dir='ltr'><strong>t‘pi‘Ctlp::S</strong></span> <span class='ocrx_word' id='word_1_117' title='bbox 1695 1875 1769 1927; x_wconf 90' lang='lat' dir='ltr'><strong>ait</strong></span> <span class='ocrx_word' id='word_1_118' title='bbox 1803 1890 1818 1927; x_wconf 88' lang='lat'><strong>:</strong></span> <span class='ocrx_word' id='word_1_119' title='bbox 1855 1871 1961 1926; x_wconf 78' lang='lat' dir='ltr'><strong>Nos</strong></span> <span class='ocrx_word' id='word_1_120' title='bbox 1990 1881 2173 1925; x_wconf 61' lang='lat' dir='ltr'><strong>artem</strong></span> <span class='ocrx_word' id='word_1_121' title='bbox 2221 1870 2478 1923; x_wconf 56' lang='lat' dir='ltr'><strong>instinctu</strong></span> <span class='ocrx_word' id='word_1_122' title='bbox 2508 1867 2623 1932; x_wconf 82' lang='lat' dir='ltr'><strong>Dei,</strong></span> 
     </span>
    </p>
   </div>
   <div class='ocr_carea' id='block_1_19' title="bbox 1266 1958 2860 2025">
    <p class='ocr_par' dir='ltr' id='par_1_19' title="bbox 1266 1958 2860 2025">
     <span class='ocr_line' id='line_1_19' title="bbox 1266 1958 2860 2025; baseline -0.008 -1"><span class='ocrx_word' id='word_1_123' title='bbox 1266 1970 1411 2024; x_wconf 84' lang='lat' dir='ltr'><strong>enim</strong></span> <span class='ocrx_word' id='word_1_124' title='bbox 1450 1969 1590 2023; x_wconf 67' lang='lat' dir='ltr'><strong>bona</strong></span> <span class='ocrx_word' id='word_1_125' title='bbox 1623 1967 1686 2021; x_wconf 72' lang='lat' dir='ltr'><strong>ad</strong></span> <span class='ocrx_word' id='word_1_126' title='bbox 1719 1974 1996 2019; x_wconf 74' lang='lat' dir='ltr'><strong>auctorem</strong></span> <span class='ocrx_word' id='word_1_127' title='bbox 2028 1979 2184 2018; x_wconf 88' lang='lat' dir='ltr'><strong>suum</strong></span> <span class='ocrx_word' id='word_1_128' title='bbox 2226 1961 2505 2016; x_wconf 65' lang='lat' dir='ltr'><strong>refl-renda</strong></span> <span class='ocrx_word' id='word_1_129' title='bbox 2538 1968 2684 2025; x_wconf 88' lang='lat' dir='ltr'><strong>sunt,</strong></span> <span class='ocrx_word' id='word_1_130' title='bbox 2718 1958 2860 2011; x_wconf 85' lang='lat' dir='ltr'><strong>unde</strong></span> 
     </span>
    </p>
   </div>
   <div class='ocr_carea' id='block_1_20' title="bbox 1265 2054 2861 2125">
    <p class='ocr_par' dir='ltr' id='par_1_20' title="bbox 1265 2054 2861 2125">
     <span class='ocr_line' id='line_1_20' title="bbox 1265 2054 2861 2125; baseline -0.009 -7"><span class='ocrx_word' id='word_1_131' title='bbox 1265 2071 1583 2123; x_wconf 77' lang='lat' dir='ltr'><strong>naeuutur,</strong></span> <span class='ocrx_word' id='word_1_132' title='bbox 1616 2060 1683 2114; x_wconf 86' lang='lat' dir='ltr'><strong>ad</strong></span> <span class='ocrx_word' id='word_1_133' title='bbox 1716 2060 1942 2114; x_wconf 65' lang='lat' dir='ltr'><strong>fratrum</strong></span> <span class='ocrx_word' id='word_1_134' title='bbox 1977 2065 2029 2110; x_wconf 86' lang='lat' dir='ltr'><strong>et</strong></span> <span class='ocrx_word' id='word_1_135' title='bbox 2054 2054 2508 2125; x_wconf 61' lang='lat' dir='ltr'><strong>eoi-pirenpnrnn:</strong></span> <span class='ocrx_word' id='word_1_136' title='bbox 2552 2061 2861 2105; x_wconf 62' lang='lat' dir='ltr'><strong>uestrorum</strong></span> 
     </span>
    </p>
   </div>
   <div class='ocr_carea' id='block_1_21' title="bbox 1266 2129 2863 2211">
    <p class='ocr_par' dir='ltr' id='par_1_21' title="bbox 1266 2142 2863 2211">
     <span class='ocr_line' id='line_1_21' title="bbox 1266 2142 2863 2211; baseline -0.009 0"><span class='ocrx_word' id='word_1_137' title='bbox 1266 2142 1656 2211; x_wconf 83' lang='lat' dir='ltr'><strong>conscientiam</strong></span> <span class='ocrx_word' id='word_1_138' title='bbox 1703 2151 1956 2205; x_wconf 84' lang='lat' dir='ltr'><strong>universa</strong></span> <span class='ocrx_word' id='word_1_139' title='bbox 1986 2149 2289 2202; x_wconf 71' lang='lat' dir='ltr'><strong>retulimus.</strong></span> <span class='ocrx_word' id='word_1_140' title='bbox 2343 2144 2498 2199; x_wconf 83' lang='lat' dir='ltr'><strong>llnnc</strong></span> <span class='ocrx_word' id='word_1_141' title='bbox 2530 2155 2707 2197; x_wconf 86' lang='lat' dir='ltr'><strong>autem</strong></span> <span class='ocrx_word' id='word_1_142' title='bbox 2748 2158 2863 2197; x_wconf 62' lang='lat' dir='ltr'><strong>sero</strong></span> 
     </span>
    </p>
   </div>
   <div class='ocr_carea' id='block_1_22' title="bbox 1269 2236 2863 2305">
    <p class='ocr_par' dir='ltr' id='par_1_22' title="bbox 1269 2236 2863 2305">
     <span class='ocr_line' id='line_1_22' title="bbox 1269 2236 2863 2305; baseline -0.01 0"><span class='ocrx_word' id='word_1_143' title='bbox 1269 2263 1492 2305; x_wconf 79' lang='lat' dir='ltr'><strong>munem</strong></span> <span class='ocrx_word' id='word_1_144' title='bbox 1523 2243 1898 2300; x_wconf 67' lang='lat' dir='ltr'><strong>sincerissima!</strong></span> <span class='ocrx_word' id='word_1_145' title='bbox 1928 2240 2167 2295; x_wconf 81' lang='lat' dir='ltr'><strong>veritatis</strong></span> <span class='ocrx_word' id='word_1_146' title='bbox 2208 2238 2328 2293; x_wconf 85' lang='lat' dir='ltr'><strong>lucc</strong></span> <span class='ocrx_word' id='word_1_147' title='bbox 2357 2236 2677 2297; x_wconf 53' lang='lat' dir='ltr'><strong>radiantem,</strong></span> <span class='ocrx_word' id='word_1_148' title='bbox 2710 2244 2863 2289; x_wconf 82' lang='lat' dir='ltr'><strong>tanto</strong></span> 
     </span>
    </p>
   </div>
   <div class='ocr_carea' id='block_1_23' title="bbox 1267 2327 2862 2411">
    <p class='ocr_par' dir='ltr' id='par_1_23' title="bbox 1267 2327 2862 2411">
     <span class='ocr_line' id='line_1_23' title="bbox 1267 2327 2862 2411; baseline -0.013 -13"><span class='ocrx_word' id='word_1_149' title='bbox 1267 2343 1383 2398; x_wconf 77' lang='lat' dir='ltr'><strong>Afri</strong></span> <span class='ocrx_word' id='word_1_150' title='bbox 1419 2341 1535 2411; x_wconf 83' lang='lat' dir='ltr'><strong>epis</strong></span> <span class='ocrx_word' id='word_1_151' title='bbox 1572 2340 1661 2408; x_wconf 70' lang='lat' dir='ltr'><strong>o;:i</strong></span> <span class='ocrx_word' id='word_1_152' title='bbox 1703 2339 1908 2390; x_wconf 45' lang='lat' dir='ltr'><strong>i‘onorc</strong></span> <span class='ocrx_word' id='word_1_153' title='bbox 1952 2332 2194 2387; x_wconf 79' lang='lat' dir='ltr'><strong>venerati</strong></span> <span class='ocrx_word' id='word_1_154' title='bbox 2226 2338 2373 2398; x_wconf 75' lang='lat' dir='ltr'><strong>suzzt,</strong></span> <span class='ocrx_word' id='word_1_155' title='bbox 2404 2338 2461 2383; x_wconf 91' lang='lat' dir='ltr'><strong>nt</strong></span> <span class='ocrx_word' id='word_1_156' title='bbox 2495 2329 2563 2382; x_wconf 88' lang='lat' dir='ltr'><strong>ita</strong></span> <span class='ocrx_word' id='word_1_157' title='bbox 2597 2327 2662 2380; x_wconf 83' lang='lat' dir='ltr'><strong>ad</strong></span> <span class='ocrx_word' id='word_1_158' title='bbox 2706 2342 2862 2382; x_wconf 88' lang='lat' dir='ltr'><strong>eum-</strong></span> 
     </span>
    </p>
   </div>
   <div class='ocr_carea' id='block_1_24' title="bbox 1266 2420 2865 2492">
    <p class='ocr_par' dir='ltr' id='par_1_24' title="bbox 1266 2420 2865 2492">
     <span class='ocr_line' id='line_1_24' title="bbox 1266 2420 2865 2492; baseline -0.011 -3"><span class='ocrx_word' id='word_1_159' title='bbox 1266 2434 1389 2489; x_wconf 84' lang='lat' dir='ltr'><strong>dem</strong></span> <span class='ocrx_word' id='word_1_160' title='bbox 1436 2434 1610 2487; x_wconf 83' lang='lat' dir='ltr'><strong>virum</strong></span> <span class='ocrx_word' id='word_1_161' title='bbox 1658 2429 2003 2484; x_wconf 73' lang='lat' dir='ltr'><strong>scriberent:</strong></span> <span class='ocrx_word' id='word_1_162' title='bbox 2048 2424 2180 2480; x_wconf 86' lang='lat' dir='ltr'><strong>illud</strong></span> <span class='ocrx_word' id='word_1_163' title='bbox 2226 2439 2354 2478; x_wconf 70' lang='lat' dir='ltr'><strong>Vero</strong></span> <span class='ocrx_word' id='word_1_164' title='bbox 2384 2423 2526 2492; x_wconf 81' lang='lat' dir='ltr'><strong>quod</strong></span> <span class='ocrx_word' id='word_1_165' title='bbox 2572 2423 2623 2475; x_wconf 90' lang='lat' dir='ltr'><strong>in</strong></span> <span class='ocrx_word' id='word_1_166' title='bbox 2671 2420 2865 2474; x_wconf 55' lang='lat' dir='ltr'><strong>litteris</strong></span> 
     </span>
    </p>
   </div>
   <div class='ocr_carea' id='block_1_25' title="bbox 1267 2511 2863 2595">
    <p class='ocr_par' dir='ltr' id='par_1_25' title="bbox 1267 2511 2863 2595">
     <span class='ocr_line' id='line_1_25' title="bbox 1267 2511 2863 2595; baseline -0.009 -14"><span class='ocrx_word' id='word_1_167' title='bbox 1267 2542 1402 2595; x_wconf 83' lang='lat' dir='ltr'><strong>quas</strong></span> <span class='ocrx_word' id='word_1_168' title='bbox 1433 2525 1498 2579; x_wconf 81' lang='lat' dir='ltr'><strong>ad</strong></span> <span class='ocrx_word' id='word_1_169' title='bbox 1529 2523 1805 2577; x_wconf 76' lang='lat' dir='ltr'><strong>universas</strong></span> <span class='ocrx_word' id='word_1_170' title='bbox 1828 2518 2138 2589; x_wconf 84' lang='lat' dir='ltr'><strong>provincias</strong></span> <span class='ocrx_word' id='word_1_171' title='bbox 2167 2515 2367 2571; x_wconf 75' lang='lat' dir='ltr'><strong>curasti</strong></span> <span class='ocrx_word' id='word_1_172' title='bbox 2399 2529 2518 2568; x_wconf 48' lang='lat' dir='ltr'><strong>esse</strong></span> <span class='ocrx_word' id='word_1_173' title='bbox 2550 2511 2863 2578; x_wconf 83' lang='lat' dir='ltr'><strong>mittendas,</strong></span> 
     </span>
    </p>
   </div>
   <div class='ocr_carea' id='block_1_26' title="bbox 1267 2606 2865 2689">
    <p class='ocr_par' dir='ltr' id='par_1_26' title="bbox 1267 2606 2865 2689">
     <span class='ocr_line' id='line_1_26' title="bbox 1267 2606 2865 2689; baseline -0.011 -16"><span class='ocrx_word' id='word_1_174' title='bbox 1267 2616 1492 2689; x_wconf 69' lang='lat' dir='ltr'><strong>posuisti</strong></span> <span class='ocrx_word' id='word_1_175' title='bbox 1518 2616 1700 2670; x_wconf 70' lang='lat' dir='ltr'><strong>dicens</strong></span> <span class='ocrx_word' id='word_1_176' title='bbox 1728 2633 1738 2665; x_wconf 93' lang='lat'><strong>:</strong></span> <span class='ocrx_word' id='word_1_177' title='bbox 1769 2613 1877 2667; x_wconf 76' lang='lat' dir='ltr'><strong>Nos</strong></span> <span class='ocrx_word' id='word_1_178' title='bbox 1901 2620 2079 2664; x_wconf 80' lang='lat' dir='ltr'><strong>tmnen</strong></span> <span class='ocrx_word' id='word_1_179' title='bbox 2113 2608 2369 2662; x_wconf 83' lang='lat' dir='ltr'><strong>instinctu</strong></span> <span class='ocrx_word' id='word_1_180' title='bbox 2417 2606 2530 2670; x_wconf 89' lang='lat' dir='ltr'><strong>Dei,</strong></span> <span class='ocrx_word' id='word_1_181' title='bbox 2562 2614 2617 2659; x_wconf 88' lang='lat' dir='ltr'><strong>et</strong></span> <span class='ocrx_word' id='word_1_182' title='bbox 2646 2614 2865 2668; x_wconf 77' lang='lat' dir='ltr'><strong>ereiera,</strong></span> 
     </span>
    </p>
   </div>
   <div class='ocr_carea' id='block_1_27' title="bbox 1266 2694 2871 2777">
    <p class='ocr_par' dir='ltr' id='par_1_27' title="bbox 1266 2694 2871 2777">
     <span class='ocr_line' id='line_1_27' title="bbox 1266 2694 2871 2777; baseline -0.012 -12"><span class='ocrx_word' id='word_1_183' title='bbox 1266 2711 1351 2765; x_wconf 87' lang='lat' dir='ltr'><strong>sic</strong></span> <span class='ocrx_word' id='word_1_184' title='bbox 1395 2707 1689 2777; x_wconf 54' lang='lat' dir='ltr'><strong>accipimur.</strong></span> <span class='ocrx_word' id='word_1_185' title='bbox 1719 2705 1946 2765; x_wconf 87' lang='lat' dir='ltr'><strong>dictum,</strong></span> <span class='ocrx_word' id='word_1_186' title='bbox 1990 2708 2052 2755; x_wconf 88' lang='lat' dir='ltr'><strong>ut</strong></span> <span class='ocrx_word' id='word_1_187' title='bbox 2093 2699 2213 2753; x_wconf 79' lang='lat' dir='ltr'><strong>illos</strong></span> <span class='ocrx_word' id='word_1_188' title='bbox 2242 2698 2334 2768; x_wconf 83' lang='lat' dir='ltr'><strong>qui</strong></span> <span class='ocrx_word' id='word_1_189' title='bbox 2363 2706 2555 2752; x_wconf 81' lang='lat' dir='ltr'><strong>contra</strong></span> <span class='ocrx_word' id='word_1_190' title='bbox 2589 2696 2679 2749; x_wconf 87' lang='lat' dir='ltr'><strong>Dei</strong></span> <span class='ocrx_word' id='word_1_191' title='bbox 2712 2694 2871 2762; x_wconf 83' lang='lat' dir='ltr'><strong>adju-</strong></span> 
     </span>
    </p>
   </div>
   <div class='ocr_carea' id='block_1_28' title="bbox 1268 2786 2865 2857">
    <p class='ocr_par' dir='ltr' id='par_1_28' title="bbox 1268 2786 2865 2857">
     <span class='ocr_line' id='line_1_28' title="bbox 1268 2786 2865 2857; baseline -0.012 1"><span class='ocrx_word' id='word_1_192' title='bbox 1268 2802 1468 2857; x_wconf 77' lang='lat' dir='ltr'><strong>torinm</strong></span> <span class='ocrx_word' id='word_1_193' title='bbox 1499 2808 1601 2853; x_wconf 84' lang='lat' dir='ltr'><strong>ext-</strong></span> <span class='ocrx_word' id='word_1_194' title='bbox 1630 2799 1765 2852; x_wconf 86' lang='lat' dir='ltr'><strong>llunt</strong></span> <span class='ocrx_word' id='word_1_195' title='bbox 1794 2794 2013 2848; x_wconf 48' lang='lat' dir='ltr'><strong>humari</strong></span> <span class='ocrx_word' id='word_1_196' title='bbox 2044 2791 2250 2845; x_wconf 91' lang='lat' dir='ltr'><strong>arbitrii</strong></span> <span class='ocrx_word' id='word_1_197' title='bbox 2283 2790 2588 2844; x_wconf 87' lang='lat' dir='ltr'><strong>libertatem</strong></span> <span class='ocrx_word' id='word_1_198' title='bbox 2618 2786 2865 2841; x_wconf 59' lang='lat' dir='ltr'><strong>districto</strong></span> 
     </span>
    </p>
   </div>
   <div class='ocr_carea' id='block_1_29' title="bbox 1271 2881 2863 2964">
    <p class='ocr_par' dir='ltr' id='par_1_29' title="bbox 1271 2881 2863 2964">
     <span class='ocr_line' id='line_1_29' title="bbox 1271 2881 2863 2964; baseline -0.013 -16"><span class='ocrx_word' id='word_1_199' title='bbox 1271 2894 1454 2964; x_wconf 81' lang='lat' dir='ltr'><strong>gladio</strong></span> <span class='ocrx_word' id='word_1_200' title='bbox 1483 2890 1745 2953; x_wconf 58' lang='lat' dir='ltr'><strong>veritatis,</strong></span> <span class='ocrx_word' id='word_1_201' title='bbox 1776 2888 1925 2940; x_wconf 72' lang='lat' dir='ltr'><strong>veiut</strong></span> <span class='ocrx_word' id='word_1_202' title='bbox 1973 2884 2173 2937; x_wconf 73' lang='lat' dir='ltr'><strong>cursim</strong></span> <span class='ocrx_word' id='word_1_203' title='bbox 2218 2881 2485 2934; x_wconf 72' lang='lat' dir='ltr'><strong>transiens</strong></span> <span class='ocrx_word' id='word_1_204' title='bbox 2512 2886 2822 2947; x_wconf 66' lang='lat' dir='ltr'><strong>amputares</strong></span> <span class='ocrx_word' id='word_1_205' title='bbox 2848 2892 2863 2941; x_wconf 89' lang='lat'><strong>;</strong></span> 
     </span>
    </p>
   </div>
   <div class='ocr_carea' id='block_1_30' title="bbox 1272 2963 2870 3057">
    <p class='ocr_par' dir='ltr' id='par_1_30' title="bbox 1272 2963 2870 3057">
     <span class='ocr_line' id='line_1_30' title="bbox 1272 2963 2870 3057; baseline -0.014 -17"><span class='ocrx_word' id='word_1_206' title='bbox 1272 2986 1401 3057; x_wconf 85' lang='lat' dir='ltr'><strong>quid</strong></span> <span class='ocrx_word' id='word_1_207' title='bbox 1428 2983 1570 3038; x_wconf 88' lang='lat' dir='ltr'><strong>enim</strong></span> <span class='ocrx_word' id='word_1_208' title='bbox 1615 2990 1724 3034; x_wconf 81' lang='lat' dir='ltr'><strong>tam</strong></span> <span class='ocrx_word' id='word_1_209' title='bbox 1765 2979 1936 3032; x_wconf 85' lang='lat' dir='ltr'><strong>libero</strong></span> <span class='ocrx_word' id='word_1_210' title='bbox 1984 2973 2190 3029; x_wconf 72' lang='lat' dir='ltr'><strong>let-istis</strong></span> <span class='ocrx_word' id='word_1_211' title='bbox 2229 2970 2477 3033; x_wconf 88' lang='lat' dir='ltr'><strong>arbitrio,</strong></span> <span class='ocrx_word' id='word_1_212' title='bbox 2509 2983 2672 3037; x_wconf 91' lang='lat' dir='ltr'><strong>quam</strong></span> <span class='ocrx_word' id='word_1_213' title='bbox 2720 2963 2870 3036; x_wconf 86' lang='lat' dir='ltr'><strong>quod</strong></span> 
     </span>
    </p>
   </div>
   <div class='ocr_carea' id='block_1_31' title="bbox 1275 3056 2870 3133">
    <p class='ocr_par' dir='ltr' id='par_1_31' title="bbox 1275 3056 2870 3133">
     <span class='ocr_line' id='line_1_31' title="bbox 1275 3056 2870 3133; baseline -0.014 0"><span class='ocrx_word' id='word_1_214' title='bbox 1275 3056 1530 3133; x_wconf 72' lang='lat' dir='ltr'><strong>universa</strong></span> <span class='ocrx_word' id='word_1_215' title='bbox 1572 3074 1624 3127; x_wconf 93' lang='lat' dir='ltr'><strong>in</strong></span> <span class='ocrx_word' id='word_1_216' title='bbox 1657 3080 1855 3125; x_wconf 53' lang='lat' dir='ltr'><strong>nosti-to</strong></span> <span class='ocrx_word' id='word_1_217' title='bbox 1891 3064 2209 3122; x_wconf 84' lang='lat' dir='ltr'><strong>humilitatis</strong></span> <span class='ocrx_word' id='word_1_218' title='bbox 2248 3060 2637 3117; x_wconf 79' lang='lat' dir='ltr'><strong>conscientiam</strong></span> <span class='ocrx_word' id='word_1_219' title='bbox 2680 3056 2870 3112; x_wconf 89' lang='lat' dir='ltr'><strong>retuli-</strong></span> 
     </span>
    </p>
   </div>
   <div class='ocr_carea' id='block_1_32' title="bbox 1277 3148 2873 3226">
    <p class='ocr_par' dir='ltr' id='par_1_32' title="bbox 1277 3148 2873 3226">
     <span class='ocr_line' id='line_1_32' title="bbox 1277 3148 2873 3226; baseline -0.014 0"><span class='ocrx_word' id='word_1_220' title='bbox 1277 3171 1416 3226; x_wconf 84' lang='lat' dir='ltr'><strong>stis&#39;!</strong></span> <span class='ocrx_word' id='word_1_221' title='bbox 1464 3176 1519 3222; x_wconf 89' lang='lat' dir='ltr'><strong>et</strong></span> <span class='ocrx_word' id='word_1_222' title='bbox 1563 3174 1745 3219; x_wconf 87' lang='lat' dir='ltr'><strong>tamen</strong></span> <span class='ocrx_word' id='word_1_223' title='bbox 1788 3160 2043 3215; x_wconf 60' lang='grc' dir='ltr'><strong>ἱιιδιὶιεςιιι</strong></span> <span class='ocrx_word' id='word_1_224' title='bbox 2084 3156 2177 3210; x_wconf 90' lang='lat' dir='ltr'><strong>Dei</strong></span> <span class='ocrx_word' id='word_1_225' title='bbox 2224 3154 2426 3208; x_wconf 81' lang='lat' dir='ltr'><strong>factum</strong></span> <span class='ocrx_word' id='word_1_226' title='bbox 2466 3167 2604 3217; x_wconf 89' lang='lat' dir='ltr'><strong>esse,</strong></span> <span class='ocrx_word' id='word_1_227' title='bbox 2639 3148 2873 3205; x_wconf 79' lang='lat' dir='ltr'><strong>ﬁdeliter</strong></span> 
     </span>
    </p>
   </div>
   <div class='ocr_carea' id='block_1_33' title="bbox 1270 3242 2945 3331">
    <p class='ocr_par' dir='ltr' id='par_1_33' title="bbox 1270 3242 2945 3331">
     <span class='ocr_line' id='line_1_33' title="bbox 1270 3242 2945 3331; baseline -0.014 -12"><span class='ocrx_word' id='word_1_228' title='bbox 1270 3260 1659 3331; x_wconf 76' lang='lat' dir='ltr'><strong>Sapietttcrque</strong></span> <span class='ocrx_word' id='word_1_229' title='bbox 1686 3252 1915 3315; x_wconf 81' lang='lat' dir='ltr'><strong>vidistis,</strong></span> <span class='ocrx_word' id='word_1_230' title='bbox 1950 3247 2218 3303; x_wconf 81' lang='lat' dir='ltr'><strong>veraciter</strong></span> <span class='ocrx_word' id='word_1_231' title='bbox 2249 3246 2585 3315; x_wconf 88' lang='lat' dir='ltr'><strong>ﬁdentcrque</strong></span> <span class='ocrx_word' id='word_1_232' title='bbox 2629 3242 2865 3298; x_wconf 71' lang='lat' dir='ltr'><strong>dixistis.</strong></span> <span class='ocrx_word' id='word_1_233' title='bbox 2898 3259 2945 3322; x_wconf 67' lang='grc' dir='ltr'><strong>ρ</strong></span> 
     </span>
    </p>
   </div>
   <div class='ocr_carea' id='block_1_34' title="bbox 1268 3335 2868 3420">
    <p class='ocr_par' dir='ltr' id='par_1_34' title="bbox 1268 3335 2868 3420">
     <span class='ocr_line' id='line_1_34' title="bbox 1268 3335 2868 3420; baseline -0.014 -9"><span class='ocrx_word' id='word_1_234' title='bbox 1268 3353 1401 3411; x_wconf 83' lang='lat' dir='ltr'><strong>ldeo</strong></span> <span class='ocrx_word' id='word_1_235' title='bbox 1433 3354 1637 3420; x_wconf 82' lang='lat' dir='ltr'><strong>utique,</strong></span> <span class='ocrx_word' id='word_1_236' title='bbox 1666 3348 1791 3417; x_wconf 83' lang='lat' dir='ltr'><strong>quia</strong></span> <span class='ocrx_word' id='word_1_237' title='bbox 1832 3350 2165 3415; x_wconf 72' lang='lat' dir='ltr'><strong>ptwparatur</strong></span> <span class='ocrx_word' id='word_1_238' title='bbox 2190 3341 2440 3394; x_wconf 83' lang='lat' dir='ltr'><strong>voluntas</strong></span> <span class='ocrx_word' id='word_1_239' title='bbox 2468 3353 2498 3391; x_wconf 92' lang='lat' dir='ltr'><strong>a</strong></span> <span class='ocrx_word' id='word_1_240' title='bbox 2528 3335 2781 3398; x_wconf 84' lang='lat' dir='ltr'><strong>Domino,</strong></span> <span class='ocrx_word' id='word_1_241' title='bbox 2811 3343 2868 3390; x_wconf 90' lang='lat' dir='ltr'><strong>et</strong></span> 
     </span>
    </p>
   </div>
   <div class='ocr_carea' id='block_1_35' title="bbox 1273 3429 2869 3509">
    <p class='ocr_par' dir='ltr' id='par_1_35' title="bbox 1273 3429 2869 3509">
     <span class='ocr_line' id='line_1_35' title="bbox 1273 3429 2869 3509; baseline -0.012 -9"><span class='ocrx_word' id='word_1_242' title='bbox 1273 3454 1334 3500; x_wconf 88' lang='lat' dir='ltr'><strong>ut</strong></span> <span class='ocrx_word' id='word_1_243' title='bbox 1365 3443 1492 3497; x_wconf 90' lang='lat' dir='ltr'><strong>boni</strong></span> <span class='ocrx_word' id='word_1_244' title='bbox 1524 3439 1724 3509; x_wconf 81' lang='lat' dir='ltr'><strong>aliquid</strong></span> <span class='ocrx_word' id='word_1_245' title='bbox 1758 3444 1939 3504; x_wconf 78' lang='lat' dir='ltr'><strong>agant,</strong></span> <span class='ocrx_word' id='word_1_246' title='bbox 1972 3433 2210 3505; x_wconf 78' lang='lat' dir='ltr'><strong>paternis</strong></span> <span class='ocrx_word' id='word_1_247' title='bbox 2256 3429 2707 3500; x_wconf 84' lang='lat' dir='ltr'><strong>inspiratiouibus</strong></span> <span class='ocrx_word' id='word_1_248' title='bbox 2742 3443 2869 3484; x_wconf 89' lang='lat' dir='ltr'><strong>suo-</strong></span> 
     </span>
    </p>
   </div>
   <div class='ocr_carea' id='block_1_36' title="bbox 1272 3521 2870 3606">
    <p class='ocr_par' dir='ltr' id='par_1_36' title="bbox 1272 3521 2870 3606">
     <span class='ocr_line' id='line_1_36' title="bbox 1272 3521 2870 3606; baseline -0.013 -12"><span class='ocrx_word' id='word_1_249' title='bbox 1272 3554 1418 3601; x_wconf 78' lang='lat' dir='ltr'><strong>rum,</strong></span> <span class='ocrx_word' id='word_1_250' title='bbox 1450 3536 1565 3606; x_wconf 80' lang='lat' dir='ltr'><strong>ipse</strong></span> <span class='ocrx_word' id='word_1_251' title='bbox 1594 3534 1763 3601; x_wconf 77' lang='lat' dir='ltr'><strong>tangit</strong></span> <span class='ocrx_word' id='word_1_252' title='bbox 1793 3529 1956 3585; x_wconf 86' lang='lat' dir='ltr'><strong>corda</strong></span> <span class='ocrx_word' id='word_1_253' title='bbox 1989 3527 2254 3589; x_wconf 87' lang='lat' dir='ltr'><strong>liliorum;</strong></span> <span class='ocrx_word' id='word_1_254' title='bbox 2287 3531 2559 3593; x_wconf 84' lang='lat' dir='ltr'><strong>quotquot</strong></span> <span class='ocrx_word' id='word_1_255' title='bbox 2585 3521 2728 3577; x_wconf 90' lang='lat' dir='ltr'><strong>enim</strong></span> <span class='ocrx_word' id='word_1_256' title='bbox 2758 3521 2870 3590; x_wconf 89' lang='lat' dir='ltr'><strong>spi-</strong></span> 
     </span>
    </p>
   </div>
   <div class='ocr_carea' id='block_1_37' title="bbox 1274 3621 2877 3698">
    <p class='ocr_par' dir='ltr' id='par_1_37' title="bbox 1274 3621 2877 3698">
     <span class='ocr_line' id='line_1_37' title="bbox 1274 3621 2877 3698; baseline -0.016 -8"><span class='ocrx_word' id='word_1_257' title='bbox 1274 3636 1383 3690; x_wconf 72' lang='lat' dir='ltr'><strong>ritu</strong></span> <span class='ocrx_word' id='word_1_258' title='bbox 1416 3631 1509 3687; x_wconf 89' lang='lat' dir='ltr'><strong>Dei</strong></span> <span class='ocrx_word' id='word_1_259' title='bbox 1539 3636 1794 3698; x_wconf 78' lang='lat' dir='ltr'><strong>aguntur,</strong></span> <span class='ocrx_word' id='word_1_260' title='bbox 1849 3624 1883 3678; x_wconf 94' lang='lat' dir='ltr'><strong>ii</strong></span> <span class='ocrx_word' id='word_1_261' title='bbox 1932 3622 2024 3676; x_wconf 67' lang='lat' dir='ltr'><strong>lilii</strong></span> <span class='ocrx_word' id='word_1_262' title='bbox 2061 3621 2155 3676; x_wconf 90' lang='lat' dir='ltr'><strong>Dei</strong></span> <span class='ocrx_word' id='word_1_263' title='bbox 2201 3626 2347 3685; x_wconf 90' lang='lat' dir='ltr'><strong>sunt,</strong></span> <span class='ocrx_word' id='word_1_264' title='bbox 2377 3625 2440 3672; x_wconf 90' lang='lat' dir='ltr'><strong>ut</strong></span> <span class='ocrx_word' id='word_1_265' title='bbox 2479 3629 2581 3671; x_wconf 92' lang='lat' dir='ltr'><strong>nec</strong></span> <span class='ocrx_word' id='word_1_266' title='bbox 2623 3621 2877 3670; x_wconf 87' lang='lat' dir='ltr'><strong>nostrum.</strong></span> 
     </span>
    </p>
   </div>
   <div class='ocr_carea' id='block_1_38' title="bbox 1276 3707 2871 3781">
    <p class='ocr_par' dir='ltr' id='par_1_38' title="bbox 1276 3707 2871 3781">
     <span class='ocr_line' id='line_1_38' title="bbox 1276 3707 2871 3781; baseline -0.014 0"><span class='ocrx_word' id='word_1_267' title='bbox 1276 3730 1469 3781; x_wconf 69' lang='lat' dir='ltr'><strong>dese</strong></span> <span class='ocrx_word' id='word_1_268' title='bbox 1497 3723 1793 3779; x_wconf 81' lang='lat' dir='ltr'><strong>sentiamus</strong></span> <span class='ocrx_word' id='word_1_269' title='bbox 1820 3717 2124 3779; x_wconf 89' lang='lat' dir='ltr'><strong>arbitrium,</strong></span> <span class='ocrx_word' id='word_1_270' title='bbox 2170 3721 2227 3767; x_wconf 87' lang='lat' dir='ltr'><strong>et</strong></span> <span class='ocrx_word' id='word_1_271' title='bbox 2264 3712 2319 3765; x_wconf 91' lang='lat' dir='ltr'><strong>in</strong></span> <span class='ocrx_word' id='word_1_272' title='bbox 2362 3709 2520 3765; x_wconf 82' lang='lat' dir='ltr'><strong>bonis</strong></span> <span class='ocrx_word' id='word_1_273' title='bbox 2560 3707 2871 3777; x_wconf 83' lang='lat' dir='ltr'><strong>quibusque</strong></span> 
     </span>
    </p>
   </div>
   <div class='ocr_carea' id='block_1_39' title="bbox 1280 3799 2868 3878">
    <p class='ocr_par' dir='ltr' id='par_1_39' title="bbox 1280 3799 2868 3878">
     <span class='ocr_line' id='line_1_39' title="bbox 1280 3799 2868 3878; baseline -0.016 -3"><span class='ocrx_word' id='word_1_274' title='bbox 1280 3818 1577 3876; x_wconf 87' lang='lat' dir='ltr'><strong>voluntatis</strong></span> <span class='ocrx_word' id='word_1_275' title='bbox 1607 3817 1855 3870; x_wconf 79' lang='lat' dir='ltr'><strong>humana:</strong></span> <span class='ocrx_word' id='word_1_276' title='bbox 1881 3808 2105 3878; x_wconf 82' lang='lat' dir='ltr'><strong>singulis</strong></span> <span class='ocrx_word' id='word_1_277' title='bbox 2135 3803 2371 3861; x_wconf 87' lang='lat' dir='ltr'><strong>motibus</strong></span> <span class='ocrx_word' id='word_1_278' title='bbox 2401 3800 2571 3871; x_wconf 72' lang='lat' dir='ltr'><strong>tnagis</strong></span> <span class='ocrx_word' id='word_1_279' title='bbox 2599 3799 2743 3856; x_wconf 89' lang='lat' dir='ltr'><strong>illius</strong></span> <span class='ocrx_word' id='word_1_280' title='bbox 2772 3813 2868 3851; x_wconf 85' lang='lat' dir='ltr'><strong>va-</strong></span> 
     </span>
    </p>
   </div>
   <div class='ocr_carea' id='block_1_40' title="bbox 1280 3900 2183 3969">
    <p class='ocr_par' dir='ltr' id='par_1_40' title="bbox 1280 3900 2183 3969">
     <span class='ocr_line' id='line_1_40' title="bbox 1280 3900 2183 3969; baseline -0.02 0"><span class='ocrx_word' id='word_1_281' title='bbox 1280 3916 1398 3969; x_wconf 87' lang='lat' dir='ltr'><strong>lere</strong></span> <span class='ocrx_word' id='word_1_282' title='bbox 1423 3926 1531 3964; x_wconf 90' lang='lat' dir='ltr'><strong>non</strong></span> <span class='ocrx_word' id='word_1_283' title='bbox 1563 3906 1871 3961; x_wconf 78' lang='lat' dir='ltr'><strong>dubitemus</strong></span> <span class='ocrx_word' id='word_1_284' title='bbox 1904 3900 2183 3955; x_wconf 78' lang='lat' dir='ltr'><strong>auxilium.</strong></span> 
     </span>
    </p>
   </div>
   <div class='ocr_carea' id='block_1_41' title="bbox 1281 4029 2872 4106">
    <p class='ocr_par' dir='ltr' id='par_1_41' title="bbox 1281 4029 2872 4106">
     <span class='ocr_line' id='line_1_41' title="bbox 1281 4029 2872 4106; baseline -0.011 -4"><span class='ocrx_word' id='word_1_285' title='bbox 1281 4044 1553 4105; x_wconf 63' lang='lat' dir='ltr'><strong>(SC-XCIV.</strong></span> <span class='ocrx_word' id='word_1_286' title='bbox 1598 4041 1748 4106; x_wconf 79' lang='lat' dir='ltr'><strong>Quod</strong></span> <span class='ocrx_word' id='word_1_287' title='bbox 1777 4038 1943 4093; x_wconf 85' lang='lat' dir='ltr'><strong>omnis</strong></span> <span class='ocrx_word' id='word_1_288' title='bbox 1974 4033 2432 4106; x_wconf 6' lang='lat' dir='ltr'><strong>sanctagcogitatio</strong></span> <span class='ocrx_word' id='word_1_289' title='bbox 2472 4038 2521 4086; x_wconf 83' lang='lat' dir='ltr'><strong>et</strong></span> <span class='ocrx_word' id='word_1_290' title='bbox 2567 4038 2733 4086; x_wconf 85' lang='lat' dir='ltr'><strong>motus</strong></span> <span class='ocrx_word' id='word_1_291' title='bbox 2770 4029 2872 4085; x_wconf 77' lang='lat' dir='ltr'><strong>vite</strong></span> 
     </span>
    </p>
   </div>
   <div class='ocr_carea' id='block_1_42' title="bbox 1756 4104 2384 4165">
    <p class='ocr_par' dir='ltr' id='par_1_42' title="bbox 1756 4104 2384 4165">
     <span class='ocr_line' id='line_1_42' title="bbox 1756 4104 2384 4165; baseline -0.013 0"><span class='ocrx_word' id='word_1_292' title='bbox 1756 4109 2034 4165; x_wconf 76' lang='lat' dir='ltr'><strong>roltmmtis</strong></span> <span class='ocrx_word' id='word_1_293' title='bbox 2062 4121 2126 4159; x_wconf 74' lang='lat' dir='ltr'><strong>ea:</strong></span> <span class='ocrx_word' id='word_1_294' title='bbox 2159 4104 2266 4158; x_wconf 83' lang='lat' dir='ltr'><strong>Deo</strong></span> <span class='ocrx_word' id='word_1_295' title='bbox 2296 4106 2384 4158; x_wconf 83' lang='lat' dir='ltr'><strong>sit.</strong></span> 
     </span>
    </p>
   </div>
   <div class='ocr_carea' id='block_1_43' title="bbox 1360 4217 2876 4300">
    <p class='ocr_par' dir='ltr' id='par_1_43' title="bbox 1360 4217 2876 4300">
     <span class='ocr_line' id='line_1_43' title="bbox 1360 4217 2876 4300; baseline -0.013 -9"><span class='ocrx_word' id='word_1_296' title='bbox 1360 4236 1443 4291; x_wconf 60' lang='lat' dir='ltr'><strong>Ea:</strong></span> <span class='ocrx_word' id='word_1_297' title='bbox 1472 4234 1689 4289; x_wconf 78' lang='lat' dir='ltr'><strong>decretis</strong></span> <span class='ocrx_word' id='word_1_298' title='bbox 1719 4243 1868 4300; x_wconf 59' lang='lat' dir='ltr'><strong>paro:</strong></span> <span class='ocrx_word' id='word_1_299' title='bbox 1910 4226 2137 4292; x_wconf 76' lang='lat' dir='ltr'><strong>leest.,</strong></span> <span class='ocrx_word' id='word_1_300' title='bbox 2170 4225 2249 4275; x_wconf 82' lang='lat' dir='ltr'><strong>tit.</strong></span> <span class='ocrx_word' id='word_1_301' title='bbox 2281 4220 2338 4277; x_wconf 90' lang='lat'><strong>9.</strong></span> <span class='ocrx_word' id='word_1_302' title='bbox 2372 4218 2523 4287; x_wconf 87' lang='lat' dir='ltr'><strong>Quod</strong></span> <span class='ocrx_word' id='word_1_303' title='bbox 2555 4218 2625 4272; x_wconf 90' lang='lat' dir='ltr'><strong>ita</strong></span> <span class='ocrx_word' id='word_1_304' title='bbox 2651 4218 2793 4273; x_wconf 88' lang='lat' dir='ltr'><strong>Deus</strong></span> <span class='ocrx_word' id='word_1_305' title='bbox 2822 4217 2876 4272; x_wconf 90' lang='lat' dir='ltr'><strong>in</strong></span> 
     </span>
    </p>
   </div>
   <div class='ocr_carea' id='block_1_44' title="bbox 1288 4311 2878 4387">
    <p class='ocr_par' dir='ltr' id='par_1_44' title="bbox 1288 4311 2878 4387">
     <span class='ocr_line' id='line_1_44' title="bbox 1288 4311 2878 4387; baseline -0.016 0"><span class='ocrx_word' id='word_1_306' title='bbox 1288 4328 1545 4387; x_wconf 83' lang='lat' dir='ltr'><strong>cordibus</strong></span> <span class='ocrx_word' id='word_1_307' title='bbox 1595 4322 1897 4383; x_wconf 88' lang='lat' dir='ltr'><strong>hominmn,</strong></span> <span class='ocrx_word' id='word_1_308' title='bbox 1938 4328 2102 4385; x_wconf 89' lang='lat' dir='ltr'><strong>atque</strong></span> <span class='ocrx_word' id='word_1_309' title='bbox 2142 4314 2197 4369; x_wconf 89' lang='lat' dir='ltr'><strong>in</strong></span> <span class='ocrx_word' id='word_1_310' title='bbox 2236 4313 2355 4383; x_wconf 89' lang='lat' dir='ltr'><strong>ipso</strong></span> <span class='ocrx_word' id='word_1_311' title='bbox 2396 4311 2569 4365; x_wconf 88' lang='lat' dir='ltr'><strong>libero</strong></span> <span class='ocrx_word' id='word_1_312' title='bbox 2619 4317 2878 4380; x_wconf 88' lang='lat' dir='ltr'><strong>operetur</strong></span> 
     </span>
    </p>
   </div>
   <div class='ocr_carea' id='block_1_45' title="bbox 1289 4401 2880 4478">
    <p class='ocr_par' dir='ltr' id='par_1_45' title="bbox 1289 4401 2880 4478">
     <span class='ocr_line' id='line_1_45' title="bbox 1289 4401 2880 4478; baseline -0.016 -1"><span class='ocrx_word' id='word_1_313' title='bbox 1289 4420 1539 4477; x_wconf 86' lang='lat' dir='ltr'><strong>arbitrio.</strong></span> <span class='ocrx_word' id='word_1_314' title='bbox 1591 4425 1651 4469; x_wconf 87' lang='lat' dir='ltr'><strong>ut</strong></span> <span class='ocrx_word' id='word_1_315' title='bbox 1675 4421 1863 4468; x_wconf 86' lang='lat' dir='ltr'><strong>sancta</strong></span> <span class='ocrx_word' id='word_1_316' title='bbox 1906 4406 2185 4478; x_wconf 82' lang='lat' dir='ltr'><strong>cogitatio,</strong></span> <span class='ocrx_word' id='word_1_317' title='bbox 2217 4404 2363 4475; x_wconf 88' lang='lat' dir='ltr'><strong>pium</strong></span> <span class='ocrx_word' id='word_1_318' title='bbox 2408 4401 2715 4467; x_wconf 86' lang='lat' dir='ltr'><strong>consilium,</strong></span> <span class='ocrx_word' id='word_1_319' title='bbox 2759 4414 2880 4454; x_wconf 85' lang='lat' dir='ltr'><strong>om-</strong></span> 
     </span>
    </p>
   </div>
   <div class='ocr_carea' id='block_1_46' title="bbox 1289 4494 2879 4584">
    <p class='ocr_par' dir='ltr' id='par_1_46' title="bbox 1289 4494 2879 4584">
     <span class='ocr_line' id='line_1_46' title="bbox 1289 4494 2879 4584; baseline -0.016 -14"><span class='ocrx_word' id='word_1_320' title='bbox 1289 4514 1479 4584; x_wconf 81' lang='lat' dir='ltr'><strong>nisque</strong></span> <span class='ocrx_word' id='word_1_321' title='bbox 1511 4517 1690 4563; x_wconf 88' lang='lat' dir='ltr'><strong>motus</strong></span> <span class='ocrx_word' id='word_1_322' title='bbox 1726 4506 1882 4560; x_wconf 66' lang='lat' dir='ltr'><strong>boote</strong></span> <span class='ocrx_word' id='word_1_323' title='bbox 1907 4500 2202 4556; x_wconf 81' lang='lat' dir='ltr'><strong>voluntatis</strong></span> <span class='ocrx_word' id='word_1_324' title='bbox 2244 4511 2310 4551; x_wconf 85' lang='lat' dir='ltr'><strong>ex</strong></span> <span class='ocrx_word' id='word_1_325' title='bbox 2351 4495 2462 4550; x_wconf 85' lang='lat' dir='ltr'><strong>Deo</strong></span> <span class='ocrx_word' id='word_1_326' title='bbox 2499 4495 2589 4559; x_wconf 86' lang='lat' dir='ltr'><strong>sit,</strong></span> <span class='ocrx_word' id='word_1_327' title='bbox 2620 4494 2746 4563; x_wconf 84' lang='lat' dir='ltr'><strong>quia</strong></span> <span class='ocrx_word' id='word_1_328' title='bbox 2779 4507 2879 4563; x_wconf 90' lang='lat' dir='ltr'><strong>per</strong></span> 
     </span>
    </p>
   </div>
   <div class='ocr_carea' id='block_1_47' title="bbox 1289 4585 2879 4668">
    <p class='ocr_par' dir='ltr' id='par_1_47' title="bbox 1289 4585 2879 4668">
     <span class='ocr_line' id='line_1_47' title="bbox 1289 4585 2879 4668; baseline -0.014 -6"><span class='ocrx_word' id='word_1_329' title='bbox 1289 4605 1441 4662; x_wconf 87' lang='lat' dir='ltr'><strong>illum</strong></span> <span class='ocrx_word' id='word_1_330' title='bbox 1472 4598 1673 4668; x_wconf 88' lang='lat' dir='ltr'><strong>aliquid</strong></span> <span class='ocrx_word' id='word_1_331' title='bbox 1704 4596 1830 4651; x_wconf 90' lang='lat' dir='ltr'><strong>boni</strong></span> <span class='ocrx_word' id='word_1_332' title='bbox 1862 4605 2169 4664; x_wconf 83' lang='lat' dir='ltr'><strong>possumus,</strong></span> <span class='ocrx_word' id='word_1_333' title='bbox 2210 4588 2327 4642; x_wconf 88' lang='lat' dir='ltr'><strong>sine</strong></span> <span class='ocrx_word' id='word_1_334' title='bbox 2356 4601 2466 4655; x_wconf 87' lang='lat' dir='ltr'><strong>quo</strong></span> <span class='ocrx_word' id='word_1_335' title='bbox 2515 4585 2648 4640; x_wconf 84' lang='lat' dir='ltr'><strong>nihil</strong></span> <span class='ocrx_word' id='word_1_336' title='bbox 2678 4598 2879 4654; x_wconf 88' lang='lat' dir='ltr'><strong>possu—</strong></span> 
     </span>
    </p>
   </div>
   <div class='ocr_carea' id='block_1_48' title="bbox 1289 4678 2878 4756">
    <p class='ocr_par' dir='ltr' id='par_1_48' title="bbox 1289 4678 2878 4756">
     <span class='ocr_line' id='line_1_48' title="bbox 1289 4678 2878 4756; baseline -0.015 -1"><span class='ocrx_word' id='word_1_337' title='bbox 1289 4711 1431 4756; x_wconf 61' lang='lat' dir='ltr'><strong>mus.</strong></span> <span class='ocrx_word' id='word_1_338' title='bbox 1467 4695 1544 4750; x_wconf 79' lang='lat' dir='ltr'><strong>Ad</strong></span> <span class='ocrx_word' id='word_1_339' title='bbox 1574 4694 1716 4747; x_wconf 90' lang='lat' dir='ltr'><strong>hanc</strong></span> <span class='ocrx_word' id='word_1_340' title='bbox 1745 4690 1889 4745; x_wconf 89' lang='lat' dir='ltr'><strong>enim</strong></span> <span class='ocrx_word' id='word_1_341' title='bbox 1932 4701 2031 4740; x_wconf 90' lang='lat' dir='ltr'><strong>nos</strong></span> <span class='ocrx_word' id='word_1_342' title='bbox 2072 4681 2463 4754; x_wconf 88' lang='lat' dir='ltr'><strong>professionem</strong></span> <span class='ocrx_word' id='word_1_343' title='bbox 2511 4679 2654 4733; x_wconf 89' lang='lat' dir='ltr'><strong>idem</strong></span> <span class='ocrx_word' id='word_1_344' title='bbox 2685 4678 2878 4732; x_wconf 90' lang='lat' dir='ltr'><strong>doctor</strong></span> 
     </span>
    </p>
   </div>
   <div class='ocr_carea' id='block_1_49' title="bbox 1289 4769 2879 4855">
    <p class='ocr_par' dir='ltr' id='par_1_49' title="bbox 1289 4769 2879 4855">
     <span class='ocr_line' id='line_1_49' title="bbox 1289 4769 2879 4855; baseline -0.016 -8"><span class='ocrx_word' id='word_1_345' title='bbox 1289 4789 1545 4852; x_wconf 71' lang='lat' dir='ltr'><strong>instituit,</strong></span> <span class='ocrx_word' id='word_1_346' title='bbox 1577 4784 1669 4855; x_wconf 90' lang='lat' dir='ltr'><strong>qui</strong></span> <span class='ocrx_word' id='word_1_347' title='bbox 1701 4797 1822 4836; x_wconf 87' lang='lat' dir='ltr'><strong>eum</strong></span> <span class='ocrx_word' id='word_1_348' title='bbox 1856 4779 1920 4833; x_wconf 88' lang='lat' dir='ltr'><strong>ad</strong></span> <span class='ocrx_word' id='word_1_349' title='bbox 1952 4777 2116 4832; x_wconf 89' lang='lat' dir='ltr'><strong>totius</strong></span> <span class='ocrx_word' id='word_1_350' title='bbox 2145 4774 2292 4830; x_wconf 91' lang='lat' dir='ltr'><strong>orbis</strong></span> <span class='ocrx_word' id='word_1_351' title='bbox 2328 4772 2615 4842; x_wconf 89' lang='lat' dir='ltr'><strong>episcopos</strong></span> <span class='ocrx_word' id='word_1_352' title='bbox 2641 4769 2711 4824; x_wconf 89' lang='lat' dir='ltr'><strong>de</strong></span> <span class='ocrx_word' id='word_1_353' title='bbox 2742 4769 2879 4823; x_wconf 88' lang='lat' dir='ltr'><strong>divi-</strong></span> 
     </span>
    </p>
   </div>
   <div class='ocr_carea' id='block_1_50' title="bbox 1293 4862 2876 4951">
    <p class='ocr_par' dir='ltr' id='par_1_50' title="bbox 1293 4862 2876 4951">
     <span class='ocr_line' id='line_1_50' title="bbox 1293 4862 2876 4951; baseline -0.015 -13"><span class='ocrx_word' id='word_1_354' title='bbox 1293 4890 1379 4938; x_wconf 60' lang='lat' dir='ltr'><strong>na</strong></span> <span class='ocrx_word' id='word_1_355' title='bbox 1400 4879 1591 4951; x_wconf 73' lang='lat' dir='ltr'><strong>gratim</strong></span> <span class='ocrx_word' id='word_1_356' title='bbox 1639 4872 1994 4946; x_wconf 82' lang='lat' dir='ltr'><strong>opitulatione</strong></span> <span class='ocrx_word' id='word_1_357' title='bbox 2031 4868 2375 4937; x_wconf 88' lang='lat' dir='ltr'><strong>loqueretur;</strong></span> <span class='ocrx_word' id='word_1_358' title='bbox 2409 4862 2552 4933; x_wconf 91' lang='lat' dir='ltr'><strong>quod</strong></span> <span class='ocrx_word' id='word_1_359' title='bbox 2595 4874 2746 4930; x_wconf 81' lang='lat' dir='ltr'><strong>ergo,</strong></span> <span class='ocrx_word' id='word_1_360' title='bbox 2781 4862 2876 4927; x_wconf 86' lang='lat' dir='ltr'><strong>ait,</strong></span> 
     </span>
    </p>
   </div>
   <div class='ocr_carea' id='block_1_51' title="bbox 1292 4951 2883 5044">
    <p class='ocr_par' dir='ltr' id='par_1_51' title="bbox 1292 4951 2883 5044">
     <span class='ocr_line' id='line_1_51' title="bbox 1292 4951 2883 5044; baseline -0.015 -13"><span class='ocrx_word' id='word_1_361' title='bbox 1292 4984 1511 5044; x_wconf 70' lang='lat' dir='ltr'><strong>tempus</strong></span> <span class='ocrx_word' id='word_1_362' title='bbox 1532 4965 1842 5030; x_wconf 79' lang='lat' dir='ltr'><strong>intervenit,</strong></span> <span class='ocrx_word' id='word_1_363' title='bbox 1872 4976 1982 5032; x_wconf 91' lang='lat' dir='ltr'><strong>quo</strong></span> <span class='ocrx_word' id='word_1_364' title='bbox 2026 4959 2144 5030; x_wconf 84' lang='lat' dir='ltr'><strong>ejus</strong></span> <span class='ocrx_word' id='word_1_365' title='bbox 2191 4971 2298 5011; x_wconf 78' lang='lat' dir='ltr'><strong>non</strong></span> <span class='ocrx_word' id='word_1_366' title='bbox 2336 4967 2595 5023; x_wconf 80' lang='lat' dir='ltr'><strong>egeamus</strong></span> <span class='ocrx_word' id='word_1_367' title='bbox 2631 4951 2883 5007; x_wconf 78' lang='lat' dir='ltr'><strong>auxilio?</strong></span> 
     </span>
    </p>
   </div>
   <div class='ocr_carea' id='block_1_52' title="bbox 1288 5045 2880 5129">
    <p class='ocr_par' dir='ltr' id='par_1_52' title="bbox 1288 5045 2880 5129">
     <span class='ocr_line' id='line_1_52' title="bbox 1288 5045 2880 5129; baseline -0.018 -2"><span class='ocrx_word' id='word_1_368' title='bbox 1288 5068 1357 5126; x_wconf 76' lang='lat' dir='ltr'><strong>In</strong></span> <span class='ocrx_word' id='word_1_369' title='bbox 1382 5061 1637 5124; x_wconf 65' lang='lat' dir='ltr'><strong>omnibus</strong></span> <span class='ocrx_word' id='word_1_370' title='bbox 1667 5059 1827 5129; x_wconf 79' lang='lat' dir='ltr'><strong>igitur</strong></span> <span class='ocrx_word' id='word_1_371' title='bbox 1846 5057 2075 5118; x_wconf 86' lang='lat' dir='ltr'><strong>actibus,</strong></span> <span class='ocrx_word' id='word_1_372' title='bbox 2100 5051 2407 5119; x_wconf 86' lang='lat' dir='ltr'><strong>causisque,</strong></span> <span class='ocrx_word' id='word_1_373' title='bbox 2439 5045 2880 5115; x_wconf 81' lang='lat' dir='ltr'><strong>cogitationibus,</strong></span> 
     </span>
    </p>
   </div>
   <div class='ocr_carea' id='block_1_53' title="bbox 1298 5136 2886 5221">
    <p class='ocr_par' dir='ltr' id='par_1_53' title="bbox 1298 5136 2886 5221">
     <span class='ocr_line' id='line_1_53' title="bbox 1298 5136 2886 5221; baseline -0.018 -5"><span class='ocrx_word' id='word_1_374' title='bbox 1298 5156 1560 5220; x_wconf 81' lang='lat' dir='ltr'><strong>motibus,</strong></span> <span class='ocrx_word' id='word_1_375' title='bbox 1593 5152 1808 5221; x_wconf 86' lang='lat' dir='ltr'><strong>adjutor</strong></span> <span class='ocrx_word' id='word_1_376' title='bbox 1835 5156 1892 5203; x_wconf 90' lang='lat' dir='ltr'><strong>et</strong></span> <span class='ocrx_word' id='word_1_377' title='bbox 1937 5152 2216 5216; x_wconf 85' lang='lat' dir='ltr'><strong>protector</strong></span> <span class='ocrx_word' id='word_1_378' title='bbox 2263 5139 2501 5196; x_wconf 85' lang='lat' dir='ltr'><strong>orandus</strong></span> <span class='ocrx_word' id='word_1_379' title='bbox 2529 5144 2632 5192; x_wconf 88' lang='lat' dir='ltr'><strong>est.</strong></span> <span class='ocrx_word' id='word_1_380' title='bbox 2683 5136 2886 5207; x_wconf 90' lang='lat' dir='ltr'><strong>Super-</strong></span> 
     </span>
    </p>
   </div>
   <div class='ocr_carea' id='block_1_54' title="bbox 1295 5236 2885 5311">
    <p class='ocr_par' dir='ltr' id='par_1_54' title="bbox 1295 5236 2885 5311">
     <span class='ocr_line' id='line_1_54' title="bbox 1295 5236 2885 5311; baseline -0.016 -2"><span class='ocrx_word' id='word_1_381' title='bbox 1295 5253 1425 5309; x_wconf 84' lang='lat' dir='ltr'><strong>bum</strong></span> <span class='ocrx_word' id='word_1_382' title='bbox 1454 5259 1535 5306; x_wconf 82' lang='lat' dir='ltr'><strong>ast</strong></span> <span class='ocrx_word' id='word_1_383' title='bbox 1559 5246 1703 5303; x_wconf 90' lang='lat' dir='ltr'><strong>enim</strong></span> <span class='ocrx_word' id='word_1_384' title='bbox 1733 5253 1792 5298; x_wconf 89' lang='lat' dir='ltr'><strong>ut</strong></span> <span class='ocrx_word' id='word_1_385' title='bbox 1816 5240 2110 5311; x_wconf 84' lang='lat' dir='ltr'><strong>quidquam</strong></span> <span class='ocrx_word' id='word_1_386' title='bbox 2132 5236 2234 5293; x_wconf 86' lang='lat' dir='ltr'><strong>sibi</strong></span> <span class='ocrx_word' id='word_1_387' title='bbox 2259 5236 2495 5290; x_wconf 84' lang='lat' dir='ltr'><strong>humana</strong></span> <span class='ocrx_word' id='word_1_388' title='bbox 2525 5239 2719 5288; x_wconf 86' lang='lat' dir='ltr'><strong>natura</strong></span> <span class='ocrx_word' id='word_1_389' title='bbox 2748 5244 2885 5301; x_wconf 70' lang='lat' dir='ltr'><strong>pra:-</strong></span> 
     </span>
    </p>
   </div>
   <div class='ocr_carea' id='block_1_55' title="bbox 1299 5323 2884 5409">
    <p class='ocr_par' dir='ltr' id='par_1_55' title="bbox 1299 5323 2884 5409">
     <span class='ocr_line' id='line_1_55' title="bbox 1299 5323 2884 5409; baseline -0.015 -9"><span class='ocrx_word' id='word_1_390' title='bbox 1299 5349 1481 5399; x_wconf 78' lang='lat' dir='ltr'><strong>sumat</strong></span> <span class='ocrx_word' id='word_1_391' title='bbox 1508 5340 1779 5409; x_wconf 73' lang='lat' dir='ltr'><strong>clamante</strong></span> <span class='ocrx_word' id='word_1_392' title='bbox 1809 5331 2071 5401; x_wconf 81' lang='lat' dir='ltr'><strong>Apostolo</strong></span> <span class='ocrx_word' id='word_1_393' title='bbox 2099 5348 2113 5383; x_wconf 92' lang='lat'>:</span> <span class='ocrx_word' id='word_1_394' title='bbox 2146 5329 2262 5383; x_wconf 83' lang='lat' dir='ltr'><strong>Non</strong></span> <span class='ocrx_word' id='word_1_395' title='bbox 2292 5335 2377 5381; x_wconf 86' lang='lat' dir='ltr'><strong>est</strong></span> <span class='ocrx_word' id='word_1_396' title='bbox 2421 5324 2571 5380; x_wconf 88' lang='lat' dir='ltr'><strong>vobis</strong></span> <span class='ocrx_word' id='word_1_397' title='bbox 2615 5323 2884 5379; x_wconf 82' lang='lat' dir='ltr'><strong>collucta-</strong></span> 
     </span>
    </p>
   </div>
   <div class='ocr_carea' id='block_1_56' title="bbox 1298 5412 2885 5491">
    <p class='ocr_par' dir='ltr' id='par_1_56' title="bbox 1298 5412 2885 5491">
     <span class='ocr_line' id='line_1_56' title="bbox 1298 5412 2885 5491; baseline -0.013 -2"><span class='ocrx_word' id='word_1_398' title='bbox 1298 5436 1379 5489; x_wconf 91' lang='lat' dir='ltr'><strong>tio</strong></span> <span class='ocrx_word' id='word_1_399' title='bbox 1403 5432 1664 5488; x_wconf 85' lang='lat' dir='ltr'><strong>adversus</strong></span> <span class='ocrx_word' id='word_1_400' title='bbox 1695 5439 1911 5482; x_wconf 65' lang='lat' dir='ltr'><strong>carrum</strong></span> <span class='ocrx_word' id='word_1_401' title='bbox 1942 5431 1997 5479; x_wconf 92' lang='lat' dir='ltr'><strong>et</strong></span> <span class='ocrx_word' id='word_1_402' title='bbox 2020 5412 2358 5491; x_wconf 82' lang='lat' dir='ltr'><strong>sanguinem,</strong></span> <span class='ocrx_word' id='word_1_403' title='bbox 2389 5416 2483 5472; x_wconf 89' lang='lat' dir='ltr'><strong>sed</strong></span> <span class='ocrx_word' id='word_1_404' title='bbox 2510 5424 2700 5473; x_wconf 87' lang='lat' dir='ltr'><strong>contra</strong></span> <span class='ocrx_word' id='word_1_405' title='bbox 2732 5414 2885 5485; x_wconf 87' lang='lat' dir='ltr'><strong>prin-</strong></span> 
     </span>
    </p>
   </div>
   <div class='ocr_carea' id='block_1_57' title="bbox 1304 5510 2883 5597">
    <p class='ocr_par' dir='ltr' id='par_1_57' title="bbox 1304 5510 2883 5597">
     <span class='ocr_line' id='line_1_57' title="bbox 1304 5510 2883 5597; baseline -0.012 -15"><span class='ocrx_word' id='word_1_406' title='bbox 1304 5529 1451 5597; x_wconf 86' lang='lat' dir='ltr'><strong>cipes</strong></span> <span class='ocrx_word' id='word_1_407' title='bbox 1481 5531 1536 5581; x_wconf 87' lang='lat' dir='ltr'><strong>ct</strong></span> <span class='ocrx_word' id='word_1_408' title='bbox 1562 5528 1859 5591; x_wconf 84' lang='lat' dir='ltr'><strong>potestates</strong></span> <span class='ocrx_word' id='word_1_409' title='bbox 1888 5517 2031 5572; x_wconf 87' lang='lat' dir='ltr'><strong>aeris</strong></span> <span class='ocrx_word' id='word_1_410' title='bbox 2062 5513 2239 5584; x_wconf 75' lang='lat' dir='ltr'><strong>huius,</strong></span> <span class='ocrx_word' id='word_1_411' title='bbox 2271 5521 2457 5569; x_wconf 86' lang='lat' dir='ltr'><strong>contra</strong></span> <span class='ocrx_word' id='word_1_412' title='bbox 2489 5510 2751 5580; x_wconf 88' lang='lat' dir='ltr'><strong>spiritalia</strong></span> <span class='ocrx_word' id='word_1_413' title='bbox 2783 5523 2883 5564; x_wconf 87' lang='lat' dir='ltr'><strong>ne-</strong></span> 
     </span>
    </p>
   </div>
   <div class='ocr_carea' id='block_1_58' title="bbox 1304 5602 2893 5688">
    <p class='ocr_par' dir='ltr' id='par_1_58' title="bbox 1304 5602 2893 5688">
     <span class='ocr_line' id='line_1_58' title="bbox 1304 5602 2893 5688; baseline -0.011 -15"><span class='ocrx_word' id='word_1_414' title='bbox 1304 5620 1486 5688; x_wconf 77' lang='lat' dir='ltr'><strong>quitize</strong></span> <span class='ocrx_word' id='word_1_415' title='bbox 1517 5617 1569 5670; x_wconf 80' lang='lat' dir='ltr'><strong>in</strong></span> <span class='ocrx_word' id='word_1_416' title='bbox 1599 5612 1936 5677; x_wconf 36' lang='lat' dir='ltr'><strong>en‘lestibns,</strong></span> <span class='ocrx_word' id='word_1_417' title='bbox 1963 5619 2018 5664; x_wconf 87' lang='lat' dir='ltr'><strong>et</strong></span> <span class='ocrx_word' id='word_1_418' title='bbox 2046 5608 2188 5663; x_wconf 90' lang='lat' dir='ltr'><strong>sicut</strong></span> <span class='ocrx_word' id='word_1_419' title='bbox 2224 5608 2338 5676; x_wconf 90' lang='lat' dir='ltr'><strong>ipse</strong></span> <span class='ocrx_word' id='word_1_420' title='bbox 2368 5607 2561 5658; x_wconf 89' lang='lat' dir='ltr'><strong>iterum</strong></span> <span class='ocrx_word' id='word_1_421' title='bbox 2606 5602 2775 5658; x_wconf 88' lang='lat' dir='ltr'><strong>dicit:</strong></span> <span class='ocrx_word' id='word_1_422' title='bbox 2808 5603 2893 5657; x_wconf 87' lang='lat' dir='ltr'><strong>ln-</strong></span> 
     </span>
    </p>
   </div>
   <div class='ocr_carea' id='block_1_59' title="bbox 1309 5695 2895 5780">
    <p class='ocr_par' dir='ltr' id='par_1_59' title="bbox 1309 5695 2895 5780">
     <span class='ocr_line' id='line_1_59' title="bbox 1309 5695 2895 5780; baseline -0.011 -11"><span class='ocrx_word' id='word_1_423' title='bbox 1309 5714 1438 5769; x_wconf 68' lang='lat' dir='ltr'><strong>felix</strong></span> <span class='ocrx_word' id='word_1_424' title='bbox 1471 5728 1568 5780; x_wconf 48' lang='lat' dir='ltr'><strong>ego</strong></span> <span class='ocrx_word' id='word_1_425' title='bbox 1599 5709 1784 5774; x_wconf 60' lang='lat' dir='ltr'><strong>inuno,</strong></span> <span class='ocrx_word' id='word_1_426' title='bbox 1813 5706 1934 5774; x_wconf 72' lang='lat' dir='ltr'><strong>quis</strong></span> <span class='ocrx_word' id='word_1_427' title='bbox 1957 5719 2041 5758; x_wconf 72' lang='lat' dir='ltr'><strong>me</strong></span> <span class='ocrx_word' id='word_1_428' title='bbox 2069 5702 2316 5757; x_wconf 67' lang='lat' dir='ltr'><strong>liberabit</strong></span> <span class='ocrx_word' id='word_1_429' title='bbox 2354 5701 2419 5753; x_wconf 79' lang='lat' dir='ltr'><strong>de</strong></span> <span class='ocrx_word' id='word_1_430' title='bbox 2443 5712 2678 5768; x_wconf 87' lang='lat' dir='ltr'><strong>corpore</strong></span> <span class='ocrx_word' id='word_1_431' title='bbox 2703 5695 2895 5752; x_wconf 86' lang='lat' dir='ltr'><strong>mortis</strong></span> 
     </span>
    </p>
   </div>
   <div class='ocr_carea' id='block_1_60' title="bbox 1309 5788 2894 5872">
    <p class='ocr_par' dir='ltr' id='par_1_60' title="bbox 1309 5788 2894 5872">
     <span class='ocr_line' id='line_1_60' title="bbox 1309 5788 2894 5872; baseline -0.01 -13"><span class='ocrx_word' id='word_1_432' title='bbox 1309 5802 1514 5872; x_wconf 79' lang='lat' dir='ltr'><strong>hujus!</strong></span> <span class='ocrx_word' id='word_1_433' title='bbox 1563 5797 1745 5854; x_wconf 59' lang='lat' dir='ltr'><strong>Gratia</strong></span> <span class='ocrx_word' id='word_1_434' title='bbox 1791 5796 1885 5851; x_wconf 69' lang='lat' dir='ltr'><strong>Dei</strong></span> <span class='ocrx_word' id='word_1_435' title='bbox 1928 5810 2022 5863; x_wconf 86' lang='lat' dir='ltr'><strong>per</strong></span> <span class='ocrx_word' id='word_1_436' title='bbox 2062 5792 2243 5848; x_wconf 58' lang='lat' dir='ltr'><strong>desum</strong></span> <span class='ocrx_word' id='word_1_437' title='bbox 2289 5790 2559 5844; x_wconf 80' lang='lat' dir='ltr'><strong>Christum</strong></span> <span class='ocrx_word' id='word_1_438' title='bbox 2606 5788 2894 5844; x_wconf 79' lang='lat' dir='ltr'><strong>Dominum</strong></span> 
     </span>
    </p>
   </div>
   <div class='ocr_carea' id='block_1_61' title="bbox 1314 5881 2890 5956">
    <p class='ocr_par' dir='ltr' id='par_1_61' title="bbox 1314 5881 2890 5956">
     <span class='ocr_line' id='line_1_61' title="bbox 1314 5881 2890 5956; baseline -0.01 -7"><span class='ocrx_word' id='word_1_439' title='bbox 1314 5904 1586 5956; x_wconf 79' lang='lat' dir='ltr'><strong>nostrum;</strong></span> <span class='ocrx_word' id='word_1_440' title='bbox 1619 5902 1665 5945; x_wconf 64' lang='lat' dir='ltr'><strong>et</strong></span> <span class='ocrx_word' id='word_1_441' title='bbox 1703 5890 1897 5945; x_wconf 70' lang='lat' dir='ltr'><strong>iterum</strong></span> <span class='ocrx_word' id='word_1_442' title='bbox 1927 5904 1940 5940; x_wconf 92' lang='lat'>:</span> <span class='ocrx_word' id='word_1_443' title='bbox 1974 5884 2158 5941; x_wconf 75' lang='lat' dir='ltr'><strong>Gratia</strong></span> <span class='ocrx_word' id='word_1_444' title='bbox 2202 5885 2298 5940; x_wconf 84' lang='lat' dir='ltr'><strong>Dei</strong></span> <span class='ocrx_word' id='word_1_445' title='bbox 2329 5899 2448 5939; x_wconf 77' lang='lat' dir='ltr'><strong>sum</strong></span> <span class='ocrx_word' id='word_1_446' title='bbox 2495 5883 2547 5938; x_wconf 88' lang='lat' dir='ltr'><strong>id</strong></span> <span class='ocrx_word' id='word_1_447' title='bbox 2575 5881 2721 5953; x_wconf 89' lang='lat' dir='ltr'><strong>quod</strong></span> <span class='ocrx_word' id='word_1_448' title='bbox 2752 5895 2890 5948; x_wconf 90' lang='lat' dir='ltr'><strong>sum,</strong></span> 
     </span>
    </p>
   </div>
   <div class='ocr_carea' id='block_1_62' title="bbox 2953 594 4560 668">
    <p class='ocr_par' dir='ltr' id='par_1_62' title="bbox 2953 594 4560 668">
     <span class='ocr_line' id='line_1_62' title="bbox 2953 594 4560 668; baseline -0.005 -10"><span class='ocrx_word' id='word_1_449' title='bbox 2953 601 3057 658; x_wconf 86' lang='lat' dir='ltr'><strong>bus</strong></span> <span class='ocrx_word' id='word_1_450' title='bbox 3082 601 3185 656; x_wconf 81' lang='lat' dir='ltr'><strong>illis</strong></span> <span class='ocrx_word' id='word_1_451' title='bbox 3215 600 3494 667; x_wconf 84' lang='lat' dir='ltr'><strong>laboravi;</strong></span> <span class='ocrx_word' id='word_1_452' title='bbox 3547 614 3659 655; x_wconf 87' lang='lat' dir='ltr'><strong>non</strong></span> <span class='ocrx_word' id='word_1_453' title='bbox 3687 611 3791 668; x_wconf 84' lang='lat' dir='ltr'><strong>ego</strong></span> <span class='ocrx_word' id='word_1_454' title='bbox 3838 605 4045 663; x_wconf 86' lang='lat' dir='ltr'><strong>autem,</strong></span> <span class='ocrx_word' id='word_1_455' title='bbox 4091 596 4189 654; x_wconf 87' lang='lat' dir='ltr'><strong>sed</strong></span> <span class='ocrx_word' id='word_1_456' title='bbox 4235 596 4412 666; x_wconf 84' lang='lat' dir='ltr'><strong>gratia</strong></span> <span class='ocrx_word' id='word_1_457' title='bbox 4464 594 4560 651; x_wconf 80' lang='lat' dir='ltr'><strong>Det</strong></span> 
     </span>
    </p>
   </div>
   <div class='ocr_carea' id='block_1_63' title="bbox 2956 710 3190 751">
    <p class='ocr_par' dir='ltr' id='par_1_63' title="bbox 2956 710 3190 751">
     <span class='ocr_line' id='line_1_63' title="bbox 2956 710 3190 751; baseline 0 -2"><span class='ocrx_word' id='word_1_458' title='bbox 2956 710 3190 751; x_wconf 90' lang='lat' dir='ltr'><strong>mecum.</strong></span> 
     </span>
    </p>
   </div>
   <div class='ocr_carea' id='block_1_64' title="bbox 2955 822 4555 894">
    <p class='ocr_par' dir='ltr' id='par_1_64' title="bbox 2955 822 4555 894">
     <span class='ocr_line' id='line_1_64' title="bbox 2955 822 4555 894; baseline -0.008 -8"><span class='ocrx_word' id='word_1_459' title='bbox 2955 827 3203 890; x_wconf 84' lang='lat' dir='ltr'><strong>CCXCV.</strong></span> <span class='ocrx_word' id='word_1_460' title='bbox 3229 826 3379 892; x_wconf 77' lang='lat' dir='ltr'><strong>Quod</strong></span> <span class='ocrx_word' id='word_1_461' title='bbox 3405 827 3576 894; x_wconf 73' lang='lat' dir='ltr'><strong>gratia</strong></span> <span class='ocrx_word' id='word_1_462' title='bbox 3608 823 3705 879; x_wconf 87' lang='lat' dir='ltr'><strong>Dei</strong></span> <span class='ocrx_word' id='word_1_463' title='bbox 3733 841 3836 880; x_wconf 80' lang='lat' dir='ltr'><strong>non</strong></span> <span class='ocrx_word' id='word_1_464' title='bbox 3869 824 4036 878; x_wconf 86' lang='lat' dir='ltr'><strong>solum</strong></span> <span class='ocrx_word' id='word_1_465' title='bbox 4058 831 4275 893; x_wconf 82' lang='lat' dir='ltr'><strong>percata</strong></span> <span class='ocrx_word' id='word_1_466' title='bbox 4303 822 4555 888; x_wconf 76' lang='lat' dir='ltr'><strong>dimittat,</strong></span> 
     </span>
    </p>
   </div>
   <div class='ocr_carea' id='block_1_65' title="bbox 3026 894 4558 969">
    <p class='ocr_par' dir='ltr' id='par_1_65' title="bbox 3026 894 4558 969">
     <span class='ocr_line' id='line_1_65' title="bbox 3026 894 4558 969; baseline -0.005 -15"><span class='ocrx_word' id='word_1_467' title='bbox 3026 900 3119 955; x_wconf 87' lang='lat' dir='ltr'><strong>sed</strong></span> <span class='ocrx_word' id='word_1_468' title='bbox 3145 900 3302 953; x_wconf 83' lang='lat' dir='ltr'><strong>etiam</strong></span> <span class='ocrx_word' id='word_1_469' title='bbox 3333 898 3561 969; x_wconf 66' lang='lat' dir='ltr'><strong>adjuvet,</strong></span> <span class='ocrx_word' id='word_1_470' title='bbox 3592 906 3649 969; x_wconf 73' lang='lat' dir='ltr'><strong>ut</strong></span> <span class='ocrx_word' id='word_1_471' title='bbox 3686 896 4224 969; x_wconf 72' lang='lat' dir='ltr'><strong>necrontmittautur,</strong></span> <span class='ocrx_word' id='word_1_472' title='bbox 4257 901 4308 947; x_wconf 78' lang='lat' dir='ltr'><strong>et</strong></span> <span class='ocrx_word' id='word_1_473' title='bbox 4338 894 4427 969; x_wconf 62' lang='lat' dir='ltr'><strong>lea:</strong></span> <span class='ocrx_word' id='word_1_474' title='bbox 4457 895 4558 969; x_wconf 75' lang='lat' dir='ltr'><strong>ins-</strong></span> 
     </span>
    </p>
   </div>
   <div class='ocr_carea' id='block_1_66' title="bbox 3025 965 4557 1041">
    <p class='ocr_par' dir='ltr' id='par_1_66' title="bbox 3025 965 4557 1041">
     <span class='ocr_line' id='line_1_66' title="bbox 3025 965 4557 1041; baseline -0.005 -15"><span class='ocrx_word' id='word_1_475' title='bbox 3025 973 3250 1041; x_wconf 83' lang='lat' dir='ltr'><strong>pleatur,</strong></span> <span class='ocrx_word' id='word_1_476' title='bbox 3284 965 3546 1041; x_wconf 51' lang='lat' dir='ltr'><strong>non&#39;sirut</strong></span> <span class='ocrx_word' id='word_1_477' title='bbox 3586 966 3660 1021; x_wconf 78' lang='lat' dir='ltr'><strong>ait</strong></span> <span class='ocrx_word' id='word_1_478' title='bbox 3700 968 3970 1041; x_wconf 62' lang='lat' dir='ltr'><strong>Pelagius,</strong></span> <span class='ocrx_word' id='word_1_479' title='bbox 4010 966 4207 1041; x_wconf 56' lang='lat' dir='ltr'><strong>facile,</strong></span> <span class='ocrx_word' id='word_1_480' title='bbox 4244 965 4398 1036; x_wconf 83' lang='lat' dir='ltr'><strong>quasi</strong></span> <span class='ocrx_word' id='word_1_481' title='bbox 4448 968 4557 1019; x_wconf 81' lang='lat' dir='ltr'><strong>sine</strong></span> 
     </span>
    </p>
   </div>
   <div class='ocr_carea' id='block_1_67' title="bbox 3028 1038 4068 1114">
    <p class='ocr_par' dir='ltr' id='par_1_67' title="bbox 3028 1038 4068 1114">
     <span class='ocr_line' id='line_1_67' title="bbox 3028 1038 4068 1114; baseline -0.01 -15"><span class='ocrx_word' id='word_1_482' title='bbox 3028 1038 3201 1114; x_wconf 66' lang='lat' dir='ltr'><strong>gratia</strong></span> <span class='ocrx_word' id='word_1_483' title='bbox 3233 1041 3327 1097; x_wconf 89' lang='lat' dir='ltr'><strong>Dei</strong></span> <span class='ocrx_word' id='word_1_484' title='bbox 3356 1040 3619 1111; x_wconf 68' lang='lat' dir='ltr'><strong>diﬁirilius</strong></span> <span class='ocrx_word' id='word_1_485' title='bbox 3647 1040 3813 1109; x_wconf 85' lang='lat' dir='ltr'><strong>possit</strong></span> <span class='ocrx_word' id='word_1_486' title='bbox 3844 1041 3923 1103; x_wconf 9' lang='lat' dir='ltr'><strong>im,</strong></span> <span class='ocrx_word' id='word_1_487' title='bbox 3953 1038 4068 1090; x_wconf 83' lang='lat' dir='ltr'><strong>teri.</strong></span> 
     </span>
    </p>
   </div>
   <div class='ocr_carea' id='block_1_68' title="bbox 3029 1146 4558 1221">
    <p class='ocr_par' dir='ltr' id='par_1_68' title="bbox 3029 1146 4558 1221">
     <span class='ocr_line' id='line_1_68' title="bbox 3029 1146 4558 1221; baseline -0.005 -13"><span class='ocrx_word' id='word_1_488' title='bbox 3029 1152 3115 1208; x_wconf 75' lang='lat' dir='ltr'><strong>Ea:</strong></span> <span class='ocrx_word' id='word_1_489' title='bbox 3159 1151 3376 1207; x_wconf 78' lang='lat' dir='ltr'><strong>decretis</strong></span> <span class='ocrx_word' id='word_1_490' title='bbox 3425 1166 3576 1221; x_wconf 76' lang='lat' dir='ltr'><strong>papa:</strong></span> <span class='ocrx_word' id='word_1_491' title='bbox 3622 1148 3851 1213; x_wconf 68' lang='lat' dir='ltr'><strong>Ca‘lcsL,</strong></span> <span class='ocrx_word' id='word_1_492' title='bbox 3903 1149 3985 1202; x_wconf 89' lang='lat' dir='ltr'><strong>tit.</strong></span> <span class='ocrx_word' id='word_1_493' title='bbox 4036 1148 4125 1202; x_wconf 75' lang='lat'><strong>10.</strong></span> <span class='ocrx_word' id='word_1_494' title='bbox 4172 1146 4308 1202; x_wconf 88' lang='lat' dir='ltr'><strong>lllud</strong></span> <span class='ocrx_word' id='word_1_495' title='bbox 4363 1149 4558 1213; x_wconf 85' lang='lat' dir='ltr'><strong>etiam,</strong></span> 
     </span>
    </p>
   </div>
   <div class='ocr_carea' id='block_1_69' title="bbox 2957 1241 4560 1319">
    <p class='ocr_par' dir='ltr' id='par_1_69' title="bbox 2957 1241 4560 1319">
     <span class='ocr_line' id='line_1_69' title="bbox 2957 1241 4560 1319; baseline -0.005 -16"><span class='ocrx_word' id='word_1_496' title='bbox 2957 1248 3103 1319; x_wconf 91' lang='lat' dir='ltr'><strong>quod</strong></span> <span class='ocrx_word' id='word_1_497' title='bbox 3133 1247 3273 1301; x_wconf 88' lang='lat' dir='ltr'><strong>inter</strong></span> <span class='ocrx_word' id='word_1_498' title='bbox 3313 1245 3779 1313; x_wconf 77' lang='lat' dir='ltr'><strong>Carthaginiensis</strong></span> <span class='ocrx_word' id='word_1_499' title='bbox 3806 1242 3995 1315; x_wconf 75' lang='lat' dir='ltr'><strong>synodi</strong></span> <span class='ocrx_word' id='word_1_500' title='bbox 4025 1241 4248 1297; x_wconf 83' lang='lat' dir='ltr'><strong>decreta</strong></span> <span class='ocrx_word' id='word_1_501' title='bbox 4288 1242 4560 1296; x_wconf 85' lang='lat' dir='ltr'><strong>constitu-</strong></span> 
     </span>
    </p>
   </div>
   <div class='ocr_carea' id='block_1_70' title="bbox 2960 1335 4564 1411">
    <p class='ocr_par' dir='ltr' id='par_1_70' title="bbox 2960 1335 4564 1411">
     <span class='ocr_line' id='line_1_70' title="bbox 2960 1335 4564 1411; baseline -0.004 -15"><span class='ocrx_word' id='word_1_502' title='bbox 2960 1350 3076 1396; x_wconf 87' lang='lat' dir='ltr'><strong>tum</strong></span> <span class='ocrx_word' id='word_1_503' title='bbox 3107 1351 3211 1409; x_wconf 83' lang='lat' dir='ltr'><strong>est,</strong></span> <span class='ocrx_word' id='word_1_504' title='bbox 3242 1340 3394 1411; x_wconf 81' lang='lat' dir='ltr'><strong>quasi</strong></span> <span class='ocrx_word' id='word_1_505' title='bbox 3426 1339 3705 1410; x_wconf 70' lang='lat' dir='ltr'><strong>proprium</strong></span> <span class='ocrx_word' id='word_1_506' title='bbox 3745 1336 4059 1409; x_wconf 67' lang='lat' dir='ltr'><strong>apostolica!</strong></span> <span class='ocrx_word' id='word_1_507' title='bbox 4098 1335 4247 1392; x_wconf 87' lang='lat' dir='ltr'><strong>sedis</strong></span> <span class='ocrx_word' id='word_1_508' title='bbox 4280 1335 4564 1406; x_wconf 83' lang='lat' dir='ltr'><strong>amplecti-</strong></span> 
     </span>
    </p>
   </div>
   <div class='ocr_carea' id='block_1_71' title="bbox 2960 1427 4563 1502">
    <p class='ocr_par' dir='ltr' id='par_1_71' title="bbox 2960 1427 4563 1502">
     <span class='ocr_line' id='line_1_71' title="bbox 2960 1427 4563 1502; baseline -0.004 -13"><span class='ocrx_word' id='word_1_509' title='bbox 2960 1450 3101 1500; x_wconf 69' lang='lat' dir='ltr'><strong>m&#39;rr,</strong></span> <span class='ocrx_word' id='word_1_510' title='bbox 3132 1434 3274 1502; x_wconf 74' lang='grc' dir='ltr'><strong>(μιοό</strong></span> <span class='ocrx_word' id='word_1_511' title='bbox 3308 1432 3512 1487; x_wconf 66' lang='lat' dir='ltr'><strong>scilicet</strong></span> <span class='ocrx_word' id='word_1_512' title='bbox 3545 1433 3706 1487; x_wconf 73' lang='lat' dir='ltr'><strong>tertio</strong></span> <span class='ocrx_word' id='word_1_513' title='bbox 3737 1430 3975 1502; x_wconf 86' lang='lat' dir='ltr'><strong>capitulo</strong></span> <span class='ocrx_word' id='word_1_514' title='bbox 4012 1428 4303 1486; x_wconf 84' lang='lat' dir='ltr'><strong>deﬁnitum</strong></span> <span class='ocrx_word' id='word_1_515' title='bbox 4334 1438 4418 1485; x_wconf 86' lang='lat' dir='ltr'><strong>est</strong></span> <span class='ocrx_word' id='word_1_516' title='bbox 4451 1448 4464 1482; x_wconf 91' lang='lat'>:</span> <span class='ocrx_word' id='word_1_517' title='bbox 4501 1427 4563 1483; x_wconf 76' lang='grc' dir='ltr'><strong>[ι</strong></span> 
     </span>
    </p>
   </div>
   <div class='ocr_carea' id='block_1_72' title="bbox 2963 1524 4566 1597">
    <p class='ocr_par' dir='ltr' id='par_1_72' title="bbox 2963 1524 4566 1597">
     <span class='ocr_line' id='line_1_72' title="bbox 2963 1524 4566 1597; baseline -0.001 -16"><span class='ocrx_word' id='word_1_518' title='bbox 2963 1528 3268 1597; x_wconf 78' lang='lat' dir='ltr'><strong>quicunque</strong></span> <span class='ocrx_word' id='word_1_519' title='bbox 3292 1526 3490 1580; x_wconf 81' lang='lat' dir='ltr'><strong>dixerit</strong></span> <span class='ocrx_word' id='word_1_520' title='bbox 3516 1526 3746 1595; x_wconf 62' lang='lat' dir='ltr'><strong>gratiam</strong></span> <span class='ocrx_word' id='word_1_521' title='bbox 3784 1524 3899 1589; x_wconf 88' lang='lat' dir='ltr'><strong>Dei,</strong></span> <span class='ocrx_word' id='word_1_522' title='bbox 3931 1540 4040 1594; x_wconf 77' lang='lat' dir='ltr'><strong>qua</strong></span> <span class='ocrx_word' id='word_1_523' title='bbox 4067 1524 4442 1593; x_wconf 70' lang='lat' dir='ltr'><strong>justiliramnr</strong></span> <span class='ocrx_word' id='word_1_524' title='bbox 4470 1538 4566 1591; x_wconf 88' lang='lat' dir='ltr'><strong>per</strong></span> 
     </span>
    </p>
   </div>
   <div class='ocr_carea' id='block_1_73' title="bbox 2964 1618 4565 1686">
    <p class='ocr_par' dir='ltr' id='par_1_73' title="bbox 2964 1618 4565 1686">
     <span class='ocr_line' id='line_1_73' title="bbox 2964 1618 4565 1686; baseline -0.004 -9"><span class='ocrx_word' id='word_1_525' title='bbox 2964 1622 3143 1677; x_wconf 82' lang='lat' dir='ltr'><strong>.lcsnm</strong></span> <span class='ocrx_word' id='word_1_526' title='bbox 3172 1621 3440 1677; x_wconf 76' lang='lat' dir='ltr'><strong>Cltrislum</strong></span> <span class='ocrx_word' id='word_1_527' title='bbox 3476 1620 3760 1675; x_wconf 87' lang='lat' dir='ltr'><strong>Dominum</strong></span> <span class='ocrx_word' id='word_1_528' title='bbox 3792 1629 4058 1686; x_wconf 88' lang='lat' dir='ltr'><strong>nostrum,</strong></span> <span class='ocrx_word' id='word_1_529' title='bbox 4086 1619 4152 1674; x_wconf 86' lang='lat' dir='ltr'><strong>ad</strong></span> <span class='ocrx_word' id='word_1_530' title='bbox 4175 1619 4353 1673; x_wconf 87' lang='lat' dir='ltr'><strong>solam</strong></span> <span class='ocrx_word' id='word_1_531' title='bbox 4381 1618 4565 1672; x_wconf 85' lang='lat' dir='ltr'><strong>remis-</strong></span> 
     </span>
    </p>
   </div>
   <div class='ocr_carea' id='block_1_74' title="bbox 2965 1713 4562 1784">
    <p class='ocr_par' dir='ltr' id='par_1_74' title="bbox 2965 1713 4562 1784">
     <span class='ocr_line' id='line_1_74' title="bbox 2965 1713 4562 1784; baseline -0.003 -14"><span class='ocrx_word' id='word_1_532' title='bbox 2965 1717 3100 1770; x_wconf 79' lang='lat' dir='ltr'><strong>sion-</strong></span> <span class='ocrx_word' id='word_1_533' title='bbox 3124 1732 3173 1768; x_wconf 86' lang='lat' dir='ltr'><strong>Ill</strong></span> <span class='ocrx_word' id='word_1_534' title='bbox 3206 1726 3554 1784; x_wconf 75' lang='lat' dir='ltr'><strong>peccatorum</strong></span> <span class='ocrx_word' id='word_1_535' title='bbox 3580 1713 3782 1778; x_wconf 87' lang='lat' dir='ltr'><strong>vaiere,</strong></span> <span class='ocrx_word' id='word_1_536' title='bbox 3806 1729 3923 1783; x_wconf 72' lang='lat' dir='ltr'><strong>qua:</strong></span> <span class='ocrx_word' id='word_1_537' title='bbox 3947 1714 4059 1783; x_wconf 85' lang='lat' dir='ltr'><strong>jam</strong></span> <span class='ocrx_word' id='word_1_538' title='bbox 4091 1714 4384 1769; x_wconf 78' lang='lat' dir='ltr'><strong>cummi-sa</strong></span> <span class='ocrx_word' id='word_1_539' title='bbox 4417 1724 4562 1778; x_wconf 76' lang='lat' dir='ltr'><strong>sunt,</strong></span> 
     </span>
    </p>
   </div>
   <div class='ocr_carea' id='block_1_75' title="bbox 2966 1805 4567 1873">
    <p class='ocr_par' dir='ltr' id='par_1_75' title="bbox 2966 1805 4567 1873">
     <span class='ocr_line' id='line_1_75' title="bbox 2966 1805 4567 1873; baseline 0.001 -12"><span class='ocrx_word' id='word_1_540' title='bbox 2966 1822 3073 1861; x_wconf 87' lang='lat' dir='ltr'><strong>non</strong></span> <span class='ocrx_word' id='word_1_541' title='bbox 3098 1807 3262 1861; x_wconf 86' lang='lat' dir='ltr'><strong>etiam</strong></span> <span class='ocrx_word' id='word_1_542' title='bbox 3292 1810 3357 1860; x_wconf 75' lang='lat' dir='ltr'><strong>ad</strong></span> <span class='ocrx_word' id='word_1_543' title='bbox 3377 1805 3728 1871; x_wconf 80' lang='lat' dir='ltr'><strong>adiutorium,</strong></span> <span class='ocrx_word' id='word_1_544' title='bbox 3763 1813 3819 1861; x_wconf 89' lang='lat' dir='ltr'><strong>ut</strong></span> <span class='ocrx_word' id='word_1_545' title='bbox 3847 1822 3952 1862; x_wconf 91' lang='lat' dir='ltr'><strong>non</strong></span> <span class='ocrx_word' id='word_1_546' title='bbox 3975 1807 4412 1873; x_wconf 83' lang='lat' dir='ltr'><strong>committantur,</strong></span> <span class='ocrx_word' id='word_1_547' title='bbox 4440 1822 4567 1862; x_wconf 85' lang='lat' dir='ltr'><strong>ana-</strong></span> 
     </span>
    </p>
   </div>
   <div class='ocr_carea' id='block_1_76' title="bbox 2675 1880 4567 1972">
    <p class='ocr_par' dir='ltr' id='par_1_76' title="bbox 2675 1880 4567 1972">
     <span class='ocr_line' id='line_1_76' title="bbox 2675 1880 4567 1972; baseline 0.002 -21"><span class='ocrx_word' id='word_1_548' title='bbox 2675 1880 2856 1972; x_wconf 48' lang='lat' dir='ltr'><strong>mimia</strong></span> <span class='ocrx_word' id='word_1_549' title='bbox 2889 1895 2936 1956; x_wconf 85' lang='grc' dir='ltr'><strong>Β</strong></span> <span class='ocrx_word' id='word_1_550' title='bbox 2968 1903 3145 1955; x_wconf 80' lang='lat' dir='ltr'><strong>thema</strong></span> <span class='ocrx_word' id='word_1_551' title='bbox 3176 1902 3247 1957; x_wconf 85' lang='lat' dir='ltr'><strong>sit</strong></span> <span class='ocrx_word' id='word_1_552' title='bbox 3280 1921 3289 1955; x_wconf 91' lang='lat'>:</span> <span class='ocrx_word' id='word_1_553' title='bbox 3324 1912 3379 1955; x_wconf 88' lang='lat' dir='ltr'><strong>et</strong></span> <span class='ocrx_word' id='word_1_554' title='bbox 3428 1902 3624 1956; x_wconf 67' lang='lat' dir='ltr'><strong>iterum</strong></span> <span class='ocrx_word' id='word_1_555' title='bbox 3672 1910 3866 1972; x_wconf 78' lang='lat' dir='ltr'><strong>quarto</strong></span> <span class='ocrx_word' id='word_1_556' title='bbox 3895 1902 4161 1972; x_wconf 83' lang='lat' dir='ltr'><strong>capitulo,</strong></span> <span class='ocrx_word' id='word_1_557' title='bbox 4213 1903 4281 1958; x_wconf 87' lang='lat' dir='ltr'><strong>Ut</strong></span> <span class='ocrx_word' id='word_1_558' title='bbox 4323 1903 4567 1971; x_wconf 67' lang='lat' dir='ltr'><strong>quisquis</strong></span> 
     </span>
    </p>
   </div>
   <div class='ocr_carea' id='block_1_77' title="bbox 2966 1992 4570 2065">
    <p class='ocr_par' dir='ltr' id='par_1_77' title="bbox 2966 1992 4570 2065">
     <span class='ocr_line' id='line_1_77' title="bbox 2966 1992 4570 2065; baseline 0.001 -17"><span class='ocrx_word' id='word_1_559' title='bbox 2966 1994 3195 2056; x_wconf 60' lang='lat' dir='ltr'><strong>dixerit,</strong></span> <span class='ocrx_word' id='word_1_560' title='bbox 3250 1994 3480 2061; x_wconf 81' lang='lat' dir='ltr'><strong>gratiam</strong></span> <span class='ocrx_word' id='word_1_561' title='bbox 3522 1993 3617 2047; x_wconf 63' lang='lat' dir='ltr'><strong>Dei</strong></span> <span class='ocrx_word' id='word_1_562' title='bbox 3655 2009 3750 2063; x_wconf 76' lang='lat' dir='ltr'><strong>per</strong></span> <span class='ocrx_word' id='word_1_563' title='bbox 3789 1992 3971 2048; x_wconf 79' lang='lat' dir='ltr'><strong>Jesum</strong></span> <span class='ocrx_word' id='word_1_564' title='bbox 4001 1992 4313 2061; x_wconf 88' lang='lat' dir='ltr'><strong>Christum,</strong></span> <span class='ocrx_word' id='word_1_565' title='bbox 4347 2007 4570 2065; x_wconf 79' lang='lat' dir='ltr'><strong>propter</strong></span> 
     </span>
    </p>
   </div>
   <div class='ocr_carea' id='block_1_78' title="bbox 2967 2085 4567 2158">
    <p class='ocr_par' dir='ltr' id='par_1_78' title="bbox 2967 2085 4567 2158">
     <span class='ocr_line' id='line_1_78' title="bbox 2967 2085 4567 2158; baseline 0.002 -19"><span class='ocrx_word' id='word_1_566' title='bbox 2967 2086 3071 2140; x_wconf 89' lang='lat' dir='ltr'><strong>hoc</strong></span> <span class='ocrx_word' id='word_1_567' title='bbox 3119 2096 3329 2140; x_wconf 89' lang='lat' dir='ltr'><strong>tantum</strong></span> <span class='ocrx_word' id='word_1_568' title='bbox 3363 2103 3460 2142; x_wconf 83' lang='lat' dir='ltr'><strong>nos</strong></span> <span class='ocrx_word' id='word_1_569' title='bbox 3491 2085 3755 2156; x_wconf 81' lang='lat' dir='ltr'><strong>adjuvare</strong></span> <span class='ocrx_word' id='word_1_570' title='bbox 3793 2086 3860 2140; x_wconf 85' lang='lat' dir='ltr'><strong>ad</strong></span> <span class='ocrx_word' id='word_1_571' title='bbox 3904 2103 4011 2141; x_wconf 88' lang='lat' dir='ltr'><strong>non</strong></span> <span class='ocrx_word' id='word_1_572' title='bbox 4043 2089 4402 2157; x_wconf 68' lang='lat' dir='ltr'><strong>peccandum,</strong></span> <span class='ocrx_word' id='word_1_573' title='bbox 4445 2090 4567 2158; x_wconf 86' lang='lat' dir='ltr'><strong>quia</strong></span> 
     </span>
    </p>
   </div>
   <div class='ocr_carea' id='block_1_79' title="bbox 2965 2180 4566 2253">
    <p class='ocr_par' dir='ltr' id='par_1_79' title="bbox 2965 2180 4566 2253">
     <span class='ocr_line' id='line_1_79' title="bbox 2965 2180 4566 2253; baseline 0.003 -21"><span class='ocrx_word' id='word_1_574' title='bbox 2965 2194 3065 2250; x_wconf 84' lang='lat' dir='ltr'><strong>per</strong></span> <span class='ocrx_word' id='word_1_575' title='bbox 3094 2180 3264 2249; x_wconf 85' lang='lat' dir='ltr'><strong>ipsam</strong></span> <span class='ocrx_word' id='word_1_576' title='bbox 3306 2181 3461 2235; x_wconf 82' lang='lat' dir='ltr'><strong>nobis</strong></span> <span class='ocrx_word' id='word_1_577' title='bbox 3490 2180 3785 2247; x_wconf 79' lang='lat' dir='ltr'><strong>revehitur,</strong></span> <span class='ocrx_word' id='word_1_578' title='bbox 3829 2191 3882 2235; x_wconf 86' lang='lat' dir='ltr'><strong>et</strong></span> <span class='ocrx_word' id='word_1_579' title='bbox 3925 2182 4170 2253; x_wconf 84' lang='lat' dir='ltr'><strong>aperitur</strong></span> <span class='ocrx_word' id='word_1_580' title='bbox 4215 2183 4566 2251; x_wconf 54' lang='lat' dir='ltr'><strong>itltsiiigentia</strong></span> 
     </span>
    </p>
   </div>
   <div class='ocr_carea' id='block_1_80' title="bbox 2967 2272 4567 2344">
    <p class='ocr_par' dir='ltr' id='par_1_80' title="bbox 2967 2272 4567 2344">
     <span class='ocr_line' id='line_1_80' title="bbox 2967 2272 4567 2344; baseline 0.003 -19"><span class='ocrx_word' id='word_1_581' title='bbox 2967 2272 3368 2339; x_wconf 75' lang='lat' dir='ltr'><strong>mandatorum,</strong></span> <span class='ocrx_word' id='word_1_582' title='bbox 3404 2281 3462 2327; x_wconf 92' lang='lat' dir='ltr'><strong>ut</strong></span> <span class='ocrx_word' id='word_1_583' title='bbox 3501 2273 3737 2328; x_wconf 72' lang='lat' dir='ltr'><strong>sciamus</strong></span> <span class='ocrx_word' id='word_1_584' title='bbox 3768 2272 3896 2342; x_wconf 87' lang='lat' dir='ltr'><strong>qttid</strong></span> <span class='ocrx_word' id='word_1_585' title='bbox 3928 2285 4189 2343; x_wconf 71' lang='lat' dir='ltr'><strong>agzpeterc</strong></span> <span class='ocrx_word' id='word_1_586' title='bbox 4232 2284 4290 2330; x_wconf 88' lang='lat' dir='ltr'><strong>et</strong></span> <span class='ocrx_word' id='word_1_587' title='bbox 4326 2276 4457 2344; x_wconf 88' lang='lat' dir='ltr'><strong>quid</strong></span> <span class='ocrx_word' id='word_1_588' title='bbox 4486 2274 4567 2329; x_wconf 86' lang='lat' dir='ltr'><strong>vi-</strong></span> 
     </span>
    </p>
   </div>
   <div class='ocr_carea' id='block_1_81' title="bbox 2970 2366 4565 2437">
    <p class='ocr_par' dir='ltr' id='par_1_81' title="bbox 2970 2366 4565 2437">
     <span class='ocr_line' id='line_1_81' title="bbox 2970 2366 4565 2437; baseline 0.003 -20"><span class='ocrx_word' id='word_1_589' title='bbox 2970 2374 3085 2419; x_wconf 75' lang='lat' dir='ltr'><strong>tare</strong></span> <span class='ocrx_word' id='word_1_590' title='bbox 3112 2366 3442 2429; x_wconf 74' lang='lat' dir='ltr'><strong>debeamus;</strong></span> <span class='ocrx_word' id='word_1_591' title='bbox 3476 2380 3583 2420; x_wconf 87' lang='lat' dir='ltr'><strong>non</strong></span> <span class='ocrx_word' id='word_1_592' title='bbox 3608 2375 3789 2420; x_wconf 77' lang='lat' dir='ltr'><strong>autem</strong></span> <span class='ocrx_word' id='word_1_593' title='bbox 3821 2381 3918 2436; x_wconf 85' lang='lat' dir='ltr'><strong>per</strong></span> <span class='ocrx_word' id='word_1_594' title='bbox 3945 2366 4091 2420; x_wconf 80' lang='lat' dir='ltr'><strong>illam</strong></span> <span class='ocrx_word' id='word_1_595' title='bbox 4122 2368 4281 2421; x_wconf 81' lang='lat' dir='ltr'><strong>nobis</strong></span> <span class='ocrx_word' id='word_1_596' title='bbox 4301 2369 4565 2437; x_wconf 72' lang='lat' dir='ltr'><strong>pra-stari,</strong></span> 
     </span>
    </p>
   </div>
   <div class='ocr_carea' id='block_1_82' title="bbox 2971 2457 4563 2530">
    <p class='ocr_par' dir='ltr' id='par_1_82' title="bbox 2971 2457 4563 2530">
     <span class='ocr_line' id='line_1_82' title="bbox 2971 2457 4563 2530; baseline 0.003 -19"><span class='ocrx_word' id='word_1_597' title='bbox 2971 2466 3034 2511; x_wconf 19' lang='lat' dir='ltr'><strong>ut.</strong></span> <span class='ocrx_word' id='word_1_598' title='bbox 3057 2458 3203 2525; x_wconf 80' lang='lat' dir='ltr'><strong>quod</strong></span> <span class='ocrx_word' id='word_1_599' title='bbox 3234 2457 3539 2512; x_wconf 73' lang='lat' dir='ltr'><strong>faciendum</strong></span> <span class='ocrx_word' id='word_1_600' title='bbox 3580 2459 3934 2527; x_wconf 75' lang='lat' dir='ltr'><strong>cognovimus</strong></span> <span class='ocrx_word' id='word_1_601' title='bbox 3958 2459 4122 2513; x_wconf 82' lang='lat' dir='ltr'><strong>etiam</strong></span> <span class='ocrx_word' id='word_1_602' title='bbox 4155 2461 4337 2515; x_wconf 73' lang='lat' dir='ltr'><strong>facere</strong></span> <span class='ocrx_word' id='word_1_603' title='bbox 4368 2461 4563 2530; x_wconf 79' lang='lat' dir='ltr'><strong>diliga-</strong></span> 
     </span>
    </p>
   </div>
   <div class='ocr_carea' id='block_1_83' title="bbox 2969 2551 4563 2620">
    <p class='ocr_par' dir='ltr' id='par_1_83' title="bbox 2969 2551 4563 2620">
     <span class='ocr_line' id='line_1_83' title="bbox 2969 2551 4563 2620; baseline 0.003 -16"><span class='ocrx_word' id='word_1_604' title='bbox 2969 2565 3110 2613; x_wconf 87' lang='lat' dir='ltr'><strong>mus,</strong></span> <span class='ocrx_word' id='word_1_605' title='bbox 3153 2559 3316 2620; x_wconf 84' lang='lat' dir='ltr'><strong>atque</strong></span> <span class='ocrx_word' id='word_1_606' title='bbox 3349 2551 3648 2618; x_wconf 86' lang='lat' dir='ltr'><strong>valeamus,</strong></span> <span class='ocrx_word' id='word_1_607' title='bbox 3680 2551 3970 2606; x_wconf 84' lang='lat' dir='ltr'><strong>anathema</strong></span> <span class='ocrx_word' id='word_1_608' title='bbox 4000 2552 4090 2607; x_wconf 87' lang='lat' dir='ltr'><strong>sit.</strong></span> <span class='ocrx_word' id='word_1_609' title='bbox 4126 2552 4261 2607; x_wconf 85' lang='lat' dir='ltr'><strong>Cum</strong></span> <span class='ocrx_word' id='word_1_610' title='bbox 4292 2554 4437 2608; x_wconf 90' lang='lat' dir='ltr'><strong>enim</strong></span> <span class='ocrx_word' id='word_1_611' title='bbox 4480 2554 4563 2608; x_wconf 89' lang='lat' dir='ltr'><strong>di-</strong></span> 
     </span>
    </p>
   </div>
   <div class='ocr_carea' id='block_1_84' title="bbox 2970 2640 4565 2711">
    <p class='ocr_par' dir='ltr' id='par_1_84' title="bbox 2970 2640 4565 2711">
     <span class='ocr_line' id='line_1_84' title="bbox 2970 2640 4565 2711; baseline 0.003 -16"><span class='ocrx_word' id='word_1_612' title='bbox 2970 2649 3061 2695; x_wconf 79' lang='lat' dir='ltr'><strong>cat</strong></span> <span class='ocrx_word' id='word_1_613' title='bbox 3090 2640 3380 2708; x_wconf 74' lang='lat' dir='ltr'><strong>Apostolus</strong></span> <span class='ocrx_word' id='word_1_614' title='bbox 3426 2642 3651 2697; x_wconf 85' lang='lat' dir='ltr'><strong>scientia</strong></span> <span class='ocrx_word' id='word_1_615' title='bbox 3677 2641 3850 2707; x_wconf 87' lang='lat' dir='ltr'><strong>inflat,</strong></span> <span class='ocrx_word' id='word_1_616' title='bbox 3879 2642 4115 2699; x_wconf 86' lang='lat' dir='ltr'><strong>charitas</strong></span> <span class='ocrx_word' id='word_1_617' title='bbox 4145 2660 4279 2699; x_wconf 85' lang='lat' dir='ltr'><strong>vero</strong></span> <span class='ocrx_word' id='word_1_618' title='bbox 4307 2645 4565 2711; x_wconf 73' lang='lat' dir='ltr'><strong>mdiﬁcat,</strong></span> 
     </span>
    </p>
   </div>
   <div class='ocr_carea' id='block_1_85' title="bbox 2970 2731 4564 2805">
    <p class='ocr_par' dir='ltr' id='par_1_85' title="bbox 2970 2731 4564 2805">
     <span class='ocr_line' id='line_1_85' title="bbox 2970 2731 4564 2805; baseline 0.003 -20"><span class='ocrx_word' id='word_1_619' title='bbox 2970 2731 3127 2785; x_wconf 80' lang='lat' dir='ltr'><strong>valde</strong></span> <span class='ocrx_word' id='word_1_620' title='bbox 3160 2732 3380 2801; x_wconf 86' lang='lat' dir='ltr'><strong>impium</strong></span> <span class='ocrx_word' id='word_1_621' title='bbox 3414 2743 3516 2798; x_wconf 80' lang='lat' dir='ltr'><strong>est,</strong></span> <span class='ocrx_word' id='word_1_622' title='bbox 3552 2741 3611 2787; x_wconf 89' lang='lat' dir='ltr'><strong>ut</strong></span> <span class='ocrx_word' id='word_1_623' title='bbox 3650 2734 3935 2789; x_wconf 87' lang='lat' dir='ltr'><strong>credamus</strong></span> <span class='ocrx_word' id='word_1_624' title='bbox 3965 2736 4031 2789; x_wconf 79' lang='lat' dir='ltr'><strong>ad</strong></span> <span class='ocrx_word' id='word_1_625' title='bbox 4061 2751 4183 2789; x_wconf 73' lang='lat' dir='ltr'><strong>eam</strong></span> <span class='ocrx_word' id='word_1_626' title='bbox 4228 2751 4351 2805; x_wconf 71' lang='lat' dir='ltr'><strong>qua:</strong></span> <span class='ocrx_word' id='word_1_627' title='bbox 4394 2737 4564 2802; x_wconf 81' lang='lat' dir='ltr'><strong>inflat,</strong></span> 
     </span>
    </p>
   </div>
   <div class='ocr_carea' id='block_1_86' title="bbox 2970 2822 4567 2897">
    <p class='ocr_par' dir='ltr' id='par_1_86' title="bbox 2970 2822 4567 2897">
     <span class='ocr_line' id='line_1_86' title="bbox 2970 2822 4567 2897; baseline 0.003 -20"><span class='ocrx_word' id='word_1_628' title='bbox 2970 2838 3072 2877; x_wconf 89' lang='lat' dir='ltr'><strong>nos</strong></span> <span class='ocrx_word' id='word_1_629' title='bbox 3102 2822 3303 2877; x_wconf 87' lang='lat' dir='ltr'><strong>habere</strong></span> <span class='ocrx_word' id='word_1_630' title='bbox 3330 2825 3557 2890; x_wconf 78' lang='lat' dir='ltr'><strong>gratiam</strong></span> <span class='ocrx_word' id='word_1_631' title='bbox 3588 2822 3812 2891; x_wconf 82' lang='lat' dir='ltr'><strong>Christi,</strong></span> <span class='ocrx_word' id='word_1_632' title='bbox 3843 2833 3899 2878; x_wconf 91' lang='lat' dir='ltr'><strong>et</strong></span> <span class='ocrx_word' id='word_1_633' title='bbox 3928 2824 3996 2878; x_wconf 89' lang='lat' dir='ltr'><strong>ad</strong></span> <span class='ocrx_word' id='word_1_634' title='bbox 4026 2839 4145 2880; x_wconf 89' lang='lat' dir='ltr'><strong>eam</strong></span> <span class='ocrx_word' id='word_1_635' title='bbox 4178 2841 4301 2897; x_wconf 64' lang='lat' dir='ltr'><strong>quae</strong></span> <span class='ocrx_word' id='word_1_636' title='bbox 4336 2827 4567 2882; x_wconf 80' lang='lat' dir='ltr'><strong>:cditieat</strong></span> 
     </span>
    </p>
   </div>
   <div class='ocr_carea' id='block_1_87' title="bbox 2972 2916 4568 2989">
    <p class='ocr_par' dir='ltr' id='par_1_87' title="bbox 2972 2916 4568 2989">
     <span class='ocr_line' id='line_1_87' title="bbox 2972 2916 4568 2989; baseline 0.004 -19"><span class='ocrx_word' id='word_1_637' title='bbox 2972 2930 3081 2970; x_wconf 91' lang='lat' dir='ltr'><strong>non</strong></span> <span class='ocrx_word' id='word_1_638' title='bbox 3113 2916 3332 2980; x_wconf 78' lang='lat' dir='ltr'><strong>habere,</strong></span> <span class='ocrx_word' id='word_1_639' title='bbox 3367 2931 3491 2971; x_wconf 89' lang='lat' dir='ltr'><strong>cum</strong></span> <span class='ocrx_word' id='word_1_640' title='bbox 3517 2918 3589 2972; x_wconf 87' lang='lat' dir='ltr'><strong>sit</strong></span> <span class='ocrx_word' id='word_1_641' title='bbox 3617 2929 3907 2987; x_wconf 84' lang='lat' dir='ltr'><strong>utrumque</strong></span> <span class='ocrx_word' id='word_1_642' title='bbox 3947 2918 4151 2974; x_wconf 88' lang='lat' dir='ltr'><strong>donum</strong></span> <span class='ocrx_word' id='word_1_643' title='bbox 4201 2920 4321 2989; x_wconf 85' lang='lat' dir='ltr'><strong>Dei,</strong></span> <span class='ocrx_word' id='word_1_644' title='bbox 4351 2929 4410 2975; x_wconf 92' lang='lat' dir='ltr'><strong>et</strong></span> <span class='ocrx_word' id='word_1_645' title='bbox 4435 2921 4568 2977; x_wconf 88' lang='lat' dir='ltr'><strong>scire</strong></span> 
     </span>
    </p>
   </div>
   <div class='ocr_carea' id='block_1_88' title="bbox 2971 3007 4567 3080">
    <p class='ocr_par' dir='ltr' id='par_1_88' title="bbox 2971 3007 4567 3080">
     <span class='ocr_line' id='line_1_88' title="bbox 2971 3007 4567 3080; baseline 0.006 -22"><span class='ocrx_word' id='word_1_646' title='bbox 2971 3008 3098 3078; x_wconf 82' lang='lat' dir='ltr'><strong>quid</strong></span> <span class='ocrx_word' id='word_1_647' title='bbox 3123 3007 3299 3063; x_wconf 67' lang='lat' dir='ltr'><strong>facere</strong></span> <span class='ocrx_word' id='word_1_648' title='bbox 3322 3009 3640 3076; x_wconf 80' lang='lat' dir='ltr'><strong>debeamus,</strong></span> <span class='ocrx_word' id='word_1_649' title='bbox 3664 3017 3721 3064; x_wconf 91' lang='lat' dir='ltr'><strong>et</strong></span> <span class='ocrx_word' id='word_1_650' title='bbox 3747 3011 3977 3080; x_wconf 70' lang='lat' dir='ltr'><strong>diligere</strong></span> <span class='ocrx_word' id='word_1_651' title='bbox 4007 3021 4064 3065; x_wconf 89' lang='lat' dir='ltr'><strong>ut</strong></span> <span class='ocrx_word' id='word_1_652' title='bbox 4092 3011 4382 3079; x_wconf 85' lang='lat' dir='ltr'><strong>faciamus,</strong></span> <span class='ocrx_word' id='word_1_653' title='bbox 4408 3023 4468 3068; x_wconf 89' lang='lat' dir='ltr'><strong>ut</strong></span> <span class='ocrx_word' id='word_1_654' title='bbox 4500 3028 4567 3067; x_wconf 70' lang='grc' dir='ltr'><strong>τρ-</strong></span> 
     </span>
    </p>
   </div>
   <div class='ocr_carea' id='block_1_89' title="bbox 2972 3098 4570 3172">
    <p class='ocr_par' dir='ltr' id='par_1_89' title="bbox 2972 3098 4570 3172">
     <span class='ocr_line' id='line_1_89' title="bbox 2972 3098 4570 3172; baseline 0.005 -20"><span class='ocrx_word' id='word_1_655' title='bbox 2972 3098 3225 3154; x_wconf 84' lang='lat' dir='ltr'><strong>dilicante</strong></span> <span class='ocrx_word' id='word_1_656' title='bbox 3255 3100 3541 3166; x_wconf 83' lang='lat' dir='ltr'><strong>charitate,</strong></span> <span class='ocrx_word' id='word_1_657' title='bbox 3572 3102 3799 3156; x_wconf 72' lang='lat' dir='ltr'><strong>scicntia</strong></span> <span class='ocrx_word' id='word_1_658' title='bbox 3832 3118 3940 3157; x_wconf 86' lang='lat' dir='ltr'><strong>non</strong></span> <span class='ocrx_word' id='word_1_659' title='bbox 3971 3104 4145 3172; x_wconf 77' lang='lat' dir='ltr'><strong>possit</strong></span> <span class='ocrx_word' id='word_1_660' title='bbox 4174 3103 4386 3159; x_wconf 76' lang='lat' dir='ltr'><strong>inﬂare.</strong></span> <span class='ocrx_word' id='word_1_661' title='bbox 4421 3105 4570 3160; x_wconf 83' lang='lat' dir='ltr'><strong>Sicut</strong></span> 
     </span>
    </p>
   </div>
   <div class='ocr_carea' id='block_1_90' title="bbox 2974 3192 4568 3263">
    <p class='ocr_par' dir='ltr' id='par_1_90' title="bbox 2974 3192 4568 3263">
     <span class='ocr_line' id='line_1_90' title="bbox 2974 3192 4568 3263; baseline 0.004 -17"><span class='ocrx_word' id='word_1_662' title='bbox 2974 3200 3155 3247; x_wconf 89' lang='lat' dir='ltr'><strong>autem</strong></span> <span class='ocrx_word' id='word_1_663' title='bbox 3185 3192 3255 3247; x_wconf 81' lang='lat' dir='ltr'><strong>de</strong></span> <span class='ocrx_word' id='word_1_664' title='bbox 3305 3192 3418 3247; x_wconf 88' lang='lat' dir='ltr'><strong>Deo</strong></span> <span class='ocrx_word' id='word_1_665' title='bbox 3464 3193 3730 3263; x_wconf 84' lang='lat' dir='ltr'><strong>scriptum</strong></span> <span class='ocrx_word' id='word_1_666' title='bbox 3775 3204 3860 3250; x_wconf 89' lang='lat' dir='ltr'><strong>est</strong></span> <span class='ocrx_word' id='word_1_667' title='bbox 3891 3214 3901 3247; x_wconf 94' lang='lat'>:</span> <span class='ocrx_word' id='word_1_668' title='bbox 3936 3195 4037 3262; x_wconf 76' lang='lat' dir='ltr'><strong>Qui</strong></span> <span class='ocrx_word' id='word_1_669' title='bbox 4082 3194 4251 3251; x_wconf 89' lang='lat' dir='ltr'><strong>docet</strong></span> <span class='ocrx_word' id='word_1_670' title='bbox 4296 3197 4568 3254; x_wconf 86' lang='lat' dir='ltr'><strong>hominem</strong></span> 
     </span>
    </p>
   </div>
   <div class='ocr_carea' id='block_1_91' title="bbox 2975 3285 4569 3358">
    <p class='ocr_par' dir='ltr' id='par_1_91' title="bbox 2975 3285 4569 3358">
     <span class='ocr_line' id='line_1_91' title="bbox 2975 3285 4569 3358; baseline 0.004 -18"><span class='ocrx_word' id='word_1_671' title='bbox 2975 3285 3286 3347; x_wconf 84' lang='lat' dir='ltr'><strong>scientiam;</strong></span> <span class='ocrx_word' id='word_1_672' title='bbox 3320 3286 3395 3340; x_wconf 89' lang='lat' dir='ltr'><strong>ita</strong></span> <span class='ocrx_word' id='word_1_673' title='bbox 3436 3287 3601 3342; x_wconf 88' lang='lat' dir='ltr'><strong>etiam</strong></span> <span class='ocrx_word' id='word_1_674' title='bbox 3646 3288 3906 3358; x_wconf 87' lang='lat' dir='ltr'><strong>scriptum</strong></span> <span class='ocrx_word' id='word_1_675' title='bbox 3933 3297 4019 3343; x_wconf 89' lang='lat' dir='ltr'><strong>est</strong></span> <span class='ocrx_word' id='word_1_676' title='bbox 4042 3306 4057 3342; x_wconf 75' lang='grc' dir='ltr'>ε</span> <span class='ocrx_word' id='word_1_677' title='bbox 4083 3288 4341 3345; x_wconf 61' lang='lat' dir='ltr'><strong>Charitas</strong></span> <span class='ocrx_word' id='word_1_678' title='bbox 4367 3308 4437 3345; x_wconf 79' lang='lat' dir='ltr'><strong>ex</strong></span> <span class='ocrx_word' id='word_1_679' title='bbox 4468 3294 4569 3347; x_wconf 86' lang='lat' dir='ltr'><strong>Deo</strong></span> 
     </span>
    </p>
   </div>
   <div class='ocr_carea' id='block_1_92' title="bbox 2973 3376 4567 3451">
    <p class='ocr_par' dir='ltr' id='par_1_92' title="bbox 2973 3376 4567 3451">
     <span class='ocr_line' id='line_1_92' title="bbox 2973 3376 4567 3451; baseline 0.004 -18"><span class='ocrx_word' id='word_1_680' title='bbox 2973 3386 3077 3433; x_wconf 87' lang='lat' dir='ltr'><strong>est.</strong></span> <span class='ocrx_word' id='word_1_681' title='bbox 3109 3376 3242 3432; x_wconf 86' lang='lat' dir='ltr'><strong>ltem</strong></span> <span class='ocrx_word' id='word_1_682' title='bbox 3273 3380 3466 3448; x_wconf 78' lang='lat' dir='ltr'><strong>quinto</strong></span> <span class='ocrx_word' id='word_1_683' title='bbox 3499 3379 3740 3449; x_wconf 80' lang='lat' dir='ltr'><strong>capitulo</strong></span> <span class='ocrx_word' id='word_1_684' title='bbox 3766 3399 3779 3434; x_wconf 84' lang='lat'>:</span> <span class='ocrx_word' id='word_1_685' title='bbox 3819 3379 3887 3435; x_wconf 89' lang='lat' dir='ltr'><strong>Ut</strong></span> <span class='ocrx_word' id='word_1_686' title='bbox 3911 3381 4158 3451; x_wconf 83' lang='lat' dir='ltr'><strong>quisquis</strong></span> <span class='ocrx_word' id='word_1_687' title='bbox 4186 3381 4421 3451; x_wconf 82' lang='lat' dir='ltr'><strong>dixerit,</strong></span> <span class='ocrx_word' id='word_1_688' title='bbox 4450 3384 4567 3440; x_wconf 79' lang='lat' dir='ltr'><strong>ideo</strong></span> 
     </span>
    </p>
   </div>
   <div class='ocr_carea' id='block_1_93' title="bbox 2975 3469 4571 3543">
    <p class='ocr_par' dir='ltr' id='par_1_93' title="bbox 2975 3469 4571 3543">
     <span class='ocr_line' id='line_1_93' title="bbox 2975 3469 4571 3543; baseline 0.003 -20"><span class='ocrx_word' id='word_1_689' title='bbox 2975 3469 3134 3525; x_wconf 87' lang='lat' dir='ltr'><strong>nobis</strong></span> <span class='ocrx_word' id='word_1_690' title='bbox 3160 3470 3388 3538; x_wconf 75' lang='lat' dir='ltr'><strong>gratiam</strong></span> <span class='ocrx_word' id='word_1_691' title='bbox 3416 3469 3819 3539; x_wconf 81' lang='lat' dir='ltr'><strong>justiﬁeationis</strong></span> <span class='ocrx_word' id='word_1_692' title='bbox 3846 3470 3982 3535; x_wconf 90' lang='lat' dir='ltr'><strong>dari,</strong></span> <span class='ocrx_word' id='word_1_693' title='bbox 4017 3479 4077 3525; x_wconf 89' lang='lat' dir='ltr'><strong>ut</strong></span> <span class='ocrx_word' id='word_1_694' title='bbox 4103 3472 4254 3540; x_wconf 86' lang='lat' dir='ltr'><strong>quod</strong></span> <span class='ocrx_word' id='word_1_695' title='bbox 4282 3472 4470 3531; x_wconf 87' lang='lat' dir='ltr'><strong>facere</strong></span> <span class='ocrx_word' id='word_1_696' title='bbox 4494 3476 4571 3543; x_wconf 61' lang='lat' dir='ltr'><strong>juo</strong></span> 
     </span>
    </p>
   </div>
   <div class='ocr_carea' id='block_1_94' title="bbox 2976 3562 4572 3636">
    <p class='ocr_par' dir='ltr' id='par_1_94' title="bbox 2976 3562 4572 3636">
     <span class='ocr_line' id='line_1_94' title="bbox 2976 3562 4572 3636; baseline 0.002 -18"><span class='ocrx_word' id='word_1_697' title='bbox 2976 3562 3171 3619; x_wconf 83' lang='lat' dir='ltr'><strong>bemur</strong></span> <span class='ocrx_word' id='word_1_698' title='bbox 3199 3578 3297 3632; x_wconf 88' lang='lat' dir='ltr'><strong>per</strong></span> <span class='ocrx_word' id='word_1_699' title='bbox 3326 3563 3556 3618; x_wconf 88' lang='lat' dir='ltr'><strong>liberum</strong></span> <span class='ocrx_word' id='word_1_700' title='bbox 3584 3564 3891 3631; x_wconf 87' lang='lat' dir='ltr'><strong>arbitrium,</strong></span> <span class='ocrx_word' id='word_1_701' title='bbox 3924 3564 4137 3620; x_wconf 89' lang='lat' dir='ltr'><strong>facilius</strong></span> <span class='ocrx_word' id='word_1_702' title='bbox 4168 3567 4455 3636; x_wconf 87' lang='lat' dir='ltr'><strong>possimus</strong></span> <span class='ocrx_word' id='word_1_703' title='bbox 4482 3570 4572 3621; x_wconf 85' lang='lat' dir='ltr'><strong>im-</strong></span> 
     </span>
    </p>
   </div>
   <div class='ocr_carea' id='block_1_95' title="bbox 2976 3652 4569 3726">
    <p class='ocr_par' dir='ltr' id='par_1_95' title="bbox 2976 3652 4569 3726">
     <span class='ocr_line' id='line_1_95' title="bbox 2976 3652 4569 3726; baseline 0.004 -19"><span class='ocrx_word' id='word_1_704' title='bbox 2976 3652 3127 3724; x_wconf 84' lang='lat' dir='ltr'><strong>plere</strong></span> <span class='ocrx_word' id='word_1_705' title='bbox 3155 3668 3255 3723; x_wconf 89' lang='lat' dir='ltr'><strong>per</strong></span> <span class='ocrx_word' id='word_1_706' title='bbox 3281 3655 3534 3724; x_wconf 85' lang='lat' dir='ltr'><strong>gratiam,</strong></span> <span class='ocrx_word' id='word_1_707' title='bbox 3567 3664 3829 3725; x_wconf 84' lang='lat' dir='ltr'><strong>tanquam</strong></span> <span class='ocrx_word' id='word_1_708' title='bbox 3857 3655 3961 3711; x_wconf 82' lang='lat' dir='ltr'><strong>etsi</strong></span> <span class='ocrx_word' id='word_1_709' title='bbox 3980 3657 4157 3725; x_wconf 88' lang='lat' dir='ltr'><strong>gratia</strong></span> <span class='ocrx_word' id='word_1_710' title='bbox 4186 3673 4302 3713; x_wconf 90' lang='lat' dir='ltr'><strong>non</strong></span> <span class='ocrx_word' id='word_1_711' title='bbox 4333 3660 4569 3726; x_wconf 87' lang='lat' dir='ltr'><strong>daretur,</strong></span> 
     </span>
    </p>
   </div>
   <div class='ocr_carea' id='block_1_96' title="bbox 2977 3746 4574 3820">
    <p class='ocr_par' dir='ltr' id='par_1_96' title="bbox 2977 3746 4574 3820">
     <span class='ocr_line' id='line_1_96' title="bbox 2977 3746 4574 3820; baseline 0.004 -17"><span class='ocrx_word' id='word_1_712' title='bbox 2977 3762 3089 3803; x_wconf 82' lang='lat' dir='ltr'><strong>non</strong></span> <span class='ocrx_word' id='word_1_713' title='bbox 3118 3746 3338 3817; x_wconf 85' lang='lat' dir='ltr'><strong>quidem</strong></span> <span class='ocrx_word' id='word_1_714' title='bbox 3367 3746 3548 3815; x_wconf 78' lang='lat' dir='ltr'><strong>facile,</strong></span> <span class='ocrx_word' id='word_1_715' title='bbox 3593 3749 3689 3804; x_wconf 86' lang='lat' dir='ltr'><strong>sed</strong></span> <span class='ocrx_word' id='word_1_716' title='bbox 3718 3757 3900 3805; x_wconf 86' lang='lat' dir='ltr'><strong>tamen</strong></span> <span class='ocrx_word' id='word_1_717' title='bbox 3946 3752 4221 3820; x_wconf 87' lang='lat' dir='ltr'><strong>possimus</strong></span> <span class='ocrx_word' id='word_1_718' title='bbox 4264 3755 4437 3809; x_wconf 88' lang='lat' dir='ltr'><strong>etiam</strong></span> <span class='ocrx_word' id='word_1_719' title='bbox 4466 3757 4574 3810; x_wconf 84' lang='lat' dir='ltr'><strong>sine</strong></span> 
     </span>
    </p>
   </div>
   <div class='ocr_carea' id='block_1_97' title="bbox 2979 3840 4572 3911">
    <p class='ocr_par' dir='ltr' id='par_1_97' title="bbox 2979 3840 4572 3911">
     <span class='ocr_line' id='line_1_97' title="bbox 2979 3840 4572 3911; baseline 0.006 -17"><span class='ocrx_word' id='word_1_720' title='bbox 2979 3840 3071 3895; x_wconf 85' lang='lat' dir='ltr'><strong>illa</strong></span> <span class='ocrx_word' id='word_1_721' title='bbox 3100 3840 3327 3911; x_wconf 87' lang='lat' dir='ltr'><strong>implere</strong></span> <span class='ocrx_word' id='word_1_722' title='bbox 3364 3840 3546 3896; x_wconf 78' lang='lat' dir='ltr'><strong>divina</strong></span> <span class='ocrx_word' id='word_1_723' title='bbox 3581 3841 3857 3908; x_wconf 84' lang='lat' dir='ltr'><strong>mandata,</strong></span> <span class='ocrx_word' id='word_1_724' title='bbox 3889 3843 4181 3898; x_wconf 83' lang='lat' dir='ltr'><strong>anathema</strong></span> <span class='ocrx_word' id='word_1_725' title='bbox 4210 3846 4308 3901; x_wconf 88' lang='lat' dir='ltr'><strong>sit.</strong></span> <span class='ocrx_word' id='word_1_726' title='bbox 4352 3847 4433 3903; x_wconf 86' lang='lat' dir='ltr'><strong>De</strong></span> <span class='ocrx_word' id='word_1_727' title='bbox 4471 3846 4572 3903; x_wconf 85' lang='lat' dir='ltr'><strong>fru-</strong></span> 
     </span>
    </p>
   </div>
   <div class='ocr_carea' id='block_1_98' title="bbox 2982 3932 4573 4006">
    <p class='ocr_par' dir='ltr' id='par_1_98' title="bbox 2982 3932 4573 4006">
     <span class='ocr_line' id='line_1_98' title="bbox 2982 3932 4573 4006; baseline 0.004 -18"><span class='ocrx_word' id='word_1_728' title='bbox 2982 3932 3158 3988; x_wconf 82' lang='lat' dir='ltr'><strong>ctibus</strong></span> <span class='ocrx_word' id='word_1_729' title='bbox 3187 3934 3332 3987; x_wconf 90' lang='lat' dir='ltr'><strong>enim</strong></span> <span class='ocrx_word' id='word_1_730' title='bbox 3375 3932 3763 3988; x_wconf 84' lang='lat' dir='ltr'><strong>mandatorum</strong></span> <span class='ocrx_word' id='word_1_731' title='bbox 3796 3932 4056 3990; x_wconf 83' lang='lat' dir='ltr'><strong>Dominus</strong></span> <span class='ocrx_word' id='word_1_732' title='bbox 4098 3935 4459 4006; x_wconf 83' lang='lat' dir='ltr'><strong>loquebatur,</strong></span> <span class='ocrx_word' id='word_1_733' title='bbox 4490 3938 4573 3994; x_wconf 90' lang='lat' dir='ltr'><strong>ubi</strong></span> 
     </span>
    </p>
   </div>
   <div class='ocr_carea' id='block_1_99' title="bbox 2982 4025 4579 4098">
    <p class='ocr_par' dir='ltr' id='par_1_99' title="bbox 2982 4025 4579 4098">
     <span class='ocr_line' id='line_1_99' title="bbox 2982 4025 4579 4098; baseline 0.002 -14"><span class='ocrx_word' id='word_1_734' title='bbox 2982 4042 3094 4084; x_wconf 86' lang='lat' dir='ltr'><strong>non</strong></span> <span class='ocrx_word' id='word_1_735' title='bbox 3120 4027 3199 4082; x_wconf 87' lang='lat' dir='ltr'><strong>ait</strong></span> <span class='ocrx_word' id='word_1_736' title='bbox 3225 4046 3236 4081; x_wconf 90' lang='lat'><strong>:</strong></span> <span class='ocrx_word' id='word_1_737' title='bbox 3271 4025 3401 4082; x_wconf 88' lang='lat' dir='ltr'><strong>Sine</strong></span> <span class='ocrx_word' id='word_1_738' title='bbox 3427 4041 3516 4083; x_wconf 88' lang='lat' dir='ltr'><strong>me</strong></span> <span class='ocrx_word' id='word_1_739' title='bbox 3542 4025 3815 4082; x_wconf 84' lang='lat' dir='ltr'><strong>difﬁcilius</strong></span> <span class='ocrx_word' id='word_1_740' title='bbox 3843 4028 4069 4098; x_wconf 82' lang='lat' dir='ltr'><strong>potestis</strong></span> <span class='ocrx_word' id='word_1_741' title='bbox 4096 4026 4309 4098; x_wconf 78' lang='lat' dir='ltr'><strong>facere;</strong></span> <span class='ocrx_word' id='word_1_742' title='bbox 4343 4034 4447 4089; x_wconf 83' lang='lat' dir='ltr'><strong>sed</strong></span> <span class='ocrx_word' id='word_1_743' title='bbox 4467 4033 4539 4088; x_wconf 85' lang='lat' dir='ltr'><strong>ait</strong></span> <span class='ocrx_word' id='word_1_744' title='bbox 4556 4050 4579 4087; x_wconf 58' lang='grc' dir='ltr'><strong>ε’</strong></span> 
     </span>
    </p>
   </div>
   <div class='ocr_carea' id='block_1_100' title="bbox 2982 4117 3874 4190">
    <p class='ocr_par' dir='ltr' id='par_1_100' title="bbox 2982 4117 3874 4190">
     <span class='ocr_line' id='line_1_100' title="bbox 2982 4117 3874 4190; baseline -0.003 -14"><span class='ocrx_word' id='word_1_745' title='bbox 2982 4120 3114 4176; x_wconf 84' lang='lat' dir='ltr'><strong>Sine</strong></span> <span class='ocrx_word' id='word_1_746' title='bbox 3141 4134 3231 4176; x_wconf 87' lang='lat' dir='ltr'><strong>me</strong></span> <span class='ocrx_word' id='word_1_747' title='bbox 3258 4118 3390 4175; x_wconf 87' lang='lat' dir='ltr'><strong>nihil</strong></span> <span class='ocrx_word' id='word_1_748' title='bbox 3416 4118 3642 4190; x_wconf 88' lang='lat' dir='ltr'><strong>potestis</strong></span> <span class='ocrx_word' id='word_1_749' title='bbox 3668 4117 3874 4174; x_wconf 83' lang='lat' dir='ltr'><strong>facere.</strong></span> 
     </span>
    </p>
   </div>
   <div class='ocr_carea' id='block_1_101' title="bbox 2983 4230 4572 4301">
    <p class='ocr_par' dir='ltr' id='par_1_101' title="bbox 2983 4230 4572 4301">
     <span class='ocr_line' id='line_1_101' title="bbox 2983 4230 4572 4301; baseline 0.002 -13"><span class='ocrx_word' id='word_1_750' title='bbox 2983 4231 3254 4288; x_wconf 80' lang='lat' dir='ltr'><strong>CCXCVl.</strong></span> <span class='ocrx_word' id='word_1_751' title='bbox 3319 4230 3470 4296; x_wconf 81' lang='lat' dir='ltr'><strong>Quod</strong></span> <span class='ocrx_word' id='word_1_752' title='bbox 3526 4232 3664 4287; x_wconf 81' lang='lat' dir='ltr'><strong>sedis</strong></span> <span class='ocrx_word' id='word_1_753' title='bbox 3711 4232 4015 4301; x_wconf 76' lang='lat' dir='ltr'><strong>apostolica:</strong></span> <span class='ocrx_word' id='word_1_754' title='bbox 4078 4249 4261 4288; x_wconf 78' lang='lat' dir='ltr'><strong>ontncs</strong></span> <span class='ocrx_word' id='word_1_755' title='bbox 4314 4237 4572 4291; x_wconf 76' lang='lat' dir='ltr'><strong>orationes</strong></span> 
     </span>
    </p>
   </div>
   <div class='ocr_carea' id='block_1_102' title="bbox 3056 4304 4573 4375">
    <p class='ocr_par' dir='ltr' id='par_1_102' title="bbox 3056 4304 4573 4375">
     <span class='ocr_line' id='line_1_102' title="bbox 3056 4304 4573 4375; baseline 0.003 -21"><span class='ocrx_word' id='word_1_756' title='bbox 3056 4304 3249 4357; x_wconf 72' lang='lat' dir='ltr'><strong>Christi</strong></span> <span class='ocrx_word' id='word_1_757' title='bbox 3294 4306 3466 4373; x_wconf 78' lang='lat' dir='ltr'><strong>gratia</strong></span> <span class='ocrx_word' id='word_1_758' title='bbox 3514 4317 3778 4369; x_wconf 76' lang='lat' dir='ltr'><strong>resonent,</strong></span> <span class='ocrx_word' id='word_1_759' title='bbox 3817 4319 3920 4374; x_wconf 74' lang='lat' dir='ltr'><strong>qua</strong></span> <span class='ocrx_word' id='word_1_760' title='bbox 3973 4320 4137 4375; x_wconf 72' lang='lat' dir='ltr'><strong>genus</strong></span> <span class='ocrx_word' id='word_1_761' title='bbox 4182 4305 4472 4362; x_wconf 68' lang='lat' dir='ltr'><strong>humum</strong></span> <span class='ocrx_word' id='word_1_762' title='bbox 4514 4310 4573 4360; x_wconf 77' lang='lat' dir='ltr'><strong>ab</strong></span> 
     </span>
    </p>
   </div>
   <div class='ocr_carea' id='block_1_103' title="bbox 3057 4376 3928 4445">
    <p class='ocr_par' dir='ltr' id='par_1_103' title="bbox 3057 4376 3928 4445">
     <span class='ocr_line' id='line_1_103' title="bbox 3057 4376 3928 4445; baseline -0.003 -15"><span class='ocrx_word' id='word_1_763' title='bbox 3057 4385 3253 4430; x_wconf 80' lang='lat' dir='ltr'><strong>wterua</strong></span> <span class='ocrx_word' id='word_1_764' title='bbox 3281 4376 3614 4429; x_wconf 82' lang='lat' dir='ltr'><strong>damnatione</strong></span> <span class='ocrx_word' id='word_1_765' title='bbox 3637 4385 3928 4445; x_wconf 71' lang='lat' dir='ltr'><strong>reparatur.</strong></span> 
     </span>
    </p>
   </div>
   <div class='ocr_carea' id='block_1_104' title="bbox 3058 4484 4573 4557">
    <p class='ocr_par' dir='ltr' id='par_1_104' title="bbox 3058 4484 4573 4557">
     <span class='ocr_line' id='line_1_104' title="bbox 3058 4484 4573 4557; baseline 0.003 -16"><span class='ocrx_word' id='word_1_766' title='bbox 3058 4484 3143 4541; x_wconf 74' lang='lat' dir='ltr'><strong>Ea;</strong></span> <span class='ocrx_word' id='word_1_767' title='bbox 3172 4486 3389 4540; x_wconf 72' lang='lat' dir='ltr'><strong>decretis</strong></span> <span class='ocrx_word' id='word_1_768' title='bbox 3415 4500 3570 4557; x_wconf 72' lang='lat' dir='ltr'><strong>papa:</strong></span> <span class='ocrx_word' id='word_1_769' title='bbox 3603 4484 3833 4551; x_wconf 62' lang='lat' dir='ltr'><strong>Calest,</strong></span> <span class='ocrx_word' id='word_1_770' title='bbox 3883 4486 3962 4540; x_wconf 80' lang='lat' dir='ltr'><strong>tit.</strong></span> <span class='ocrx_word' id='word_1_771' title='bbox 3997 4485 4087 4541; x_wconf 78' lang='lat' dir='ltr'><strong>ll.</strong></span> <span class='ocrx_word' id='word_1_772' title='bbox 4129 4486 4406 4545; x_wconf 67' lang='lat' dir='ltr'><strong>Praeterea</strong></span> <span class='ocrx_word' id='word_1_773' title='bbox 4451 4492 4573 4546; x_wconf 80' lang='lat' dir='ltr'><strong>bea-</strong></span> 
     </span>
    </p>
   </div>
   <div class='ocr_carea' id='block_1_105' title="bbox 2987 4577 4570 4651">
    <p class='ocr_par' dir='ltr' id='par_1_105' title="bbox 2987 4577 4570 4651">
     <span class='ocr_line' id='line_1_105' title="bbox 2987 4577 4570 4651; baseline 0.002 -16"><span class='ocrx_word' id='word_1_774' title='bbox 2987 4579 3205 4635; x_wconf 72' lang='lat' dir='ltr'><strong>tissima:</strong></span> <span class='ocrx_word' id='word_1_775' title='bbox 3229 4587 3287 4633; x_wconf 92' lang='lat' dir='ltr'><strong>et</strong></span> <span class='ocrx_word' id='word_1_776' title='bbox 3320 4578 3635 4648; x_wconf 68' lang='lat' dir='ltr'><strong>apostolica:</strong></span> <span class='ocrx_word' id='word_1_777' title='bbox 3661 4577 3808 4633; x_wconf 85' lang='lat' dir='ltr'><strong>sedis</strong></span> <span class='ocrx_word' id='word_1_778' title='bbox 3838 4578 4181 4635; x_wconf 85' lang='lat' dir='ltr'><strong>inviolabiles</strong></span> <span class='ocrx_word' id='word_1_779' title='bbox 4223 4584 4537 4638; x_wconf 86' lang='lat' dir='ltr'><strong>sanctiones</strong></span> <span class='ocrx_word' id='word_1_780' title='bbox 4556 4626 4570 4651; x_wconf 95' lang='lat'><strong>,</strong></span> 
     </span>
    </p>
   </div>
   <div class='ocr_carea' id='block_1_106' title="bbox 2986 4668 4571 4740">
    <p class='ocr_par' dir='ltr' id='par_1_106' title="bbox 2986 4668 4571 4740">
     <span class='ocr_line' id='line_1_106' title="bbox 2986 4668 4571 4740; baseline 0.001 -15"><span class='ocrx_word' id='word_1_781' title='bbox 2986 4671 3181 4740; x_wconf 88' lang='lat' dir='ltr'><strong>quibus</strong></span> <span class='ocrx_word' id='word_1_782' title='bbox 3210 4685 3311 4724; x_wconf 91' lang='lat' dir='ltr'><strong>nos</strong></span> <span class='ocrx_word' id='word_1_783' title='bbox 3360 4669 3591 4739; x_wconf 77' lang='lat' dir='ltr'><strong>piissimi</strong></span> <span class='ocrx_word' id='word_1_784' title='bbox 3634 4677 3835 4738; x_wconf 75' lang='lat' dir='ltr'><strong>patres,</strong></span> <span class='ocrx_word' id='word_1_785' title='bbox 3868 4668 4141 4738; x_wconf 77' lang='lat' dir='ltr'><strong>pestifera:</strong></span> <span class='ocrx_word' id='word_1_786' title='bbox 4177 4673 4440 4729; x_wconf 85' lang='lat' dir='ltr'><strong>novitatis</strong></span> <span class='ocrx_word' id='word_1_787' title='bbox 4470 4675 4571 4729; x_wconf 63' lang='grc' dir='ltr'><strong>ειη-</strong></span> 
     </span>
    </p>
   </div>
   <div class='ocr_carea' id='block_1_107' title="bbox 2987 4759 4570 4830">
    <p class='ocr_par' dir='ltr' id='par_1_107' title="bbox 2987 4759 4570 4830">
     <span class='ocr_line' id='line_1_107' title="bbox 2987 4759 4570 4830; baseline 0.003 -14"><span class='ocrx_word' id='word_1_788' title='bbox 2987 4762 3139 4816; x_wconf 85' lang='lat' dir='ltr'><strong>tione</strong></span> <span class='ocrx_word' id='word_1_789' title='bbox 3165 4761 3398 4830; x_wconf 74' lang='lat' dir='ltr'><strong>deiecta,</strong></span> <span class='ocrx_word' id='word_1_790' title='bbox 3432 4767 3488 4814; x_wconf 91' lang='lat' dir='ltr'><strong>et</strong></span> <span class='ocrx_word' id='word_1_791' title='bbox 3513 4759 3665 4813; x_wconf 69' lang='lat' dir='ltr'><strong>bona:</strong></span> <span class='ocrx_word' id='word_1_792' title='bbox 3699 4760 3991 4814; x_wconf 78' lang='lat' dir='ltr'><strong>voluntatis</strong></span> <span class='ocrx_word' id='word_1_793' title='bbox 4024 4760 4274 4823; x_wconf 78' lang='lat' dir='ltr'><strong>exordia,</strong></span> <span class='ocrx_word' id='word_1_794' title='bbox 4306 4773 4367 4817; x_wconf 88' lang='lat' dir='ltr'><strong>et</strong></span> <span class='ocrx_word' id='word_1_795' title='bbox 4408 4765 4570 4819; x_wconf 79' lang='lat' dir='ltr'><strong>incre—</strong></span> 
     </span>
    </p>
   </div>
   <div class='ocr_carea' id='block_1_108' title="bbox 2989 4852 4571 4928">
    <p class='ocr_par' dir='ltr' id='par_1_108' title="bbox 2989 4852 4571 4928">
     <span class='ocr_line' id='line_1_108' title="bbox 2989 4852 4571 4928; baseline 0.001 -19"><span class='ocrx_word' id='word_1_796' title='bbox 2989 4863 3172 4909; x_wconf 79' lang='lat' dir='ltr'><strong>menta</strong></span> <span class='ocrx_word' id='word_1_797' title='bbox 3216 4852 3574 4923; x_wconf 86' lang='lat' dir='ltr'><strong>probabilium</strong></span> <span class='ocrx_word' id='word_1_798' title='bbox 3605 4852 3930 4920; x_wconf 85' lang='lat' dir='ltr'><strong>studiorum,</strong></span> <span class='ocrx_word' id='word_1_799' title='bbox 3962 4855 4097 4910; x_wconf 81' lang='lat' dir='ltr'><strong>et’in</strong></span> <span class='ocrx_word' id='word_1_800' title='bbox 4122 4857 4201 4911; x_wconf 90' lang='lat' dir='ltr'><strong>eis</strong></span> <span class='ocrx_word' id='word_1_801' title='bbox 4230 4873 4407 4928; x_wconf 77' lang='lat' dir='ltr'><strong>usque</strong></span> <span class='ocrx_word' id='word_1_802' title='bbox 4435 4859 4486 4913; x_wconf 92' lang='lat' dir='ltr'><strong>in</strong></span> <span class='ocrx_word' id='word_1_803' title='bbox 4517 4860 4571 4911; x_wconf 82' lang='lat' dir='ltr'><strong>ti-</strong></span> 
     </span>
    </p>
   </div>
   <div class='ocr_carea' id='block_1_109' title="bbox 2990 4943 4571 5017">
    <p class='ocr_par' dir='ltr' id='par_1_109' title="bbox 2990 4943 4571 5017">
     <span class='ocr_line' id='line_1_109' title="bbox 2990 4943 4571 5017; baseline 0.001 -15"><span class='ocrx_word' id='word_1_804' title='bbox 2990 4963 3114 5003; x_wconf 78' lang='lat' dir='ltr'><strong>nem</strong></span> <span class='ocrx_word' id='word_1_805' title='bbox 3146 4945 3627 5017; x_wconf 86' lang='lat' dir='ltr'><strong>perseverantiam,</strong></span> <span class='ocrx_word' id='word_1_806' title='bbox 3658 4943 3727 4999; x_wconf 89' lang='lat' dir='ltr'><strong>ad</strong></span> <span class='ocrx_word' id='word_1_807' title='bbox 3756 4943 3954 5001; x_wconf 89' lang='lat' dir='ltr'><strong>Christi</strong></span> <span class='ocrx_word' id='word_1_808' title='bbox 3982 4947 4217 5016; x_wconf 77' lang='lat' dir='ltr'><strong>gratiam</strong></span> <span class='ocrx_word' id='word_1_809' title='bbox 4247 4948 4459 5006; x_wconf 82' lang='lat' dir='ltr'><strong>referre</strong></span> <span class='ocrx_word' id='word_1_810' title='bbox 4484 4952 4571 5005; x_wconf 88' lang='lat' dir='ltr'><strong>do-</strong></span> 
     </span>
    </p>
   </div>
   <div class='ocr_carea' id='block_1_110' title="bbox 2994 5036 4574 5108">
    <p class='ocr_par' dir='ltr' id='par_1_110' title="bbox 2994 5036 4574 5108">
     <span class='ocr_line' id='line_1_110' title="bbox 2994 5036 4574 5108; baseline 0.001 -11"><span class='ocrx_word' id='word_1_811' title='bbox 2994 5047 3240 5097; x_wconf 88' lang='lat' dir='ltr'><strong>cuerunt.</strong></span> <span class='ocrx_word' id='word_1_812' title='bbox 3273 5036 3719 5094; x_wconf 79' lang='lat' dir='ltr'><strong>Obsecrationum</strong></span> <span class='ocrx_word' id='word_1_813' title='bbox 3765 5040 4447 5108; x_wconf 79' lang='lat' dir='ltr'><strong>quoquesacerdotalium</strong></span> <span class='ocrx_word' id='word_1_814' title='bbox 4495 5057 4574 5098; x_wconf 83' lang='lat' dir='ltr'><strong>sa-</strong></span> 
     </span>
    </p>
   </div>
   <div class='ocr_carea' id='block_1_111' title="bbox 2990 5127 4575 5200">
    <p class='ocr_par' dir='ltr' id='par_1_111' title="bbox 2990 5127 4575 5200">
     <span class='ocr_line' id='line_1_111' title="bbox 2990 5127 4575 5200; baseline -0.001 -12"><span class='ocrx_word' id='word_1_815' title='bbox 2990 5139 3268 5189; x_wconf 86' lang='lat' dir='ltr'><strong>cramenta</strong></span> <span class='ocrx_word' id='word_1_816' title='bbox 3313 5127 3683 5200; x_wconf 81' lang='lat' dir='ltr'><strong>respiciamus,</strong></span> <span class='ocrx_word' id='word_1_817' title='bbox 3715 5143 3837 5199; x_wconf 65' lang='lat' dir='ltr'><strong>quae</strong></span> <span class='ocrx_word' id='word_1_818' title='bbox 3877 5129 3945 5184; x_wconf 88' lang='lat' dir='ltr'><strong>ab</strong></span> <span class='ocrx_word' id='word_1_819' title='bbox 3973 5131 4237 5199; x_wconf 87' lang='lat' dir='ltr'><strong>apostolis</strong></span> <span class='ocrx_word' id='word_1_820' title='bbox 4279 5135 4498 5198; x_wconf 87' lang='lat' dir='ltr'><strong>tradita,</strong></span> <span class='ocrx_word' id='word_1_821' title='bbox 4528 5135 4575 5187; x_wconf 89' lang='lat' dir='ltr'><strong>in</strong></span> 
     </span>
    </p>
   </div>
   <div class='ocr_carea' id='block_1_112' title="bbox 2988 5221 4571 5292">
    <p class='ocr_par' dir='ltr' id='par_1_112' title="bbox 2988 5221 4571 5292">
     <span class='ocr_line' id='line_1_112' title="bbox 2988 5221 4571 5292; baseline -0.002 -10"><span class='ocrx_word' id='word_1_822' title='bbox 2988 5233 3107 5282; x_wconf 82' lang='lat' dir='ltr'><strong>toto</strong></span> <span class='ocrx_word' id='word_1_823' title='bbox 3135 5223 3357 5288; x_wconf 87' lang='lat' dir='ltr'><strong>mundo,</strong></span> <span class='ocrx_word' id='word_1_824' title='bbox 3387 5231 3552 5292; x_wconf 84' lang='lat' dir='ltr'><strong>atque</strong></span> <span class='ocrx_word' id='word_1_825' title='bbox 3579 5223 3632 5277; x_wconf 93' lang='lat' dir='ltr'><strong>in</strong></span> <span class='ocrx_word' id='word_1_826' title='bbox 3679 5222 3826 5278; x_wconf 86' lang='lat' dir='ltr'><strong>omni</strong></span> <span class='ocrx_word' id='word_1_827' title='bbox 3871 5221 4156 5279; x_wconf 85' lang='lat' dir='ltr'><strong>Catholica</strong></span> <span class='ocrx_word' id='word_1_828' title='bbox 4185 5222 4431 5281; x_wconf 55' lang='lat' dir='ltr'><strong>Ecciesia</strong></span> <span class='ocrx_word' id='word_1_829' title='bbox 4463 5228 4571 5282; x_wconf 85' lang='lat' dir='ltr'><strong>nni-</strong></span> 
     </span>
    </p>
   </div>
   <div class='ocr_carea' id='block_1_113' title="bbox 2991 5317 4577 5387">
    <p class='ocr_par' dir='ltr' id='par_1_113' title="bbox 2991 5317 4577 5387">
     <span class='ocr_line' id='line_1_113' title="bbox 2991 5317 4577 5387; baseline 0.001 -13"><span class='ocrx_word' id='word_1_830' title='bbox 2991 5318 3238 5376; x_wconf 89' lang='lat' dir='ltr'><strong>formiter</strong></span> <span class='ocrx_word' id='word_1_831' title='bbox 3266 5318 3631 5382; x_wconf 84' lang='lat' dir='ltr'><strong>celebrantur,</strong></span> <span class='ocrx_word' id='word_1_832' title='bbox 3665 5327 3724 5373; x_wconf 90' lang='lat' dir='ltr'><strong>ut</strong></span> <span class='ocrx_word' id='word_1_833' title='bbox 3755 5317 3931 5387; x_wconf 80' lang='lat' dir='ltr'><strong>legem</strong></span> <span class='ocrx_word' id='word_1_834' title='bbox 3967 5317 4223 5374; x_wconf 89' lang='lat' dir='ltr'><strong>credendi</strong></span> <span class='ocrx_word' id='word_1_835' title='bbox 4249 5320 4337 5375; x_wconf 82' lang='lat' dir='ltr'><strong>lex</strong></span> <span class='ocrx_word' id='word_1_836' title='bbox 4377 5329 4577 5377; x_wconf 85' lang='lat' dir='ltr'><strong>statuat</strong></span> 
     </span>
    </p>
   </div>
   <div class='ocr_carea' id='block_1_114' title="bbox 2986 5410 4576 5484">
    <p class='ocr_par' dir='ltr' id='par_1_114' title="bbox 2986 5410 4576 5484">
     <span class='ocr_line' id='line_1_114' title="bbox 2986 5410 4576 5484; baseline 0.001 -16"><span class='ocrx_word' id='word_1_837' title='bbox 2986 5411 3347 5484; x_wconf 84' lang='lat' dir='ltr'><strong>supplicandi.</strong></span> <span class='ocrx_word' id='word_1_838' title='bbox 3375 5410 3509 5467; x_wconf 86' lang='lat' dir='ltr'><strong>Cum</strong></span> <span class='ocrx_word' id='word_1_839' title='bbox 3536 5411 3680 5466; x_wconf 83' lang='lat' dir='ltr'><strong>enim</strong></span> <span class='ocrx_word' id='word_1_840' title='bbox 3713 5420 4021 5465; x_wconf 82' lang='lat' dir='ltr'><strong>sanctarum</strong></span> <span class='ocrx_word' id='word_1_841' title='bbox 4054 5411 4291 5478; x_wconf 90' lang='lat' dir='ltr'><strong>plebium</strong></span> <span class='ocrx_word' id='word_1_842' title='bbox 4324 5416 4576 5483; x_wconf 48' lang='lat' dir='ltr'><strong>[insoles</strong></span> 
     </span>
    </p>
   </div>
   <div class='ocr_carea' id='block_1_115' title="bbox 2988 5502 4574 5575">
    <p class='ocr_par' dir='ltr' id='par_1_115' title="bbox 2988 5502 4574 5575">
     <span class='ocr_line' id='line_1_115' title="bbox 2988 5502 4574 5575; baseline 0 -14"><span class='ocrx_word' id='word_1_843' title='bbox 2988 5505 3242 5561; x_wconf 85' lang='lat' dir='ltr'><strong>mandata</strong></span> <span class='ocrx_word' id='word_1_844' title='bbox 3271 5503 3490 5559; x_wconf 89' lang='lat' dir='ltr'><strong>sibimet</strong></span> <span class='ocrx_word' id='word_1_845' title='bbox 3515 5503 3787 5572; x_wconf 76' lang='lat' dir='ltr'><strong>legatione</strong></span> <span class='ocrx_word' id='word_1_846' title='bbox 3827 5502 4137 5571; x_wconf 80' lang='lat' dir='ltr'><strong>fungantur,</strong></span> <span class='ocrx_word' id='word_1_847' title='bbox 4161 5504 4304 5575; x_wconf 88' lang='lat' dir='ltr'><strong>apud</strong></span> <span class='ocrx_word' id='word_1_848' title='bbox 4343 5507 4574 5561; x_wconf 76' lang='lat' dir='ltr'><strong>divinam</strong></span> 
     </span>
    </p>
   </div>
   <div class='ocr_carea' id='block_1_116' title="bbox 2991 5599 4573 5669">
    <p class='ocr_par' dir='ltr' id='par_1_116' title="bbox 2991 5599 4573 5669">
     <span class='ocr_line' id='line_1_116' title="bbox 2991 5599 4573 5669; baseline -0.001 -14"><span class='ocrx_word' id='word_1_849' title='bbox 2991 5600 3332 5656; x_wconf 81' lang='lat' dir='ltr'><strong>clementiam</strong></span> <span class='ocrx_word' id='word_1_850' title='bbox 3383 5599 3606 5654; x_wconf 87' lang='lat' dir='ltr'><strong>humani</strong></span> <span class='ocrx_word' id='word_1_851' title='bbox 3648 5600 3864 5667; x_wconf 77' lang='lat' dir='ltr'><strong>generis</strong></span> <span class='ocrx_word' id='word_1_852' title='bbox 3904 5608 4074 5669; x_wconf 77' lang='lat' dir='ltr'><strong>agunt</strong></span> <span class='ocrx_word' id='word_1_853' title='bbox 4115 5615 4334 5656; x_wconf 87' lang='lat' dir='ltr'><strong>causam</strong></span> <span class='ocrx_word' id='word_1_854' title='bbox 4373 5609 4428 5654; x_wconf 83' lang='lat' dir='ltr'><strong>et</strong></span> <span class='ocrx_word' id='word_1_855' title='bbox 4466 5610 4573 5654; x_wconf 77' lang='lat' dir='ltr'><strong>tota</strong></span> 
     </span>
    </p>
   </div>
   <div class='ocr_carea' id='block_1_117' title="bbox 2992 5689 4577 5765">
    <p class='ocr_par' dir='ltr' id='par_1_117' title="bbox 2992 5689 4577 5765">
     <span class='ocr_line' id='line_1_117' title="bbox 2992 5689 4577 5765; baseline -0.001 -17"><span class='ocrx_word' id='word_1_856' title='bbox 2992 5706 3175 5748; x_wconf 84' lang='lat' dir='ltr'><strong>secum</strong></span> <span class='ocrx_word' id='word_1_857' title='bbox 3205 5689 3444 5745; x_wconf 88' lang='lat' dir='ltr'><strong>Ecclesia</strong></span> <span class='ocrx_word' id='word_1_858' title='bbox 3477 5692 3916 5761; x_wconf 61' lang='lat' dir='ltr'><strong>congemiscente</strong></span> <span class='ocrx_word' id='word_1_859' title='bbox 3947 5693 4240 5760; x_wconf 81' lang='lat' dir='ltr'><strong>po-tuiant,</strong></span> <span class='ocrx_word' id='word_1_860' title='bbox 4274 5701 4329 5746; x_wconf 90' lang='lat' dir='ltr'><strong>ct</strong></span> <span class='ocrx_word' id='word_1_861' title='bbox 4351 5709 4577 5765; x_wconf 54' lang='grc' dir='ltr'><strong>μεθερμη-</strong></span> 
     </span>
    </p>
   </div>
   <div class='ocr_carea' id='block_1_118' title="bbox 2995 5783 4575 5851">
    <p class='ocr_par' dir='ltr' id='par_1_118' title="bbox 2995 5783 4575 5851">
     <span class='ocr_line' id='line_1_118' title="bbox 2995 5783 4575 5851; baseline 0.001 -11"><span class='ocrx_word' id='word_1_862' title='bbox 2995 5794 3082 5840; x_wconf 91' lang='lat' dir='ltr'><strong>tur</strong></span> <span class='ocrx_word' id='word_1_863' title='bbox 3110 5791 3171 5839; x_wconf 90' lang='lat' dir='ltr'><strong>ut</strong></span> <span class='ocrx_word' id='word_1_864' title='bbox 3190 5783 3495 5839; x_wconf 82' lang='lat' dir='ltr'><strong>infidelibus</strong></span> <span class='ocrx_word' id='word_1_865' title='bbox 3523 5784 3755 5840; x_wconf 89' lang='lat' dir='ltr'><strong>donetur</strong></span> <span class='ocrx_word' id='word_1_866' title='bbox 3797 5784 3948 5851; x_wconf 88' lang='lat' dir='ltr'><strong>ﬁdes,</strong></span> <span class='ocrx_word' id='word_1_867' title='bbox 3973 5796 4030 5840; x_wconf 91' lang='lat' dir='ltr'><strong>ut</strong></span> <span class='ocrx_word' id='word_1_868' title='bbox 4063 5785 4361 5841; x_wconf 59' lang='lat' dir='ltr'><strong>itluiolatra:</strong></span> <span class='ocrx_word' id='word_1_869' title='bbox 4387 5789 4457 5840; x_wconf 72' lang='lat' dir='ltr'><strong>ab</strong></span> <span class='ocrx_word' id='word_1_870' title='bbox 4492 5788 4575 5841; x_wconf 82' lang='lat' dir='ltr'><strong>un-</strong></span> 
     </span>
    </p>
   </div>
   <div class='ocr_carea' id='block_1_119' title="bbox 2996 5876 4576 5949">
    <p class='ocr_par' dir='ltr' id='par_1_119' title="bbox 2996 5876 4576 5949">
     <span class='ocr_line' id='line_1_119' title="bbox 2996 5876 4576 5949; baseline 0.001 -17"><span class='ocrx_word' id='word_1_871' title='bbox 2996 5877 3212 5949; x_wconf 81' lang='lat' dir='ltr'><strong>pietatis</strong></span> <span class='ocrx_word' id='word_1_872' title='bbox 3257 5890 3366 5931; x_wconf 76' lang='lat' dir='ltr'><strong>sua:</strong></span> <span class='ocrx_word' id='word_1_873' title='bbox 3400 5876 3691 5932; x_wconf 83' lang='lat' dir='ltr'><strong>liberentur</strong></span> <span class='ocrx_word' id='word_1_874' title='bbox 3732 5877 4029 5944; x_wconf 72' lang='lat' dir='ltr'><strong>erroribus,</strong></span> <span class='ocrx_word' id='word_1_875' title='bbox 4067 5887 4120 5933; x_wconf 91' lang='lat' dir='ltr'><strong>ut</strong></span> <span class='ocrx_word' id='word_1_876' title='bbox 4162 5876 4359 5935; x_wconf 64' lang='lat' dir='ltr'><strong>Iudaeis</strong></span> <span class='ocrx_word' id='word_1_877' title='bbox 4398 5880 4576 5933; x_wconf 85' lang='lat' dir='ltr'><strong>ablato</strong></span> 
     </span>
    </p>
   </div>
  </div>
