5174 6538
608 421 705 480 9H
1821 418 2255 478 BREVIARIUM
2291 418 2713 479 CANONICUM.

3812 423 3920 483 94!

610 540 790 599 cordis
820 540 1091 599 velamine
1130 542 1229 598 lux
1253 541 1501 598 veritatis
1529 553 1807 613 appareat,
1857 551 1914 598 ut
1959 542 2204 599 hazretici
2232 545 2288 604 Α
2312 540 2513 611 quippe
2544 540 2594 595 in
2628 538 2803 606 nobis,
2830 546 2890 596 ut
2913 539 3059 610 quod
3088 538 3203 596 vult
3230 548 3285 596 et
3316 538 3543 596 velimus
3570 548 3625 597 et
3655 556 3900 615 agamus,

612 634 897 690 calix-irae
927 636 1050 693 lidei
1084 638 1433 708 perceptione
1477 638 1820 708 resipiscant,
1852 646 1910 693 ut
1940 639 2209 694 schisma-

612 728 699 781 tici
732 726 986 795 spiritum
1019 726 1271 783 rediviva:
1298 727 1582 783 charitatis
1617 728 1905 799 accipiant,
1940 737 1999 784 ut
2046 729 2213 799 lapsis

608 821 946 890 pmnitentire
989 821 1231 877 remedia
1274 822 1643 883 conferantur.
1690 832 1750 877 ut
1792 823 2025 895 denique
2064 833 2213 880 cate-

608 914 896 969 cLumenis
948 917 1013 968 ad
1064 916 1495 985 regenerationis
1543 926 1882 971 sacramenta
1938 918 2212 985 perductis

608 1008 848 1063 coalestis
872 1008 1257 1062 misericordiae
1281 1008 1403 1063 aula
1429 1018 1720 1065 reseretur.
1752 1010 1873 1065 Iltcc
1898 1019 2077 1064 autem
2101 1024 2212 1065 non

606 1101 996 1171 perfunctorie,
1048 1117 1223 1171 neque
1269 1102 1502 1157 inaniter
1550 1118 1581 1157 a
1628 1103 1857 1159 Domino
1888 1106 1997 1174 peti
2030 1120 2209 1160 rerum

607 1192 854 1262 ipsarum
886 1202 1155 1247 monstrat
1184 1191 1442 1259 effectus;
1476 1194 1915 1264 quandoquidem
1949 1211 2017 1252 ex
2063 1197 2212 1253 omni

609 1300 860 1340 errorum
901 1300 1101 1355 genere
1137 1286 1399 1355 plurimos
1432 1286 1575 1342 Deus
1620 1288 1872 1357 dignatur
1912 1290 2208 1356 attrahere,

607 1394 751 1449 quos
798 1388 988 1435 erutos
1031 1380 1098 1434 de
1129 1389 1399 1450 potestate
1446 1381 1793 1436 tenebrarum
1844 1384 2131 1439 transferat
2158 1385 2213 1442 in

604 1485 834 1540 regnum
866 1470 957 1526 filii
990 1471 1266 1528 charitatis
1290 1488 1420 1540 sure,
1449 1483 1503 1528 et
1530 1490 1595 1528 ex
1620 1476 1761 1530 vasis
1790 1476 1879 1530 ira:
1904 1476 2213 1532 faciatvasa

604 1566 1023 1621 misericordice.
1068 1565 1223 1633 Quod
1275 1569 1411 1622 adeo
1447 1576 1618 1622 totum
1652 1570 1816 1624 divini
1867 1572 2048 1641 operis
2093 1587 2213 1628 esse

602 1661 859 1725 sentitur,
913 1670 971 1714 ut
1020 1661 1132 1715 hare
1181 1661 1441 1715 et'licienti
1494 1661 1605 1717 Deo
1654 1665 1951 1731 gratiarum
2000 1680 2213 1735 semper

604 1752 749 1806 actio
790 1750 1075 1821 laudisque
1122 1754 1393 1808 confessio
1442 1768 1540 1823 pro
1589 1754 1983 1813 illuminatione
2026 1759 2212 1813 taliutn

602 1844 689 1899 vel
723 1844 1068 1900 correctione
1099 1846 1383 1900 referatur.

603 1982 903 2039 CCXCVII.
951 1982 1101 2048 Quod
1131 1987 1353 2053 gratiam
1406 1984 1520 2048 Dei,
1571 1987 1728 2038 etiam
1772 1987 2205 2054 baptizandornm

676 2064 897 2108 testatur
928 2059 1159 2108 ins'itntn
1190 2068 1430 2125 ptll’iJlLO
1456 2098 1468 2121 ,
1502 2074 1613 2129 cum
1660 2076 1685 2109 ρ
1714 2060 1960 2111 οιιὶδιιιίε
2001 2072 2047 2111 e!
2078 2078 2203 2129 Sup-

670 2126 1039 2196 plicatiouibus
1066 2128 1275 2196 spiritus
1309 2130 1371 2179 ab
1396 2130 1468 2181 eis
1500 2128 1795 2199 abiguntttr
1814 2134 2091 2186 mtntnndi.

670 2258 756 2313 EI
786 2262 929 2314 decr.
964 2278 1113 2331 papw
1145 2259 1369 2326 C(elest.,
1405 2262 1482 2315 tit.
1536 2261 1626 2315 12.
1672 2262 1804 2316 Illud
1848 2262 2010 2316 eliatn
2058 2264 2203 2331 quod

601 2353 746 2408 circa
774 2351 1132 2423 haptizandos
1156 2354 1209 2406 in
1235 2354 1486 2407 universo
1515 2353 1716 2407 mundo
1749 2362 1935 2408 sancta
1964 2354 2204 2409 Ecclesia

601 2444 947 2500 uniformiter
980 2446 1112 2513 agit,
1143 2462 1250 2501 non
1282 2446 1461 2501 otioso
1500 2447 1933 2518 contemplamur
1983 2450 2199 2503 intuitu.

600 2539 734 2593 Cum
770 2539 884 2592 sive
911 2539 1118 2607 parvuli
1150 2540 1264 2594 sive
1286 2539 1514 2608 juvenes
1552 2540 1617 2595 ad
1650 2544 2077 2609 regenerationis
2107 2559 2202 2598 ve-

598 2636 756 2688 niunt
788 2643 1213 2696 sacramentum,
1260 2649 1367 2687 non
1398 2635 1544 2704 prius
1574 2634 1777 2691 fontem
1812 2638 1933 2689 vitae
1980 2636 2201 2703 adeunt,

596 2740 762 2791 quam
795 2724 1140 2792 exorcismis,
1172 2732 1226 2779 et
1251 2725 1718 2781 exsnfllationibus
1749 2727 2074 2783 clericorum
2100 2729 2203 2798 spi-

595 2817 730 2870 ritus
759 2817 830 2869 ab
869 2817 946 2870 eis
984 2817 1289 2871 immundus
1320 2818 1590 2887 abigutur,
1624 2828 1682 2873 ut
1713 2828 1841 2875 tunc
1873 2836 1998 2875 vere
2028 2837 2199 2891 appa-

595 2918 713 2963 reat
744 2908 1024 2977 quomodo
1056 2910 1307 2978 princeps
1337 2912 1519 2964 mundi
1550 2910 1709 2980 hujus
1759 2912 2003 2967 mittatur
2033 2916 2200 2984 l'oras,

596 3009 650 3053 et
678 2999 965 3069 quomodo
1014 3002 1162 3070 prius
1191 3002 1442 3069 alligetur
1484 3002 1658 3068 fertis,
1692 3011 1747 3059 et
1788 3006 2046 3073 deinceps
2077 3022 2201 3062 vasa

595 3091 714 3159 ejus
741 3092 1092 3162 diripiantur,
1138 3092 1190 3146 in
1224 3095 1622 3163 possessionem
1663 3097 1920 3152 translata
1954 3101 2195 3168 victoris,

595 3187 682 3252 qui
719 3195 995 3255 Captivam
1041 3184 1189 3239 ducit
1219 3186 1611 3255 captivitatem,
1648 3196 1702 3243 et
1733 3188 1819 3243 dat
1854 3191 1995 3245 dona
2028 3193 2202 3247 homi-

594 3280 776 3333 nibus.
826 3276 926 3333 His
955 3292 1086 3347 ergo
1123 3279 1509 3335 ecclesiasticis
1558 3282 1778 3351 regulis,
1813 3292 1868 3339 et
1914 3299 1981 3339 ex
2016 3286 2196 3341 divina
2227 3303 2273 3368 ρ

590 3372 826 3442 sumptis
866 3372 1193 3427 auctoritate
1240 3373 1603 3441 documentis,
1647 3376 1721 3430 ita
1756 3376 2047 3447 adjuvante
2086 3378 2194 3435 Do-

590 3464 737 3517 mino
773 3463 1107 3518 conformati
1154 3479 1363 3534 sumus,
1398 3475 1456 3520 ut
1486 3468 1729 3522 omnium
1767 3468 2036 3525 bonorum
2069 3472 2197 3527 affe-

590 3565 776 3609 ctuum
829 3564 995 3624 atque
1029 3571 1277 3625 Operum,
1322 3566 1379 3613 et
1427 3560 1669 3614 omnium
1720 3562 2043 3631 studiorum,
2076 3580 2195 3618 om-

588 3648 857 3716 niumque
895 3648 1171 3713 virtutum,
1214 3649 1409 3718 quibus
1454 3651 1523 3706 ab
1571 3652 1725 3708 initio
1760 3652 1879 3708 fidei
1912 3656 1978 3708 ad
2023 3656 2193 3711 Deum

591 3742 860 3805 tenditur,
898 3740 1065 3795 Deum
1098 3746 1450 3811 profiteantur
1480 3753 1782 3811 auctorem,
1817 3755 1871 3801 et
1902 3763 2006 3803 non
2037 3750 2194 3803 dubi-

590 3840 770 3889 minus
813 3830 892 3887 ab
919 3832 1090 3903 ipsius
1117 3834 1290 3902 gratia
1319 3836 1501 3889 omnia
1549 3836 1783 3891 hominis
1832 3840 2024 3893 merita
2058 3855 2194 3909 prte-

592 3926 787 3991 veniri,
827 3940 929 3994 per
955 3940 1119 3996 quem
1150 3925 1229 3993 lit,
1265 3936 1323 3982 ut
1349 3927 1557 3997 ahquid
1602 3929 1731 3984 boni
1776 3939 1831 3985 et
1875 3932 2012 3987 velle
2060 3934 2197 3988 inci-

589 4018 824 4090 piamus,
858 4026 911 4071 et
941 4017 1145 4073 facere.
1177 4018 1297 4085 Quo
1325 4019 1517 4090 utique
1536 4020 1739 4077 auxilio
1767 4031 1822 4079 et
1851 4026 2195 4081 munereDei

589 4127 696 4165 non
731 4109 986 4165 aufertur
1033 4108 1263 4164 liberum
1313 4112 1627 4178 arbitrium;
1682 4114 1778 4170 sed
1819 4115 2103 4182 liberatur,
2140 4126 2197 4172 ut

593 4203 654 4257 de
678 4204 979 4257 tenebroso
1008 4201 1264 4264 lucidum.
1291 4206 1358 4258 de
1390 4219 1555 4272 pravo
1583 4214 1810 4267 rectum,
1842 4205 1911 4259 de
1942 4206 2193 4274 languido

589 4310 806 4360 sanum,
841 4296 913 4350 de
946 4304 969 4330 ἰ
1002 4295 1398 4365 improvidente
1418 4298 1487 4351 sit
1516 4300 1821 4368 providum.
1847 4299 2021 4355 Tanta
2049 4302 2192 4355 enim

592 4399 671 4443 est
703 4404 835 4459 erga
871 4404 1062 4443 omnes
1096 4388 1346 4444 homines
1394 4391 1608 4446 bonitas
1642 4393 1756 4458 Uei,
1791 4402 1848 4446 ut
1887 4402 2072 4448 nostra
2106 4409 2195 4448 ve-

592 4482 651 4534 lit
680 4498 806 4537 esse
840 4482 1035 4536 merita
1067 4497 1184 4551 quae
1216 4491 1344 4537 sunt
1372 4483 1540 4555 ipsius
1566 4485 1732 4549 dona,
1756 4493 1810 4539 et
1844 4501 1944 4554 pro
1967 4486 2049 4541 his
2073 4500 2192 4555 quae

2312 649 2417 690 nec
2448 633 2623 691 otiosa
2652 634 2845 691 essein
2876 632 3032 690 nobis
3056 632 3282 705 patitur,
3308 650 3428 704 quae
3458 636 3767 693 exercenda
3797 654 3909 697 non

2317 726 2638 795 negligenda
2684 726 2923 792 donavit,
2972 736 3029 781 ut
3071 735 3127 783 et
3159 742 3257 782 nos
3301 736 3695 799 cooperatores
3737 731 3909 789 simus

2316 823 2502 890 gratia:
2530 822 2641 886 llei,
2676 836 2739 876 ac
2766 822 2811 875 si
2842 821 2968 891 quid
3010 822 3062 875 in
3099 821 3257 876 nobis
3288 836 3354 876 ex
3391 834 3573 877 nostra
3604 822 3906 883 vikrimus

2314 914 2636 969 remissione
2671 914 3043 983 languescere.
3090 912 3155 967 ad
3187 912 3337 968 illum
3377 914 3613 970 sollicite
3655 931 3914 972 recurra-

2315 1022 2457 1071 mus,
2492 1007 2582 1077 qui
2611 1016 2767 1061 sanat
2797 1020 2987 1061 omnes
3021 1005 3313 1076 Ianguores
3349 1015 3588 1070 nostros,
3617 1016 3672 1061 et
3694 1007 3912 1064 redimit

2258 1102 2259 1105 “
2316 1098 2385 1155 de
2421 1099 2640 1154 interitu
2666 1100 2829 1153 vitam
2866 1107 3125 1159 nostram,
3162 1107 3215 1152 ct
3244 1097 3326 1152 cui
3360 1098 3605 1167 quotidie
3632 1098 3862 1155 dicimus
3890 1119 3901 1153 :

2314 1191 2393 1248 Ne
2423 1192 2647 1248 inducas
2687 1207 2784 1246 nos
2832 1192 2885 1247 in
2938 1191 3312 1256 tentationetu,
3363 1190 3461 1246 sed
3508 1190 3674 1247 libera
3721 1207 3822 1248 nos
3864 1208 3895 1248 a

2316 1286 2482 1342 malo.

2315 1408 2634 1477 CCXCVlll.
2684 1421 2833 1486 Quod
2879 1421 3247 1492 profundim'es
3295 1423 3605 1491 qna‘slioncs
3651 1439 3743 1477 nec
3792 1440 3915 1480 con-

2530 1496 2815 1548 temnenin
2844 1496 2967 1557 sint,
3006 1510 3096 1547 nec
3130 1495 3331 1555 penitus
3360 1495 3678 1549 astruendw.

2392 1633 2469 1687 Ex
2514 1633 2700 1686 decret.
2752 1647 2903 1701 papa:
2948 1630 3194 1695 (Σαίρει,
3246 1631 3325 1685 tit.
3384 1629 3471 1684 l3.
3524 1629 3914 1689 Profundiores

2315 1738 2468 1791 vero,
2509 1723 2951 1792 (liflicilioresquc
2982 1734 3162 1791 partes
3208 1722 3601 1778 incurrentium
3653 1728 3912 1795 thstio-

2317 1835 2466 1882 num,
2504 1834 2638 1889 quas
2680 1818 2840 1873 latius
2872 1826 3293 1886 pertractarunt,
3326 1816 3415 1885 qui
3455 1815 3728 1875 hmreticis
3758 1819 3915 1874 resti-

2239 1930 2288 1991 Β
2319 1920 2521 1975 terunt,
2556 1911 2697 1966 sicut
2729 1927 2834 1965 non
2869 1910 3129 1967 audemus
3158 1917 3534 1978 contemnere,
3568 1912 3640 1965 ita
3674 1927 3783 1967 non
3814 1928 3906 1967 ne-

2315 2020 2469 2063 cesse
2501 2003 2763 2059 habemus
2812 2014 3079 2060 astruere.
3114 2002 3248 2070 Quia
3281 2005 3347 2059 ad
3386 2007 3753 2062 conﬁtendam
3783 2024 3911 2079 gra-

2316 2102 2443 2155 tiam
2494 2098 2610 2164 Dei,
2666 2099 2819 2167 cujus
2865 2100 3017 2168 operi
3050 2114 3113 2153 ac
3160 2097 3462 2167 dignationi
3515 2100 3647 2156 nihil
3696 2103 3911 2170 penitus

2315 2193 2744 2248 subtrahendum
2770 2204 2869 2257 est,
2903 2193 3035 2248 sxtis
3064 2190 3314 2247 sufﬁcere
3342 2193 3615 2249 credimus
3644 2194 3906 2265 quidquid

2311 2285 2607 2340 secundum
2641 2286 2924 2354 prmdictas
2958 2284 3173 2351 regulas
3217 2284 3544 2354 Apostolicre
3590 2285 3764 2351 Sedis,
3812 2305 3911 2344 nos

2312 2377 2511 2445 scripta
2545 2376 2881 2443 docuerunt;
2914 2386 2967 2429 ut
3002 2392 3221 2446 prorsus
3258 2394 3365 2431 non
3401 2378 3423 2414 ι)
3459 2378 3788 2445 testimemus
3820 2397 3913 2435 ca-

2313 2467 2598 2535 tholicum,
2631 2471 2777 2538 quod
2829 2468 3140 2539 apparuerit
3184 2468 3419 2539 praaﬁxis
3459 2471 3744 2528 scutetttiis
3790 2486 3913 2528 esse

2311 2570 2497 2616 contra
2507 2561 2666 2615 rium.
2866 2572 2873 2579 '

2373 2698 2643 2756 CCXVlX.
2678 2699 2744 2755 εἰ
2773 2712 2959 2770 ρνιεῑεν
2986 2701 3287 2771 Srripturas
3312 2707 3613 2769 canonicos,
3642 2708 3772 2763 nihil
3793 2709 3847 2763 in

2866 2772 3103 2828 Ecslesia
3131 2775 3350 2846 legatur.

2380 2883 2577 2938 Concil.
2613 2884 2885 2957 Cartltag.,
2921 2888 3001 2940 tit.
3047 2886 3137 2942 24.
3180 2887 3312 2943 Item
3344 2889 3565 2958 placuit,
3601 2901 3659 2947 υι
3707 2903 3906 2964 praeter

2308 2974 2620 3045 Scripturas
2657 2979 2966 3043 canonicos,
3001 2979 3128 3033 nihil
3162 2979 3213 3034 in
3264 2979 3510 3037 Ecclesia
3540 2982 3768 3052 legatur,
3802 2987 3899 3043 sub

2308 3069 2528 3123 nomine
2569 3068 2965 3140 Scripturarum
3000 3071 3330 3137 divinarum;
3376 3083 3501 3129 sunt
3542 3077 3683 3131 enim
3726 3077 3907 3135 Cano-

2308 3160 2442 3215 nica:
2473 3159 2802 3231 Scripturac,
2836 3164 2885 3218 id
2914 3176 2997 3219 est
3025 3164 3268 3232 Genesis,
3318 3165 3559 3233 Exodus,
3594 3167 3900 3239 stiticus,

2306 3254 2550 3323 Numeri,
2578 3256 3223 3321 Deuterono:nium,Jesu
3244 3260 3408 3326 Nave,
3434 3259 3709 3328 Judicum,
3734 3264 3908 3335 Ruth,

2310 3346 2519 3417 Regum
2550 3348 2673 3405 libri
2703 3358 2955 3420 quatuor,
2986 3350 3438 3424 Paralipomenon
3468 3352 3592 3409 libri
3623 3355 3747 3423 duo,
3781 3356 3903 3425 Job,

2310 3438 2654 3507 Psalterium,
2700 3441 3005 3500 Salomonis
3051 3444 3173 3499 libri
3216 3446 3477 3515 quinque,
3514 3447 3652 3503 liber
3694 3450 3904 3506 duode-

2309 3532 2414 3588 cim
2448 3533 2869 3604 Prophetarum,
2902 3534 3108 3601 Esaias,
3144 3535 3467 3603 Hieremias,
3500 3536 3767 3601 Ezechiel,
3798 3542 3907 3597 Da-

2307 3624 2438 3690 niel,
2472 3625 2694 3691 Tobias,
2721 3625 2922 3691 Judith,
2971 3627 3146 3694 Ester,
3195 3627 3373 3684 Esdrm
3421 3631 3545 3685 libri
3575 3632 3723 3698 duo;
3766 3632 3905 3689 Novi

2308 3716 2642 3772 Testamenti
2694 3717 3111 3787 Evangeliorum
3166 3722 3287 3775 libri
3335 3732 3608 3791 quatuor,
3667 3724 3897 3781 Actuum

2307 3809 2693 3878 Apostoierum
2742 3811 2878 3867 liber
2928 3828 3090 3879 uuu=,
3140 3812 3399 3882 Epistolre
3446 3813 3598 3870 Pauli
3639 3828 3904 3886 quatuor—

2305 3898 2503 3966 decim,
2568 3900 2707 3954 Petri
2756 3904 2988 3970 apostoli
3031 3903 3171 3966 dure,
3220 3905 3445 3961 Joannis
3487 3910 3716 3973 apostoli
3772 3918 3903 3975 tres,

2303 3989 2489 4045 Jacobi
2539 3992 2772 4061 apostoli
2827 4008 2970 4057 una,
3016 3992 3166 4065 Juda:
3217 3998 3452 4067 apostoli
3504 4015 3644 4064 una,
3690 4001 3905 4071 Apoca-

2303 4082 2472 4153 lypsis
2503 4082 2728 4138 Joannis
2763 4084 2899 4140 liber
2931 4102 3088 4141 unus.

2390 4216 2539 4275 CCC.
2587 4218 2655 4274 Ut
2685 4223 2909 4291 episcOpi
2938 4232 2983 4275 et
3016 4224 3186 4287 rlerivi
3218 4240 3319 4278 non
3351 4226 3678 4291 ordinentur,
3713 4228 3812 4280 nisi

2627 4309 2803 4345 omnes
2833 4310 2950 4347 suos
2977 4296 3192 4365 fecerint
3223 4297 3506 4350 (liristiano

2371 4400 2481 4457 Con
2513 4404 2570 4457 il.
2606 4402 2879 4477 Carthag.,
2913 4407 2990 4459 tit.
3029 4406 3080 4461 5.
3116 4405 3183 4461 Ut
3228 4408 3467 4479 episcopi
3501 4415 3551 4464 et
3578 4409 3901 4481 presbyteri.

2300 4502 2355 4549 et
2394 4496 2607 4551 diaconi
2664 4513 2767 4552 non
2818 4498 3154 4565 ordinentur,
3205 4502 3519 4570 priusquam
3570 4517 3760 4556 omnes
3803 4502 3896 4569 qui

591 4576 815 4647 largitus
876 4586 979 4642 est,
1038 4587 1239 4632 :eterna
1297 4580 1511 4645 pueritia
1568 4581 1638 4637 sit
1692 4582 2009 4636 donaturus.
2066 4584 2189 4653 Agit
2220 4577 2273 4639 D
2298 4597 2423 4643 sunt
2454 4589 2504 4643 in
2530 4589 2691 4645 domo
2714 4605 2926 4659 eorum,
2953 4593 3278 4650 christianos
3315 4596 3610 4652 catholicos
3639 4596 3893 4653 fecerint.

662 4755 686 4784 ⁸
731 4749 895 4806 Dion.
929 4748 1109 4817 Ελὶεη
1141 4746 1484 4817 intpmdeitte.

2382 4753 2407 4791 δ
2450 4755 2604 4809 Dion.
2638 4753 2811 4827 Exig.,
2854 4758 3142 4827 apinenur.

658 4920 801 4984 Vide
818 4925 895 4983 nd
920 4928 1126 4985 calcem
1154 4930 1286 4988 tomi
1310 4929 1519 4987 Indices
1545 4932 1676 4988 duos
1706 4933 1757 4986 in
1784 4930 2043 4989 Ferrandi
2072 4934 2445 4991 Breviationem
2470 4937 2738 4993 Cononem
2768 4951 2822 4996 et
2845 4941 2898 4995 in
2927 4939 3180 4998 Criuonii
3204 4942 3524 5001 Breviarium
3548 4944 3871 5019 (lenoniam
