5174 6542
2533 584 2668 624 ANNO
2708 583 2909 625 S.£CULI
2949 582 3022 623 νιι
3062 580 3313 622 ιΝοειιίο.

1406 724 2659 950 AUCTOR
2883 716 4454 951 INCERTUS

2736 1074 3105 1126 CUGNOHINE

2224 1237 3622 1449 MAGISTEB.

1724 1699 1851 1775 Ι)Ε
1907 1696 2310 1776 REGULA
2370 1696 2863 1774 MAGISTRI
2932 1696 3423 1775 VETERUM
3486 1695 4163 1776 TESTIMONIA.

2512 1552 3360 1597 ψ

1354 1940 1585 1993 Sanetus
1615 1934 1954 1989 Bssnntcros
1983 1932 2203 1987 Aniana:
2242 1932 2407 1989 abbas
2436 1930 2725 1986 maximam
2750 1946 2875 2000 par-
2905 1942 2955 1998 Α
3056 1935 3097 1988 Α
3129 1934 3417 1989 διιλιιλσυο
3446 1932 3609 1987 etiam
3650 1931 3916 1985 monacho
3959 1929 4012 1983 in
4052 1928 4484 1983 Commentariis
4522 1927 4582 1981 ad

1286 2039 1396 2087 tem
1457 2030 1691 2085 Rectius
1748 2026 2012 2082 MAGIS?!“
2063 2026 2116 2081 in
2171 2026 2517 2082 concordiam
2568 2027 2874 2095 regularum
2986 2028 3225 2096 regulam
3266 2026 3437 2081 sancti
3476 2023 3753 2079 Benedicti
3784 2037 4157 2091 saepenumero
4188 2020 4451 2074 laudatur
4476 2034 4584 2084 ουι-

1283 2119 1643 2190 transcripsit,
1704 2127 1759 2173 et
1797 2117 1995 2188 passim
2039 2116 2247 2185 integra
2300 2118 2416 2187 ejus
2444 2118 2622 2188 capita
2652 2116 2876 2187 profert,
2988 2136 3092 2173 om
3121 2135 3477 2173 MONACIIORUM
3511 2116 3782 2170 MAGISTER
3813 2116 3971 2184 hujus
4000 2116 4203 2182 regula:
4236 2123 4453 2169 auctor.

1283 2214 1417 2271 citat
1446 2222 1628 2267 autem
1656 2212 1939 2283 plusquam
1968 2210 2233 2279 sexigies.

1290 2352 4573 2380 Μ

1672 2464 2309 2559 OBSERVATIO
2369 2464 2781 2543 CRITICA
2844 2465 2949 2540 IN
3010 2464 3507 2543 RI‘JGULAM
3571 2464 4223 2557 SEQUENTEM.

1355 2724 1501 2779 Inter
1545 2720 1679 2775 alias
1724 2718 1937 2788 regulas
1980 2717 2306 2772 monasticas
2352 2718 2467 2772 hzec
2511 2731 2751 2787 pricsens
2797 2715 3067 2769 fusissima
3099 2724 3203 2781 est,
3233 2715 3519 2771 continens
3551 2713 3685 2769 XCV
3718 2715 3919 2788 capita,
3953 2723 4151 2784 pneter
4184 2713 4480 2788 Prologum
4529 2727 4581 2771 et

1282 2793 1625 2879 spiritualelm‘
1650 2785 1935 2879 Orationis
1955 2788 2244 2871 Dominicaa
2271 2785 2688 2879 explicationem
2721 2787 3003 2879 monachis
3027 2787 3360 2879 adaptatanm.
3388 2791 3592 2879 .Auctor
3617 2794 3795 2865 tamen
3830 2786 4070 2841 incertus
4093 2795 4200 2850 est,
4236 2802 4342 2841 nec
4361 2785 4583 2879 aliunde

1282 2856 1503 2924 titulum
1536 2863 1796 2917 MAGISTBI
1827 2861 2078 2930 obtinuit,
2111 2861 2209 2913 nisi
2240 2860 2385 2930 quod
2416 2860 2483 2913 ab
2515 2859 2667 2911 initio
2697 2858 2986 2925 cujuslibet
3033 2858 3227 2926 capitis
3260 2856 3558 2930 Discipulos
3589 2856 3955 2930 quazstionem
3981 2870 4287 2930 proponat,
4324 2857 4389 2910 ad
4424 2872 4580 2930 quam

1282 2936 1601 2994 solvendam
1649 2932 1956 2987 immediate
1988 2928 2241 2999 Magister
2259 2926 2591 3000 respondet.
2638 2930 3052 2997 doctrinamque
3070 2928 3714 3000 Aquzestioni__coogrnam
3768 2927 4004 3000 reponit.
4050 2926 4200 2980 Inter
4245 2929 4581 3000 recentiores

1282 3006 1615 3063 Trithemius
1659 3001 1988 3058 existimavit
2018 2998 2177 3071 hujus
2207 2998 2404 3065 regula:
2448 3008 2724 3071 auctorem
2748 3000 3025 3071 exstitisse
3051 2998 3339 3052 diaconum
3370 2998 3762 3071 Vigilantiam:
3790 2998 3884 3071 sed
3913 3000 4051 3071 hanc
4078 2999 4417 3071 sententiam
4442 2999 4579 3071 nulla

1283 3077 1613 3133 auctoritate
1655 3072 1926 3128 sutIultam
1958 3066 2119 3141 negat
2147 3087 2290 3140 saepe
2323 3071 2572 3124 laudatus
2600 3069 2896 3124 Calmetus.
2929 3069 3247 3137 Quicunque
3278 3066 3459 3141 auteni
3501 3079 3692 3141 auctor
3706 3069 3901 3141 luerit.
3934 3069 4084 3122 illum
4118 3070 4169 3122 in
4203 3066 4381 3123 Gallia
4409 3070 4577 3141 scrip-

1282 3151 1445 3209 sisse.
1499 3146 1640 3200 haud
1693 3146 1869 3199 inanis
1920 3138 2236 3212 conjectura
2284 3152 2396 3206 est,
2450 3156 2573 3196 cum
2617 3142 2813 3211 sepius
2863 3141 3086 3212 vocibus
3136 3141 3339 3212 nationi
3390 3140 3463 3212 illi
3514 3140 4015 3212 propriisutatur:
4057 3148 4232 3212 prout
4272 3151 4361 3212 est
4410 3138 4581 3207 lnior

1282 3208 1503 3280 Domus.
1550 3228 1657 3272 etc.
1693 3214 1894 3269 Deinde
1926 3208 2148 3281 loquens
2176 3212 2241 3267 de
2268 3212 2589 3285 AGyrovagis,
2625 3208 2719 3266 eos
2749 3228 2812 3285 ex
2846 3212 3031 3285 vicina
3052 3210 3205 3264 Italia
3237 3208 3633 3285 deducitLqun
3672 3209 3903 3285 quidem
3933 3214 4155 3285 natoue
4196 3208 4579 3285 Galluﬁm_qu_o-

1283 3279 1574 3347 dammOdo
1612 3285 1841 3356 probare
1883 3279 2129 3354 possunt,
2162 3292 2218 3356 et
2260 3279 2604 3356 forsangvixit
2651 3282 3147 3356 szcculoseptimo,
3178 3283 3396 3351 quando
3420 3280 3661 3356 ofﬁciunt
3709 3279 3934 3356 ﬂajoris
3977 3280 4178 3356 Domus
4225 3284 4373 3356 apud
4408 3281 4585 3356 Gallos

1284 3360 1521 3417 maxime
1551 3351 1755 3412 ﬂoruit.
1788 3356 1865 3411 De
1887 3351 2093 3409 ‘ctetero
2124 3352 2285 3422 hujus
2316 3354 2513 3421 regula:
2543 3363 2736 3407 auctor
2768 3353 2936 3407 multa
2965 3351 3148 3406 hausit
3168 3368 3234 3406 ex
3262 3353 3431 3407 sancti
3459 3351 3737 3407 Benedicti
3760 3351 3970 3419 regula,
4001 3351 4142 3406 unde
4168 3354 4372 3422 saepius
4396 3353 4464 3406 ab
4486 3353 4582 3407 illis

1284 3431 1505 3493 citatur,
1536 3430 1630 3498 qui
1678 3428 1731 3481 in
1773 3428 1913 3481 hanc
1939 3424 2185 3498 regulam
2201 3421 2547 3498 scripserunt
2570 3426 2993 3498 commentaria;
3025 3425 3126 3498 etsi
3160 3425 3249 3477 ille
3272 3423 3402 3498 stilo
3430 3424 3549 3498 rudi
3581 3432 3637 3477 et
3665 3422 3899 3477 barbaro
3930 3438 4061 3476 usus
4086 3422 4193 3476 sit.
4226 3421 4343 3498 [διες
4372 3423 4580 3498 desunt,

1327 3502 1381 3556 ui
1408 3492 1531 3554 huic
1555 3492 1770 3553 auctori
1803 3492 2065 3567 puerilem
2102 3492 2340 3550 animum
2373 3496 2713 3567 impingunt;
2742 3495 2875 3567 dum
2891 3511 3011 3563 cap.
3041 3494 3112 3547 ‘23
3166 3502 3220 3548 et
3265 3492 3337 3545 ‘25
3376 3494 3718 3567 mandat,_ut
3753 3501 3878 3563 post
3903 3508 4149 3548 mensam
4177 3493 4341 3567 mica:
4373 3494 4585 3561 singulis

1327 3517 1381 3556 ul
1408 3517 1531 3554 ηυιο
1561 3517 1770 3553 anetort
1803 3517 2065 3567 puerilem
2102 3517 2340 3550 alumqu
2373 3517 2707 3563 Impulsum;
2742 3517 2867 3548 uum
2891 3517 3011 3563 cap.
3043 3517 3112 3547 Ζ.)
3166 3517 3220 3548 et
3269 3517 3337 3545 zu
3376 3517 3615 3555 Illauuat,
3661 3517 3718 3545 ut
3753 3517 3878 3563 post
3903 3517 4149 3548 utcttsaul
4178 3517 4341 3548 unus:
4373 3517 4579 3561 sutguus

1284 3517 1480 3627 diebus
1524 3569 1809 3639 diligenter
1837 3567 2195 3639 colligantur,
2230 3575 2286 3621 et
2316 3574 2552 3639 exeunte
2581 3566 2913 3619 hebdomada
2944 3574 3297 3639 coquantur,_
3324 3573 3379 3639 et
3432 3579 3522 3639 ex_
3548 3563 3740 3617 iisdem
3770 3578 3962 3639 omnes
3998 3563 4261 3639 monachi
4292 3575 4579 3639 prmsentes

1289 3640 1582 3699 comedere
1614 3633 1855 3708 possint;
1899 3633 2040 3692 sicut
2064 3637 2230 3693 etiam
2259 3637 2531 3707 praacipit,
2556 3644 2824 3706 quatenus
2856 3638 3013 3705 panis
3033 3633 3140 3708 'pcr
3162 3635 3464 3691 trochleam
3492 3636 3776 3690 desursum
3806 3636 3967 3689 cadat
3996 3633 4051 3688 in
4081 3633 4414 3704 cophinum,
4443 3635 4581 3705 quasi

1288 3712 1361 3769 de
1388 3709 1526 3767 coelo
1552 3710 1820 3766 demissus
1848 3717 2010 3764 esset.

2246 3824 2255 3831 ε

1898 3968 2107 4095 AD
2203 3868 3954 4096 MONACHO—SWMAGISTEI

2575 4204 3289 4321 REGULA.

2197 4515 2595 4593 INCIPIT
2660 4512 3203 4591 PROLOGUS
3262 4512 3728 4591 REGULE.

3170 3846 4580 3876 Ἢ

1310 3847 4536 3881 W

1368 4762 1612 4824 Ohomo,
1640 4756 1816 4827 primo
1844 4755 1937 4809 tibi
1968 4754 2058 4823 qui
2086 4753 2238 4821 legis,
2263 4753 2457 4810 deinde
2482 4764 2537 4808 et
2563 4754 2659 4808 tibi
2684 4754 2776 4823 qui
2801 4770 2888 4810 me
2928 4769 2971 4824 Β
2998 4769 3164 4825 quam
3193 4754 3392 4811 fuimus
3410 4755 3549 4811 heri.
3583 4755 3726 4828 Ergo
3750 4764 3829 4823 tu,
3854 4758 3948 4827 qui
3975 4773 4067 4815 me
4092 4764 4395 4830 auscultas,
4425 4766 4499 4821 ita
4524 4776 4587 4820 at-

1297 4850 1570 4911 auscultas
1598 4848 1888 4905 dicentem.
1919 4846 2129 4900 dimitte
2159 4846 2263 4901 alia
2307 4845 2470 4902 modo
2501 4862 2617 4914 qua:
2648 4847 2889 4914 cogitas;

1298 4952 1356 5002 et
1384 4958 1472 4998 me
1496 4940 1593 4994 tibi
1623 4938 1954 5007 loquentem,
1981 4945 2035 4991 et
2064 4951 2160 5006 per
2188 4952 2250 4990 os
2280 4953 2457 4991 meum
2488 4938 2653 4991 Deum
2684 4946 2737 4992 te
2756 4952 2892 4992 con-

1297 5035 1605 5091 venientem
1632 5044 1917 5098 cognosce.
1953 5028 2033 5081 Ad
2066 5044 2223 5098 quem
2259 5029 2543 5083 Dominum
2596 5044 2661 5083 ex
2702 5029 2894 5083 volun-

1297 5133 1411 5182 tate
1438 5132 1618 5180 nostra
1644 5136 1740 5191 per
1770 5121 1907 5174 bona
1933 5128 2052 5173 acta
2083 5120 2168 5173 vel
2200 5120 2536 5189 bent-placita
2563 5123 2787 5189 justitia:
2815 5124 2895 5177 ire

1299 5219 1561 5275 debemus
1587 5236 1599 5268 :
1626 5231 1696 5269 ne
1718 5229 1815 5284 per
1837 5213 2219 5280 negngentiam
2246 5224 2592 5283 peccatorum
2624 5216 2774 5270 inviti
2800 5230 2892 5271 ra-

1299 5310 1513 5381 piamur
1544 5306 1789 5362 accersiti
1820 5320 1915 5373 per
1943 5313 2194 5359 mortem.
2235 5306 2396 5373 Ergo,
2421 5306 2654 5374 auditor,
2683 5310 2777 5377 qui
2806 5324 2893 5363 me

1302 5402 1457 5458 audis
1485 5400 1776 5461 dicentem,
1805 5398 2016 5467 percipe
2042 5413 2159 5467 qua:
2192 5399 2308 5463 tibi,
2339 5414 2445 5454 non
2477 5415 2541 5455 os
2563 5416 2765 5469 meum,
2796 5402 2893 5457 sed

1301 5508 1402 5565 per
1428 5493 1567 5546 hanc
1596 5490 1923 5558 scripturam
1949 5491 2183 5557 loquitur
2215 5490 2352 5545 Deus
2381 5514 2389 5543 ς
2421 5493 2511 5559 qui
2546 5501 2620 5557 te,
2649 5494 2778 5548 dum
2808 5495 2896 5549 ad-

1305 5586 1411 5640 huc
1431 5583 1592 5649 vivis,
1616 5581 1866 5635 convenit
1887 5581 1954 5635 de
1977 5582 2079 5636 hoc
2101 5583 2242 5649 quod
2285 5584 2333 5636 ei
2374 5593 2496 5651 post
2516 5594 2745 5639 mortem
2773 5588 2895 5639 red-

1306 5677 1512 5733 diturus
1541 5692 1600 5730 es
1628 5675 1911 5730 rationem.
1942 5675 2078 5742 Quia
2108 5676 2249 5744 quod
2300 5674 2477 5730 adhuc
2522 5678 2750 5732 vivimus
2770 5716 2785 5742 ,
2830 5678 2897 5733 ad

1307 5768 1550 5826 inducias
1568 5766 1831 5821 vivimus:
1853 5781 1973 5821 cum
2002 5780 2103 5821 nos
2130 5766 2302 5835 pietas
2326 5764 2420 5821 Dei
2447 5776 2729 5837 exspectat
2756 5783 2897 5839 quo-

1309 5862 1461 5930 tidie,
1510 5860 1800 5927 emendari,
1851 5870 1905 5916 et
1950 5860 2202 5915 meliores
2249 5860 2364 5914 vult
2411 5875 2534 5915 esse
2582 5877 2680 5916 nos
2734 5861 2895 5916 hodie

3002 4848 3189 4915 tende,
3233 4857 3293 4903 ut
3320 4848 3463 4905 dicta
3511 4864 3634 4905 mea
3674 4857 3731 4905 et
3773 4851 3988 4907 auditus
4014 4860 4142 4909 tuus
4168 4870 4268 4925 per
4294 4858 4591 4913 considen-

3005 4939 3208 4995 tionem
3234 4942 3433 4996 mentis
3461 4940 3787 4997 ambulando
3817 4943 3873 4998 in
3904 4944 4122 4999 trivium
4149 4948 4333 5003 cordis
4362 4950 4438 5003 tui
4481 4965 4590 5020 per-

3006 5032 3241 5087 veniant.
3276 5031 3333 5086 In
3363 5048 3472 5103 quo
3500 5033 3660 5089 trivio
3684 5048 3847 5088 unam
3873 5035 4196 5104 ignorantia:
4222 5047 4589 5108 peccatorum,

3005 5134 3130 5195 post
3156 5124 3298 5179 dicta
3339 5140 3458 5180 mea
3501 5126 3759 5190 veniens;
3802 5136 3926 5196 post
3956 5135 4013 5182 te
4051 5128 4342 5197 relinque:
4374 5138 4431 5185 et
4471 5130 4591 5185 duas

3003 5218 3362 5273 observantiae
3391 5227 3791 5288 praceptorum
3821 5228 3948 5274 ante
3974 5216 4088 5287 jam
4129 5220 4422 5289 ingredere
4463 5223 4587 5276 vias.

3004 5308 3071 5363 Et
3096 5308 3221 5364 dum
3253 5310 3541 5379 quaerimus
3569 5308 3636 5364 ad
3672 5309 3845 5365 Deum
3890 5310 3991 5375 ire.
4032 5318 4239 5366 stamus
4266 5312 4324 5366 in
4358 5312 4584 5375 Christo,

3006 5400 3162 5455 trivio
3185 5399 3368 5456 cordis
3388 5403 3583 5467 nostri,
3605 5409 3662 5455 et
3677 5400 4081 5457 consideremus
4113 5403 4245 5457 istas
4271 5402 4432 5467 duas,
4465 5420 4584 5473 quas

3004 5503 3129 5549 ante
3157 5510 3256 5549 nos
3276 5494 3517 5549 scientia:
3538 5494 3902 5564 conspicimus
3926 5494 4061 5550 vias.
4086 5494 4145 5549 In
4166 5495 4369 5564 quibus
4387 5496 4585 5550 duabus

3003 5586 3122 5650 viis,
3154 5601 3250 5655 per
3276 5602 3435 5656 quam
3484 5586 3553 5640 ad
3593 5585 3763 5641 Deum
3795 5601 4079 5656 possumus
4109 5586 4418 5656 pervenire,
4461 5601 4581 5642 con-

3001 5675 3320 5731 sideremus.
3350 5676 3406 5731 Si
3433 5675 3705 5730 sinistram
3738 5686 4000 5742 tenemus,
4035 5677 4305 5741 timemus,
4333 5678 4463 5748 quia
4490 5677 4582 5732 lata

3001 5776 3104 5831 est,
3134 5782 3202 5822 ne
3230 5768 3343 5837 ipsa
3385 5769 3475 5833 sit,
3506 5782 3627 5837 quae
3671 5767 3821 5823 ducit
3860 5770 4031 5840 magis
4078 5770 4143 5825 ad
4183 5770 4489 5827 interitum.
4534 5768 4579 5823 Si

2998 5861 3239 5917 dextram
3268 5862 3612 5932 corripimus,
3658 5864 3799 5920 bene
3828 5864 3989 5935 imus,
4021 5866 4145 5935 quia
4192 5876 4423 5936 angusta
4472 5874 4577 5919 ρει*
