5174 6534
608 360 711 417 965

1733 361 2076 420 Αυοτοῐιιε
2116 362 2392 422 INCERTI
2432 359 2735 421 KEGULA.

3800 368 3906 430 εις

608 488 661 532 et
690 478 803 545 ipsa
834 484 937 539 est,
966 488 1087 544 quze
1114 473 1402 543 diligentes
1429 486 1619 530 servos
1644 474 1715 529 ad
1742 478 2021 546 proprium
2054 477 2201 532 ducit
2229 482 2279 539 Α
2306 478 2497 532 bellum
2520 492 2644 531 cum
2676 473 2915 542 diabolo,
2946 475 3103 545 cujus
3126 478 3462 535 voluntatem
3484 480 3656 550 magis
3682 494 3901 542 secutus

609 568 911 623 Dominum.
971 569 1109 637 Ergo
1174 568 1391 623 vacivus
1436 574 1619 624 vester
1677 568 1891 625 auditus
1941 579 2201 641 sequatur

610 679 786 719 meum
817 663 1113 731 eloquium.
1145 660 1213 716 Et
1240 661 1499 733 intellige,
1524 670 1580 716 tu
1608 661 1795 729 homo,
1828 663 2202 734 cujusgadmo-

610 771 797 810 nemus
822 756 1100 820 intuitum,
1132 755 1255 825 quia
1281 763 1335 810 te
1363 770 1459 825 per
1482 754 1625 811 hanc
1658 758 1978 826 scripturam
2010 756 2202 813 admo-

606 855 697 902 net
724 847 901 913 Deus;
948 855 1007 901 ut
1036 847 1199 901 modo
1228 847 1353 901 dum
1385 847 1559 901 adhuc
1604 848 1759 913 vivis,
1792 856 1849 902 et
1877 848 1971 903 tibi
2010 864 2202 903 emen-

605 937 735 992 dare
764 946 941 1004 vacat,
973 952 1159 992 curras
1184 946 1449 1006 quantum
1480 939 1671 1008 potes!
1704 953 1772 992 ne
1808 938 1921 1008 jam
1953 954 2076 995 cum
2106 955 2202 995 ac-

605 1029 835 1085 cersitus
865 1044 961 1100 per
998 1038 1231 1084 mortem
1260 1028 1450 1095 fueris,
1481 1030 1683 1083 nullam
1715 1029 1825 1085 Deo
1854 1031 1907 1084 in
1938 1030 2025 1086 die
2058 1030 2202 1100 judi-

604 1124 692 1190 cii,
725 1124 813 1179 vel
842 1124 898 1179 in
928 1139 1087 1195 pmna
1129 1133 1331 1178 mterna
1357 1125 1766 1179 excusationem
1799 1124 2023 1191 atleras,
2056 1126 2199 1193 quod

604 1215 781 1271 nullus
812 1224 866 1271 te
910 1217 978 1271 de
1010 1216 1393 1272 emendatione
1426 1215 1605 1286 quoad
1633 1215 1813 1270 vixisti
1840 1217 2157 1272 convenerit
2183 1233 2198 1272 :

603 1317 658 1365 et
687 1324 811 1364 cum
838 1309 1067 1365 ulterius
1098 1310 1195 1363 tibi
1221 1309 1334 1378 jam
1368 1324 1683 1365 succurrere
1713 1325 1819 1364 non
1847 1308 2111 1379 potueris,
2144 1308 2197 1362 in

601 1415 863 1461 aeternum
908 1414 962 1460 te
1012 1404 1234 1474 incipiat
1280 1404 1397 1459 sine
1444 1404 1684 1459 remedio
1725 1404 2008 1472 poenitere.
2052 1401 2197 1473 Ergo

602 1497 800 1553 amodo
840 1514 963 1567 qua:
994 1498 1149 1554 audis
1176 1497 1427 1563 observa,
1458 1507 1747 1566 antequam
1788 1496 1856 1551 de
1901 1496 2002 1550 hac
2032 1510 2197 1551 exeas

601 1590 779 1647 surculi
813 1591 958 1656 luce,
990 1592 1113 1662 quia
1142 1591 1188 1646 si
1220 1591 1346 1646 hinc
1372 1590 1592 1658 exieris,
1617 1607 1724 1645 non
1754 1590 1859 1645 huc
1883 1590 2193 1654 reverteris,

601 1682 703 1738 nisi
736 1683 789 1739 in
817 1684 1223 1740 resurrectione
1249 1702 1262 1738 :
1296 1684 1364 1739 de
1394 1684 1814 1751 resurrectione,
1842 1685 1887 1739 si
1916 1684 2003 1739 bic
2031 1684 2195 1738 modo

601 1776 740 1832 bene
776 1778 958 1845 egeris
989 1778 1055 1832 ad
1098 1786 1356 1833 mtcrnam
1384 1792 1506 1833 cum
1536 1778 1737 1833 sanctis
1765 1776 1991 1846 gloriam
2022 1776 2195 1847 depu-

2311 586 2392 636 es,
2417 568 2783 640 deputaberis.
2812 566 2953 623 Audi
2980 581 3113 637 ergo
3138 576 3193 624 et
3211 583 3314 638 age
3342 570 3487 639 quod
3512 578 3597 628 est
3618 571 3822 629 bonum
3844 585 3902 632 et

2303 664 2529 733 justum,
2560 677 2656 734 per
2684 661 2830 731 quod
2861 660 3005 718 Deus
3035 660 3307 719 invenitur
3334 662 3622 734 propitius.
3650 663 3778 721 ﬂare
3810 681 3903 723 re-

2306 755 2452 823 gula,
2480 770 2599 823 qua:
2630 753 2725 808 tibi
2757 754 3015 829 ostendit,
3066 751 3223 810 factis
3265 754 3521 826 adimple.
3553 754 3682 823 Quae
3714 758 3903 829 regula

2306 844 2373 899 ad
2402 844 2785 915 perliciendum
2817 854 3023 901 rectum
3055 845 3257 916 regula:
3281 862 3478 903 nomen
3502 850 3738 920 accepit,
3760 850 3905 907 sicut

2303 939 2435 993 dicit
2457 940 2747 1010 Apostolus
2770 941 2821 995 in
2849 941 3086 1011 Epistola
3115 957 3212 997 sua
3236 961 3247 997 :
3277 943 3576 999 Secundum
3602 963 3901 1001 mensuram

2307 1030 2538 1102 Regula’,
2570 1051 2721 1104 quam
2759 1050 2969 1089 mensus
3012 1045 3088 1089 est
3116 1035 3263 1090 nobis
3298 1035 3552 1091 Dominus
3594 1055 3901 1094 mensuram

2303 1128 2629 1197 pertingendi
2651 1145 2809 1199 usque
2840 1144 2926 1183 vos
2960 1127 3051 1201 (Il
3095 1129 3213 1183 Cor.
3247 1129 3330 1201 ι).
3370 1131 3501 1188 Nam
3533 1134 3717 1203 regula
3753 1136 3866 1190 veri
3898 1170 3901 1171 ν

2304 1220 2430 1274 tatis
2461 1219 2623 1274 habet
2654 1221 2860 1276 initium
2892 1220 3184 1291 etjustitizc
3214 1222 3395 1279 linem.
3438 1224 3593 1280 Sicut
3612 1225 3742 1281 dicit
3764 1225 3899 1283 Pro-

2303 1310 2461 1380 pheta
2488 1327 2501 1363 :
2543 1308 2707 1382 Reges
2736 1328 2819 1366 eos
2848 1314 2900 1366 in
2926 1313 3068 1383 virga
3097 1311 3324 1383 (Psalm.
3352 1313 3447 1381 tt);
3480 1316 3583 1372 hoc
3614 1324 3717 1382 est,
3748 1316 3802 1371 in
3832 1318 3874 1373 ti

2304 1405 2471 1459 moris
2502 1404 2703 1471 vigore.
2736 1406 2886 1460 Sicut
2916 1407 3043 1461 item
3074 1407 3204 1461 dicit
3237 1407 3564 1477 Apostolus:
3602 1407 3739 1473 Quid
3782 1410 3901 1465 rul-

2306 1499 2404 1551 tis?
2426 1500 2478 1551 in
2500 1498 2644 1567 virga
2668 1500 2869 1552 veniam
2891 1500 2961 1553 ad
2978 1517 3085 1565 vos,
3102 1518 3167 1554 an
3193 1504 3245 1555 in
3265 1504 3557 1557 clturitate?
3578 1501 3633 1573 (I
3659 1503 3779 1559 Cor.
3796 1506 3897 1575 tv.)

2304 1588 2435 1644 ltem
2465 1589 2597 1644 dicit
2628 1587 2896 1659 Propheta
2927 1608 2937 1643 :
2984 1589 3157 1662 Virga'
3176 1603 3311 1647 recta
3339 1604 3414 1649 est
3443 1595 3587 1665 virga
3619 1595 3764 1665 regni
3792 1596 3893 1661 lui,

2301 1684 2355 1734 in
2385 1698 2485 1751 qua
2509 1681 2736 1736 dilexisti
2773 1683 3053 1753 justitiam,
3079 1690 3128 1736 et
3170 1685 3328 1738 odisti
3370 1687 3694 1752 iniquitatem
3718 1684 3893 1756 (Ρδαι.

2310 1774 2477 1846 κων).
2530 1772 2596 1828 Et
2645 1775 2837 1829 iterum
2874 1774 3004 1829 dicit
3049 1774 3342 1831 Dominus:
3386 1774 3619 1831 Visitabo
3650 1778 3705 1832 in
3746 1778 3895 1847 rirga

600 1870 819 1925 taberis.
853 1869 913 1926 Si
957 1879 1138 1926 autem
1170 1871 1311 1926 hanc
1337 1870 1680 1942 scripturam,
1713 1885 1875 1940 quam
1902 1869 1995 1924 tibi
2030 1870 2198 1924 lectu-
2230 1863 2277 1923 B
2303 1866 2601 1938 iniquitates
2630 1884 2806 1922 eorum
2837 1865 3011 1939 (l’sal.
3046 1870 3331 1938 txxxvm).

600 1978 685 2019 rus
726 1978 869 2031 sum,
904 1980 1014 2022 non
1059 1965 1443 2037 adimpleveris
1465 2006 1478 2033 ,
1507 1965 1561 2020 in
1594 1975 1856 2020 :eternum
1888 1962 2066 2033 ignem
2097 1977 2191 2032 ge—

1811 2214 2206 2292 lNClPlT
2263 2213 2654 2293 ΤΗΕΜΑ..

2131 2379 2396 2393 ——_

664 2457 941 2529 Propheta
988 2456 1158 2512 dicit:
1207 2458 1451 2527 Aperiunt
1492 2458 1547 2511 in
1590 2460 1850 2529 parabolis
1922 2477 1979 2514 os
2026 2478 2191 2515 meum

592 2551 771 2622 (Psal.
818 2550 1047 2619 Lxxvu).
1081 2549 1147 2604 Et
1179 2549 1307 2605 dicit
1357 2550 1549 2605 iterum
1584 2568 1596 2604 :
1626 2549 1816 2605 Factus
1851 2569 1965 2606 sum
2006 2554 2109 2607 illis
2134 2555 2191 2608 in

590 2646 898 2715 parabolam
922 2644 1067 2717 (Ibid
1097 2644 1312 2715 LXVIII).
1347 2643 1422 2701 De
1464 2654 1617 2701 utero
1648 2647 1835 2702 matris
1864 2645 1989 2702 Eva:
2035 2658 2191 2703 terra:

592 2738 723 2803 nati,
759 2738 907 2794 etde
934 2748 1087 2809 patre
1118 2738 1290 2793 Adam
1322 2739 1377 2794 in
1406 2740 1717 2795 excessibus
1736 2742 2190 2809 concupiscentiae

590 2837 862 2903 generati,
916 2836 969 2888 in
1025 2836 1206 2891 smculi
1254 2836 1415 2904 hujus
1468 2837 1844 2893 descendimus
1902 2839 2074 2904 viam;
2134 2848 2190 2893 et

591 2927 893 2993 peregrina:
941 2927 1062 2980 vita:
1114 2928 1411 2996 temporale
1456 2929 1642 2996 jugum
1670 2930 2041 2999 suscipientes,
2096 2946 2191 3000 pe-

589 3017 963 3072 rambulamus
1006 3019 1108 3071 iter
1155 3019 1254 3072 via:
1301 3018 1495 3087 hujus,
1538 3035 1635 3089 per
1680 3020 2040 3090 ignorantiam
2088 3024 2191 3077 bo-

591 3124 789 3162 norum
820 3117 1059 3171 artuum,
1094 3118 1150 3163 et
1200 3110 1460 3164 incertum
1515 3114 1704 3167 mortis
1734 3115 2186 3183 experimentum.

2303 2472 2469 2514 sacrae
2498 2456 2666 2525 legis,
2705 2454 2793 2512 vel
2821 2456 3132 2529 cognitione
3166 2458 3401 2533 ignorati
3450 2461 3746 2534 baptismi:
3792 2469 3897 2528 de-

2300 2558 2546 2617 speratos
2575 2564 2675 2604 nos
2720 2563 2820 2605 suo
2873 2551 3112 2619 pondere
3146 2552 3201 2607 in
3228 2563 3463 2611 mortem
3506 2556 3893 2629 fatigaverant.

2300 2642 2452 2697 Nunc
2479 2656 2610 2698 vero
2631 2642 2951 2712 sapientiam
2979 2643 3074 2700 Dei
3098 2646 3430 2717 accipientes
3451 2690 3467 2716 ,
3499 2660 3558 2707 et
3585 2654 3677 2721 qui
3706 2656 3890 2713 t'uerao

2299 2752 2421 2792 mus
2448 2752 2505 2807 pt
2530 2749 2799 2796 :catorum
2854 2742 3082 2799 sarcinis
3133 2747 3433 2814 aggravati,
3466 2746 3680 2806 Domini
3712 2768 3895 2809 sumus

2300 2846 2436 2887 voce
2461 2833 2526 2887 ad
2558 2834 2801 2902 requiem
2829 2835 3061 2893 invitati.
3100 2835 3493 2896 Renuntiemus
3522 2856 3651 2912 ergo
3704 2860 3896 2909 pecca-

2303 2934 2478 2980 torum
2536 2927 2777 2995 pristinis
2822 2928 3105 2984 sarcinis:
3169 2929 3363 2986 habeat
3418 2934 3535 2989 vias
3583 2936 3765 2992 saeculi
3840 2940 3892 2993 in

2298 3018 2694 3087 negligentibus
2758 3036 2983 3077 suorum
3061 3023 3300 3093 pondere
3372 3026 3714 3085 delictorum.
3786 3030 3896 3089 Nos

2300 3120 2526 3165 matrem
2582 3112 2739 3168 nobis
2766 3113 2879 3182 jam
2930 3130 3039 3171 non
3091 3116 3159 3173 de
3207 3116 3338 3173 limo
3367 3128 3522 3177 terra:
3551 3119 3744 3190 Evam,
3799 3131 3893 3184 sed

590 3200 818 3255 Multum
845 3202 989 3255 enim
1011 3203 1164 3257 nobis
1191 3205 1531 3272 negligentia:
1560 3208 1814 3262 viaticum
1834 3217 2183 3277 peccatorum
2216 3209 2262 3273 C
2295 3202 2531 3257 dit/illam
2581 3219 2681 3259 nos
2746 3216 3031 3262 vocantem
3085 3210 3153 3266 ad
3220 3210 3468 3281 requiem
3526 3213 3890 3277 Christianam

588 3294 773 3348 εει-ρηιὶ
802 3296 1165 3363 peregrinatio
1189 3297 1559 3353 carricaverat
1596 3317 1609 3354 :
1638 3308 1693 3353 et
1723 3299 1964 3356 humeris
1990 3301 2189 3357 nostris

586 3384 806 3441 lassatis
836 3384 904 3441 de
931 3387 1245 3456 ponderosis
1274 3390 1525 3455 sarcinis,
1556 3391 1791 3445 vicinam
1821 3392 1927 3447 sibi
1956 3401 2188 3448 mortem

582 3478 696 3547 jam
755 3478 945 3547 lapsus
993 3478 1191 3534 laboris
1253 3481 1417 3535 sudor
1470 3483 1782 3549 invenerat;
1845 3494 1901 3539 et
1958 3495 2189 3542 mstuosa

585 3570 701 3626 sitis
732 3571 788 3625 in
823 3571 1099 3626 interitum
1125 3572 1432 3627 anhelabat.
1457 3574 1648 3630 Subito
1677 3590 1707 3629 a
1747 3575 1936 3631 dextra
1967 3579 2190 3635 orientis

585 3666 960 3733 conspicimus
1008 3680 1116 3721 non
1146 3677 1421 3737 speratum
1476 3667 1680 3723 fontem
1711 3683 1865 3740 aqua:
1909 3670 2081 3725 vivm:
2136 3680 2192 3728 et

586 3757 979 3813 festinantibus
1001 3757 1156 3813 nobis
1192 3759 1260 3814 ad
1290 3774 1409 3815 eam
1451 3759 1632 3815 divina
1662 3761 1857 3817 exinde
1886 3778 1992 3818 vox
2023 3765 2191 3833 magis

586 3854 742 3907 nobis
775 3853 831 3907 in
864 3853 1075 3907 obviam
1107 3854 1274 3921 venit,
1324 3854 1565 3909 clamans
1591 3854 1658 3909 ad
1711 3871 1812 3910 nos
1867 3864 1924 3911 et
1959 3855 2145 3912 dicens
2174 3874 2187 3911 :

589 3947 688 4009 Qui
724 3948 907 4012 sititis,
937 3946 1101 3999 venite
1129 3946 1198 3999 ad
1226 3962 1410 4017 aquam
1441 3945 1599 4014 (lsai.
1632 3948 1743 4015 ιν).
1768 3946 1835 4000 Et
1873 3964 1995 4003 cum
2026 3949 2191 4005 vidis-

585 4050 667 4092 set
694 4055 796 4094 nos
829 4039 1112 4093 venientes
1143 4047 1397 4093 oneratos
1423 4039 1652 4093 sarcinis
1682 4040 1957 4107 gravibus,
1992 4041 2191 4111 repeti-

586 4136 659 4188 vit
693 4133 933 4189 dicens:
993 4134 1172 4187 l'enite
1217 4134 1287 4187 ad
1328 4150 1426 4198 me,
1480 4151 1655 4189 omnes
1703 4136 1790 4205 qui
1838 4136 2090 4189 laboratis
2141 4146 2189 4189 et

584 4229 785 4282 onerati
814 4228 976 4291 estis,
1008 4236 1056 4278 et
1107 4242 1199 4296 ego
1241 4243 1327 4281 vos
1375 4228 1609 4296 reﬁciam
1655 4227 1872 4299 (Matth.
1925 4230 2023 4299 Χι).
2083 4232 2191 4286 Nos

585 4336 714 4373 vero
745 4319 1032 4373 audientes
1063 4319 1201 4373 hanc
1240 4320 1385 4389 piam
1417 4335 1627 4385 vocem,
1677 4322 1933 4390 projeclis
1962 4322 2014 4377 in
2046 4330 2187 4379 terra

582 4412 819 4467 sarcinis
848 4411 1067 4474 nostris,
1127 4419 1376 4479 arguentt
1425 4426 1524 4467 nos
1553 4413 1639 4468 siti
1671 4414 1810 4468 avidi
1862 4416 1928 4468 ad
1984 4413 2186 4470 fontem

585 4507 1019 4577 prosternimus;
1062 4506 1417 4576 bibentesqne
1468 4508 1558 4561 diu
1607 4509 1876 4575 surgimus
1916 4510 2181 4565 renovati.

2296 3300 2468 3369 legem
2516 3303 2797 3359 sentimus.
2857 3304 3119 3363 Similiter
3175 3319 3229 3363 ct
3280 3318 3485 3379 patrem
3532 3310 3646 3380 jam
3695 3330 3804 3372 non
3833 3316 3892 3373 in

2295 3391 2520 3446 arbitrio
2550 3402 2893 3460 peccatorum
2944 3395 3115 3453 Adam
3146 3398 3458 3467 quaerimus,
3489 3403 3587 3459 sed
3638 3404 3691 3460 in
3748 3420 3889 3463 voce

2298 3484 2510 3538 Domini
2539 3486 2817 3544 invitantis
2857 3503 2995 3544 nos:
3027 3499 3084 3546 et
3113 3490 3398 3552 desideriis
3449 3498 3651 3555 nostris
3679 3500 3893 3558 meritis

2297 3594 2402 3633 non
2452 3580 2734 3644 audemus,
2789 3591 2972 3639 tamen
3021 3584 3075 3641 in
3120 3590 3465 3647 renativitate
3513 3602 3697 3650 nostra
3750 3596 3893 3652 sacri

2296 3671 2458 3727 fontis
2486 3672 2581 3738 tti,
2614 3673 2702 3729 ubi
2732 3674 2807 3729 sis
2830 3675 2943 3744 jam
2969 3684 3021 3732 te
3048 3677 3370 3737 invenimus.

2367 3762 2529 3817 Pater
2558 3775 2732 3818 noster
2759 3767 2845 3837 qui
2870 3783 2923 3821 es
2973 3768 3030 3822 in
3058 3770 3220 3825 talis.
3255 3771 3448 3831 Videte
3491 3790 3642 3847 ergo,
3673 3778 3888 3848 fratres,

2294 3860 2337 3915 si
2367 3860 2670 3917 invenimus
2696 3861 2809 3931 jam
2839 3871 3068 3919 matrem
3089 3864 3412 3932 Ecclesiam.
3443 3879 3499 3927 et
3528 3871 3743 3929 Patrem
3770 3877 3889 3932 ausi

2294 3968 2480 4008 sumus
2509 3952 2798 4009 Dominum
2828 3969 3027 4012 vocare
3058 3956 3125 4013 de
3155 3958 3328 4015 ccelis.
3361 3958 3503 4030 Ergo
3528 3962 3641 4031 jam
3669 3963 3816 4033 juste
3855 3982 3887 4021 a

2294 4042 2452 4098 nobis
2499 4042 2884 4113 relinquendus
2932 4052 3016 4101 est
3064 4056 3220 4115 pater
3264 4056 3545 4115 terrenus,
3603 4062 3661 4107 et
3713 4062 3887 4110 mater

2293 4134 2524 4190 carnalis
2559 4153 2571 4189 :
2607 4151 2676 4190 ne
2706 4136 2848 4191 binis
2895 4136 3335 4207 obtemperantes
3386 4144 3722 4213 parentibus,
3774 4163 3882 4203 non

2293 4225 2471 4279 solum
2503 4226 2709 4281 vicibus
2754 4226 3125 4295 ollendantur;
3184 4230 3281 4286 sed
3334 4232 3484 4288 velut
3540 4235 3772 4293 adulteri
3817 4239 3888 4295 de

2293 4314 2503 4370 duobus
2535 4317 2848 4386 parentibus
2879 4320 3112 4387 nasci,si
3138 4324 3387 4379 carnales
3405 4341 3514 4381 non
3538 4326 3883 4398 dimittimus,

2287 4407 2611 4475 judicemur.
2639 4408 2741 4466 Per
2764 4410 2965 4480 lignum
2995 4412 3137 4468 enim
3156 4414 3472 4473 olfensionis
3504 4421 3654 4476 natio
3684 4431 3874 4478 nostra

2295 4504 2363 4560 de
2410 4508 2655 4573 paradiso
2700 4508 2752 4562 in
2800 4516 3052 4575 uterum;
3082 4510 3150 4566 de
3176 4520 3331 4566 utero
3379 4513 3435 4568 in
3488 4516 3783 4583 mundum;
3815 4518 3888 4575 de

584 4596 648 4652 Et
679 4608 811 4667 post
856 4598 1312 4652 resurrectionem
1342 4598 1589 4653 stetimus
1618 4600 1816 4669 stupidi
1862 4601 2024 4655 nimio
2054 4616 2185 4671 gau-
2212 4591 2264 4650 D
2293 4598 2495 4653 mundo
2528 4614 2698 4669 usque
2730 4600 2781 4654 in
2815 4599 3082 4656 infernum
3117 4601 3517 4660 descenderat:
3550 4608 3653 4662 nisi
3701 4607 3885 4667 denuo

583 4692 696 4759 dio,
729 4691 1104 4759 disputatione
1156 4692 1427 4747 intuentes
1472 4691 1660 4761 jugum
1714 4696 1811 4747 viae
1866 4703 1975 4748 tam
2007 4696 2186 4751 sancti

585 4787 814 4855 laboris,
843 4786 929 4840 vel
959 4785 1203 4840 sarcinas
1234 4795 1470 4853 nostras,
1517 4800 1636 4855 qum
1682 4803 1781 4841 nos
1804 4803 1904 4842 suo
1950 4789 2189 4857 pondere

586 4896 759 4951 usque
817 4880 886 4935 ad
964 4888 1193 4935 mortem
1250 4895 1346 4950 per
1390 4881 1751 4949 ignorantiam
1807 4881 2184 4951 t'atigaverant.

586 4972 718 5027 Dum
751 4974 871 5028 htcc
897 4972 1168 5026 intuentes
1193 4971 1282 5026 diu
1332 4972 1757 5036 consideramus,
1786 4973 1979 5027 iterum
2034 4974 2183 5028 audi«

586 5077 703 5115 mus
733 5076 929 5116 vocem
954 5060 1022 5114 de
1053 5060 1218 5124 fonte,
1244 5061 1335 5129 qui
1356 5076 1456 5116 nos
1477 5072 1839 5128 recreaverat,
1868 5064 2135 5118 dicentem
2171 5082 2182 5117 :

588 5154 777 5209 Tollite
799 5157 990 5227 jngum
1042 5172 1208 5207 meum
1258 5171 1411 5224 super
1455 5173 1563 5220 vos,
1619 5167 1666 5209 et
1686 5156 1867 5211 discite
1897 5174 1928 5210 a
1958 5175 2037 5212 me
2065 5159 2188 5229 quia

586 5249 723 5300 initis
754 5264 897 5310 sum,
948 5255 998 5299 et
1048 5247 1254 5299 Immitis
1302 5248 1497 5301 corde:
1548 5258 1595 5301 et
1646 5251 1912 5303 invenietis
1962 5252 2187 5320 requiem

585 5340 864 5394 animabus
888 5341 1089 5393 reatris.
1112 5339 1305 5409 Jugum
1330 5342 1467 5395 enim
1489 5358 1657 5395 meum
1678 5360 1832 5397 suave
1855 5354 1953 5409 est,
1985 5354 2033 5397 et
2055 5361 2187 5398 onus

589 5450 753 5487 meum
778 5430 1125 5497 levelMatlh.
1162 5434 1257 5502 ιι).
1295 5432 1400 5488 Nos
1426 5433 1708 5490 audientes
1757 5437 1894 5501 haec,
1943 5436 2187 5491 dicamus

584 5530 696 5597 jam
728 5528 965 5585 invicem
992 5528 1187 5583 nobis:
1214 5542 1321 5582 non
1350 5537 1689 5583 revertamur
1718 5539 1836 5597 post
1885 5530 2186 5585 recreatio-

588 5637 711 5676 nem
756 5622 896 5675 tanti
929 5620 1113 5685 fontis,
1146 5629 1200 5676 et
1231 5620 1441 5676 Domini
1482 5622 1758 5677 invitantis
1788 5638 1887 5677 nos
1916 5638 2053 5677 voce
2077 5665 2092 5687 ,
2121 5623 2186 5677 ad

588 5714 834 5769 sarcinas
887 5723 1256 5783 peccatorum,
1312 5728 1445 5785 quas
1498 5715 1857 5785 projecimus;
1921 5715 2024 5769 hoc
2080 5724 2184 5778 est,

589 5822 708 5877 quae
759 5807 1215 5862 abrenuntiamus
1270 5817 1462 5863 euntes
1514 5806 1582 5861 ad
1640 5808 1841 5861 l'ontem
1895 5805 2183 5874 baptismi:

593 5914 713 5977 qua:
740 5902 975 5959 sarcinm
1002 5913 1345 5975 peccatorum
1373 5918 1471 5960 nos
1501 5911 1628 5959 ante
1684 5918 1778 5960 oer
1827 5899 2185 5971 ignorantiam

2292 4690 2465 4743 renati
2494 4705 2592 4760 per
2623 4691 2975 4761 baptismum,
3004 4702 3059 4748 et
3091 4708 3187 4763 per
3214 4696 3394 4752 crucis
3422 4695 3628 4764 lignum
3682 4698 3881 4759 iterum

2292 4782 2547 4849 reparati,
2584 4781 2794 4837 Domini
2826 4785 3003 4854 passio
3043 4796 3228 4855 ageret
3260 4797 3316 4843 ut
3370 4799 3638 4860 resurgat,
3687 4801 3741 4849 et
3787 4795 3880 4850 illa

2293 4871 2476 4926 redeat
2503 4872 2557 4926 in
2608 4873 2909 4940 paradisum
2955 4877 3235 4943 generatio
3288 4893 3381 4948 per
3431 4883 3681 4949 gratiam,
3738 4884 3885 4941 unde

2292 4979 2414 5019 cum
2443 4964 2613 5019 libero
2643 4965 2870 5021 arbitrio
2897 4966 3155 5024 ceciderit
3179 4985 3276 5039 per
3292 4972 3578 5029 oliensam.
3612 4975 3881 5033 Contrivit

2293 5058 2433 5111 enim
2466 5058 2517 5111 in
2550 5058 2707 5113 nobis
2748 5058 3009 5114 Dominus
3033 5063 3242 5127 mortis,
3290 5080 3410 5135 qua:
3436 5068 3713 5134 regnabat,
3747 5086 3879 5127 acu-

2292 5151 2469 5215 leum;
2500 5153 2714 5221 quando
2764 5154 3027 5223 refugium
3081 5158 3261 5213 crucis
3313 5175 3422 5214 sua:
3452 5162 3607 5216 nobis
3651 5167 3880 5219 contulit

2292 5242 2556 5297 Christus.
2586 5243 2653 5297 Et
2680 5256 2963 5315 postquam
2986 5261 3088 5302 nos
3114 5249 3301 5317 gratia:
3323 5266 3434 5305 suae
3461 5253 3697 5308 restituit
3718 5256 3881 5325 adop-

2294 5336 2473 5401 tionis,
2503 5335 2572 5390 ad
2597 5352 2761 5407 regna
2800 5337 3061 5393 caelorum
3110 5340 3329 5411 insuper
3372 5358 3474 5399 nos
3525 5360 3633 5401 non
3680 5346 3879 5403 desinit

2292 5432 2541 5487 invitare.
2577 5429 2731 5489 Unde
2757 5448 2861 5489 vox
2890 5432 3165 5490 Dominica
3191 5436 3321 5491 dicit
3345 5453 3360 5491 :
3390 5437 3452 5493 Si
3492 5440 3879 5497 observaveritis

2293 5526 2541 5579 mandata
2569 5542 2704 5591 mea,
2751 5544 2844 5597 ego
2873 5544 2961 5583 ero
3011 5528 3153 5584 vobis
3182 5532 3237 5585 in
3265 5543 3487 5601 patrem,
3538 5544 3588 5588 et
3615 5552 3703 5591 vos
3729 5538 3877 5593 eritis

2292 5619 2415 5672 mihi
2440 5618 2495 5671 in
2517 5618 2675 5687 ﬁlios.
2700 5618 2853 5676 Unde
2879 5629 2936 5675 et
2973 5636 3095 5689 nos,
3126 5625 3372 5693 quamvis
3418 5626 3645 5695 indigni,
3696 5637 3877 5685 tamen

2290 5720 2510 5781 propter
2537 5711 2864 5779 agnitionem
2920 5712 3039 5783 ejus
3066 5715 3342 5785 baptismi,
3395 5716 3447 5771 in
3495 5720 3741 5775 oratione
3779 5737 3878 5776 au-

2292 5802 2479 5858 demus
2507 5817 2632 5858 eum
2666 5812 2870 5872 patrem
2918 5819 3146 5872 vocare;
3198 5806 3428 5878 ideoque
3476 5820 3732 5878 oportere
3776 5826 3879 5866 nos

2295 5896 2559 5969 passionis
2603 5898 2719 5970 ejus
2740 5911 2860 5956 esse
2908 5898 3214 5971 participes,
3267 5909 3324 5956 ut
3372 5916 3677 5958 mereamur
3732 5903 3881 5961 ettici
