5174 6558
1241 369 1340 426 94)

2564 352 2925 439 auc'roms
2965 352 3241 412 INCERTI

4423 341 4530 401 υιδ

1234 487 1355 557 ejus
1383 485 1571 555 gloria:
1597 484 1927 539 coha-rcdes.
1969 480 2223 537 Dicentes
2244 494 2393 551 ergo,
2446 477 2603 533 Pater
2652 489 2825 535 noster
2856 475 2908 534 Α
2931 487 3061 545 ergo
3076 472 3202 544 quia
3218 466 3479 541 quidquid
3497 481 3529 523 a
3546 466 3825 523 voluntate
3839 472 4029 521 nostra
4043 462 4317 557 eligimus,
4335 459 4534 530 injuste

1233 580 1322 651 qui
1372 594 1425 632 es
1464 577 1519 633 in
1551 576 1675 630 corio
1698 617 1713 643 ,
1766 576 1877 645 jam
1909 574 2046 630 tales
2086 589 2186 631 nos
2229 574 2581 629 exhibeamus
2610 574 2827 640 fratres,

1236 672 1427 744 quales
1472 688 1569 727 nos
1616 669 1765 741 cupit
1808 670 1946 725 filios
2000 670 2139 725 Deus
2187 667 2506 735 babere;et
2556 666 2719 738 digne
2773 668 2825 723 in

1238 765 1395 820 nobis
1424 763 1678 819 divinitas
1706 762 1937 818 Iiliorum
1969 763 2170 818 inseret
2216 776 2436 829 nomen,
2466 776 2586 817 cum
2634 761 2823 817 volun-

1236 864 1348 911 tate
1373 855 1654 912 dissimile.
1708 855 1840 911 Nam
1874 857 1988 927 ipse
2016 865 2097 911 est
2146 871 2307 911 verus
2359 856 2520 925 filius,
2570 857 2665 925 qui
2716 873 2827 911 non

1236 952 1413 1008 solum
1444 953 1574 1016 vult,
1606 951 1702 1007 sed
1732 961 1787 1008 et
1816 953 2054 1007 moribus
2078 951 2304 1007 similari
2342 952 2498 1021 patri.
2531 949 2668 1006 Cum
2699 964 2827 1019 ergo

1235 1045 1617 1100 meruissemns
1665 1046 1776 1116 jam
1819 1046 2015 1100 dixi-se
2047 1062 2060 1099 :
2096 1043 2257 1099 Pater
2309 1055 2482 1098 uoster
2529 1046 2613 1116 qui
2665 1061 2717 1099 es
2772 1044 2828 1097 in

1237 1134 1396 1197 oculis,
1428 1135 1702 1205 sequimur
1733 1135 1924 1188 deinde
1955 1134 2005 1187 ἰιι
2036 1135 2284 1189 oratione
2315 1133 2601 1190 dicentes:

1311 1226 1678 1296 Stmcti/icetur
1707 1241 1890 1278 nomen
1920 1236 2080 1279 tuum.
2110 1226 2226 1280 Non
2256 1226 2403 1295 quod
2433 1227 2644 1280 noviter
2673 1232 2830 1294 opte-

1236 1334 1357 1375 mus
1386 1318 1709 1373 sanctificari
1742 1334 1937 1373 nomen
1968 1320 2085 1387 ejus
2124 1317 2269 1388 quod
2322 1326 2405 1373 est
2435 1317 2502 1371 ab
2533 1326 2737 1372 {eterna
2771 1326 2825 1371 et

1239 1425 1409 1479 usque
1460 1412 1513 1465 in
1580 1419 1839 1464 arti-rnnm
1901 1411 2343 1475 sanctissimum;
2410 1409 2504 1466 sed
2565 1411 2616 1464 in
2672 1411 2828 1465 bonis

1237 1503 1446 1559 actibus
1503 1503 1731 1557 filiarum
1780 1504 1948 1572 magis
1981 1506 2096 1572 ipse
2127 1504 2424 1558 sanctili'et
2467 1523 2478 1558 :
2534 1513 2591 1559 ut
2645 1514 2701 1559 et
2732 1521 2829 1572 pa-

1235 1600 1323 1652 ter
1368 1604 1423 1651 et
1469 1594 1725 1651 Dominus
1762 1596 1814 1651 in
1873 1597 2141 1652 mentibus
2189 1597 2394 1653 nostris
2425 1598 2830 1652 tabernaculum

1237 1703 1418 1756 suum,
1459 1698 1513 1743 et
1557 1689 1973 1745 inlmbitatorem
2024 1692 2186 1745 faciat
2234 1689 2492 1749 Sniritnm
2543 1702 2827 1746 saeclum:

1239 1789 1301 1835 ut
1345 1781 1565 1851 adjuvet
1593 1783 1755 1837 corda
1809 1784 1920 1852 ipsa
1971 1782 2148 1845 Deus,
2195 1792 2251 1837 ut
2289 1800 2385 1838 vos
2414 1784 2727 1840 custodiatis
2766 1800 2828 1841 ea

1238 1886 1454 1941 semper
1482 1888 1577 1942 per
1603 1875 1830 1943 gratiam
1857 1890 2033 1929 suam.
2064 1875 2267 1931 Deinde
2296 1875 2491 1931 di-itur
2518 1856 2531 1928 ς’

1313 1969 1568 2022 Atlveniut
1597 1968 1808 2038 regnum
1842 1981 1982 2022 ltum
2030 1968 2239 2033 Vidcle,
2275 1976 2488 2033 it'alt‘cs,
2522 1987 2648 2027 cccc
2672 1981 2828 2041 opta-

1239 2075 1362 2115 mus
1412 2061 1671 2115 adxenirc
1719 2074 1943 2129 regnum
1999 2061 2248 2128 Domini,
2304 2071 2357 2118 et
2403 2062 2661 2129 judicium
2713 2064 2832 2129 e}us

1241 2153 1542 2209 accelerari‘
1566 2154 1709 2208 ultro
1742 2170 2030 2224 rogamus;
2065 2162 2119 2208 et
2150 2155 2388 2210 rationes
2418 2163 2632 2210 nostras
2660 2154 2833 2210 adhuc

1241 2261 1459 2316 paratas
1496 2260 1603 2300 non
1633 2246 1910 2300 habemus.
1969 2244 2057 2299 Sic
2106 2259 2233 2314 ergo
2282 2260 2313 2298 a
2343 2245 2500 2300 nobis
2523 2245 2668 2301 onmi
2699 2246 2829 2300 hora

1243 2338 1507 2405 agendum
1522 2346 1622 2400 est,
1644 2346 1704 2391 ut
1726 2337 1982 2391 Dominus
1998 2346 2053 2391 et
2073 2345 2222 2404 pater
2244 2345 2430 2402 postea
2454 2352 2552 2390 nos
2572 2338 2645 2390 ita
2663 2336 2833 2391 susci-

1242 2431 1376 2499 piat,
1404 2440 1457 2485 et
1484 2429 1641 2484 bonis
1669 2445 1852 2483 cora.“
1878 2445 1943 2484 eo
1976 2430 2185 2483 actibus
2216 2429 2458 2497 quotidie
2486 2430 2834 2499 complacen-

1242 2532 1324 2578 tes
1365 2530 1713 2591 sequestrans
1763 2536 1864 2576 nos
1919 2520 1987 2576 ab
2037 2520 2223 2585 haedis,
2287 2536 2317 2575 a
2370 2521 2573 2577 dextris
2619 2523 2730 2577 Suis
2779 2522 2835 2576 in

1241 2616 1459 2672 aeternis
1489 2615 1840 2672 introducens
1886 2631 1985 2670 nos
2029 2616 2229 2685 regnis.
2266 2617 2636 2684 Agnoscamus
2681 2616 2836 2671 nobis

1159 2783 1168 2790 .
1246 2708 1298 2763 in
1326 2708 1504 2765 futuro
1529 2707 1735 2779 judicio
1768 2708 2059 2779 prOpitium
2093 2707 2356 2781 judicent,
2388 2725 2548 2779 quem
2600 2710 2652 2764 in
2699 2725 2836 2779 prns—

1243 2803 1383 2860 senti
1440 2803 1638 2859 saeculo
1702 2804 1817 2859 ausi
1889 2802 2266 2859 vocaverimus
2322 2811 2552 2874 patrem.
2631 2802 2838 2861 Deinde

1244 2892 1472 2949 dicimus
1504 2915 1514 2949 :

1317 2983 1444 3039 Fiat
1467 2986 1701 3040 tvofuntas
1756 2995 1842 3039 tua
1882 2987 2012 3040 sicut
2042 2985 2094 3038 in
2129 2985 2253 3040 crelo
2275 2994 2323 3040 et
2354 2987 2411 3040 in
2455 2994 2613 3042 terra.
2643 2985 2701 3041 In
2733 2986 2838 3043 hoc

1246 3091 1379 3144 ergo
1420 3077 1609 3140 verbo,
1644 3078 1858 3151 fratres,
1908 3079 2143 3147 pertinet
2172 3077 2226 3132 in
2253 3078 2411 3134 nobis
2459 3077 2612 3133 liberi
2660 3072 2836 3134 status

1245 3170 1485 3233 arbitrii;
1521 3179 1575 3226 et
1604 3169 1867 3241 quidquid
1895 3172 2076 3227 suasio
2107 3172 2314 3241 antiqui
2342 3173 2611 3242 serpentis
2640 3174 2836 3229 nocive

1247 3263 1405 3318 nobis
1435 3264 1650 3334 ingerit,
1694 3266 1739 3319 si
1786 3263 2056 3330 volumus,
2100 3275 2434 3335 amputatur,
2463 3283 2586 3323 cum
2622 3268 2835 3323 Domini

1244 3353 1500 3410 voluntas
1545 3355 1599 3409 in
1646 3355 1801 3411 nobis
1849 3356 2154 3425 reparando
2184 3359 2461 3427 perficitur
2491 3378 2503 3413 :
2538 3361 2676 3415 sicut
2704 3359 2840 3416 dixit

1247 3443 1574 3516 Apostolus:
1601 3456 1656 3500 ut
1687 3463 1790 3502 non
1816 3464 2128 3521 quaecunque
2147 3450 2299 3505 vultis
2329 3450 2423 3506 illa
2451 3452 2659 3521 faciatis
2686 3450 2836 3522 (Cat.

1248 3536 1328 3600 v).
1358 3535 1537 3609 Exigit
1563 3540 1707 3595 enim
1736 3540 1969 3611 Spiritus
1993 3551 2054 3598 ut
2078 3542 2331 3599 voluntas
2359 3545 2411 3599 in
2442 3546 2601 3601 nobis
2628 3546 2840 3602 Domini

1248 3626 1346 3685 ﬁat
1376 3646 1389 3683 :
1416 3639 1475 3685 ut
1498 3630 1611 3701 jam
1634 3648 1741 3688 non
1764 3632 2010 3704 perficiat
2030 3634 2232 3702 anima,
2249 3636 2509 3706 quidquid
2533 3654 2652 3691 cum
2679 3652 2842 3703 prava

1250 3736 1420 3779 carne
1448 3726 1836 3796 concupiscens
1875 3726 1978 3782 sibi
2031 3736 2299 3784 suaserat.
2326 3725 2554 3785 Oramus
2578 3744 2728 3798 ergo,
2784 3741 2842 3785 ut

1250 3815 1503 3874 voluntas
1524 3818 1577 3873 in
1606 3818 1761 3875 nobis
1785 3819 1998 3877 Domini
2029 3819 2214 3877 fiat.Si
2241 3838 2369 3893 ergo
2393 3841 2420 3878 a
2453 3825 2608 3881 nobis
2628 3840 2726 3880 sua
2749 3841 2844 3880 voc

1253 3905 1435 3962 luntas
1455 3922 1670 3981 semper
1692 3911 2021 3982 perliciatur,
2049 3930 2158 3969 non
2180 3930 2307 3987 ergo
2330 3916 2433 3972 erit
2453 3918 2701 3988 propria;
2725 3931 2845 3987 qua:

1254 3998 1496 4054 discussa
1532 4001 1599 4057 de
1620 4004 1732 4058 suis
1762 4004 1918 4059 malis
1966 4005 2022 4060 in
2072 4005 2157 4059 die
2202 4006 2392 4077 judicii
2424 4009 2841 4065 condemnetur.

1252 4086 1520 4146 Voluntas
1549 4090 1691 4147 enim
1723 4092 1939 4150 Domini
1976 4104 2161 4152 sancta
2206 4104 2312 4162 est,
2354 4099 2504 4153 novit
2550 4099 2704 4168 dare,
2735 4116 2843 4155 non

1256 4181 1449 4240 timere
1486 4183 1747 4254 judicium
1781 4205 1794 4241 :
1825 4201 1946 4257 quae
1973 4188 2222 4245 voluntas
2250 4205 2347 4245 sua
2379 4190 2574 4259 quibus
2623 4192 2847 4263 impleta

1255 4273 1437 4340 fuerit,
1470 4277 1799 4345 promittitur
1826 4279 1989 4335 etiam
2018 4280 2083 4335 iis
2112 4280 2334 4351 angelos
2372 4281 2638 4351 judicare.
2700 4283 2850 4340 llane

1257 4375 1503 4422 sanctam
1533 4368 1867 4426 voluntatem
1897 4380 1954 4427 et
1973 4371 2226 4427 Salvator
2255 4382 2443 4429 noster
2486 4390 2582 4445 per
2612 4374 2841 4432 formam

1258 4456 1492 4515 faciendi
1519 4460 1573 4516 in
1603 4476 1663 4517 se
1703 4462 1951 4532 liberam,
1980 4472 2038 4519 ut
2087 4474 2331 4536 amputet
2364 4466 2417 4520 in
2471 4467 2627 4522 nobis
2669 4469 2848 4525 carnis

1261 4554 1562 4624 arbitrium,
1595 4554 1929 4612 demonstrat
1957 4558 2112 4615 nobis
2160 4558 2387 4616 dicens:
2421 4557 2549 4615 Non
2596 4562 2709 4616 ueni
2763 4564 2847 4633 fu-

1259 4662 1378 4703 cere
1405 4650 1717 4703 voluntatem
1740 4650 2036 4718 meam,sed
2060 4652 2173 4723 ejus
2185 4653 2268 4724 qui
2290 4668 2370 4707 tne
2391 4653 2530 4707 misit
2550 4651 2727 4723 (Joan.
2745 4656 2843 4719 νι).

1261 4738 1333 4796 Et
1365 4740 1561 4796 iterum
1608 4742 1661 4795 in
1700 4749 1887 4798 sant-ta
1929 4757 2026 4797 sua
2075 4743 2325 4813 passione
2365 4743 2541 4799 dicit:
2595 4742 2775 4809 Pater,
2805 4748 2852 4800 si

1260 4830 1505 4906 possibile
1519 4842 1618 4903 est,
1637 4841 1865 4890 transeat
1885 4851 1917 4887 α
1933 4851 2011 4890 me
2028 4836 2165 4890 cati;
2184 4836 2279 4893 iste
2294 4834 2510 4909 (Matth.
2535 4837 2706 4896 χχιιι).
2722 4836 2848 4894 Haec

1263 4938 1393 4979 vero
1439 4924 1495 4980 in
1536 4922 1767 4982 Domino
1810 4941 1917 4983 vox
1961 4927 2170 4984 timoris
2226 4940 2346 4986 erat
2390 4930 2568 4985 carnis
2620 4930 2841 4997 indutae,

1262 5019 1556 5075 ostendens
1604 5021 1756 5077 nobis
1811 5029 1966 5077 actus
2023 5022 2146 5078 vitae
2194 5037 2411 5094 semper
2454 5024 2656 5080 debere
2708 5027 2850 5081 bene

1263 5111 1504 5176 tractari,
1536 5111 1581 5168 si
1619 5126 1766 5167 mors
1796 5112 2089 5171 adveniens
2116 5113 2280 5171 debet
2310 5116 2509 5171 timeri.
2532 5114 2602 5169 Et
2653 5116 2851 5171 iterum

1265 5211 1381 5255 erat
1410 5202 1763 5272 interrogatio
1785 5202 1996 5259 Domini
2019 5208 2159 5276 apud
2182 5205 2416 5275 Patrem,
2450 5207 2497 5263 si
2517 5206 2666 5277 quod
2695 5222 2725 5262 a
2762 5225 2857 5264 no-

1266 5293 1350 5347 bis
1372 5294 1423 5346 in
1457 5293 1610 5348 nobis
1631 5294 1899 5358 volumus,
1949 5304 2126 5365 potest
2154 5297 2387 5368 impleri,
2430 5308 2524 5354 aut
2576 5299 2724 5369 quod
2757 5314 2855 5355 no-

1268 5383 1451 5438 lumus
1474 5392 1617 5455 pote.
1636 5392 1658 5438 t
1677 5385 1829 5442 nobis
1860 5397 2051 5444 contra
2081 5388 2408 5445 desiderium
2438 5400 2679 5447 nostrum
2702 5391 2853 5461 juste

1274 5480 1493 5548 imponi.
1528 5477 1679 5535 Unde
1705 5483 2049 5551 subsequitur
2078 5483 2199 5538 lidei
2231 5483 2424 5550 forma,
2456 5501 2561 5554 qua
2590 5483 2850 5541 Dominus

1272 5567 1450 5623 Patris
1472 5571 1825 5627 committitur
1849 5575 2133 5642 voluntati,
2161 5575 2343 5631 dicens
2371 5595 2381 5630 :
2416 5578 2521 5631 Sed
2551 5589 2719 5631 tamen
2752 5595 2854 5632 non

1270 5664 1405 5719 sicut
1432 5680 1529 5737 ego
1546 5668 1676 5732 volo,
1694 5667 1782 5720 sed
1805 5668 1861 5721 si.
1881 5677 1937 5721 ut
1957 5677 2006 5721 tu
2030 5670 2101 5723 t‘is
2126 5669 2335 5741 (lbid.f1.
2360 5669 2423 5725 Et
2450 5672 2642 5725 iterum
2666 5673 2857 5725 suist:-

1281 5758 1496 5826 quitur:
1533 5759 1593 5814 Si
1616 5776 1716 5813 non
1746 5772 1910 5827 potest
1933 5763 2123 5833 auferri
2146 5780 2178 5815 α
2224 5780 2301 5817 mc
2329 5767 2601 5830 taliriste,
2641 5765 2741 5816 nisi
2800 5772 2855 5816 ut

1281 5848 1450 5903 bibam
1481 5852 1645 5917 ilium,
1676 5855 1767 5924 ρει(
1820 5859 2048 5910 voluntas
2077 5866 2245 5911 tamen
2276 5864 2364 5911 tua
2412 5852 2630 5926 (Ibid).
2663 5853 2857 5909 Videte

2930 566 3242 639 agnoscitur
3270 570 3361 618 :et
3381 559 3639 632 quidquid
3664 558 3974 615 nolentibus
4005 554 4164 614 nobis
4193 569 4223 610 a
4244 553 4535 626 iuventute

2931 662 3240 730 imponitur.
3262 656 3411 726 juste
3439 652 3650 726 proiicit
3679 652 3899 709 rationi.
3927 651 4062 707 Nam
4090 647 4373 721 quomodo
4403 661 4528 703 ver-

2929 752 3003 809 sis
3023 752 3075 806 in
3101 766 3157 805 se
3185 750 3353 806 oculis
3375 748 3486 805 suis
3506 747 3709 802 vultum
3740 761 3895 802 suum
3925 743 4200 815 respicere
4226 741 4394 797 homo
4419 753 4530 795 non

2930 854 3142 917 potest;
3168 843 3245 897 sic
3273 841 3437 911 judex
3462 841 3544 895 sui
3572 840 3671 894 sibi
3722 839 3821 909 ipsi
3850 852 3972 893 esse
3996 852 4108 892 non
4157 842 4375 908 potest;
4426 831 4533 887 nisi

2925 935 3070 1007 juste
3095 935 3242 1004 quod
3272 932 3486 987 videtur
3513 931 3580 985 ab
3602 931 3709 985 alio
3725 929 4021 1000 judicetur.
4052 927 4111 983 Si
4139 941 4272 996 ergo
4321 924 4532 980 vultum

2930 1044 3084 1085 suum
3111 1028 3292 1082 videre
3322 1033 3503 1097 potest
3547 1038 3726 1092 nemo,
3758 1023 4097 1078 voluntatem
4125 1035 4286 1076 suam
4324 1018 4530 1088 justam

2934 1124 3161 1190 probare
3188 1119 3461 1190 quomodo
3516 1126 3726 1189 potest,
3754 1116 3855 1171 nisi
3884 1117 3940 1171 in
3986 1115 4239 1171 omnibus
4266 1112 4416 1186 quod
4449 1113 4532 1166 vi-

2931 1215 3089 1270 detur
3118 1215 3185 1268 ab
3228 1213 3335 1268 alio
3379 1211 3688 1282 judicetur?
3728 1208 3796 1264 Et
3817 1224 3944 1266 ecce
4000 1213 4217 1275 fratres,
4268 1216 4530 1277 quantam

2931 1307 3263 1378 reparationi
3294 1314 3492 1361 nostra:
3541 1303 3800 1359 Dominus
3846 1302 4078 1357 contulit
4135 1300 4425 1371 pietatem,
4478 1307 4533 1353 et

2932 1401 3146 1470 qualem
3197 1398 3367 1454 errori
3417 1406 3605 1452 nostro
3633 1394 3822 1450 salutis
3846 1394 3988 1447 viam
4043 1389 4331 1447 ostendit:
4368 1398 4431 1442 ut
4481 1388 4533 1443 in

2936 1495 3212 1563 unigenito
3240 1491 3373 1546 Filio
3400 1507 3499 1546 suo
3527 1491 3944 1551 demonstraret,
3968 1484 4115 1558 quod
4137 1486 4192 1540 in
4217 1483 4394 1539 sertis
4424 1482 4537 1536 suis

2935 1585 3209 1655 quan'cbat
3241 1600 3323 1653 pet
3343 1584 3522 1636 lictrc.
3552 1580 3678 1634 l’iat
3714 1566 3973 1634 voluntas
3999 1589 4088 1632 tua
4129 1579 4262 1631 sicut
4302 1577 4353 1630 in
4408 1576 4537 1626 mlo

2935 1689 2982 1734 et
3006 1680 3057 1733 in
3083 1689 3237 1731 terra.
3270 1675 3325 1731 lu
3349 1676 3506 1739 coelo,
3538 1674 3679 1745 quod
3703 1674 3855 1735 dixit,
3884 1686 4170 1743 possumus
4198 1670 4338 1726 bene
4366 1683 4537 1739 agno-

2938 1786 3089 1827 scere
3118 1771 3341 1833 fratres;
3370 1783 3493 1838 qu.a
3523 1768 3664 1821 sicut
3701 1768 3770 1820 ab
3798 1765 4005 1835 angelis
4052 1764 4109 1818 in
4142 1763 4298 1819 ctelis
4344 1772 4539 1817 sancte

2859 1858 2911 1918 Β
2937 1860 3236 1935 perficitur,
3252 1863 3324 1916 ita
3342 1861 3472 1916 etin
3499 1871 3638 1914 terra
3660 1860 3775 1929 ipsa
3800 1874 3895 1929 per
3918 1855 4215 1927 prophetas
4244 1864 4301 1911 et
4317 1864 4540 1924 aposto-

2939 1955 3021 2010 los
3041 1960 3432 2023 prmceptorum
3449 1951 3562 2017 Dei,
3577 1951 3694 2006 etin
3715 1949 4024 2005 carnalibus
4038 1947 4348 2003 hominibus
4360 1961 4539 2016 exop-

2942 2055 3165 2103 talurut
3196 2045 3315 2111 liat;
3345 2043 3717 2100 utsccundum
3774 2050 4019 2097 sanctam
4072 2039 4414 2110 Scriptorum
4463 2037 4541 2093 di-

2942 2148 3085 2196 centi
3106 2156 3158 2192 tu
3192 2137 3244 2192 in
3278 2137 3520 2204 utrisque
3551 2134 3851 2199 elementis,
3886 2133 3987 2187 hoc
4018 2140 4121 2198 est,
4155 2132 4207 2186 in
4228 2131 4370 2186 coelo
4399 2139 4456 2184 et
4483 2130 4540 2184 in

2941 2241 3104 2293 terra,
3137 2230 3188 2285 in
3222 2228 3573 2298 beneplacitis
3602 2228 3715 2282 suis
3747 2235 3961 2295 regnet,
3994 2235 4051 2280 et
4080 2225 4132 2279 in
4165 2223 4323 2280 nobis
4354 2223 4540 2277 Domi-

2940 2342 3042 2383 nus
3071 2345 3083 2379 :
3118 2334 3172 2381 ct
3196 2326 3264 2379 sit
3293 2339 3431 2379 unus
3475 2321 3685 2387 Pastor,
3712 2329 3767 2376 et
3816 2335 3955 2375 unus
3976 2333 4129 2388 grex.
4189 2317 4455 2372 Similiter
4484 2322 4541 2372 et

2943 2420 3073 2476 illud
3104 2418 3419 2490 spiritaliter
3448 2415 3753 2484 intcliigcrc
3806 2428 4114 2484 possumus,
4148 2409 4298 2481 quod
4347 2408 4487 2464 dixit
4521 2426 4534 2461 :

2943 2512 3068 2567 Fiat
3092 2513 3325 2567 roluntus
3358 2520 3444 2564 tua
3466 2509 3597 2562 sicut
3643 2508 3698 2561 in
3720 2507 3846 2561 cwlo
3872 2522 3888 2561 :
3915 2504 4020 2559 hoc
4040 2512 4146 2566 est,
4177 2503 4230 2557 in
4285 2500 4539 2565 Domino,

2942 2606 3079 2661 sicut
3103 2605 3151 2658 in
3186 2603 3293 2659 tiiio
3319 2603 3455 2672 ejus.
3490 2600 3628 2668 Quia
3657 2599 3892 2657 caelestis
3921 2598 4052 2652 dum
4109 2594 4399 2651 descendit
4450 2609 4543 2649 vo-

2941 2698 3118 2754 luntas
3149 2693 3323 2749 Patris
3350 2691 3646 2764 perﬁcitur,
3680 2690 3894 2747 dicente
3937 2690 4057 2760 ipso
4104 2688 4340 2743 Domino
4369 2706 4380 2739 :
4418 2682 4539 2739 Non

2942 2793 3053 2847 νειιὶ
3088 2792 3256 2858 {aere
3298 2787 3611 2843 t'oitttttutcm
3654 2801 3843 2847 meum,
3884 2784 3972 2837 sed
4017 2782 4127 2852 ejus
4154 2780 4241 2851 qui
4274 2796 4356 2833 me
4406 2777 4545 2832 misit

2945 2882 3123 2955 (Joun.
3157 2881 3253 2951 vt).
3288 2877 3449 2935 Vides
3480 2891 3610 2947 ergo
3640 2878 3684 2931 si
3716 2876 3831 2946 ipse
3873 2874 4133 2929 Dominus
4161 2871 4422 2927 Salvator
4462 2885 4544 2926 os-

2945 2974 3136 3038 tendit,
3169 2988 3226 3027 se
3287 2972 3406 3027 ideo
3452 2971 3686 3034 venisse,
3738 2976 3799 3022 ut
3842 2965 4180 3021 voluntatem
4232 2976 4392 3017 suam
4440 2974 4545 3014 non

2944 3066 3169 3127 fateret,
3200 3065 3293 3120 sed
3345 3066 3497 3134 jnssa
3529 3061 3702 3117 Patris
3731 3059 4014 3130 impleret;
4066 3054 4349 3127 quomodo
4378 3052 4545 3107 malus

2944 3176 3131 3217 servus
3154 3158 3303 3229 jussa
3337 3172 3454 3211 mea
3481 3154 3737 3224 neglexit,
3771 3161 3827 3208 et
3860 3166 4037 3207 meam
4067 3148 4251 3203 facere
4302 3146 4549 3202 volunta-

2868 3223 2911 3286 Ο
2948 3252 3091 3309 tem?
3114 3223 3309 3320 dequo
3338 3248 3468 3304 dicit
3491 3256 3544 3302 et
3563 3223 3905 3316 Apostolus;
3934 3241 4062 3307 Quis
4090 3241 4271 3312 estqui
4290 3237 4542 3303 ascendit,

2945 3343 3045 3397 nisi
3069 3342 3153 3413 qui
3183 3354 3231 3395 et
3258 3337 3520 3394 descendit
3543 3339 3595 3391 in
3618 3337 3868 3407 inferiora
3893 3334 4085 3387 terrm?
4108 3331 4328 3402 (Epltcs.
4350 3331 4454 3399 tv.)
4475 3328 4545 3384 ita

2947 3449 3076 3504 ergo
3108 3444 3164 3488 et
3194 3434 3244 3486 in
3275 3441 3420 3487 terra
3470 3429 3626 3495 dixit,
3659 3428 3762 3483 ltoc
3788 3435 3891 3486 est,
3942 3424 4190 3495 corporis
4212 3423 4395 3477 nostri
4444 3436 4547 3476 ma-

2948 3528 3104 3583 china
3123 3528 3190 3582 de
3213 3536 3368 3580 terrm
3392 3523 3519 3578 limo
3544 3521 3771 3577 formata
3793 3535 3807 3582 ;
3827 3518 3910 3573 cui
3930 3516 4198 3572 sententia
4224 3513 4324 3570 Dei
4353 3513 4547 3568 dictum

2950 3631 3034 3679 cst
3066 3639 3077 3675 :
3114 3620 3277 3675 Terra
3308 3636 3382 3682 es,
3406 3627 3453 3672 et
3484 3619 3539 3672 in
3572 3627 3764 3670 terram
3797 3615 3891 3668 iliis
3926 3612 4081 3683 (Gen.
4128 3616 4234 3681 Ill).
4292 3610 4549 3666 Similiter

2949 3714 3092 3771 efﬁci
3115 3714 3384 3785 justitiam
3411 3710 3566 3766 nobis
3596 3707 3807 3764 Domini
3837 3706 4096 3762 voluntas
4122 3704 4469 3773 exgtoscitur,
4500 3710 4549 3756 ut

2949 3807 3076 3863 dum
3099 3804 3345 3876 quotidie
3370 3804 3423 3859 in
3439 3803 3593 3860 nobis
3613 3804 3861 3858 vo'untas
3876 3798 4091 3854 Domini
4116 3797 4285 3852 fuerit
4308 3806 4546 3867 Operata,

2950 3916 3061 3957 non
3092 3898 3399 3955 inveniatur
3428 3895 3676 3969 propria,
3704 3909 3825 3965 qua:
3853 3893 3906 3949 in
3938 3891 4126 3948 futuro
4171 3889 4392 3960 judicio
4421 3904 4545 3945 con»

2951 3989 3240 4046 demnetur
3290 3986 3359 4044 ad
3406 4000 3665 4058 poenam:
3706 3983 3801 4040 sed
3845 3981 3917 4039 sit
3982 3981 4039 4036 in
4086 3979 4249 4036 nobis
4305 3978 4549 4033 voluntas

2953 4080 3188 4147 Domini,
3219 4094 3337 4150 qua:
3367 4086 3659 4136 coronetur
3678 4076 3745 4132 ad
3761 4076 4011 4146 gloriam.
4042 4073 4255 4130 Deinde
4275 4074 4549 4144 sequimur

2953 4176 3010 4231 in
3039 4176 3289 4232 oratione
3314 4175 3559 4231 dicentes
3585 4192 3596 4226 :

3024 4288 3227 4344 Panem
3254 4298 3487 4344 nostrum
3510 4286 3865 4357 quotidianum
3896 4285 3966 4339 da
3993 4283 4145 4339 nobis
4170 4283 4353 4339 hodie.
4384 4280 4546 4352 Ergo,

2954 4393 3173 4460 fratres,
3224 4407 3349 4448 cum
3394 4390 3704 4461 supradicta
3734 4387 3949 4444 Domini
3975 4385 4230 4442 voluntas
4259 4383 4550 4457 inculpabi-

2956 4498 3079 4554 liter
3107 4512 3137 4551 a
3168 4496 3324 4552 nobis
3353 4493 3600 4564 quotidie
3629 4491 3793 4547 fuerit
3835 4488 4149 4560 adimpleta,
4184 4497 4244 4544 et
4276 4489 4334 4543 in
4363 4489 4551 4543 timore

2875 4611 2929 4669 υ
2954 4598 3167 4656 Domini
3198 4598 3378 4655 omnia
3406 4596 3605 4653 fuerint
3630 4592 3885 4649 mandata
3912 4592 4201 4662 explicita;
4232 4590 4398 4661 digne
4424 4604 4550 4661 ope-

2956 4705 3113 4761 rariis
3158 4704 3271 4761 suis
3317 4712 3541 4773 rogatur
3588 4715 3857 4757 annonam
3894 4708 3956 4754 ut
3985 4698 4209 4762 tribuat,
4259 4697 4357 4766 qui
4393 4696 4551 4766 digno

2957 4807 3295 4863 mercenario
3321 4804 3629 4862 mercedem
3658 4818 3765 4859 non
3795 4811 3974 4873 negat.
4007 4800 4213 4857 Deinde
4242 4799 4517 4855 dicimus:

3030 4929 3099 4985 Et
3129 4930 3326 4985 dimitte
3353 4930 3501 4984 nobis
3529 4927 3702 4982 detita
3731 4935 3930 4991 nostra,
3962 4924 4094 4978 sicut
4132 4933 4182 4977 et
4210 4939 4309 4979 nos
4332 4921 4546 4977 dimitti-

2959 5039 3071 5078 mus
3099 5021 3411 5077 debitaribus
3435 5020 3649 5075 nostris.
3670 5017 3905 5083 Fratres,
3938 5016 4044 5071 hoc
4074 5024 4297 5070 orantes
4326 5012 4552 5083 amplius

2966 5126 3269 5179 timeamus,
3302 5129 3373 5170 ne
3400 5114 3467 5168 ad
3495 5113 3611 5168 haec
3635 5112 3799 5168 verba
3848 5125 4063 5181 precum
4108 5120 4422 5164 nostrarum
4472 5122 4553 5162 re-

2965 5206 3227 5276 spondeat
3255 5207 3410 5261 nobis
3439 5204 3697 5260 Dominus
3727 5201 3914 5258 dicens
3945 5219 3959 5255 :
3987 5198 4196 5254 ludit-io
4228 5217 4332 5271 quo
4347 5200 4550 5271 judica-

2967 5301 3050 5364 tis,
3076 5299 3396 5371 judirubilur
3418 5298 3482 5351 de
3505 5297 3680 5361 vobis;
3731 5304 3781 5349 et
3808 5309 4049 5348 mensura
4077 5310 4177 5365 qua
4214 5295 4381 5346 mensi
4408 5296 4549 5356 estis,

2964 5392 3260 5445 remetietur
3282 5389 3418 5443 vobis
3445 5387 3663 5451 (Matth.
3690 5390 3804 5457 vn).
3831 5383 3899 5438 Et
3926 5384 4046 5438 vitle
4072 5384 4162 5452 qui
4193 5383 4299 5437 hoc
4330 5386 4489 5453 petis,
4511 5380 4551 5435 si

2970 5482 3113 5553 quod
3145 5482 3240 5536 tibi
3277 5481 3495 5536 noluisti
3528 5479 3643 5534 fieri
3685 5478 3790 5532 alio
3820 5494 3925 5531 non
3974 5476 4163 5531 fecisti.
4213 5474 4360 5544 Ergo
4402 5484 4552 5529 ante-

2971 5590 3130 5647 quam
3160 5574 3256 5628 bas
3281 5588 3440 5628 voces
3464 5571 3672 5626 Domini
3701 5570 3979 5624 audiamus
4007 5565 4217 5630 fratres,
4243 5566 4392 5634 prius
4413 5581 4555 5619 scru-

2972 5679 3148 5724 temur
3172 5667 3334 5723 corda
3366 5674 3548 5720 nostra
3581 5683 3593 5718 :
3637 5664 3682 5718 si
3719 5662 3863 5733 juStc
3908 5669 3965 5715 et
4006 5672 4105 5715 nos
4135 5657 4368 5727 petimus
4398 5672 4431 5710 a
4461 5656 4556 5710 Do-

2973 5761 3143 5827 mino,
3174 5757 3318 5829 quod
3343 5767 3400 5814 et
3425 5773 3457 5812 a
3486 5755 3640 5812 nobis
3673 5764 3755 5811 est
3785 5751 4091 5824 petentibus
4133 5766 4242 5806 non
4281 5758 4554 5821 negatum.

2974 5850 3084 5911 Nos
3130 5850 3383 5925 petimus,
3438 5848 3652 5906 Dimitte
3706 5845 3853 5905 nobis
3900 5845 4074 5904 debita
4116 5855 4301 5904 nostra
4342 5857 4362 5899 :
4419 5841 4556 5900 audit
