5174 6536
617 411 717 469 949

2125 409 2262 467 RBG
2275 409 2429 468 ULA.

3811 413 3916 469 950

617 524 771 590 Deus,
795 532 852 578 et
881 522 1032 593 cupit
1059 522 1355 588 dimittere,
1395 520 1489 578 scd
1530 521 1574 577 si
1608 529 1734 576 ante
1765 535 1863 577 nos
1912 522 2220 592 petentibus
2249 523 2303 584 Α
2328 519 2573 576 attonitis
2598 517 2818 576 auribus
2852 519 3132 575 audiamus
3161 535 3282 592 qum
3313 519 3489 573 divina
3537 524 3774 593 quotidie
3817 525 3927 580 cla-

616 615 938 671 relaxemus.
971 613 1056 670 An
1088 613 1281 670 dubito
1316 613 1480 668 miser
1535 624 1638 681 ego
1667 613 1854 674 homo.
1889 628 1957 668 ne
1991 613 2216 669 benefa-

617 712 711 766 ctis
735 709 1065 764 meisdivina
1083 724 1190 763 non
1210 707 1672 763 rctribuatvices?
1695 707 1944 777 Respice,
1961 722 2216 778 agnosce,

613 813 665 859 et
691 802 1002 870 consi-lera,
1033 818 1066 857 o
1099 802 1262 860 miser
1294 803 1492 865 homo,
1525 801 1766 873 nunquid
1799 802 1970 871 magis
2008 810 2062 856 tu
2101 801 2221 871 pius

615 909 770 963 quam
804 894 992 948 Deus?
1026 893 1118 963 qui
1151 903 1208 948 ut
1254 894 1350 948 tibi
1381 893 1557 962 aliqua
1599 893 1842 963 jusliaite,
1890 902 1984 949 aut
2013 892 2218 963 agenda

615 988 819 1056 ingerat
849 988 1088 1056 pietatis,
1123 999 1244 1058 post
1271 990 1579 1043 mercedem
1605 989 1688 1043 vel
1717 987 1858 1044 dona
1888 989 2076 1057 ipsius,
2125 988 2218 1043 tibi

615 1084 824 1154 prolicit
847 1064 956 1152 ipsi
988 1092 1043 1137 ct
1074 1083 1216 1152 quod
1241 1081 1368 1150 agit.
1406 1081 1545 1136 ιςιιιιι
1579 1084 1722 1136 enim
1755 1081 2014 1136 Dominus
2042 1082 2220 1137 minus

617 1175 773 1231 habet
809 1177 859 1229 in
908 1191 1004 1229 sua
1039 1175 1304 1243 potentia,
1349 1190 1448 1228 nec
1491 1175 1690 1244 aliquid
1738 1183 1885 1228 tuum
1917 1174 2121 1242 indiget
2167 1175 2218 1228 iu

613 1270 829 1330 virtute,
875 1277 970 1320 aut
1022 1266 1172 1320 deest
1202 1276 1260 1320 ct
1287 1266 1339 1319 in
1374 1266 1545 1334 gloria
1591 1284 1602 1318 :
1652 1265 1991 1321 solanuuodo
2035 1275 2217 1320 nostra

615 1361 682 1417 illi
713 1378 851 1432 opus
881 1371 963 1416 est
1007 1361 1361 1429 salu-,quam
1411 1377 1507 1429 pro
1558 1359 1710 1414 nobis
1757 1358 2005 1427 providet
2049 1361 2218 1427 gratia

616 1460 728 1528 ejus
750 1477 762 1520 ;
785 1473 1057 1526 quamque
1083 1472 1177 1525 per
1203 1465 1441 1510 nostram
1470 1453 1850 1522 negligentiam
1876 1453 1948 1508 illi
1974 1453 2041 1509 de
2066 1455 2220 1509 nobis

614 1552 851 1622 possidet
882 1551 1078 1604 minus.
1114 1548 1241 1600 De'u
1267 1548 1313 1600 ie
1345 1547 1616 1600 iii-iuius:

687 1646 752 1697 iit
784 1662 846 1697 ne
870 1663 961 1697 nos
991 1643 1112 1694 indu
1150 1660 1204 1693 ns
1237 1643 1286 1694 in
1315 1653 1420 1693 ten!
1448 1642 1672 1693 dianam.
1713 1639 1860 1693 Satis
1903 1653 2001 1692 tios
2033 1639 2220 1693 admo-

614 1749 758 1792 ncut.
792 1743 1010 1798 lintris,
1047 1736 1206 1788 vculm
1243 1736 1340 1786 ita
1375 1750 1492 1786 esse
1519 1734 1780 1786 sollicitos
1816 1753 1824 1784 :
1859 1731 2087 1799 ideoque
2132 1747 2220 1783 ra-

614 1831 819 1902 επιιίίιιε.
851 1840 926 1883 est
957 1827 1238 1889 UttlttitJls,
1271 1837 1327 1882 ct
1358 1826 1563 1881 crebris
1604 1825 1889 1894 gemitib-is
1945 1823 2215 1876 tundenda

2325 629 2483 670 matis
2523 629 2622 669 nos
2645 611 2901 668 admonet
2943 630 3067 678 vox,
3094 613 3276 668 dicens
3305 633 3316 666 :
3349 611 3450 678 Qui
3481 614 3632 668 habet
3654 633 3804 672 aures
3831 636 3928 674 au-

2325 705 2500 760 diendi
2525 705 2726 772 audiat,
2751 705 2874 776 quid
2905 704 3132 774 Spiritus
3161 706 3299 758 dicat
3333 705 3483 759 I'Icrle
3514 707 3576 760 iis
3618 709 3802 777 (Apoc.
3842 712 3924 778 ιι).

2325 798 2427 865 Qui
2478 798 2652 854 dicit:
2692 796 2752 850 γι
2767 799 2893 863 nite,
2926 798 3045 866 ﬁlii,
3082 799 3258 850 audite
3294 815 3391 864 me,
3426 799 3663 853 timorem
3711 799 3926 856 Domini

2323 892 2515 948 docebo
2562 891 2849 963 oos(Psal.
2907 897 3120 950 usui}.
3150 890 3367 946 Currite
3407 892 3535 948 dum
3579 893 3759 949 lumen
3804 896 3927 950 vitae

2323 984 2556 1050 habetis,
2591 1001 2660 1039 ne
2689 985 2926 1041 tenebrae
2963 986 3150 1039 mortis
3194 1003 3288 1040 vos
3335 988 3822 1058 comprehendant,
3873 999 3932 1046 et

2322 1093 2572 1148 qua-rens
2600 1077 2859 1133 Dominus
2887 1079 2939 1133 in
2974 1077 3320 1134 multitudine
3345 1081 3528 1149 populi
3557 1081 3641 1134 cui
3669 1082 3783 1136 haec
3813 1083 3928 1138 cla-

2323 1181 2435 1226 mat
2477 1173 2787 1244 operarium
2839 1189 2993 1228 snum
3046 1171 3370 1238 auditorem,
3421 1175 3615 1228 iterum
3669 1175 3930 1230 rer-laniat

2324 1264 2508 1321 dicens
2541 1285 2552 1319 :
2603 1268 2730 1330 Quis
2755 1277 2830 1320 est
2861 1267 3008 1322 Ιιοιειο
3036 1267 3122 1337 qui
3161 1267 3267 1320 vult
3299 1268 3480 1331 vitam,
3512 1279 3560 1320 et
3591 1269 3729 1337 cupit
3764 1271 3930 1322 licia..-

2324 1361 2433 1415 dies
2466 1363 2625 1417 ianos
2651 1366 2672 1416 ι)
2696 1361 2888 1432 (Μία.)
2939 1371 2994 1416 ιιι
3025 1361 3119 1432 qui
3162 1361 3320 1416 audis
3363 1364 3665 1431 responde:
3697 1361 3831 1432 Ego.
3864 1362 3931 1416 lit

2324 1455 2582 1511 Dominus
2611 1456 2701 1510 tibi
2725 1457 2854 1511 dicit
2882 1474 2893 1509 :
3003 1458 3081 1510 vi.-.
3104 1458 3302 1513 habere
3329 1473 3509 1513 veram
3535 1467 3588 1512 ct
3613 1471 3928 1526 perpetuam

2324 1548 2511 1611 vitam,
2545 1546 2758 1616 prohibe
2781 1549 3010 1618 lingvas!
3045 1559 3183 1600 illum
3208 1567 3239 1601 α
3274 1568 3299 1599 ιι
3325 1551 3428 1610 αἶα),
3475 1562 3522 1602 et
3559 1550 3697 1603 (ubi:
3742 1564 3826 1604 tua
3868 1568 3931 1606 ne

2326 1641 2555 1709 laqnant'
2581 1641 2834 1705 ra'ofnm;
2863 1643 3053 1694 rlirrrte
3095 1660 3124 1693 (ε
3167 1643 3322 1702 malo,
3362 1653 3410 1694 et
3451 1648 3524 1713 {at
3574 1653 3802 1706 bonum;
3843 1647 3928 1699 iit-

2322 1729 2564 1798 quircpn-
2585 1747 2683 1794 om,
2717 1741 2763 1782 ct
2790 1747 2994 1800 sequere
3015 1749 3127 1783 can
3155 1733 3295 1798 (Ibit!
3396 1731 3459 1787 [ἐξ
3487 1751 3606 1788 culti
3641 1735 3750 1788 lltlfC
3792 1740 3932 1788 Ωιι-ιε-

2323 1820 2441 1872 riti.
2482 1822 2622 1874 nculi
2657 1823 2760 1876 mei
2808 1838 2973 1892 super
3016 1840 3109 1877 vos
3144 1823 3346 1892 jllStCS,
3396 1837 3447 1878 ct
3492 1842 3650 1881 aure;
3697 1845 3826 1882 inca:
3877 1831 3929 1883 in

615 1937 736 1980 sunt
770 1923 931 1976 nobis
955 1921 1118 1976 corda
1152 1929 1206 1974 at
1230 1938 1313 1987 guc.
1348 1929 1590 1988 pectora,
1617 1935 1683 1972 ne
1708 1918 2219 1988 patiaturDominus
2256 1902 2297 1960 Β
2329 1929 2519 1983 preces
2561 1926 2785 1970 \‘CSll‘aS.
2841 1914 2907 1970 Et
2958 1927 3246 1986 anicqnam
3297 1934 3382 1972 me
3429 1919 3708 1984 iiivecetis,
3751 1923 3931 1975 dicam

616 2030 804 2069 servos
835 2030 963 2069 smis
995 2016 1111 2068 sine
1140 2029 1237 2065 Sll‘)
1269 2011 1540 2078 adjoin-io
1583 2010 1757 2078 aliqua
1793 2026 1890 2064 nos
1920 2011 2050 2064 hora
2093 2025 2222 2062 con—

618 2109 844 2170 sistere;
900 2117 955 2161 ut
1008 2122 1112 2159 nou
1163 2103 1363 2157 habent
1394 2110 1721 2172 potestatem
1773 2116 1948 2168 neque
1994 2100 2219 2165 aditum,

622 2217 710 2269 per
759 2198 906 2267 quod
958 2197 1300 2250 adversarius
1349 2202 1534 2248 tt0:ter
1577 2193 1845 2256 diabolus,
1900 2191 1990 2262 qui
2032 2192 2223 2245 circuit

623 2309 714 2347 nos
741 2302 800 2347 ut
827 2292 914 2345 leo
943 2290 1206 2360 qumidie,
1235 2303 1482 2356 quairens
1509 2287 1742 2356 aliquem
1777 2295 1915 2341 nosti
1935 2302 2018 2338 ιιιιι
2057 2284 2223 2339 devo-

620 2403 771 2451 rare,
807 2395 862 2438 ct
891 2384 1073 2453 pravis
1104 2381 1446 2436 suasionibus
1479 2381 1590 2436 suis
1615 2381 1807 2450 qmcrit
1835 2380 1996 2433 corda
2039 2389 2224 2432 nostra

619 2477 840 2532 iniicere
889 2477 936 2543 (Ι
997 2478 1137 2531 I’etr.
1171 2478 1246 2543 v).
1281 2473 1421 2540 lizgo
1463 2473 1856 2527 incessabiliter
1886 2482 1966 2527 est
2001 2488 2224 2542 prccan-

619 2569 742 2624 dauu
771 2570 842 2623 ai
876 2569 1197 2629 Dominum;
1238 2576 1295 2621 ut
1320 2567 1568 2635 dignetur
1594 2567 1845 2635 adjutorii
1875 2569 1956 2621 sui
1980 2567 2224 2621 custodia

623 2680 778 2717 muro
811 2681 910 2716 nos
936 2680 1046 2717 sum
1078 2663 1263 2732 gratia:
1289 2661 1648 2726 circmndare,
1681 2672 1733 2716 et
1765 2663 2124 2716 tentat'nuam
2173 2662 2223 2713 in

623 2758 778 2812 nobis
805 2758 986 2810 aditus
1012 2772 1108 2810 sua
1139 2755 1444 2810 munitione
1474 2754 1791 2819 obstruere;
1827 2765 1884 2807 ut
1913 2771 2018 2808 non
2051 2754 2224 2820 patia-

623 2861 705 2903 tur
735 2851 946 2920 plasma
978 2853 1198 2903 Iactura:
1229 2865 1339 2904 sua:
1367 2847 1640 2917 captivum
1672 2846 1812 2911 licri,
1857 2856 1910 2900 ct
1955 2846 2226 2900 servituti-

621 2941 716 2993 bus
748 2941 950 2995 cedere
974 2939 1199 2994 inimici.
1225 2938 1283 2993 Si
1314 2948 1494 2994 tamen
1525 2938 1816 3008 supradicti
1853 2937 2021 2994 hostis
2053 2946 2225 2991 tenta-

624 3034 859 3088 tionibus
901 3050 1010 3089 non
1056 3035 1196 3090 ultro
1231 3043 1473 3091 nostrum
1511 3034 1782 3090 tradamus
1829 3049 2131 3098 assensum,
2171 3042 2226 3088 et

619 3127 766 3181 velut
811 3127 1177 3197 nosmetipsos
1227 3127 1326 3196 ipsi
1374 3142 1472 3182 nos
1503 3129 1856 3196 captivantes,
1890 3127 2096 3182 hostem
2130 3141 2226 3180 ιιο-

619 3228 789 3271 strmn
837 3218 1160 3288 incipiamus
1207 3217 1377 3287 magis
1422 3217 1751 3283 desiderare,
1805 3234 1965 3286 quam
2015 3222 2219 3286 lugere.

618 3309 667 3362 St
689 3313 914 3379 quimur
943 3309 1137 3366 deinde
1173 3310 1510 3379 complentes
1539 3310 1864 3374 orationem,
1895 3310 2136 3364 dicentes
2169 3327 2184 3364 :

686 3405 799 3459 Sed
825 3405 991 3458 libera
1021 3421 1112 3459 nos
1141 3421 1174 3457 ιι
1203 3405 1362 3460 malo.
1395 3405 1576 3459 Amen.
1639 3405 1854 3460 l’ratres
1879 3405 2221 3471 sanctissini,

617 3506 741 3550 ante
775 3497 886 3550 hoc
918 3495 1061 3552 Deus
1090 3496 1144 3550 in
1178 3496 1334 3551 nobis
1359 3500 1507 3566 cupit
1539 3497 1822 3566 perlicere,
1853 3512 2015 3565 quam
2069 3510 2226 3566 roge-

621 3598 700 3643 tur
731 3607 744 3642 :
779 3590 912 3658 quia
956 3598 1152 3659 potens
1185 3599 1288 3658 est,
1330 3599 1385 3645 ct
1417 3591 1547 3646 nihil
1574 3600 1657 3647 est
1681 3593 1728 3646 ei
1764 3591 2000 3656 diilicile,
2047 3592 2140 3646 sed
2180 3591 2226 3646 si

617 3703 715 3741 nos
764 3687 878 3742 hoc
928 3702 1233 3742 mercamur
1269 3704 1281 3740 :
1314 3701 1415 3742 nec
1443 3686 1600 3742 enim
1627 3687 1742 3742 vult
1789 3687 2092 3742 machinam
2133 3701 2226 3741 ca-

616 3779 745 3832 dere
778 3787 1047 3841 nostram,
1091 3793 1251 3849 quam
1299 3779 1549 3833 manibus
1587 3779 1698 3834 suis
1743 3779 1859 3849 ipse
1901 3779 2220 3834 construxit.

619 3869 868 3924 Festinat
911 3870 1058 3924 enim
1091 3883 1285 3924 eruere
1314 3884 1416 3924 nos
1445 3868 1512 3923 de
1539 3868 1754 3937 laqueo,
1801 3869 1846 3923 si
1883 3883 2101 3924 sensum
2129 3883 2226 3922 no-

616 3974 786 4018 strum
820 3979 935 4019 non
987 3963 1131 4018 ultro
1186 3962 1460 4018 tradamus
1484 3963 1827 4018 suasionibus
1853 3963 2056 4018 inimici
2087 3982 2097 4016 :
2131 3963 2226 4017 sed

616 4066 880 4124 rogantes
920 4054 1316 4111 incessabiliter
1345 4054 1655 4120 Dominum,
1688 4063 1746 4110 ut
1770 4055 2032 4109 attributo
2072 4054 2226 4110 nobis

615 4165 724 4204 sua:
755 4151 955 4217 gratia:
1001 4147 1295 4215 adjutorio,
1345 4145 1507 4216 digne
1550 4147 1795 4202 dicamus
1837 4166 1850 4201 :
1898 4148 2156 4213 Quoniam
2194 4163 2227 4200 a

614 4243 678 4293 de
696 4264 702 4292 l
721 4244 814 4295 tris
837 4249 919 4295 est
943 4238 1090 4293 nobis
1118 4237 1374 4294 Dominus
1405 4253 1469 4290 ne
1491 4254 1900 4292 commoveantur
1916 4237 2094 4304 (Psal.
2113 4239 2223 4303 xv);

618 4345 671 4390 et
696 4338 884 4390 securi
914 4334 983 4388 de
1013 4333 1240 4388 Domino
1271 4331 1463 4386 iterum
1494 4339 1804 4400 repetamus
1829 4352 1839 4384 ;
1884 4329 2009 4386 Non
2041 4333 2225 4386 timebo

613 4434 757 4481 mala
804 4427 1060 4498 quoniam
1102 4435 1154 4478 tu
1196 4440 1392 4478 mecum
1435 4440 1489 4477 es
1530 4422 1702 4492 (Psal.
1744 4424 1898 4492 xxii).
1933 4420 2002 4477 Ut
2046 4425 2137 4491 qui
2171 4423 2223 4477 in

616 4521 892 4589 principio
925 4517 1086 4586 hujus
1119 4515 1384 4571 orationis
1410 4515 1646 4570 ostendit
1674 4515 1831 4569 nobis
1857 4529 1954 4584 per
1974 4517 2222 4583 gratiam,

615 4614 915 4668 belliinum
946 4609 1164 4664 Patrem
1196 4609 1398 4664 audere
1426 4609 1625 4673 dicere,
1658 4607 1853 4663 iterum
1879 4609 1995 4678 ipse
2025 4610 2075 4663 in
2120 4610 2224 4664 line

616 4707 888 4761 orationis
919 4720 950 4758 a
974 4703 1122 4758 malo
1150 4701 1404 4773 dignetur
1425 4717 1526 4757 nos
1553 4701 1802 4758 liberare.
1832 4702 2024 4757 Amen.

690 4801 853 4869 Ergo,
885 4797 1108 4861 fratres,
1139 4795 1285 4850 linita
1305 4794 1370 4850 ad
1398 4795 1679 4850 Dominum
1703 4797 1968 4860 oratione,
1999 4799 2114 4866 ipso
2133 4795 2222 4866 ju-

619 4901 778 4944 vante
810 4901 1044 4961 agamus
1069 4903 1213 4942 nunc
1243 4887 1312 4942 de
1333 4895 1533 4942 cmtero
1562 4888 1630 4944 de
1658 4889 1828 4944 nostri
1857 4890 2060 4944 servitii
2097 4906 2226 4960 ope-

618 4997 710 5036 re:
749 4989 809 5035 ut
848 4978 948 5050 qui
975 4993 1076 5034 nos
1100 4978 1213 5048 jam
1256 4977 1309 5033 in
1351 4977 1580 5034 ﬁliorum
1604 4978 1854 5049 dignatus
1891 4990 1974 5036 est
2003 4997 2226 5038 numero

618 5082 972 5143 computare,
1026 5086 1132 5126 non
1175 5070 1373 5126 debeat
1401 5071 1690 5142 aliquando
1735 5074 1803 5128 de
1848 5075 2003 5130 malis
2031 5075 2230 5130 nostris

619 5167 834 5221 actibus
857 5163 1200 5220 contristari.
1246 5162 1323 5218 ita
1353 5165 1496 5220 enim
1539 5165 1589 5218 ei
1631 5166 1778 5220 omni
1824 5166 1955 5220 hora
1983 5167 2050 5221 de
2078 5167 2232 5223 benis

620 5256 732 5311 suis
770 5257 828 5310 in
875 5254 1041 5310 nobis
1090 5253 1390 5324 parendum
1437 5262 1540 5320 est,
1586 5266 1648 5311 ut
1690 5271 1800 5311 non
1849 5257 2024 5313 solum
2067 5257 2235 5316 iratus

624 5346 785 5404 Pater
813 5362 955 5403 suos
1001 5361 1103 5401 nos
1131 5344 1424 5414 aliquando
1454 5346 1592 5402 lilios
1621 5347 1964 5414 exbmredet;
2007 5350 2101 5404 sed
2131 5365 2236 5405 me-

625 5439 861 5496 tuendus
892 5436 1162 5493 Dominus
1191 5437 1430 5492 irritatus
1458 5453 1488 5492 a
1520 5439 1673 5496 malis
1693 5441 1914 5509 nostris,
1937 5450 1996 5496 ut
2019 5443 2236 5512 nequis-

623 5532 793 5587 simos
839 5543 1040 5586 servos
1083 5537 1348 5600 perpetuo
1392 5531 1567 5586 tradat
1605 5531 1658 5586 in
1709 5547 1942 5603 plenam,
1985 5534 2076 5602 qui
2107 5549 2232 5589 eum

624 5625 774 5696 sequi
827 5623 1134 5680 noluerunt
1183 5621 1251 5676 ad
1295 5623 1539 5692 gloriam.
1611 5623 1976 5695 Exsurgamus
2017 5626 2234 5681 tandem

626 5718 923 5789 aliquando
976 5723 1034 5770 ut
1083 5715 1243 5786 pigri,
1277 5716 1549 5772 excitante
1590 5732 1690 5773 nos
1742 5716 2018 5787 Scriptura
2054 5733 2120 5774 ae
2157 5718 2238 5773 di-

625 5820 782 5869 cente
811 5829 825 5868 :
850 5808 986 5868 lam
1011 5810 1150 5864 enim
1169 5811 1299 5866 hora
1321 5815 1396 5866 est
1418 5825 1512 5865 nos
1535 5808 1599 5863 de
1617 5825 1798 5865 somno
1821 5825 2030 5881 surgere
2055 5807 2233 5881 (Rom.

628 5907 745 5980 xm)
783 5924 798 5976 ;
833 5915 890 5963 et
921 5905 1130 5977 apertis
1157 5903 1328 5964 oculis
1355 5903 1557 5963 nostris
1606 5903 1673 5961 ad
1721 5903 1904 5964 lumen
1957 5901 2240 5979 deiﬁcum,

2256 4653 2308 4714 D

2325 2006 2514 2059 vobis:
2545 2003 2678 2059 Ecce.
2712 2007 2921 2060 adsum.
2955 2008 3092 2074 Quid
3134 2009 3344 2062 dulcius
3377 2010 3532 2067 nobis
3563 2011 3628 2065 ali
3657 2013 3758 2067 hac
3798 2027 3934 2066 voce

2327 2094 2538 2150 Donnni
2574 2097 2849 2151 invitantis
2893 2115 3012 2164 nos,
3045 2097 3236 2154 fratres
3252 2102 3272 2152 ’ἶ
3304 2100 3439 2155 liccc
3477 2102 3677 2170 pietate
3705 2120 3798 2158 sua
3841 2103 3932 2157 ile.-

2327 2201 2595 2245 monstrat
2652 2196 2736 2245 im!
2766 2193 2806 2246 is
2839 2192 3098 2249 Dominus
3127 2195 3248 2248 vitzc
3281 2196 3443 2248 viam.
3479 2197 3780 2252 Succinctis
3802 2213 3933 2268 ergo

2328 2297 2422 2352 per
2453 2283 2610 2336 lidcm
2644 2284 2726 2336 vel
2761 2285 3162 2338 tti.‘S.‘l‘\i'I\ll.il‘.lil
3194 2286 3462 2340 bouoruu.
3494 2297 3708 2342 artuum
3737 2289 3933 2344 lumbis

2328 2375 2543 2428 nostris.
2565 2391 2661 2445 per
2681 2375 2935 2430 ducatum
2959 2375 3238 2446 Evangelii
3262 2393 3547 2447 pergamus
3572 2381 3763 2435 itinera
3789 2382 3929 2450 ejus;

2327 2477 2387 2522 ut
2418 2486 2722 2524 mercamur
2748 2487 2893 2533 eum,
2923 2472 3012 2540 qui
3043 2488 3143 2526 nos
3171 2475 3222 2526 in
3255 2487 3479 2541 regnum
3504 2491 3658 2530 suum
3691 2490 3930 2542 vocum,

2327 2561 2508 2616 videre
2540 2583 2549 2615 :
2577 2565 2629 2617 in
2663 2565 2816 2632 cujus
2847 2567 2994 2632 regni
3027 2566 3378 2622 tabernaculo
3412 2569 3454 2621 si
3492 2573 3738 2622 volu:::r.-
3782 2571 3933 2625 habi-

2328 2659 2464 2715 tare,
2499 2669 2511 2704 ι
2539 2653 2597 2706 ‘si
2632 2655 2756 2709 illuc
2788 2656 2939 2709 ιιιιιὶυ
2963 2657 3170 2711 ιιειιιιηε
3199 2666 3468 2724 curratur,
3494 2661 3718 2715 minime.
3745 2677 3934 2730 pervc-

2330 2742 2494 2796 nitur.
2543 2745 2649 2797 Sed
2689 2746 3087 2812 interrogemus
3133 2764 3253 2803 cum
3302 2748 3570 2820 Propheta
3621 2753 3930 2819 lloinimun,

2327 2835 2570 2890 dicentes
2621 2838 2670 2892 ci
2703 2855 2715 2890 :
2751 2837 2990 2904 Domine,
3031 2841 3145 2910 quis
3198 2843 3450 2895 habitabit
3498 2846 3551 2897 in
3598 2845 3934 2900 tabernaculo

2329 2935 2433 2992 tuo,
2468 2936 2557 2980 aut
2603 2931 2714 2999 quis
2765 2932 3044 3000 requiescet
3084 2933 3137 2986 in
3185 2943 3356 2987 mante
3384 2947 3563 2990 sancto
3597 2939 3723 2991 tuo?
3757 2938 3930 3007 (l-‘sal.

2327 3024 2500 3092 cx:v.)
2531 3024 2660 3078 Pot
2691 3026 2830 3081 hanc
2863 3027 3369 3097 interrogationem,
3410 3030 3625 3098 ἷτςιιιηῖε,
3650 3036 3934 3092 audiamus

2328 3124 2517 3170 contra
2541 3133 2640 3170 nos
2662 3116 2948 3172 Dominum
2982 3121 3174 3175 iterum
3204 3123 3623 3191 respomlcatcm
3660 3136 3712 3179 ct
3744 3136 3930 3182 osten—

2329 3208 2545 3262 dentem
2584 3209 2736 3264 uob's
2767 3211 2908 3265 viam
2941 3212 3110 3280 ipsius
3145 3214 3497 3279 tabernaculi,
3533 3218 3764 3272 dicendo
3792 3237 3801 3271 :
3831 3217 3933 3285 Qui

2328 3301 2620 3372 ingreditur
2650 3303 2759 3356 sine
2790 3305 3014 3368 macula,
3049 3307 3134 3376 qui
3168 3308 3392 3378 lcqnitur
3415 3312 3679 3365 veritatem
3706 3315 3757 3366 in
3781 3315 3936 3369 (οι-εἶα

2327 3412 2460 3462 suo;
2492 3398 2577 3468 qui
2614 3414 2714 3450 non
2749 3399 2854 3469 egit
2876 3400 3056 3454 dolum
3088 3402 3144 3455 in
3177 3402 3355 3474 lingua
3387 3422 3521 3470 sua;
3561 3408 3646 3477 qui
3677 3426 3780 3463 non
3813 3412 3933 3479 fecit

2328 3489 2564 3559 proximo
2609 3507 2702 3544 suo
2732 3493 2948 3553 "ML-nt;
2989 3494 3078 3562 qui
3119 3512 3165 3559 ος
3185 3494 3448 3563 ριύὸιὶιιηι
3477 3514 3579 3550 ηοιι
3612 3500 3807 3568 accepit
3836 3501 3934 3552 ad-

2327 3600 2502 3638 versus
2529 3587 2829 3653 proximum
2856 3605 3003 3641 suum
3030 3588 3221 3657 (Ibid.)
3254 3609 3264 3644 :
3299 3591 3390 3660 qui
3421 3593 3715 3662 malignum
3747 3595 3934 3652 diabo-

2328 3672 2436 3727 lum
2465 3675 2646 3744 aliqua
2667 3677 2986 3732 suadentem
3015 3679 3116 3733 sibi
3144 3697 3266 3735 cum
3298 3683 3412 3752 ipsa
3451 3685 3704 3740 suasione
3738 3701 3768 3740 a
3799 3703 3933 3743 con-

2327 3767 2606 3835 spectibus
2648 3770 2829 3824 cordis
2877 3769 2958 3826 sui
3000 3787 3290 3843 I‘CspllClIS,
3321 3775 3545 3833 deduxit
3585 3778 3654 3834 ad
3689 3780 3932 3847 nihilum,

2329 3870 2386 3914 et
2424 3863 2683 3932 parvulos
2707 3864 2978 3934 cogitatus
3008 3867 3131 3936 ejus
3175 3869 3363 3935 lenuit,
3389 3879 3447 3924 et
3474 3870 3638 3926 allisit
3663 3874 3729 3927 ad
3775 3872 3934 3929 Chri-

2329 3963 2472 4012 stum
2506 3966 2738 4026 petram.
2763 3958 2866 4026 Qui
2913 3961 3164 4017 timentes
3209 3963 3518 4029 Dominum,
3563 3964 3633 4020 de
3674 3965 3812 4020 bona
3843 3968 3934 4022 ob-

2329 4050 2604 4105 servantia
2631 4066 2729 4106 sua
2758 4067 2868 4108 non
2895 4069 2955 4110 se
2982 4053 3214 4110 reddunt
3243 4056 3448 4122 elatos;
3489 4056 3582 4111 sed
3623 4057 3739 4128 ipsa
3782 4057 3835 4113 in
3877 4073 3937 4114 se

2330 4139 2472 4195 bona
2503 4156 2610 4197 non
2641 4157 2669 4196 a
2693 4157 2754 4199 se
2782 4159 2964 4214 posse,
2990 4144 3085 4200 sed
3116 4159 3148 4200 a
3177 4145 3407 4201 Domino
3431 4145 3545 4201 ﬁeri
3573 4147 3931 4216 mstimantes,

2330 4242 2649 4302 operantem
2693 4236 2746 4290 in
2790 4251 2850 4292 se
2893 4236 3180 4292 Dominum
3225 4239 3592 4308 magniﬁcam,
3655 4241 3784 4296 illud
3813 4256 3935 4298 cum

2330 4321 2601 4393 Propheta
2627 4325 2868 4382 dicentes
2912 4345 2924 4382 τ
2981 4327 3104 4382 Non
3135 4328 3308 4398 nobis,
3330 4328 3576 4396 Domine,
3618 4348 3720 4386 non
3753 4332 3935 4399 nobis;

2327 4417 2420 4472 sed
2465 4419 2663 4473 nomini
2709 4429 2796 4475 tuo
2831 4421 2900 4474 da
2945 4423 3167 4493 gloriam
3193 4421 3366 4494 (Psal.
3399 4425 3574 4493 exui).
3604 4422 3712 4480 Neo
3737 4421 3936 4480 Paulus

2331 4512 2614 4581 apostolus
2668 4512 2735 4567 de
2787 4513 3170 4583 praedicatione
3233 4516 3335 4570 sibi
3393 4515 3572 4584 aliqua
3623 4517 3932 4587 imputavit,

2331 4603 2516 4660 dicens
2545 4623 2557 4659 :
2597 4604 2782 4660 Gratia
2813 4607 2907 4661 Dei
2946 4625 3057 4662 sum
3088 4610 3144 4662 id
3172 4609 3309 4680 quod
3329 4627 3443 4664 sum
3468 4610 3519 4681 (l
3554 4608 3676 4667 Cor.
3727 4613 3842 4681 xv).
3871 4612 3938 4668 Et

2333 4697 2527 4752 iterum
2572 4698 2703 4752 dicit
2747 4699 2862 4770 ipse
2905 4720 2917 4755 :
2956 4701 3017 4756 Si
3064 4703 3280 4774 gloriari
3325 4714 3546 4770 oportet,
3592 4721 3696 4760 non
3725 4707 3936 4775 expedit

2333 4789 2459 4843 mihi
2491 4787 2543 4860 (1
2553 4788 2575 4840 l
2609 4789 2730 4845 Cor.
2765 4791 2881 4862 xu).
2934 4791 3073 4863 Ergo
3119 4795 3465 4865 subsequitur
3504 4796 3764 4853 Dominus
3793 4797 3938 4854 viain

2335 4882 2459 4936 vitae
2499 4882 2672 4938 beata:
2699 4900 2797 4954 per
2826 4887 3029 4940 monita
3061 4902 3158 4942 sua
3191 4888 3376 4944 dicens
3408 4909 3420 4944 :
3456 4887 3558 4954 Qui
3574 4893 3726 4962 jurat
3747 4894 3938 4963 proxi-

2337 4991 2419 5030 mo
2442 4992 2558 5041 suo,
2589 4985 2637 5030 et
2669 4993 2770 5032 non
2803 4979 2990 5047 decipit
3029 4997 3144 5034 eum
3171 4998 3189 5046 ;
3230 4983 3316 5052 qui
3345 4983 3616 5050 pecuniam
3652 4999 3802 5040 suam
3829 5001 3938 5042 non

2341 5065 2480 5120 dedit
2524 5066 2592 5120 ad
2639 5083 2872 5134 usuram,
2921 5071 3004 5135 qui
3054 5087 3268 5126 munera
3297 5089 3450 5141 super
3497 5075 3797 5130 innocentes
3831 5093 3940 5134 non

2339 5161 2536 5225 (iecerit
2569 5159 2738 5229 (Psal.
2775 5160 2909 5228 xw).
2943 5159 3009 5216 Et
3037 5165 3383 5230 subsequitur
3408 5166 3565 5222 nobis
3597 5167 3855 5226 Dominus
3881 5169 3939 5227 in

2341 5249 2632 5320 Evangelio
2673 5253 2858 5310 dicens
2887 5271 2899 5307 :
2938 5253 3040 5318 Qui
3069 5257 3212 5311 audit
3241 5258 3350 5313 litae
3378 5261 3532 5314 verba
3560 5278 3696 5332 nua,
3729 5273 3781 5318 et
3809 5266 3939 5336 facit

2340 5362 2422 5411 ea,
2455 5362 2555 5400 non
2580 5345 2864 5401 movebitur
2885 5348 2940 5402 in
2963 5356 3212 5403 (sternam
3235 5348 3451 5420 (Matth.
3483 5355 3601 5421 vu).
3629 5353 3698 5409 Et
3726 5373 3824 5411 nos
3852 5356 3938 5412 in-

2342 5448 2678 5508 terrogemus
2709 5456 2856 5508 eum,
2884 5441 3127 5497 dicentes
3156 5460 3169 5497 :
3198 5443 3506 5512 Quomodo,
3531 5446 3777 5515 Domine,
3825 5465 3937 5507 non

2344 5534 2646 5589 movebitur
2673 5533 2728 5588 in
2757 5537 3058 5590 aeternum?
3089 5535 3390 5607 Respondit
3409 5540 3566 5596 nobis
3598 5543 3790 5596 iterum
3825 5544 3936 5598 Do-

2341 5624 2518 5680 minus
2553 5643 2566 5680 :
2598 5625 2924 5694 Quomodo?
2952 5630 3078 5700 quia
3111 5633 3349 5690 similabo
3386 5651 3504 5690 eum
3544 5637 3650 5690 viro
3690 5638 3935 5706 sapienti,

2341 5721 2427 5790 qui
2459 5720 2736 5792 a’diﬁcatit
2777 5722 2985 5779 domum
3031 5742 3180 5782 suam
3221 5744 3379 5797 supra
3405 5738 3622 5800 petram.
3677 5727 3938 5785 Venerunt

2346 5816 2584 5884 ﬁumina,
2607 5819 2862 5886 ﬂeverunt
2880 5823 3016 5877 venti
3043 5829 3095 5877 et
3114 5824 3436 5896 impegerunt
3457 5825 3513 5878 in
3534 5824 3742 5879 domum
3767 5825 3934 5893 illam,

2343 5916 2394 5966 et
2419 5925 2525 5970 non
2554 5911 2760 5985 cecidit;
2782 5913 3002 5986 fundata
3022 5915 3160 5974 enim
3181 5925 3292 5974 erat
3316 5932 3468 5990 super
3493 5935 3689 5990 penam
3717 5915 3937 5990 (Ibim).
