5174 6530
1223 412 1322 467 951

2549 404 2888 464 AUCTORIS
2929 403 3204 463 INCERTI

4383 402 4494 456 951

1222 521 1350 581 Haec
1378 525 1655 597 complens
1683 523 1940 581 Dominus
1969 531 2129 587 tacet,
2180 529 2432 594 spectans
2475 537 2574 578 nos
2622 525 2800 595 quoti-
2829 532 2878 591 Α
2907 520 3083 585 sibile,
3111 532 3364 588 rogemus
3389 515 3698 585 Dominum,
3727 526 3788 574 ut
3812 517 4000 589 gratia
4027 530 4141 574 sua
4170 516 4363 589 juheat
4388 531 4493 570 no-

1221 617 1394 674 diauis
1424 617 1628 673 sanctis
1656 619 1768 673 suis
1798 617 2019 673 monitis
2049 615 2203 670 factis
2227 629 2328 670 nos
2353 615 2684 685 respondere
2709 617 2805 672 de-

1220 713 1371 780 bere,
1429 712 1551 769 ideo
1601 712 1840 784 quotidie
1886 713 2040 768 nobis
2089 719 2314 781 propter
2367 711 2800 766 emendationem

1218 806 1490 862 malorum
1536 805 1695 874 hujus
1743 807 1868 861 vita:
1913 807 2028 860 dies
2074 803 2141 859 ad
2185 803 2424 860 inducias
2465 805 2796 873 relaxantur,

1221 896 1434 951 dicente
1477 897 1740 967 Apostolo
1771 918 1781 950 ;
1814 897 1894 950 An
1925 897 2130 951 nescitis
2161 897 2282 967 quia
2311 897 2563 967 patientia
2596 895 2694 950 Dei
2730 895 2801 950 ad

1219 987 1570 1057 paenitentiam
1595 1003 1689 1042 nos
1717 987 1964 1041 adducit?
1996 985 2171 1055 (Rom.
2200 987 2281 1054 ιι.)
2304 985 2438 1040 Nam
2473 986 2591 1056 pius
2616 985 2800 1040 Domi-

1220 1092 1320 1132 nus
1345 1075 1511 1132 dicit:
1547 1075 1686 1132 Noto
1715 1085 1931 1130 mortem
1958 1077 2259 1144 peccatoris,
2287 1077 2379 1132 sed
2405 1084 2460 1131 ut
2481 1087 2804 1132 convertatur

1218 1179 1269 1224 et
1293 1171 1426 1224 vivat
1455 1167 1668 1241 (Each.
1712 1170 1926 1238 χχχιιι).
1972 1169 2105 1224 Cum
2151 1183 2281 1239 ergo
2322 1169 2804 1238 interrogassemus

1219 1260 1526 1324 Dominum,
1563 1260 1774 1325 fratres,
1825 1259 1894 1315 de
1942 1259 2248 1316 habitatore
2292 1259 2622 1315 tabernaculi
2663 1261 2798 1330 ejus,

1219 1355 1525 1412 audivimus
1543 1355 1821 1412 habitandi
1846 1366 2206 1426 praceptum;
2238 1354 2331 1410 sed
2357 1356 2403 1411 si
2433 1355 2803 1425 compleamus

1222 1445 1546 1504 habitatoris
1599 1448 1854 1504 oﬂicium.
1888 1446 2032 1516 Ergo
2079 1446 2426 1516 prceparanda
2476 1456 2602 1502 sunt
2638 1445 2802 1501 corda

1223 1545 1407 1592 nostra
1451 1549 1509 1595 et
1550 1553 1784 1610 corpora
1821 1547 2020 1595 sancta:
2055 1546 2444 1608 praeceptorum
2485 1537 2806 1592 obedientia:

1222 1629 1503 1688 militanda
1534 1651 1546 1687 :
1578 1640 1634 1689 et
1660 1633 1807 1704 quod
1853 1631 2031 1688 minus
2059 1631 2222 1688 habet
2249 1632 2303 1687 in
2332 1648 2432 1688 nos
2456 1641 2646 1686 natura
2678 1645 2806 1700 pos-

2907 614 2990 670 his
3021 611 3344 682 adjutorium
3387 611 3713 667 ministrare.
3744 608 3814 667 Et
3849 611 3892 668 si
3938 611 4204 682 fugientes
4229 610 4496 680 gehenna
4532 617 4540 623 ‘

2910 721 3122 776 poenam
3177 705 3243 760 ad
3301 705 3466 760 vitam
3518 706 3766 762 volumus
3813 713 4132 778 perpetuam
4181 703 4494 776 pervenire,

2909 799 3036 854 dum
3064 798 3240 853 adhuc
3267 804 3443 863 vacat,
3472 806 3529 853 et
3558 797 3611 853 in
3640 812 3870 870 corpore
3907 813 4112 865 sumus,
4143 807 4198 853 et
4226 796 4344 852 haec
4372 810 4496 852 om-

2913 891 3001 946 nia
3032 905 3129 962 per
3156 893 3295 947 hanc
3323 890 3456 946 lucis
3480 891 3642 945 vitam
3681 900 3838 947 vacat
3873 890 4121 962 implere,
4166 891 4495 946 currendum

2913 993 2968 1039 et
2995 983 3260 1054 agendum
3285 995 3369 1039 est
3394 984 3580 1051 modo,
3601 985 3747 1055 quod
3776 985 3829 1041 in
3851 993 4117 1056 perpetuo
4142 983 4299 1039 nobis
4329 996 4495 1053 expe-

2913 1077 3043 1132 diat.
3081 1076 3466 1133 Conslituenda
3497 1087 3584 1134 est
3606 1091 3736 1147 ergo
3767 1093 3797 1132 a
3827 1077 3982 1133 nobis
4015 1075 4276 1132 Dominici
4303 1073 4495 1130 schola

2911 1169 3138 1235 servitii,
3184 1177 3244 1223 ut
3272 1169 3339 1224 ab
3367 1169 3536 1238 ipsius
3565 1183 3840 1239 nunquam
3863 1167 4176 1239 magisterio
4204 1163 4497 1222 disceden-

2916 1272 3018 1327 tes,
3047 1273 3101 1317 et
3127 1263 3176 1316 in
3209 1261 3368 1331 hujus
3394 1261 3638 1317 doctrina
3667 1277 3839 1332 usque
3867 1261 3933 1316 ad
3961 1270 4192 1317 mortem
4224 1263 4274 1314 in
4301 1271 4498 1314 mona-

2914 1354 3082 1409 sterio
3109 1362 3536 1423 perseverantes,
3567 1355 3906 1425 passionibus
3931 1352 4130 1409 Christi
4159 1367 4256 1423 per
4285 1351 4500 1422 patieno

2912 1447 3042 1500 tiam
3101 1461 3406 1502 mereamur
3454 1461 3572 1502 esse
3626 1446 3942 1516 participes,
3982 1454 4042 1501 ut
4087 1452 4142 1500 et
4191 1442 4346 1513 regni
4381 1439 4500 1510 ejus

2911 1535 3169 1592 Dominus
3199 1551 3299 1592 nos
3328 1537 3488 1591 faciat
3515 1536 3846 1592 colueredes.

1229 1770 4490 1800 ————.——-——————-—————————————————————————

2229 1887 2629 1966 INCIPIT
2685 1887 2819 1964 DE
2874 1887 3484 1982 GENERIBUS,

1607 2045 1766 2108 VEL
1810 2044 2093 2108 POTIUS
2136 2044 2241 2106 DE
2287 2043 2495 2108 ACTU
2539 2045 2641 2106 ET
2688 2044 2884 2106 VITA
2927 2045 3500 2110 MONACHORUM
3542 2047 3625 2111 IN
3667 2049 4103 2113 COENOBIIS.

1744 2271 1972 2328 CAPUT
2013 2270 2296 2326 PRIMUM.

1506 2363 1583 2420 De
1611 2375 1829 2434 quatuor
1860 2365 2127 2436 generibus
2157 2366 2543 2421 monachorum.

1298 2459 1686 2516 Monachorum
1713 2468 1944 2530 quatuor
1965 2474 2082 2516 esse
2101 2472 2297 2529 genera
2322 2460 2660 2518 manifestum
2691 2469 2771 2518 est
2794 2481 2809 2519 :

1228 2553 1464 2608 Primum
1499 2553 1908 2618 canobitarum,
1940 2552 2046 2609 hoc
2075 2563 2159 2608 est
2180 2593 2195 2618 ,
2239 2555 2637 2619 monasteriale,
2670 2555 2812 2610 mili-

1231 2655 1353 2702 tans
1381 2647 1480 2701 sub
1505 2646 1686 2715 regula
1715 2647 1799 2702 vel
1829 2647 2040 2702 abbate.
2094 2647 2294 2704 Deinde
2321 2648 2614 2703 secundum
2645 2662 2814 2717 genus

1229 2749 1314 2797 est
1341 2740 1811 2805 anachoretarum,
1843 2739 1895 2794 id
1931 2748 2031 2806 est,
2065 2740 2444 2802 eremitarum;
2485 2740 2677 2795 horum
2723 2741 2816 2810 qui

1228 2846 1339 2887 non
1389 2831 1756 2886 conversionis
1803 2830 2015 2886 fervore
2063 2831 2306 2893 novitio,
2362 2832 2454 2886 sed
2505 2832 2816 2886 monasterii

1228 2923 1546 2994 probatione
1565 2923 1732 2977 diutuv
1747 2937 1836 2990 na,
1851 2921 2154 2978 didicerunt
2173 2932 2361 2979 contra
2387 2922 2658 2979 diabolum
2682 2923 2817 2977 mul-

1229 3025 1406 3071 torum
1435 3016 1629 3072 solatio
1654 3017 1762 3084 jam
1787 3015 1930 3070 docti
1961 3029 2199 3086 pugnare
2221 3055 2236 3081 ,
2294 3024 2350 3072 et
2389 3017 2524 3072 bene
2569 3016 2817 3071 instructi

1227 3111 1466 3166 fraterna
1490 3125 1557 3166 ex
1583 3110 1698 3165 acie
1725 3109 1793 3163 ad
1821 3109 2143 3177 singularem
2173 3124 2408 3180 pugnam
2429 3111 2616 3177 eremi,
2646 3109 2814 3165 secuti

1222 3203 1334 3271 jam
1365 3203 1482 3258 sine
1513 3201 1885 3258 consolatione
1912 3201 2152 3266 alterius,
2185 3203 2300 3259 sola
2325 3217 2523 3268 manu,
2577 3203 2664 3258 vel
2691 3205 2817 3259 bra-

1229 3293 1353 3349 chio
1375 3301 1563 3349 contra
1590 3293 1719 3347 vitia
1751 3295 1928 3348 carnis
1955 3294 2038 3349 vel
2071 3295 2458 3365 cogitationum
2479 3313 2600 3353 cum
2629 3297 2740 3352 Deo
2763 3306 2818 3352 et

1233 3383 1428 3454 spiritu
1478 3397 1779 3454 repugnare
1832 3384 2120 3441 sufﬁciunt.
2167 3385 2404 3442 Tertium
2448 3402 2578 3441 vero
2627 3402 2816 3442 mona-

1227 3481 1456 3536 chorum
1486 3479 1832 3536 deterrimum
1880 3495 2050 3550 genus
2097 3491 2183 3539 est
2229 3483 2640 3544 sarabaitarum.
2671 3483 2814 3552 quod

1227 3575 1421 3631 melius
1447 3575 1624 3630 adhuc
1652 3575 1847 3630 laicum
1872 3575 2159 3643 dixissem;
2186 3578 2229 3632 si
2255 3591 2341 3632 me
2358 3576 2619 3647 propositi
2643 3577 2815 3632 sancti

2837 2287 2886 2350 Β
2912 2279 3180 2343 credunt,
3223 2279 3606 2336 commutando
3647 2280 3886 2350 quotidie
3931 2281 4213 2353 hospites,
4259 2295 4360 2355 pro
4408 2281 4504 2340 ad-

2916 2382 3078 2428 ventu
3135 2373 3388 2430 novitatis
3439 2373 3537 2429 sub
3587 2374 3893 2444 importuna
3945 2375 4206 2432 charitate
4257 2376 4504 2432 diversos

2916 2472 3113 2530 cogant
3141 2464 3240 2518 sibi
3272 2479 3576 2534 praeparare
3625 2465 3858 2535 diversa,
3883 2474 3936 2522 et
3973 2466 4121 2522 velut
4165 2467 4233 2522 ab
4260 2467 4429 2522 invito
4468 2481 4504 2522 a

2918 2553 3143 2609 diversis
3171 2555 3470 2624 hospitibus
3522 2557 3801 2626 exigentes
3843 2567 4169 2630 praeceptum
4219 2559 4502 2628 Apostoli,

2917 2643 2970 2699 in
3022 2661 3131 2716 quo
3184 2646 3348 2702 dicit:
3385 2646 3804 2718 Hospitalitatem
3845 2659 4096 2705 sectantes
4135 2649 4312 2722 (Rom.
4358 2664 4501 2716 xu):

2919 2754 3018 2808 per
3050 2741 3388 2796 occasionem
3434 2744 3689 2814 praecepti
3719 2757 3842 2798 cum
3890 2743 4159 2813 inquietos
4196 2742 4298 2797 sibi
4335 2741 4506 2812 pedes

2921 2838 3042 2899 post
3067 2831 3207 2885 viam
3259 2831 3545 2889 fomentari
3588 2835 3957 2904 expostulant,
4008 2851 4105 2906 per
4158 2833 4503 2890 occasionem

2921 2919 3126 2976 itineris
3155 2922 3437 2979 intestinas
3478 2939 3602 2978 suas
3635 2923 3815 2980 latiori
3851 2939 4005 2981 coma
4032 2924 4117 2980 vel
4165 2923 4392 2994 prandio
4420 2923 4505 2976 in-

2920 3012 3195 3081 quinatas,
3228 3013 3447 3071 infinitis
3474 3014 3681 3085 poculis
3731 3016 3900 3084 magis
3943 3029 4104 3086 quam
4151 3012 4313 3085 pedes
4357 3012 4504 3067 desi-

2920 3107 3126 3163 derent.
3184 3107 3252 3163 Et
3308 3117 3432 3179 post
3491 3109 3818 3164 exinanitum
3889 3125 3922 3164 a
3995 3108 4244 3164 famelico
4295 3105 4511 3176 hospite

2921 3213 3186 3266 mensam,
3210 3209 3262 3255 et
3295 3201 3520 3256 miculas
3547 3201 3689 3270 ipsas
3717 3200 3872 3271 panis
3900 3209 4026 3270 post
4055 3199 4197 3254 viam
4216 3197 4461 3253 detersas
4493 3239 4509 3260 ,

2921 3291 3062 3347 sitim
3105 3306 3256 3346 suam
3287 3292 3404 3347 sine
3453 3291 3775 3347 verecundia
3828 3289 4027 3360 hospiti
4067 3291 4410 3358 ingerentes,
4456 3286 4500 3341 si

2921 3383 3056 3439 calix
3082 3384 3185 3438 hoc
3215 3398 3343 3439 casu
3372 3381 3625 3451 defuerit,
3653 3390 3875 3452 rogatur
3907 3382 4106 3451 hospes
4146 3381 4200 3436 in
4246 3380 4360 3451 ipsa
4409 3393 4507 3449 pa-

2922 3474 3047 3528 tella
3097 3481 3155 3527 ut
3199 3473 3444 3528 misceat.
3503 3471 3571 3527 Et
3619 3481 3903 3542 postquam
3953 3487 4021 3527 ex
4077 3479 4304 3540 utraque
4360 3476 4512 3539 parte

2922 3566 3203 3622 nimietate
3231 3567 3334 3622 cibi
3364 3575 3418 3622 et
3438 3573 3598 3636 potus
3629 3565 3916 3636 percalcati
3957 3579 4128 3634 usque
4155 3563 4224 3618 ad
4249 3562 4509 3616 vomitum

1229 3680 1340 3723 non
1369 3665 1652 3737 impediret
1677 3675 1897 3723 tonsura
1929 3686 1941 3720 :
1973 3668 2064 3738 qui
2097 3668 2240 3724 nulla
2286 3669 2470 3737 regula
2499 3669 2812 3739 approbati,
2841 3667 2888 3728 C
2921 3663 3139 3728 fuerim.
3177 3673 3348 3720 lotum
3377 3663 3662 3719 laboriosa:
3691 3663 3813 3718 Vita!
3841 3662 4109 3733 ἰτηριιιειηι
4130 3701 4147 3728 .
4200 3657 4348 3728 quod
4386 3656 4508 3726 80h

1229 3767 1289 3816 et
1307 3760 1639 3830 experientia
1670 3762 1922 3830 magistra
1949 3804 1964 3829 ,
2015 3762 2155 3818 sicut
2176 3777 2365 3816 aurum
2420 3763 2687 3830 fornacis;
2725 3764 2819 3820 sed

1232 3851 1288 3907 in
1311 3849 1511 3923 plumbi
1531 3859 1720 3906 natura
1747 3853 1956 3918 molliti,
1986 3853 2159 3908 adhuc
2176 3854 2614 3910 factisservantes
2627 3855 2822 3912 saeculo

1231 3943 1414 4010 ﬁdem,
1444 3947 1658 4001 mentiri
1683 3947 1792 4002 Deo
1815 3961 1913 4017 per
1937 3958 2214 4002 tonsuram
2245 3957 2556 4004 noscuntur.
2579 3949 2678 4015 Qui
2710 3949 2822 4006 bini

1231 4051 1324 4098 aut
1341 4045 1604 4110 terni,aut
1619 4054 1764 4098 certe
1777 4043 1992 4113 singuli,
2015 4045 2131 4099 sine
2152 4052 2370 4114 pastore
2389 4060 2493 4100 non
2510 4043 2820 4113 Dominicis,

1229 4131 1327 4189 sed
1353 4133 1465 4189 suis
1488 4133 1676 4188 inetusi
1701 4133 1950 4200 ovilibus,
1966 4150 2062 4204 pro
2093 4135 2210 4203 lege
2230 4135 2308 4192 eis
2331 4145 2413 4191 est
2433 4135 2823 4193 desideriorum

1230 4223 1506 4295 voluptas:
1536 4239 1659 4279 cum
1689 4224 1944 4294 quidquid
1965 4227 2288 4296 putaverint,
2309 4229 2395 4283 vel
2420 4227 2699 4300 elegerint,
2717 4231 2826 4288 hoc

1231 4317 1418 4374 dicunt
1453 4327 1734 4386 sanctum;
1765 4328 1820 4374 et
1848 4319 1990 4388 quod
2037 4320 2328 4386 noluerint,
2363 4323 2467 4379 hoc
2497 4333 2689 4394 putant
2716 4341 2825 4383 non

1231 4410 1399 4466 licere
1429 4430 1442 4464 :
1482 4419 1538 4466 et
1564 4411 1689 4466 dum
1721 4414 1774 4466 iu
1805 4412 2024 4482 proprio
2064 4415 2286 4469 arbitrio
2333 4424 2579 4485 quaerunt
2623 4418 2826 4474 habere

1232 4506 1415 4573 cellas,
1445 4507 1670 4563 arcellas
1705 4515 1762 4563 et
1798 4507 2022 4562 recellas
2052 4549 2068 4575 ,
2119 4507 2367 4576 ignorant
2419 4509 2543 4578 quia
2593 4510 2827 4580 perdunt

1231 4615 1360 4658 suas
1374 4600 1672 4656 animellas.
1692 4599 1863 4656 Simul
1887 4608 1941 4656 et
1962 4600 2125 4671 ii,qui
2155 4616 2326 4669 nuper
2352 4602 2596 4658 conversi
2629 4603 2823 4658 immo-

1231 4693 1422 4750 derato
1464 4691 1676 4750 fervore
1703 4708 1942 4749 eremum
1966 4703 2155 4765 putant
2181 4709 2300 4751 esse
2325 4695 2562 4766 quietem
2583 4740 2597 4763 ,
2631 4705 2687 4751 et
2715 4711 2824 4752 non

1233 4793 1487 4858 putantes
1514 4785 1754 4841 insidiari
1781 4794 1837 4841 et
1877 4801 2077 4842 nocere
2124 4787 2395 4843 diabolum
2422 4826 2440 4852 ,
2497 4789 2824 4858 singularem

1233 4894 1356 4934 cum
1385 4893 1454 4934 eo
1495 4893 1730 4950 pugnam
1776 4879 1978 4934 indocti
2027 4887 2084 4935 et
2129 4881 2302 4936 securi
2354 4881 2651 4947 invadunt,
2707 4882 2825 4938 sine

1233 4971 1399 5028 dubio
1424 4971 1625 5028 inducti
1647 4972 1754 5042 lupi
1785 4970 2025 5028 faucibus
2068 4973 2364 5028 occursuri.
2398 4972 2658 5037 Quartum
2690 4988 2820 5028 vero

2925 3755 3157 3811 lucravit
3185 3771 3199 3808 :
3231 3763 3584 3824 etantequam
3611 3769 3781 3809 novus
3812 3755 3982 3808 lectus
3996 3751 4252 3808 lassatum
4279 3749 4452 3819 magis
4477 3761 4508 3802 a

2926 3855 3260 3928 potionibus,
3283 3855 3370 3910 vel
3399 3855 3467 3910 ab
3490 3855 3628 3910 escis
3653 3869 3814 3924 quam
3844 3869 3875 3908 a
3908 3853 4014 3918 via,
4045 3851 4314 3921 hospitem
4341 3847 4512 3905 susci-

2925 3951 3062 4018 piat,
3093 3947 3334 4004 lahorem
3375 3963 3484 4002 suae
3514 3948 3635 4002 vitae
3683 3962 3780 4018 pro
3831 3958 4026 4014 magno
4064 3942 4305 4013 hospites
4349 3955 4512 3996 enar-

2927 4051 3114 4098 rantes
3139 4081 3155 4108 ,
3206 4039 3334 4095 dum
3390 4038 3696 4093 mercedem
3750 4034 4144 4108 repausationis
4190 4032 4514 4100 largioribus

2928 4133 3317 4207 pulmentariis,
3343 4141 3398 4188 et
3417 4132 3636 4188 infinitis
3657 4131 3866 4202 poculis
3891 4128 4159 4200 hospitem
4187 4127 4290 4183 sibi
4313 4135 4513 4196 cogunt

2929 4221 3146 4288 largire,
3172 4220 3437 4276 rationem
3462 4219 3661 4275 erroris
3692 4218 3776 4272 sui
3801 4232 3897 4286 per
3923 4214 4434 4287 peregrinationem,
4461 4221 4516 4268 et

2930 4311 3298 4382 captivitatem
3327 4310 3552 4367 celando
3591 4317 3892 4376 excusant,
3943 4315 4000 4365 et
4048 4323 4173 4364 mox
4224 4306 4292 4363 de
4322 4306 4514 4362 vicinis

2929 4407 3213 4462 monachis
3240 4415 3334 4460 aut
3357 4404 3670 4460 monasterii
3718 4404 3988 4473 positione
4014 4401 4380 4468 interrogant;
4427 4400 4517 4454 ubi

2931 4516 3056 4556 cum
3087 4499 3210 4555 inde
3235 4499 3552 4566 levaverint,
3570 4497 3880 4569 ponantvel
3909 4494 4180 4566 applicent
4202 4493 4348 4549 velut
4366 4492 4515 4548 lassi.

2930 4589 3002 4646 Et
3022 4591 3176 4662 quasi
3196 4591 3517 4660 quibusdam
3547 4590 3828 4646 universus
3855 4588 4065 4644 clausus
4087 4588 4157 4643 sit
4177 4586 4434 4652 mundus,
4463 4593 4518 4641 et

2931 4699 3000 4740 ex
3025 4693 3141 4738 toto
3165 4700 3260 4740 eos
3274 4700 3372 4739 nec
3397 4685 3538 4751 loca,
3565 4698 3664 4740 nec
3678 4684 3846 4750 silvae,
3867 4697 3966 4738 nec
3992 4682 4132 4738 latus
4159 4681 4276 4753 ipse
4296 4679 4519 4754 Egypti

2931 4793 3145 4834 eremus
3167 4779 3364 4849 capiat,
3384 4793 3484 4834 nec
3511 4777 3758 4833 universa
3779 4775 4108 4832 monasteria
4129 4773 4197 4829 ad
4235 4775 4519 4831 servitium

2931 4870 3028 4925 Dei
3057 4887 3152 4927 eos
3175 4871 3507 4941 suscipiant;
3549 4877 3604 4925 et
3629 4883 3746 4936 eos,
3771 4875 3832 4924 ut
3878 4867 4143 4932 diximus,
4185 4874 4336 4922 totus
4358 4881 4520 4920 mun-

2931 4963 3034 5018 dus
3062 4978 3168 5018 non
3201 4963 3416 5033 capiat:
3448 4961 3572 5016 inde
3598 4975 3658 5016 se
3701 4961 3884 5015 dicunt
3906 4959 4051 5029 justo
4091 4972 4274 5013 errare
4300 5001 4316 5024 ,
4371 4966 4429 5011 et
4454 4972 4519 5012 ex

1233 5077 1403 5133 genus
1460 5072 1544 5118 es;
1590 5063 1976 5120 monachorum
2030 5079 2128 5119 nec
2195 5065 2613 5126 nominandum;
2682 5067 2826 5136 quod
2856 5062 2910 5124 υ
2935 5061 3052 5109 ιοιο
3092 5054 3271 5110 locum
3314 5053 3807 5123 repausationis,et
3834 5048 4167 5118 refrigerium
4198 5049 4428 5115 anim-.r,
4468 5058 4520 5104 et

1235 5155 1428 5209 melius
1453 5163 1656 5220 tacere,
1682 5171 1840 5224 quam
1869 5156 1936 5210 de
1959 5156 2154 5211 talibus
2181 5156 2379 5228 aliquid
2421 5158 2602 5212 dicere
2622 5200 2637 5225 ,
2677 5159 2820 5226 quod

1235 5260 1406 5314 genus
1429 5247 1734 5302 nominatur
1765 5261 2090 5318 gyrovagum
2119 5267 2129 5301 :
2160 5249 2248 5318 qui
2275 5257 2441 5302 totam
2474 5249 2636 5303 vitam
2669 5266 2820 5304 suam

1237 5353 1335 5404 per
1363 5338 1601 5392 diversas
1653 5341 1954 5408 provincias
2004 5339 2167 5394 ternis
2195 5349 2287 5394 aut
2331 5343 2604 5409 quaternis
2636 5343 2823 5396 diebus

1235 5444 1334 5495 per
1375 5429 1704 5484 diversorum
1739 5429 1921 5485 cellas'
1952 5440 2013 5487 et
2073 5433 2393 5487 monasteria
2447 5438 2558 5499 nos;
2585 5435 2818 5497 itantes;

1237 5535 1357 5572 mm
1387 5536 1483 5587 pro
1510 5522 1780 5591 hospitum
1805 5524 2035 5577 adventu
2059 5541 2086 5578 a
2117 5525 2345 5579 diversis
2371 5524 2553 5578 volunt
2581 5526 2820 5593 quotidie

1240 5614 1446 5668 noviter
1475 5617 1705 5685 suscipi;
1738 5628 1789 5672 et
1836 5634 1934 5686 pro
1959 5617 2154 5685 gaudio
2182 5619 2674 5687 supervenientium
2725 5635 2821 5673 cx-

1231 5705 1428 5769 quisito
1457 5706 1557 5760 sibi
1590 5707 1940 5775 pulmentaria
1975 5710 2258 5778 apparari,
2286 5719 2339 5762 et
2385 5709 2674 5762 animantia
2709 5711 2824 5778 pni-

1238 5795 1408 5850 lorutn
1441 5801 1536 5852 sibi
1571 5810 1760 5854 curant
1790 5800 2036 5870 quotidie
2085 5815 2114 5854 a
2145 5801 2368 5854 diversis
2398 5800 2701 5867 IwSpitibus
2723 5817 2822 5870 pro

1235 5887 1466 5944 adventu
1496 5891 1712 5947 cu'tello
1754 5892 1946 5956 occidi,
1977 5904 2201 5962 gravare
2239 5909 2296 5946 se
2329 5892 2399 5946 ita
2429 5892 2670 5948 diversos
2718 5909 2827 5950 non

2934 5146 3197 5214 integram
3220 5161 3280 5200 se
3303 5146 3734 5200 observationem
3751 5142 4047 5213 disciplina
4071 5154 4338 5210 nusquam
4363 5154 4522 5209 posse

2933 5239 3198 5294 invenire.
3239 5237 3403 5304 Quasi
3435 5239 3615 5292 dicant
3641 5251 3700 5292 se
3743 5236 3816 5291 ita
3845 5234 4070 5289 multum
4099 5233 4372 5302 sapientes
4393 5273 4410 5296 ,
4466 5239 4522 5284 ut

2931 5341 3104 5387 totum
3130 5331 3254 5401 ipsis
3272 5329 3402 5386 solis
3421 5329 3719 5400 diSpliceat,
3739 5325 3996 5398 quidquid
4017 5325 4126 5382 Deo
4145 5323 4523 5381 ethominibus

2931 5424 3133 5492 placet.
3161 5421 3392 5491 Ideoque
3423 5423 3592 5491 magis
3633 5421 3834 5490 eligunt
3862 5421 4171 5486 ambulare,
4227 5427 4283 5474 et
4307 5419 4523 5473 noviter

2936 5531 3028 5584 per
3079 5517 3322 5570 diversos
3369 5515 3613 5586 quotidie
3673 5516 3912 5586 hospites
3959 5523 4194 5571 mutatas
4239 5522 4297 5568 et
4344 5512 4522 5569 varias

2931 5616 3276 5680 refectiones,
3303 5628 3358 5671 et
3403 5631 3501 5687 per
3528 5617 3868 5671 occasionem
3894 5617 4136 5671 sitientes
4171 5614 4270 5669 vite
4320 5629 4520 5685 repro-

2933 5712 3116 5780 pinata
3142 5710 3332 5779 pocula
3371 5717 3605 5764 sumunt.
3630 5708 3744 5765 Hoc
3782 5722 3912 5776 ergo
3939 5720 4124 5777 agunt,
4152 5715 4212 5762 ut
4233 5707 4369 5776 gulzc
4413 5724 4518 5761 Slm'

2933 5803 3103 5869 magis
3132 5801 3373 5870 quotidie
3417 5803 3745 5871 peregrinari
3793 5803 4073 5858 videantur
4112 5817 4273 5872 quam
4305 5801 4516 5856 animm.

2936 5890 2996 5945 Et
3022 5907 3142 5948 cum
3170 5893 3248 5949 eis
3269 5902 3389 5963 post
3410 5894 3627 5951 biduunn
3656 5895 3720 5952 ad
3748 5911 3908 5952 unum
3937 5895 4203 5966 hospitem
4228 5902 4512 5965 apparatus
