5174 6542
719 418 828 477 953

2232 415 2541 475 REGULA.

3908 437 4020 495 954

716 537 911 608 ipsein
939 535 1311 606 pnlmentariis
1356 536 1467 605 jam
1521 535 1815 592 minuendo
1860 533 2213 601 subducitur;
2266 533 2646 598 etAborioso
2694 532 2875 590 itineri
2918 534 3185 607 imputant
3223 536 3485 612 quidquid
3538 555 3909 615 prasumunt,
3960 556 4017 603 et

717 647 883 687 ntane
912 631 1012 685 alia
1037 630 1126 686 die
1157 630 1321 697 facto,
1345 646 1468 687 cum
1488 647 1594 687 non
1616 630 1682 686 ad
1700 629 2048 686 refectionem
2070 646 2315 702 coquen-

716 724 867 789 dam,
896 722 993 778 sed
1026 722 1091 777 ad
1125 723 1361 778 latiorem
1394 724 1601 779 cellu|.e
1646 741 1759 780 suae
1789 724 2019 779 viderint
2048 724 2318 796 hospitem

712 816 1008 886 occupari;
1048 832 1174 870 mox
1204 817 1370 886 quaeri
1422 817 1523 871 sibi
1580 817 1741 872 alium
1793 816 2061 888 hospitem
2114 818 2311 887 placet.

711 908 785 962 Et
812 910 993 964 adhuc
1012 924 1121 963 non
1142 910 1311 976 venit,
1334 918 1390 964 et
1407 909 1519 980 jam
1544 911 1707 966 vadit.
1730 909 1883 966 Tunc
1906 911 2027 966 vale
2056 911 2315 968 festinant

710 1015 880 1055 avaro
928 1000 1040 1068 jam
1070 1001 1271 1071 hospiti
1326 1002 1543 1058 dicere:
1581 1010 1637 1058 et
1684 1018 1806 1058 cum
1837 1004 2071 1073 migrare
2120 1004 2187 1059 de
2219 1004 2312 1059 tali

712 1091 969 1158 hosyitali
1007 1100 1276 1161 satagent,
1330 1109 1488 1149 orare
1530 1103 1654 1164 post
1697 1108 1972 1164 egressum
2011 1111 2169 1151 suum
2212 1096 2314 1151 ho-

707 1185 906 1255 spitem
934 1185 1233 1255 postulant.
1260 1186 1349 1243 Sic
1392 1186 1671 1256 festinant,
1714 1187 1868 1258 quasi
1899 1188 1968 1242 ab
1996 1188 2178 1257 aliquo
2206 1187 2309 1242 im-

707 1276 1036 1348 pellantur;
1107 1279 1259 1349 quasi
1327 1294 1423 1335 eos
1499 1281 1610 1348 jam
1677 1289 1999 1353 ex5pectent
2079 1280 2309 1337 aliorum

706 1372 982 1441 hospitum
1011 1374 1238 1443 prandia
1271 1384 1589 1446 praeparata.
1634 1376 1702 1431 Et
1746 1393 1855 1433 non
1898 1376 2057 1448 longe
2078 1376 2145 1432 ab
2194 1376 2311 1446 ipso

708 1466 1065 1531 monasterio,
1100 1466 1144 1521 si
1175 1467 1478 1523 invenerint
1508 1469 1759 1525 cellulam
1805 1471 2081 1533 monachi,
2116 1485 2311 1540 repau-

704 1566 891 1613 santes
921 1558 1109 1613 dicunt
1146 1574 1203 1614 se
1232 1575 1395 1630 porro
1422 1575 1451 1614 a
1483 1560 1675 1617 ﬁnibus
1719 1560 1973 1616 advenire
2017 1561 2183 1615 Italiae
2210 1579 2221 1613 :
2255 1568 2310 1616 et

703 1652 919 1708 noviter
949 1653 1150 1722 aliquid
1182 1652 1249 1708 de
1272 1655 1728 1723 peregrinatione,
1759 1664 1852 1709 aut
1880 1655 1946 1710 de
1969 1655 2306 1724 captivitate,

702 1756 762 1803 et
788 1748 891 1818 ipsi
916 1748 1118 1819 hospiti
1143 1749 1295 1818 quasi
1317 1749 1509 1804 humili
1537 1758 1593 1805 et
1634 1749 1892 1804 inclinato
1939 1750 2116 1818 capite
2154 1764 2303 1803 men.

699 1842 919 1902 tientes.
953 1857 1077 1897 cum
1132 1857 1233 1911 pro
1282 1840 1485 1912 pietate
1538 1842 1685 1911 longi
1739 1841 1948 1896 itineris
1970 1849 2172 1909 cogunt
2229 1841 2303 1911 pii

2422 625 2691 692 nesciunt,
2721 626 2848 697 quia
2871 635 2932 682 ut
2951 627 3031 685 eis
3072 643 3180 685 non
3210 630 3371 688 liceat
3418 634 3691 705 jejunare,
3722 646 3820 694 aut
3846 638 4016 696 absti-

2421 735 2577 786 nere,
2606 729 2701 776 aut
2730 721 2912 791 aliquo
2943 726 3188 780 nesciant
3218 725 3507 796 aliquando
3537 730 3661 788 loco
3687 740 3862 801 stare,
3906 750 4015 792 non

2418 827 2515 868 eos
2536 815 2715 884 aliqua
2743 816 3024 873 ambulare
3052 818 3335 888 compellit
3375 824 3701 891 necessitas,
3732 825 3829 882 sed
3877 827 4015 897 gula:

2417 908 2565 976 cogit
2597 908 2846 965 voluntas
2874 928 2884 962 :
2912 925 3035 965 cum
3076 913 3254 969 securi
3284 922 3340 970 et
3377 919 3822 987 supervenientes
3850 920 4014 977 alieni

2416 997 2618 1053 laboris
2675 1009 2920 1069 quaerant
2978 1018 3146 1073 panes
3186 1005 3507 1072 comedere,
3561 1017 3619 1065 et
3673 1009 4012 1069 diversorum

2414 1095 2569 1151 lectis
2622 1098 2920 1165 peregrinis
2975 1100 3326 1158 straminibus
3377 1102 3606 1160 sudores
3659 1119 3791 1162 suos
3829 1114 4016 1163 amant

2413 1186 2744 1256 abstergere.
2773 1187 2830 1244 In
2859 1190 3059 1260 quibus
3086 1193 3439 1250 straminibus
3478 1210 3599 1250 cum
3624 1195 3873 1267 indigesti
3904 1214 4014 1271 prae

2412 1280 2635 1351 crapula
2664 1280 2769 1336 cibi
2798 1290 2853 1337 et
2881 1292 3040 1353 potus
3078 1284 3306 1355 cupiunt
3332 1285 3644 1343 satisfacere
3668 1303 3895 1357 somno;
3926 1291 4014 1348 vel

2412 1386 2532 1425 cum
2565 1370 2783 1441 quidam
2812 1376 3171 1445 occupatione
3203 1376 3408 1447 gulosa:
3431 1379 3835 1449 ambulationis,
3869 1380 4014 1439 Psal-

2410 1478 2529 1518 mos
2558 1464 2851 1534 aliquando
2900 1468 3239 1537 neglexerint
3286 1470 3575 1539 meditari,
3636 1473 3875 1544 ipsorum
3915 1488 4013 1532 ore

2409 1553 2760 1623 respondent,
2788 1570 2847 1609 se
2876 1556 3029 1613 lassis
3056 1568 3181 1629 post
3200 1560 3343 1614 viam
3375 1561 3587 1617 ossibus
3610 1578 3717 1618 non
3746 1578 3909 1634 posse
3942 1564 4012 1621 de

2409 1642 2609 1701 lectulo
2636 1660 2858 1715 surgere
2880 1689 2895 1713 ,
2943 1665 3065 1705 cum
3104 1652 3203 1706 visi
3233 1653 3432 1708 fuerint
3470 1655 3587 1711 sani
3616 1655 3673 1710 in
3702 1671 3889 1713 mensa
3918 1671 4010 1713 se-

2408 1738 2593 1794 rotina
2617 1741 2963 1799 manducare.
3002 1743 3126 1799 Mox
3156 1747 3548 1804 matutinorum
3575 1748 3798 1821 expleto
3840 1764 4009 1822 opere

2411 1828 2504 1885 Dei
2534 1842 2765 1901 surgunt
2790 1835 2937 1890 velut
2966 1845 3246 1905 gementes
3270 1847 3326 1893 et
3355 1839 3504 1894 lassi.
3527 1840 3615 1896 Sic
3641 1842 3818 1911 primo
3847 1856 4008 1898 mane

697 1935 935 2005 hospitis
976 1943 1143 1990 totam
1174 1942 1551 2006 paupertatem
1596 1934 1649 1990 in
1684 1934 1899 1990 cacabis
1929 1944 1984 1989 et
2016 1935 2067 1989 in
2116 1949 2302 1990 mensa
2336 1913 2381 1975 Β
2409 1920 2655 1978 Callifae“
2685 1940 2736 1979 η]

1965 1944 1984 1988 ι
2016 1935 2067 1989 in
2116 1949 2302 1990 mens;
2336 1913 2381 1975 Β
2409 1920 2655 1978 calefacti
2685 1940 2858 1992 mero,
2886 1929 3055 1996 petito
3109 1930 3263 1998 panis
3317 1930 3622 1999 fragmento
3667 1931 3777 1988 ficti
3817 1932 4006 2003 aegroti

694 2026 1157 2082 exinaniri:sine
1202 2026 1365 2083 dubio
1420 2035 1476 2082 et
1526 2025 1643 2096 ipse
1698 2026 1897 2095 hospes
1946 2025 2122 2081 nudus
2172 2034 2227 2080 et
2272 2041 2302 2082 a

694 2119 1039 2189 gluttonihus
1088 2120 1395 2175 exinanitus
1443 2128 1568 2189 post
1619 2119 2297 2189 biduumvrelinquendus.

702 2211 917 2267 Etcum
942 2222 1064 2283 post
1088 2212 1322 2267 triduum
1356 2220 1412 2266 et
1438 2212 1576 2281 ipse,
1609 2220 1665 2266 et
1685 2212 1820 2267 cella
1853 2211 1988 2281 ejus,
2020 2221 2076 2267 et
2101 2227 2298 2279 mores,

689 2313 753 2361 et
780 2305 901 2374 ejus
948 2305 1282 2377 displicuerit
1309 2305 1591 2376 disciplina
1626 2323 1639 2360 :
1674 2314 1881 2361 etcum
1913 2306 2178 2362 subducta
2223 2307 2302 2362 eis

691 2406 823 2468 post
848 2394 1074 2452 biduum
1110 2397 1177 2453 ab
1203 2413 1269 2453 eo
1294 2399 1473 2453 minus
1502 2398 1810 2453 exhibuerit
1840 2413 2047 2462 mensa,
2090 2414 2216 2454 mox
2247 2407 2303 2453 et

690 2488 815 2559 ipse
838 2488 1222 2560 reconsignare
1249 2488 1519 2546 bisaccias
1548 2490 1779 2559 cogitur,
1807 2505 1941 2561 quas
1963 2489 2296 2547 diversorum

689 2581 967 2652 hospitum
994 2581 1107 2649 jam
1154 2596 1325 2651 panes
1373 2582 1500 2637 tosti
1530 2582 1887 2651 impleverant
1923 2600 1936 2636 :
1966 2598 2087 2638 cum
2118 2584 2171 2637 in
2218 2582 2299 2638 di-

688 2688 975 2729 versorum
1029 2674 1372 2745 hospitaliis,
1410 2674 1462 2730 in
1511 2676 1711 2731 mensis
1759 2686 2007 2731 recentes
2055 2686 2293 2743 sumunt,

687 2763 816 2819 illos
854 2773 1098 2820 servatos
1136 2773 1339 2833 cogunt
1375 2780 1472 2836 per
1502 2766 1781 2820 avaritiam
1827 2765 2121 2821 mucidare.
2156 2766 2297 2836 Ergo

687 2866 980 2929 postquam
1013 2859 1092 2914 eis
1114 2858 1365 2912 bisaccizn
1394 2858 1799 2928 consignantur,
1832 2874 1959 2914 mox
1989 2867 2043 2913 et
2072 2858 2139 2913 de
2170 2874 2294 2928 pas-

689 2958 811 3005 tura
843 2948 1219 3021 nuisenasinus
1248 2962 1535 3006 revocatur
1558 2991 1575 3017 ,
1608 2950 1695 3005 cui
1728 2959 1850 3021 post
1897 2957 2145 3006 recentes
2195 2948 2295 3003 viae

686 3042 913 3097 labores
941 3041 1141 3098 misero
1180 3052 1399 3113 pastura
1446 3044 1760 3114 placuerat.
1819 3044 1862 3098 si
1913 3042 2134 3097 domino
2178 3040 2294 3110 ejus

687 3135 960 3207 hOSpitale
984 3153 1091 3194 non
1121 3137 1478 3207 displicuisset
1530 3137 1583 3191 in
1620 3136 1785 3192 biduo
1812 3153 1825 3190 :
1849 3144 1905 3191 et
1951 3136 2164 3191 noviter
2206 3150 2292 3191 re-

682 3238 923 3294 stratus,
968 3238 1021 3285 et
1048 3228 1275 3285 diversis
1316 3229 1511 3284 tunicis
1558 3237 1613 3283 et
1644 3229 1869 3284 cucullis
1889 3228 2286 3294 resarciuatus,

2404 2028 2598 2069 succos
2646 2015 3047 2085 desiderantes;
3099 2022 3427 2077 monasteria
3476 2024 3591 2094 ipsa
3639 2033 3735 2079 aut
3778 2025 4005 2083 cellulas

2403 2104 2539 2163 false
2568 2117 2811 2174 exeunt,
2858 2108 3177 2167 lordicando
3226 2112 3295 2169 de
3345 2111 3470 2170 ficta
3514 2114 4005 2185 inﬁrmitate,abs—

2403 2217 2569 2258 conse
2612 2205 2820 2268 securi,
2860 2205 3006 2274 quod
3046 2205 3297 2261 sanitatis
3350 2220 3569 2276 gressus
3625 2209 3735 2263 sint
3762 2209 3831 2264 ab
3882 2210 4003 2279 ipso

2402 2292 2589 2348 limine
2618 2296 2998 2351 reformantes.
3050 2297 3185 2350 Nam
3242 2295 3343 2351 sibi
3391 2298 3586 2353 nolunt
3634 2300 3732 2354 sub
3775 2299 4003 2371 imperio

2402 2386 2714 2441 monasterii
2766 2386 3016 2441 abbatem
3074 2387 3144 2443 de
3193 2388 3442 2445 omnibus
3483 2392 3801 2447 necessariis
3854 2392 4003 2462 cogi-

2403 2484 2545 2541 tare,
2604 2476 2690 2530 vel
2741 2477 2842 2547 ipsi
2893 2478 3091 2533 alicubi
3148 2493 3248 2534 suo
3293 2478 3536 2535 viventes
3581 2482 3807 2536 arbitrio
3859 2481 4000 2538 facta

2399 2568 2592 2625 cellula
2628 2570 2996 2640 persistcndo,
3027 2571 3112 2626 vel
3152 2571 3253 2640 ipsi
3283 2572 3385 2627 sibi
3416 2574 3716 2630 necessaria
3748 2574 3871 2629 vita:
3899 2573 3992 2630 de-

2407 2666 2641 2720 buerant
2664 2666 2926 2733 cogitare.
2962 2664 3026 2719 Et
3050 2666 3095 2721 si
3127 2675 3312 2721 nostra
3344 2666 3448 2722 illis
3481 2666 3730 2737 displicet
3759 2668 3890 2734 vita,
3917 2667 4003 2725 vel

2398 2766 2548 2815 su‘am
2617 2758 2773 2814 nobis
2820 2759 3173 2815 ostenderent
3202 2758 3451 2814 formam.
3515 2759 3665 2815 [inde
3723 2774 3998 2829 nunquam

2400 2852 2756 2921 persistentes
2796 2854 2899 2906 acti
2958 2860 3087 2906 sunt
3126 2849 3373 2920 quotidie
3422 2850 3747 2907 ambulando
3792 2850 4001 2907 mendi-

2395 2958 2542 3009 care,
2568 2943 2765 2999 sudare
2794 2953 2850 2999 et
2883 2958 3139 3014 gemere;
3172 2958 3333 3013 quam
3374 2959 3482 2999 uno
3517 2943 3637 2999 loco
3679 2943 3873 3000 stando
3916 2944 3995 2999 la-

2396 3036 2590 3091 borare
2614 3077 2628 3101 ,
2684 3045 2743 3092 et
2767 3038 2951 3091 vivere
2983 3054 2995 3089 :
3043 3044 3099 3090 et
3143 3034 3385 3105 quotidie
3426 3034 3636 3091 noviter
3664 3034 3998 3092 diversorum

2395 3128 2561 3183 cellas
2590 3136 2650 3182 ut
2681 3128 2911 3182 humiles
2940 3128 3144 3183 intrent
3167 3126 3444 3195 hospites;
3477 3126 3596 3182 solo
3625 3128 3803 3198 capite
3842 3126 3995 3182 incli-

2396 3221 2543 3276 nati:
2570 3220 2765 3277 deinde
2812 3219 3033 3290 superbi
3076 3228 3130 3274 et
3164 3218 3309 3273 velut
3357 3218 3553 3287 ingrati
3603 3226 3727 3288 post
3772 3216 3995 3273 biduum

682 3336 826 3393 quas
853 3330 946 3375 aut
968 3322 1346 3392 importunitas
1367 3337 1395 3375 a
1413 3321 1638 3377 diversis
1662 3328 1936 3390 exegerat,
1954 3330 2046 3375 aut
2075 3321 2291 3377 inventa
2318 3289 2366 3355 ϐ
2402 3314 2705 3385 migraturi,
2728 3322 2781 3368 et
2803 3312 2972 3368 veluti
3002 3311 3198 3382 quibus
3224 3310 3560 3366 diversorum
3590 3310 3701 3364 Vita
3732 3318 3788 3365 ei
3815 3320 3992 3373 actus.

684 3412 912 3470 occasio
966 3414 1167 3469 fraudis
1221 3414 1464 3470 diversos
1519 3414 1763 3485 hospites
1823 3413 2164 3481 nudaverat,
2238 3422 2293 3469 et

682 3520 748 3567 ut
798 3508 934 3563 alios
988 3516 1218 3578 petant,
1265 3505 1473 3577 fingunt
1520 3524 1579 3563 se
1624 3522 1834 3579 pannos
1899 3506 2195 3561 advcstiri:
2237 3515 2293 3561 et

683 3600 812 3657 vale
838 3608 894 3655 et
944 3599 1047 3670 ipsi
1074 3598 1273 3671 hospiti
1317 3601 1564 3656 dicentes
1592 3640 1606 3665 ,
1659 3600 1835 3655 adhuc
1866 3615 1973 3655 non
2001 3606 2289 3663 venerunt,

682 3703 743 3752 et
767 3693 881 3765 jam
912 3694 1139 3763 vadunt,
1164 3710 1285 3749 cum
1330 3694 1396 3750 ad
1422 3695 1527 3750 alia
1567 3695 1679 3765 jam
1710 3694 1996 3766 hospitalia
2024 3695 2075 3750 in
2107 3694 2290 3749 animo

682 3788 1012 3844 invitantur.
1062 3784 1321 3852 Caeditur,
1348 3787 1604 3858 pungitur
1629 3827 1645 3853 ,
1695 3787 2000 3853 ustulatur,
2060 3785 2291 3842 lordicat

680 3879 853 3935 miser
891 3877 1119 3944 asellus;
1177 3886 1233 3933 et
1261 3894 1370 3934 non
1405 3877 1590 3932 vadit:
1620 3878 1877 3948 vapulant
1929 3891 2087 3932 aures
2142 3875 2285 3945 ejus,

678 3979 979 4042 postquam
1000 3970 1186 4025 clunes
1211 3968 1529 4025 defecerint.
1552 3968 1679 4025 Ideo
1709 3970 1873 4024 miser
1899 3967 2285 4039 perocciditur,

680 4074 745 4120 et
772 4062 1020 4119 manibus
1045 4062 1223 4118 lassus
1275 4062 1619 4133 impingitur;
1652 4062 1777 4133 quia
1808 4062 2090 4116 festinatur
2121 4069 2175 4116 et
2203 4076 2288 4115 sa-

682 4158 919 4228 tagitur,
946 4166 1005 4213 ut
1031 4159 1098 4213 ad
1124 4158 1344 4213 alterius
1398 4157 1711 4213 monasterii
1755 4156 2038 4227 prandium
2094 4171 2287 4212 occur-

681 4262 859 4309 ratur.
894 4251 959 4306 Et
996 4269 1118 4307 cum
1146 4251 1492 4322 pervenerint
1521 4250 1588 4305 ad
1614 4250 1835 4305 alterius
1855 4249 2169 4306 monasterii
2193 4257 2289 4303 aut

682 4344 944 4401 monachi
973 4345 1168 4416 regias,
1192 4345 1263 4399 ita
1314 4342 1473 4399 hilari
1496 4352 1551 4399 et
1580 4343 1818 4399 clamosa
1861 4359 1994 4399 voce
2018 4342 2086 4398 de
2121 4342 2284 4409 foris,

680 4437 1002 4495 Benedicite
1023 4478 1039 4504 ,
1071 4437 1348 4502 clamant;
1396 4444 1453 4491 et
1480 4436 1632 4505 quasi
1660 4435 1772 4503 jam
1805 4434 1951 4488 illum
1979 4433 2199 4489 calicem
2232 4433 2286 4488 in

680 4549 908 4592 manum
936 4530 1264 4601 acceperint,
1291 4543 1452 4598 quem
1483 4543 1610 4582 mox
1640 4526 1867 4596 ingressi
1888 4524 2277 4581 monasterium

681 4644 786 4703 pro
809 4627 899 4683 siti
929 4634 1055 4681 sunt
1083 4622 1305 4695 petituri
1340 4641 1351 4675 :
1385 4629 1442 4677 et
1463 4621 1727 4676 intrantes
1752 4620 1948 4689 regias,
1980 4618 2155 4673 adhuc
2177 4633 2285 4673 non

681 4720 983 4781 renuntiati
1007 4726 1062 4773 et
1090 4716 1347 4787 suscepti,
1379 4716 1751 4780 excarricant;
1785 4721 1841 4769 et
1867 4713 2021 4782 quasi
2053 4728 2152 4782 pro
2186 4712 2286 4767 ali-

681 4830 797 4885 quo
826 4812 1031 4877 debito,
1051 4817 1144 4865 aut
1169 4824 1235 4864 ex
1259 4806 1484 4876 alicujus
1510 4807 1853 4875 delegatione
1880 4805 1953 4860 ibi
1969 4803 2282 4873 adveniant,

680 4916 815 4963 ante
860 4907 1005 4961 intus
1040 4902 1287 4958 bisaccia:
1328 4900 1695 4972 porriguntur,
1724 4914 1887 4969 quam
1937 4898 2051 4969 ipse
2089 4898 2287 4968 hospes

680 4998 997 5068 suscipitur.
1026 4994 1090 5049 Et
1119 5010 1225 5050 non
1250 4994 1398 5064 prius
1429 4992 1495 5048 ad
1530 4994 1829 5049 oratorium
1860 4991 2162 5059 festinatur,
2181 4992 2283 5047 nisi

682 5107 785 5163 pro
830 5088 1016 5144 labore
1035 5086 1372 5142 desiderandi
1420 5084 1528 5139 vini
1569 5099 1667 5155 per
1708 5084 2051 5139 occasionem
2075 5083 2282 5137 viatica:

680 5184 801 5241 sitis
827 5199 840 5234 :
874 5190 934 5235 ut
964 5188 1018 5235 tu
1042 5195 1140 5250 pro
1161 5178 1425 5234 charitate
1449 5176 1648 5247 hospiti
1697 5176 1878 5230 vinum
1912 5176 2184 5246 porrigas,
2215 5175 2284 5229 ab

684 5277 779 5333 illo
808 5274 887 5331 sic
932 5289 1093 5329 mane
1133 5286 1270 5341 aqua
1318 5270 1647 5341 exposcitur.
1692 5266 1756 5323 Hi
1787 5268 1929 5323 enim
1978 5268 2112 5323 tales
2158 5282 2281 5322 cum

683 5368 787 5438 ipsi
814 5365 1018 5435 jejunia
1049 5362 1375 5417 ambulando
1415 5362 1682 5431 ignorant,
1716 5369 1772 5415 et
1810 5358 1876 5413 ad
1928 5373 2280 5429 quoscunque

681 5458 1097 5531 supervenerint
1125 5456 1435 5526 jejunantes
1458 5494 1472 5520 ,
1525 5461 1618 5509 aut
1654 5468 1754 5523 pro
1806 5460 2134 5522 superventu
2160 5466 2161 5469 ‘
2184 5454 2281 5507 ho-

682 5553 865 5626 spitali
897 5558 1097 5621 cogunt
1123 5565 1218 5606 eos
1269 5547 1475 5619 jejunia
1503 5546 1786 5615 frangere;
1819 5553 1913 5599 aut
1943 5560 2050 5600 non
2080 5546 2279 5601 erube-

682 5657 846 5706 scunt
884 5662 980 5702 sua
1025 5657 1161 5699 voce
1198 5643 1277 5698 eis
1318 5643 1423 5697 hoc
1473 5640 1676 5706 dicere,
1707 5641 1879 5709 magis
1916 5654 2011 5695 eos
2060 5649 2281 5709 prepter

684 5743 971 5801 avaritiam
997 5740 1243 5812 jejunare
1268 5778 1282 5803 ,
1325 5745 1383 5791 ut
1404 5750 1513 5792 non
1540 5734 1811 5807 hospitem
1834 5735 2001 5790 velint
2032 5748 2283 5790 recreare

683 5844 813 5910 post
840 5836 1016 5900 viam;
1070 5841 1127 5889 et
1166 5848 1262 5903 per
1285 5844 1474 5901 vagam
1505 5843 1615 5884 suac
1660 5827 2065 5883 consuetudinis
2103 5828 2283 5895 gulam

683 5938 886 6004 cogunt
918 5924 1377 6002 perseverantium
1421 5921 1623 5994 jejunis
1655 5921 1844 5979 violari
1877 5942 1884 5973 :
1920 5937 2041 5978 cum
2096 5922 2169 5977 illi
2214 5923 2287 5977 la-

2311 4680 2364 4743 D

2399 3421 2456 3465 et
2484 3409 2724 3464 omnium
2751 3408 3203 3463 monasteriorum
3235 3403 3517 3474 disciplina
3576 3418 3683 3458 non
3736 3402 3990 3474 placeat,

2394 3501 2599 3570 eligunt
2632 3500 2802 3570 magis
2853 3496 3150 3561 ambulare,
3175 3510 3337 3565 quam
3367 3494 3579 3550 sistere.
3625 3492 3728 3559 Qui
3773 3508 3869 3563 per
3912 3492 3993 3547 di-

2395 3607 2549 3648 versa
2577 3606 2793 3661 semper
2820 3589 3067 3660 vagando
3092 3584 3501 3658 ignorantapud
3527 3599 3687 3654 quem
3719 3583 3877 3639 taedia
3894 3598 3991 3639 sua

2393 3684 2692 3754 suscipiant
2717 3702 2731 3739 :
2763 3693 2819 3740 et
2847 3682 2994 3753 quod
3024 3689 3106 3736 est
3129 3681 3400 3746 ultimum,
3443 3677 3695 3734 nesciunt
3724 3676 3813 3733 ubi
3836 3691 3993 3732 suam

2392 3778 2730 3833 constituant
2758 3775 3115 3847 sepulturam.
3148 3771 3297 3829 Unde
3323 3785 3456 3841 ergo
3500 3784 3755 3840 magnum
3805 3767 3992 3824 existi-

2392 3882 2604 3930 mantes
2632 3872 2865 3943 primum
2897 3885 3067 3941 genus
3109 3867 3506 3926 ctenobitarum
3530 3906 3548 3933 ,
3597 3864 3754 3936 cujus
3798 3864 3989 3921 militia

2390 3965 2476 4021 vel
2506 3967 2756 4037 probatio
2798 3966 3048 4022 voluntas
3076 3971 3159 4020 est
3189 3962 3281 4017 Dei
3306 4001 3324 4027 ,
3379 3960 3448 4016 ad
3477 3960 3720 4032 ipsorum
3750 3958 3989 4029 regulam

2390 4067 2748 4115 revertamur.

2460 4150 2720 4217 Fratres,
2779 4149 2980 4204 clamat
3053 4148 3209 4204 nobis
3273 4146 3517 4219 quotidie
3581 4144 3841 4201 Dominus
3900 4144 3987 4199 di-

2390 4260 2555 4301 cens:
2586 4242 2953 4299 Convertimini
2983 4242 3053 4295 ad
3095 4259 3204 4308 me,
3236 4251 3285 4295 et
3314 4258 3408 4312 ego
3460 4249 3733 4295 convertar
3778 4239 3847 4292 ad
3900 4254 3990 4292 vos

2393 4337 2581 4408 (Zarh.
2608 4340 2671 4406 ι).
2699 4335 2999 4391 Conversio
3027 4349 3159 4404 ergo
3189 4344 3376 4390 nostra
3416 4332 3485 4388 ad
3514 4331 3681 4387 Deum
3701 4373 3716 4399 ,
3752 4330 3945 4386 fratres
3966 4369 3985 4396 ,

2390 4448 2497 4486 non
2535 4429 2681 4484 aliud
2708 4439 2792 4485 est
2840 4428 2944 4483 nisi
2966 4443 2997 4483 a
3042 4428 3199 4483 malis
3226 4427 3466 4483 reversio
3488 4466 3505 4492 ,
3536 4426 3751 4481 dicente
3799 4423 3986 4494 Scrip-

2389 4534 2545 4580 tura:
2574 4523 2783 4577 Diverze
2808 4540 2839 4575 ιι
2873 4521 3036 4590 malo,
3066 4531 3114 4575 et
3168 4522 3252 4592 [ac
3301 4516 3689 4584 bonum(Psal.
3739 4515 3893 4587 xxx).
3940 4516 3988 4571 Α

2389 4616 2583 4687 quibus
2614 4624 2793 4670 autem
2841 4612 2996 4667 malis
3025 4627 3146 4668 cum
3194 4612 3527 4675 avertimur,
3586 4607 3875 4663 Dominum
3904 4605 3988 4661 in-

2397 4715 2638 4770 tuemur;
2671 4715 2726 4760 et
2776 4704 2868 4759 ille
2914 4717 3014 4757 nos
3063 4701 3245 4756 statim
3288 4714 3390 4755 suo
3438 4698 3746 4753 illuminans
3792 4695 3983 4765 vultu,

2391 4802 2597 4856 donans
2626 4798 2781 4853 nobis
2802 4795 3129 4866 adjutorium
3161 4809 3318 4850 suum
3336 4837 3355 4863 ,
3397 4807 3528 4849 mox
3554 4790 3784 4861 gratiam
3827 4803 3982 4845 suam

2390 4893 2697 4965 petentibus
2749 4890 2955 4953 tribuit,
3015 4887 3383 4958 qumrentibus
3430 4883 3716 4951 ostendit,
3767 4881 3985 4955 pulsan-

2389 4988 2531 5043 tibus
2561 4984 2830 5056 patefacit.
2864 4982 2991 5039 llzec
3012 4982 3116 5036 tria
3147 4979 3359 5037 Domini
3381 4978 3525 5036 dona
3565 4990 3825 5035 concessa
3854 4975 3985 5047 ipsis

2388 5079 2753 5142 conveniunt,
2798 5077 2892 5147 qui
2942 5076 3033 5130 Dei
3076 5074 3385 5140 voluerint,
3439 5086 3550 5127 non
3594 5084 3751 5126 suam
3799 5068 3983 5125 facere

2388 5175 2742 5228 voluntatem.
2799 5171 2932 5236 Quia
2986 5167 3131 5223 aliud
3186 5167 3343 5223 nobis
3383 5162 3638 5220 Dominus
3683 5162 3737 5218 in
3785 5161 3980 5233 spiritu

2387 5270 2639 5338 imperat,
2671 5265 2812 5320 aliud
2842 5278 2969 5318 caro
3012 5261 3159 5331 cogit
3201 5261 3255 5315 in
3284 5259 3502 5315 anima:
3544 5264 3600 5311 et
3626 5255 3747 5324 quis
3785 5269 3817 5308 a
3867 5268 3976 5323 quo

2388 5366 2558 5419 victus
2582 5362 2762 5424 fuerit,
2790 5360 2957 5430 ipsius
2980 5368 3035 5415 et
3057 5371 3246 5413 servus
3266 5362 3369 5411 est.
3400 5351 3658 5408 Ecclesia:
3684 5363 3796 5406 suae
3816 5364 3971 5403 nam-

2385 5472 2490 5529 que
2522 5456 2779 5511 Dominus
2801 5450 3099 5509 secundum
3116 5446 3398 5505 Trinitatis
3425 5459 3624 5501 nomen
3646 5452 3756 5499 tres
3780 5440 3979 5511 gradus

2382 5549 2642 5607 doctrinae
2669 5546 2979 5612 constituit;
3008 5544 3239 5615 primum
3270 5539 3656 5611 prophetarum
3679 5576 3697 5604 ,
3751 5542 3975 5605 aposto-

2384 5644 2559 5697 lorum
2587 5638 2882 5697 secundum
2906 5675 2925 5704 ,
2978 5635 3265 5692 doctorum
3306 5632 3565 5689 tertium:
3590 5629 3694 5686 sub
3739 5640 3971 5697 quorum

2386 5736 2611 5806 imperio
2638 5734 2723 5790 vel
2754 5732 2998 5789 doctrina
3028 5728 3229 5785 Christi
3248 5734 3567 5797 regerentur
3606 5720 3862 5779 Ecclesia:
3912 5728 3971 5775 et

2385 5830 2616 5895 scholzc;
2661 5835 2718 5883 ut
2748 5835 3023 5898 pastorum
3081 5823 3201 5879 vice
3252 5821 3455 5879 sanctis
3501 5818 3731 5876 ovilibus
3759 5814 3971 5871 divinas

2386 5937 2513 5978 oves
2554 5928 2609 5976 et
2661 5921 2879 5975 cludant
2932 5923 2986 5973 et
3021 5916 3286 5984 doceant,
3333 5912 3578 5971 dicente'
3605 5910 3833 5967 Domino
3877 5920 3979 5982 per
