5174 6568
1261 404 1369 462 955

2558 393 2898 456 ΑΗΕΤοιῖιὲ
2940 392 3211 452 lNCERTl
4425 394 4513 453 956

1250 514 1442 572 Isaiam
1490 514 1809 588 prophetam
1848 512 2041 571 :Dabo
2086 514 2228 575 vobis
2278 525 2509 585 pastores
2553 512 2835 568 secundum
2865 512 2911 571 Α
2942 512 3130 565 tuum?
3191 512 3264 565 Tu
3325 530 3438 568 vero
3495 515 3649 570 odisti
3711 514 4040 585 disciplinam
4103 514 4300 583 (Psal.
4361 530 4512 581 uix,

1250 625 1343 665 cor
1383 626 1551 664 nicum
1580 651 1594 676 ,
1641 619 1691 664 et
1735 616 2064 678 pascent'vos
2119 617 2384 680 pascentes
2406 625 2520 662 cun;
2564 608 2840 680 disciplina

1255 700 1441 772 (Joan.
1477 702 1592 769 xv),
1617 709 1671 756 et
1700 699 1819 770 ipso
1847 698 2078 758 Domino
2104 700 2349 761 dicente:
2381 700 2561 758 Simon
2590 700 2836 770 Joannis;

1253 809 1407 861 pasce
1432 809 1550 848 ουεδ
1578 808 1760 848 meas:
1789 793 2030 849 docentes
2071 810 2159 849 εαε
2197 809 2402 855 servare
2434 812 2495 849 ea
2535 809 2650 863 qua:
2690 810 2837 848 man-

1250 888 1369 943 ιιιιυὶ
1389 887 1549 944 uobis.
1576 885 1643 942 Et
1671 904 1787 943 ecce
1805 903 1899 959 ego
1921 887 2178 944 vobiscum
2226 905 2337 945 sum
2385 888 2619 944 omnibus
2660 888 2837 943 diebus

1245 1000 1404 1054 usque
1425 983 1494 1037 ad
1511 983 2005 1039 consummationem
2020 983 2195 1039 sa'culi
2220 981 2433 1052 (Matth.
2454 982 2662 1052 xxvm).
2684 982 2837 1039 Ideo—

1245 1090 1353 1145 quc
1381 1091 1592 1139 oumcs,
1625 1075 1822 1145 quibus
1846 1076 2022 1132 adhuc
2045 1075 2352 1146 insipientia
2380 1082 2553 1133 mater
2602 1082 2712 1142 est,
2738 1090 2836 1130 cx-

1246 1168 1394 1239 pedit
1419 1168 1519 1224 sub
1551 1168 1709 1224 unius
1735 1184 1853 1226 esse
1882 1176 2153 1239 potestate
2202 1166 2461 1239 majoris:
2496 1175 2555 1223 ut
2600 1167 2838 1223 doctoris

1249 1260 1476 1317 arbitrio
1505 1260 1864 1327 ambulantes,
1891 1261 1993 1316 iter
2025 1262 2318 1319 voluntatis
2358 1262 2589 1331 propriae
2628 1260 2839 1315 discant.

1243 1350 1477 1412 nescire.
1509 1348 1613 1406 Per
1653 1351 1936 1409 doctorem
1968 1354 2113 1409 enim
2167 1353 2323 1408 nobis
2370 1353 2601 1423 imperat
2651 1354 2836 1410 Domi-

1246 1461 1350 1501 nus
1375 1463 1387 1498 :
1420 1446 1568 1516 quia,
1601 1445 1743 1502 sicut
1770 1446 1905 1501 dixit
1930 1445 2197 1518 superius,
2220 1462 2341 1503 cum
2368 1447 2496 1518 ipsis
2525 1447 2838 1503 doctoribus

1243 1546 1330 1595 est
1383 1555 1602 1610 ser-per
1662 1540 1911 1596 omnibus
1965 1556 2135 1610 usque
2189 1540 2255 1596 ad
2312 1543 2837 1599 cmisununationem

1243 1635 1434 1694 πριιῑί
1465 1654 1477 1689 :
1510 1636 1627 1691 sine
1655 1634 1822 1691 dubio
1854 1652 1960 1691 non
1991 1628 2157 1705 aliud,
2199 1636 2301 1692 nisi
2334 1651 2431 1693 nos
2478 1635 2837 1692 mdificaturus

1240 1743 1343 1800 per
1369 1744 1484 1797 eos,
1516 1727 1730 1784 dicente
1777 1728 1894 1799 ipso
1925 1729 2152 1785 Domino
2179 1730 2453 1800 discipulis
2477 1730 2611 1797 sui~,
2641 1731 2833 1785 docto-

1243 1820 1391 1876 ribus
1415 1821 1614 1876 naastris
1639 1841 1650 1873 :
1683 1822 1780 1885 Qui
1807 1838 1894 1875 vos
1914 1821 2078 1885 audit,
2104 1836 2182 1876 me
2203 1822 2367 1886 audit,
2394 1830 2440 1875 et
2471 1822 2558 1892 qni
2581 1837 2667 1874 ros
2689 1838 2834 1889 sper-

2943 603 3137 660 Malt/i.
3187 606 3303 676 vn).
3340 605 3406 661 Et
3446 608 3535 677 qui
3584 608 3634 662 in
3696 608 3875 662 fratris
3925 606 4002 661 tui
4049 607 4209 664 oculo
4273 608 4513 663 festucam

2941 697 3183 764 videbas,
3212 698 3264 754 in
3299 707 3389 756 tuo
3431 702 3637 756 trabem
3672 717 3779 756 non
3822 699 4046 755 vidisti?
4077 700 4192 754 Non
4223 701 4290 754 ab
4321 715 4385 756 eo
4409 714 4518 771 per-

2941 807 3075 850 soua
3108 794 3158 847 in
3190 794 3521 849 monasterio
3550 794 3919 857 discernatur;
3946 809 4053 848 non
4077 809 4213 847 unus
4238 793 4357 863 plus
4386 806 4517 848 ame-

2942 893 3030 941 tur
3061 901 3224 957 quam
3260 888 3429 951 alius;
3463 886 3564 942 nisi
3596 903 3757 957 quem
3791 888 3843 941 iu
3883 885 4041 942 bouis
4070 886 4278 942 actibus
4310 886 4519 941 invene-

2939 979 3011 1035 rit
3058 979 3362 1035 meliorem.
3416 979 3532 1033 Non
3586 981 3927 1036 convertenti
3980 994 4137 1035 servo
4188 993 4288 1048 pro
4340 979 4518 1033 merito

2941 1070 3174 1125 nationis
3204 1081 3552 1142 pra-ponatur
3594 1073 3875 1143 ingenuus.
3922 1072 4101 1136 Quare
4125 1072 4146 1123 ?
4193 1086 4320 1139 quia
4347 1085 4522 1124 servus

2938 1160 3052 1219 sive
3082 1161 3218 1215 liber
3246 1177 3435 1217 omnes
3460 1162 3512 1217 in
3545 1162 3758 1217 Christo
3782 1180 3944 1217 unum
3976 1180 4189 1228 sumus;
4218 1172 4273 1218 et
4296 1162 4396 1217 sub
4426 1176 4521 1215 uno

2940 1252 3169 1309 Domino
3200 1254 3466 1325 mqualem
3498 1257 3703 1310 servitii
3738 1255 3981 1309 militiam
4033 1255 4360 1323 bajnlamus.
4400 1254 4517 1320 ριιίιι

2940 1366 3044 1404 non
3084 1361 3156 1403 est
3182 1349 3320 1420 apud
3349 1348 3512 1404 Deum
3537 1366 3875 1418 personarum
3903 1350 4135 1418 acceptio
4161 1346 4211 1416 (Ι
4243 1348 4363 1400 (ξων.
4389 1362 4519 1411 stu;

2943 1442 3095 1498 Rom.
3130 1446 3213 1511 ll).
3263 1444 3614 1499 Solummodo
3648 1445 3698 1498 in
3744 1445 3844 1499 hac
3872 1454 4027 1514 parte
4055 1444 4195 1514 apud
4228 1442 4396 1497 Deum
4424 1441 4522 1495 dis-

2941 1536 3230 1598 cernimur,
3281 1537 3327 1590 si
3381 1538 3446 1591 ab
3513 1537 3630 1591 aliis
3673 1537 3924 1592 meliores
3982 1536 4137 1590 factis
4172 1536 4516 1589 inveniamur.

2941 1625 3007 1680 Et
3035 1637 3211 1681 tamen
3246 1638 3303 1681 ut
3333 1629 3584 1683 ostendat
3618 1629 3758 1683 Deus
3790 1630 3885 1684 εἰν(
3905 1646 3930 1681 a
3960 1645 4151 1684 omnes
4180 1628 4397 1698 pictatis
4422 1642 4522 1680 sua:

2940 1720 3303 1787 clementiam,
3344 1722 3547 1793 pariter
3585 1723 3736 1792 jubet
3769 1723 4059 1784 elementa,
4091 1722 4173 1775 vel
4212 1732 4407 1775 t:rram
4444 1724 4525 1785 iu-

2940 1816 3037 1869 stis
3066 1816 3149 1868 vel
3183 1816 3562 1882 rerratoribu;
3590 1816 3834 1869 liimulari
3867 1814 4164 1884 :rqualitcr.
4193 1815 4336 1876 ιιι·μο
4355 1830 4523 1881 :equa-

1248 1909 1324 1962 nit
1349 1925 1428 1963 ine
1454 1911 1649 1979 spernit
1675 1909 1888 1980 (.llnttlt.
1924 1911 1998 1981 κ).
2031 1909 2172 1979 Ergo
2227 1911 2271 1967 si
2319 1926 2437 1981 qua:
2468 1926 2498 1965 a
2527 1909 2838 1966 doctoribus
2869 1889 2915 1949 Β
2946 1908 3009 1962 lis
3039 1910 3104 1963 sit
3137 1909 3204 1963 ab
3254 1924 3320 1963 eo
3365 1910 3615 1963 munibus
3664 1908 3938 1973 i-liaritas;
3993 1924 4095 1961 una
4129 1908 4432 1976 pra-bentur
4476 1906 4523 1958 in

1247 2000 1570 2065 audivimus,
1606 2010 1659 2056 et
1682 2002 1936 2065 facimus,
1982 2019 2089 2058 non
2117 2001 2226 2070 jam
2256 2018 2375 2072 qute
2404 2004 2652 2057 volumus
2681 2019 2835 2058 exer-

1244 2103 1430 2146 cemus
1459 2107 1471 2143 :
1508 2098 1564 2144 ut
1589 2090 1641 2145 iri
1672 2089 1759 2146 die
1785 2091 1969 2161 judicii
2004 2093 2134 2147 nihil
2166 2093 2363 2149 habeat
2416 2093 2467 2148 in
2499 2094 2654 2148 nobis
2691 2093 2836 2162 quod

1244 2198 1429 2238 secum
1461 2184 1710 2241 diab.:lus
1738 2186 1970 2241 vindicet
1997 2186 2050 2241 in
2090 2188 2414 2256 gehennam,
2440 2188 2562 2255 q..ia
2595 2186 2647 2240 in
2680 2185 2835 2241 nobis

1243 2273 1349 2330 hoc
1367 2290 1583 2347 semper
1603 2276 1712 2346 egit
1734 2276 2012 2341 Dominus,
2037 2280 2178 2344 quod
2199 2277 2258 2347 ju
2280 2277 2468 2334 licarct
2488 2276 2555 2333 ad
2584 2278 2828 2348 gioriam.

1868 2368 2093 2426 CAPUT
2133 2369 2195 2424 ιι.

1688 2478 2071 2519 ικτιξιιιιοιλλτιυ
2110 2478 2387 2519 υιεςινιίι.

1588 2557 1784 2623 Qualis
1848 2556 2029 2611 debent
2096 2573 2208 2612 esse
2255 2558 2474 2613 abbas?

1495 2665 1804 2705 RESI’ONDET
1843 2665 2074 2706 DOIIINIJS
2112 2666 2213 2706 PER
2260 2666 2582 2707 IMGISTRUM.

1316 2741 1517 2809 Abbas,
1542 2742 1633 2813 qui
1665 2756 1898 2809 pi-messe
1920 2741 2113 2810 dignus
2142 2750 2225 2798 est
2247 2743 2598 2809 monasterio,
2618 2757 2833 2813 semper

1243 2834 1543 2889 meminere
1597 2832 1761 2888 debet
1802 2831 1949 2904 quod
2002 2832 2220 2900 dicitur,
2253 2843 2318 2888 et
2361 2848 2558 2888 nomen
2610 2833 2832 2903 majoris

1244 2925 1405 2981 factis
1433 2926 1675 2996 lmplere.
1709 2927 1906 2982 Christi
1952 2926 2095 2982 enim
2126 2940 2285 2996 agere
2313 2928 2552 2982 creditur
2590 2927 2733 2983 vices
2777 2928 2830 2983 in

1241 3018 1596 3083 monasterio,
1677 3020 1895 3088 quando
1963 3020 2132 3089 ipsius
2201 3028 2426 3076 vocatur
2482 3022 2826 3092 pronomine,

1242 3106 1457 3164 dicente
1483 3110 1743 3180 Apostolo
1768 3128 1781 3164 :
1817 3110 1924 3167 Sed
1947 3112 2219 3181 (recepistis
2256 3113 2497 3181 spiritum
2527 3113 2827 3177 (adoptionis

1244 3203 1514 3270 filiorum,
1575 3206 1629 3258 in
1677 3221 1775 3275 quo
1834 3207 2120 3260 clamamus
2178 3204 2432 3273 Domino,
2466 3206 2609 3261 Abba
2676 3217 2826 3277 pater

1238 3293 1422 3366 (Rom.
1445 3294 1582 3365 vui).
1607 3294 1841 3365 Ideoque
1866 3297 1955 3352 hic
1985 3296 2152 3353 abbas
2177 3297 2309 3353 nihil
2326 3307 2474 3353 extra
2498 3308 2825 3369 praeceptum

1242 3384 1477 3452 Domini,
1505 3386 1649 3455 quod
1694 3386 1854 3454 absit,
1904 3387 2067 3443 debet
2096 3397 2191 3443 aut
2241 3387 2459 3453 docere,
2492 3399 2585 3446 aut
2624 3392 2826 3447 Cuttsli-

1241 3483 1424 3543 tuere,
1461 3484 1556 3531 aut
1582 3476 1808 3546 jubere:
1840 3487 1898 3533 ut
1929 3479 2103 3547 jus:;io
2133 3478 2269 3549 ejus,
2301 3480 2385 3536 vel
2432 3481 2679 3548 mouitio,
2711 3484 2825 3539 sive

1240 3565 1489 3622 doctrina
1517 3568 1842 3624 fermentum
1882 3569 2079 3625 divina-
2103 3570 2324 3639 juttitia:
2354 3571 2405 3626 iu
2436 3571 2823 3642 discipulorum

1232 3662 1515 3720 .ment.bus
1542 3675 1951 3734 conspergatur.
1990 3663 2202 3721 Memor
2228 3680 2444 3734 semper
2473 3665 2659 3733 abbas,
2696 3668 2824 3738 quia

1244 3756 1505 3813 doctrina
1551 3771 1681 3823 suae,
1711 3756 1798 3812 vel
1839 3756 2224 3828 discipulorum
2271 3758 2610 3824 obedientize,
2641 3762 2825 3817 amba-

1240 3868 1358 3907 rum
1411 3867 1591 3907 rerum
1637 3850 1691 3907 in
1742 3850 2019 3907 tremendo
2061 3850 2266 3920 judicio
2319 3850 2532 3907 Domini
2579 3853 2824 3910 facienda

1239 3948 1344 4003 erit
1370 3946 1653 4001 discussio.
1684 3943 1752 4001 Et
1791 3944 1927 4001 sciat
1954 3944 2121 4001 abbas
2152 3945 2322 4017 culpa.-
2350 3948 2582 4015 pastoris
2612 3948 2823 4003 ineunt-

1237 4037 1386 4100 bere,
1415 4034 1674 4104 quidquid
1708 4035 1760 4089 in
1811 4034 2003 4091 ovibus
2032 4035 2417 4105 paterfamilias
2448 4035 2693 4093 utilitatis
2723 4039 2821 4094 mi-

1238 4142 1337 4182 nus
1366 4126 1603 4198 potuerit
1632 4125 1894 4181 invenire.
1929 4124 2168 4181 Tandem
2200 4127 2393 4182 iterum
2442 4129 2547 4183 erit
2575 4127 2730 4194 liber,
2764 4140 2821 4185 ut

1237 4221 1283 4274 si
1317 4219 1555 4289 inquieto
1585 4217 1668 4273 vel
1697 4216 2026 4273 iuobcdienti
2052 4219 2202 4289 gregi
2248 4219 2477 4288 pastoris
2524 4222 2683 4276 fuerit
2703 4237 2819 4276 oui-

1237 4311 1321 4367 nis
1351 4310 1624 4378 diligentia
1676 4310 1960 4380 attributa,
2004 4318 2061 4367 et
2098 4311 2358 4368 morbidis
2396 4328 2578 4368 earum
2610 4315 2817 4371 actibus

1235 4404 1488 4458 universa
1518 4403 1682 4457 fuerit
1705 4417 1836 4457 cura
1866 4403 2126 4469 exhibita,
2160 4414 2348 4475 pastor
2375 4420 2560 4461 eorum
2591 4407 2643 4462 in
2670 4406 2817 4477 judi-

1233 4494 1320 4549 cio
1351 4493 1562 4547 Domini
1593 4493 1869 4548 absolutus
1899 4493 2042 4549 dicat
2070 4510 2190 4551 cum
2228 4493 2500 4565 Propheta
2544 4497 2771 4555 Domino
2801 4519 2812 4553 :

1236 4584 1360 4640 Non
1407 4585 1656 4640 abscondi
1681 4586 1733 4639 in
1779 4585 1933 4639 corde
1974 4602 2085 4641 meo
2133 4587 2397 4642 ueritatem
2426 4599 2604 4653 luunt;
2634 4598 2684 4644 et
2729 4607 2816 4645 sa-

1232 4679 1400 4731 lutare
1439 4685 1580 4729 tuum
1623 4677 1675 4728 di
1694 4677 1765 4729 ai:
1811 4674 1922 4744 Ipsi
1962 4687 2132 4730 nutent
2180 4688 2560 4733 contemnentes
2611 4696 2815 4750 spreve-

1232 4781 1351 4826 runt
1404 4789 1484 4826 me
1524 4771 1715 4842 (i’sul.
1760 4787 1962 4836 una;
2009 4771 2142 4827 Isai.
2186 4774 2265 4841 l).
2326 4771 2393 4826 Et
2437 4781 2561 4829 tunc
2598 4773 2813 4831 demum

1232 4870 1666 4928 intshedientihus
1688 4885 1830 4925 curre
1849 4885 1957 4924 sum
1981 4870 2170 4926 ovibus
2198 4885 2356 4940 pana
2380 4871 2451 4927 sit
2490 4872 2569 4927 eis
2601 4889 2808 4943 praeva-

1230 4964 1345 5020 leus
1379 4964 1492 5034 ipsa
1538 4978 1701 5019 mors.
1761 4962 1902 5033 Ergo
1944 4979 2069 5020 cum
2099 4964 2293 5033 aliquis
2338 4965 2562 5035 suscipit
2612 4982 2807 5023 nomen

1230 5059 1458 5124 abbatis,
1498 5055 1697 5127 duplici
1747 5057 1908 5113 debet
1933 5057 2178 5114 doctrina
2213 5058 2327 5114 suis
2374 5074 2604 5128 prmesse
2642 5061 2806 5117 disci-

1229 5149 1370 5219 pulis
1400 5167 1409 5200 :
1453 5147 1504 5201 id
1552 5156 1654 5213 est,
1687 5149 1867 5203 omnia
1908 5148 2050 5205 bona
2087 5156 2143 5205 et
2171 5158 2358 5204 sancta
2397 5150 2552 5206 factis
2581 5152 2810 5222 amplius

1227 5256 1391 5312 quam
1422 5241 1598 5296 verbis
1625 5240 1944 5307 ostendere;
1975 5241 2249 5311 quomodo
2272 5242 2695 5311 intelligentibus
2724 5244 2808 5300 di-

1227 5335 1446 5407 scipulis
1475 5335 1724 5389 mandata
1751 5334 1964 5391 Domini
1992 5342 2301 5406 proponat;
2345 5335 2493 5392 duris
2522 5337 2689 5393 corde
2715 5353 2807 5393 ve-

1229 5444 1293 5484 ro
1338 5438 1392 5484 et
1416 5428 1745 5499 simplicibus
1785 5426 1942 5484 factis
1982 5428 2301 5485 suis-divina
2348 5439 2616 5500 praecepta
2646 5445 2803 5486 mon-

1228 5529 1385 5578 stret.
1409 5521 1596 5576 Omnia
1632 5536 1760 5576 vero
1787 5536 1907 5591 quae
1945 5519 2219 5591 discipulis
2257 5521 2501 5577 docuerit
2530 5535 2651 5576 esse
2676 5536 2807 5577 con-

1228 5614 1416 5677 traria,
1445 5614 1494 5667 in
1525 5629 1581 5668 se
1614 5613 1766 5668 factis
1788 5614 1987 5669 iudicet
2008 5629 2112 5669 non
2145 5613 2384 5683 agenda:
2420 5612 2502 5668 Ne
2532 5614 2650 5668 aliis
2673 5631 2807 5686 pra:-

1229 5707 1408 5761 dicnns
1430 5705 1539 5774 ipse
1566 5707 1808 5776 reprobus
1835 5707 2123 5761 inveniatur
2150 5704 2199 5775 (Ι
2235 5704 2357 5760 Cor.
2386 5706 2496 5775 ix);
2533 5721 2600 5761 ne
2631 5722 2806 5776 quan-

1229 5803 1299 5857 do
1328 5801 1399 5856 illi
1431 5801 1575 5857 dicat
1625 5801 1765 5857 Deus
1817 5801 2100 5871 peccanti:
2132 5800 2305 5867 Quare
2343 5816 2457 5856 vero
2498 5810 2550 5853 tu
2591 5817 2806 5855 enarras

1219 5895 1455 5978 justitias
1483 5888 1644 5967 meus,
1674 5906 1719 5952 et
1747 5894 2010 5967 sumpsisti
2039 5901 2398 5952 testamentum
2422 5911 2589 5953 meum
2618 5912 2706 5964 per
2748 5912 2805 5952 os

2941 2002 3190 2057 munibus
3218 2001 3521 2069 disciditur.
3573 1999 3628 2054 lu
3677 2000 3920 2054 doctrina
3964 2015 4059 2053 sua
4102 2014 4337 2068 namque
4368 1998 4523 2051 abbas

2883 2127 2886 2131 ~
2940 2093 3296 2164 apostolicam
3323 2093 3483 2148 debet
3516 2092 3661 2146 illam
3696 2108 3909 2164 semper
3941 2096 4166 2146 fortnam
4202 2105 4441 2155 scrvare,
4475 2092 4521 2142 in

2938 2199 3042 2254 qua
3083 2185 3240 2240 dicit:
3275 2185 3470 2257 Argue,
3503 2185 3731 2249 obsecra,
3778 2188 3987 2256 increpa
4018 2184 4071 2252 (Ι
4128 2184 4260 2238 Tim.
4313 2187 4430 2245 tv):
4474 2183 4521 2235 id

2936 2286 3037 2341 est,
3073 2278 3307 2333 micens
3352 2278 3684 2348 temporibus
3736 2278 4323 2347 teuzpora,tetroribu.~
4375 2278 4517 2331 blan-

2936 2369 3193 2438 dimeula,
3226 2371 3399 2424 dirum
3453 2370 3712 2437 magistri,
3748 2371 3889 2436 tium
3942 2371 4106 2438 patris
4137 2370 4387 2425 osti-udat
4431 2370 4510 2422 af-

2937 2462 3168 2527 fectum;
3220 2461 3271 2515 id
3330 2470 3435 2527 et,
3468 2462 3895 2533 imliscipliu:.tus
3949 2472 4002 2515 et
4049 2463 4318 2517 inuictos
4366 2462 4523 2515 deirt

2935 2570 3197 2621 arietare:
3229 2554 3549 2609 obedientes
3591 2563 3641 2608 et
3678 2556 3855 2619 mitis,
3898 2562 3952 2607 ιι
3996 2556 4434 2625 patientissinies,
4468 2564 4524 2607 ut

2936 2647 2989 2703 in
3021 2648 3211 2702 melius
3256 2648 3442 2719 prol‘rci
3465 2657 3559 2713 int,
3593 2650 3879 2704 OilSN‘l'll‘C
3908 2668 3919 2703 :
3953 2651 4287 2719 uegigrntes
4318 2661 4370 2704 et
4400 2666 4525 2703 eon-

2936 2745 3243 2794 tcmucntes
3272 2748 3328 2793 ut
3360 2741 3605 2807 inerepet
3631 2741 4002 2795 admonemus.
4041 2742 4366 2795 ltunulitatis
4397 2759 4523 2797 vero

2935 2833 3097 2888 talem
3139 2834 3191 2888 in
3232 2851 3290 2889 se
3334 2835 3412 2889 eis
3457 2835 3685 2889 formam
3737 2835 3900 2890 debet
3946 2839 4255 2902 ostenfern,
4305 2837 4521 2905 qualem

2933 2923 3194 2980 Dominus
3226 2926 3684 2982 eludendo-utilius
3713 2927 3780 2981 de
3832 2928 3994 2996 galia
4030 2930 4237 2981 l'urtiori
4266 2930 4523 2997 apuséolis

2934 3015 3364 3083 demonstravit;
3405 3019 3454 3073 id
3487 3029 3587 3085 est,
3624 3036 3746 3073 cum
3785 3022 4120 3090 approbet-sa
4153 3037 4315 3076 manu
4347 3023 4521 3076 infan-

2934 3115 3042 3162 tem
3074 3110 3122 3162 in
3154 3109 3331 3164 nrcdio
3355 3126 3541 3163 eorum
3585 3111 3919 3178 deduxisset,
3954 3112 4113 3166 dixit'
4154 3116 4251 3177 Lini
4283 3115 4386 3168 vult
4413 3133 4523 3169 esse

2879 3258 2900 3280 η
2931 3200 3063 3253 inter
3084 3217 3169 3255 ros
3195 3202 3401 3271 fortior,
3425 3202 3490 3256 si:
3514 3203 3631 3255 talis
3662 3200 3876 3261 ~.Mntt:.
3903 3206 4074 3271 XVI”).
4104 3204 4337 3275 ideoque
4368 3206 4522 3277 quid-

2931 3294 3057 3363 quid
3087 3295 3252 3349 abbas
3282 3295 3557 3365 discipulis
3599 3312 3697 3366 pro
3730 3297 3841 3352 Deo
3883 3298 4149 3365 agetitittttt
4200 3300 4517 3367 injunxerit,

2932 3383 3150 3453 impleat
3195 3385 3368 3447 lactis,
3422 3394 3476 3439 ct
3526 3386 3744 3443 tradens
3793 3388 3973 3442 omnia
4025 3390 4384 3445 ordinationis
4411 3407 4524 3447 sua:

2931 3478 3144 3546 protelo
3169 3487 3467 3546 sequantur
3498 3479 3759 3546 membra,
3787 3495 3891 3549 qua
3922 3481 4135 3536 duxerit
4164 3493 4344 3551 caput.
4378 3483 4528 3540 Cha-

2930 3571 3144 3624 ritatum
3188 3587 3315 3624 vero
3364 3572 3446 3625 vei
3479 3573 3707 3642 gratiam
3757 3574 3917 3628 talem
3954 3574 4114 3630 debet
4148 3578 4288 3632 circa
4332 3594 4523 3633 attines

2928 3661 3125 3717 fratzes
3164 3662 3385 3730 habere,
3429 3673 3488 3718 ut
3534 3665 3737 3719 nullum
3785 3665 3873 3730 alii
3923 3672 4237 3738 prat'cnens,
4268 3671 4522 3725 omnibus

2928 3753 3203 3823 discipulis
3258 3755 3339 3809 vel
3374 3753 3495 3810 filiis
3552 3757 3664 3812 suis
3706 3759 3985 3814 amborum
4022 3771 4307 3830 parentum
4355 3764 4409 3818 in
4460 3780 4522 3820 se

2927 3863 3123 3903 nomen
3155 3848 3435 3903 exhibeat:
3470 3860 3720 3918 matrem,
3742 3851 3820 3908 eis
3848 3866 3998 3907 suam
4029 3856 4273 3923 praebens
4298 3859 4520 3928 aequali-

2928 3947 3011 3994 ter
3041 3940 3399 3995 cbaritatem:
3451 3950 3681 4011 patrem,
3715 3959 3772 3997 se
3825 3945 3904 3998 eis
3949 3957 4261 4001 meusurata
4313 3949 4522 4018 pietate

2926 4031 3197 4086 ostendat.
3238 4031 3549 4089 Meminisse
3570 4034 3733 4090 debet
3761 4036 3928 4092 abbas
3954 4052 4168 4109 semper
4197 4042 4344 4109 quod
4382 4042 4520 4098 dici-

2925 4133 3033 4182 tur.
3061 4127 3199 4193 Quia
3228 4129 3315 4182 cui
3370 4129 3490 4198 plus
3520 4130 3778 4197 creditur,
3812 4132 3932 4202 plus
3961 4132 4029 4188 ab
4067 4148 4135 4188 eo
4165 4136 4431 4204 exigitur:
4464 4148 4521 4193 et

2922 4220 3077 4286 sciat,
3109 4220 3233 4289 quia
3277 4222 3367 4290 qui
3405 4222 3642 4291 suscepit
3681 4225 3890 4278 animas
3942 4226 4225 4294 regendas,
4259 4238 4421 4296 paret
4459 4244 4521 4284 se

2922 4312 2990 4365 ad
3027 4312 3268 4367 rationes
3315 4313 3632 4370 reddendas.
3667 4314 3734 4369 Et
3775 4326 4036 4385 quantum
4084 4319 4185 4373 sub
4234 4336 4365 4375 cura
4417 4339 4521 4377 sua

2922 4402 3145 4459 fratrum
3200 4405 3402 4460 habere
3449 4407 3665 4462 sciverit
3720 4424 4038 4475 numerum,
4089 4423 4355 4479 agnoscat
4415 4429 4519 4483 pro

2922 4506 3111 4562 certo,
3173 4499 3299 4567 quia
3352 4499 3407 4552 in
3454 4499 3543 4554 die
3575 4500 3765 4569 judicii
3817 4501 4052 4572 ipsarqu
4098 4504 4340 4558 omnium
4399 4507 4525 4561 ani-

2922 4605 3131 4645 marum
3190 4598 3368 4647 tantas
3423 4599 3507 4646 est
3553 4591 3863 4649 redditurus
3927 4593 4156 4650 Domino
4222 4598 4521 4666 rationes;

2921 4683 3036 4737 sine
3060 4682 3223 4737 dubio
3254 4683 3434 4739 addita
3465 4692 3521 4738 et
3549 4700 3644 4739 sua
3680 4703 3690 4737 :
3725 4686 3849 4755 quia
3909 4694 3968 4740 ut
4006 4685 4201 4742 fratres
4237 4690 4290 4743 in
4323 4706 4527 4747 mona-

2918 4775 3084 4831 sterio
3116 4776 3388 4845 propriam
3413 4792 3520 4830 non
3544 4786 3767 4846 agerent
3795 4777 4145 4841 voluntatem,
4180 4779 4343 4850 hujus
4366 4798 4523 4838 sem-

2918 4881 3013 4935 per
3059 4866 3397 4935 jussionibus
3453 4869 3601 4924 omni
3657 4868 3961 4924 odedientia
4019 4871 4341 4927 militaruut.
4378 4876 4524 4941 Quia

2916 4971 3039 5012 cum
3072 4958 3301 5013 discussi
3331 4959 3531 5014 fuerint
3551 4960 3619 5015 de
3639 4961 3892 5016 omnibus
3911 4963 4118 5018 actibus
4146 4966 4279 5030 suis,
4313 4967 4528 5023 dicturi

2915 5058 3043 5104 sunt
3074 5047 3127 5103 in
3151 5048 3359 5119 judicio
3401 5051 3653 5120 Domino,
3681 5055 3858 5109 omnia
3915 5056 4052 5110 facta
4099 5074 4193 5111 sua
4242 5075 4343 5129 per
4386 5063 4527 5116 obco

2917 5143 3173 5199 dientiam
3202 5162 3232 5199 a
3277 5146 3523 5215 jussione
3554 5149 3771 5221 impleta
3810 5166 3930 5207 esse
3975 5154 4238 5222 magistri.
4272 5155 4527 5230 Ideoque

2916 5234 3077 5291 debet
3111 5252 3329 5309 semper
3353 5249 3548 5296 cautus
3598 5257 3719 5297 esse
3763 5246 4034 5314 magister,
4070 5258 4126 5301 ut
4158 5252 4342 5306 omnia
4397 5270 4522 5323 qua:

2913 5331 3163 5402 imperat,
3196 5334 3375 5389 omnia
3407 5351 3525 5404 qua:
3565 5337 3743 5403 docet,
3770 5340 3949 5393 omnia
3990 5355 4109 5409 qua:
4135 5345 4424 5411 emendat,
4449 5347 4519 5400 de

2912 5426 3197 5496 prmceptis
3247 5426 3362 5491 Dei,
3409 5427 3614 5495 justitia
3648 5429 3905 5495 digtantc,
3958 5443 4352 5501 monstrentur,
4389 5455 4517 5508 qua:

2914 5519 3099 5576 futuro
3133 5521 3340 5591 judicio
3393 5537 3501 5577 non
3532 5522 4002 5592 condemnentur;
4041 5527 4236 5583 timens
4285 5545 4515 5600 semper

2912 5612 3147 5669 fututam
3171 5614 3556 5671 discussionem
3584 5627 3767 5687 pastor
3786 5620 3850 5674 de
3879 5620 4097 5674 cretitis
4124 5622 4338 5677 ovibus.
4369 5624 4509 5691 Quia

2914 5715 2968 5760 ct
2997 5721 3117 5760 cum
3150 5705 3215 5761 de
3248 5707 3436 5761 alienis
3465 5708 3762 5764 ratiociniis
3803 5720 3974 5776 cavet,
4016 5712 4260 5768 redditur
4290 5714 4360 5768 de
4393 5717 4512 5769 suis

2911 5797 3202 5863 sollicitus;
3228 5805 3279 5853 ct
3301 5813 3422 5852 cum
3446 5799 3514 5853 de
3549 5800 3934 5857 monitionibus
3955 5801 4066 5856 suis
4093 5805 4508 5861 emendatione:

2912 5893 3029 5950 aliis
3062 5891 3454 5960 subministrat,
3485 5891 3602 5966 ipse
3641 5894 3871 5951 eflicitur
3911 5910 3939 5950 a
3973 5895 4118 5953 vitiis
4154 5897 4508 5959 emendatus.
