5174 6540
725 418 831 477 957

2235 417 2538 479 REGULA.

3904 424 4009 483 958

722 535 995 606 Quidquid
1028 550 1156 592 vero
1203 535 1369 591 abbas
1396 551 1495 606 pro
1526 535 1776 609 utilitate.
1802 533 2115 590 monasterii
2156 547 2315 603 agere
2345 540 2395 595 Α
2421 532 2518 589 sed
2563 531 2733 603 magis
2759 530 3142 603 benedicere;
3178 532 3620 603 [persecutionem
3665 547 3763 602 pro
3796 532 4009 603 iustitia

720 642 809 686 aut
844 631 1029 686 facere
1060 630 1315 694 voluerit,
1369 645 1489 684 cum
1538 627 2022 686 consilio‘fratrutn
2060 638 2211 697 agat:
2260 639 2315 685 et

717 725 1038 785 Convocatis
1067 724 1319 779 omnibus
1347 722 1606 779 fratribus
1646 723 1712 779 de
1744 723 1971 790 utilitate
2002 720 2314 777 monasterii

720 826 988 873 tractetur
1038 818 1434 874 communiter:
1467 818 1541 871 ita
1591 825 1771 872 tamen
1817 833 1926 872 non
1981 817 2153 872 libero
2179 831 2315 871 ausu

716 909 915 965 fratres
944 920 1040 965 aut
1080 912 1249 966 invito
1279 926 1389 966 sua:
1418 911 1633 980 pietatis
1677 909 1919 975 arbitrio,
1943 910 2036 964 sed
2072 910 2314 979 jussione

717 1012 771 1059 et
801 1005 1035 1073 imperio
1062 1005 1273 1061 abbatis
1302 1003 1564 1074 eligendis
1609 1005 1748 1059 forte
1764 1003 2001 1059 consiliis
2042 1003 2314 1073 applicen-

716 1107 823 1152 tur.
875 1100 1007 1153 t\‘am
1054 1098 1176 1154 ideo
1229 1098 1470 1153 omnium
1520 1105 1795 1166 quaeratur
1849 1096 2155 1162 consilium,
2189 1096 2313 1166 quia

714 1204 851 1263 quot
880 1192 1147 1257 homines,
1183 1200 1262 1246 tot
1285 1201 1409 1246 sunt
1434 1206 1532 1261 pro
1562 1190 1876 1244 ditersitate
1897 1188 2168 1245 interdum
2186 1203 2311 1244 sen-

717 1286 902 1339 tentia:
928 1305 936 1337 :
963 1300 1031 1339 ne
1062 1286 1220 1351 forte,
1246 1300 1276 1338 a
1306 1299 1413 1353 quo
1443 1300 1548 1338 non
1592 1291 1860 1353 speratur,
1882 1282 2085 1339 melius
2132 1281 2313 1338 subito

713 1377 876 1433 detur
925 1376 1235 1443 consilium,
1296 1386 1352 1431 et
1402 1376 1677 1429 communi
1724 1374 1941 1429 utilitati
1989 1373 2093 1429 hoc
2143 1372 2313 1442 magis

712 1471 967 1543 proliciat
993 1490 1002 1522 :
1030 1479 1083 1524 et
1123 1470 1190 1523 de
1238 1469 1421 1523 multis
1451 1469 1696 1525 consdiis
1724 1467 1867 1536 quod
1894 1466 2124 1537 eligatur
2154 1465 2313 1521 facile

712 1564 1008 1618 invenitur.
1044 1562 1198 1630 Quod
1222 1563 1355 1617 side
1377 1565 1627 1617 omnibus
1658 1562 1837 1616 nullus
1864 1570 2048 1630 aptum
2078 1559 2315 1629 potuerit

712 1655 844 1709 dare
877 1656 1185 1719 con-ilium,
1223 1664 1348 1708 tunc
1398 1653 1588 1719 abbas,
1622 1653 1831 1706 rtddita
1861 1652 2074 1706 ratione
2102 1648 2312 1705 consilii

710 1748 821 1815 sui,
848 1748 1149 1802 constituat
1178 1746 1325 1817 quod
1371 1744 1505 1800 vult.
1536 1743 1600 1798 Et
1633 1743 1839 1813 justum
1870 1753 1953 1797 est
1987 1751 2040 1798 ut
2070 1742 2309 1797 membra

710 1850 876 1909 caput
906 1848 1222 1909 sequantur.
1246 1836 1374 1893 Ideo
1404 1852 1592 1892 omnes
1608 1836 1803 1891 fratres
1826 1835 2058 1889 diximus
2080 1834 2146 1887 ad
2178 1848 2311 1888 con-

710 1933 893 1986 silium
918 1930 1119 1985 dcbere
1148 1929 1332 1985 vocari
1359 1948 1373 1995 ;
1404 1930 1498 1985 sed
1523 1929 1574 1983 in
1605 1929 1932 1983 sententiam
1956 1925 2303 1981 monasterii:
2343 1912 2388 1970 Β

709 2024 841 2092 quia
873 2038 959 2078 res
989 2023 1303 2077 monasterii
1335 2021 1585 2078 omnium
1616 2030 1723 2090 est,
1752 2029 1806 2076 et
1833 2019 2031 2074 nullius
2057 2029 2159 2073 cst.
2186 2019 2310 2073 Ideo

710 2116 979 2183 omnium,
1004 2117 1132 2186 quia
1161 2113 1495 2187 proficiendo
1529 2114 1933 2170 δυειτοδδίοιιθηι
1979 2111 2310 2183 quandoque

711 2208 769 2265 in
797 2210 1128 2265 monasterio
1156 2209 1365 2264 vicibus
1399 2209 1465 2263 dc
1487 2222 1546 2263 se
1588 2209 1782 2262 fratres
1812 2215 2161 2276 ex5pectant:
2190 2204 2311 2259 ideo

711 2302 934 2369 nullius,
959 2302 1087 2372 quia
1119 2301 1324 2357 nihilin
1349 2301 1681 2357 monasterio
1710 2300 1911 2371 aliquid
1941 2300 2040 2353 sibi
2074 2316 2101 2351 a
2136 2299 2305 2351 i:atri~

706 2394 813 2449 bus
861 2395 1214 2467 peculiariter
1264 2395 1588 2449 vindicatur.
1619 2393 1686 2447 Et
1732 2393 1909 2448 nullus
1955 2409 2051 2447 suo
2108 2391 2310 2462 aliquid

706 2487 1000 2543 constituit
1024 2496 1082 2541 ut
1114 2487 1275 2542 faciat
1313 2488 1561 2553 arbitrio,
1595 2488 1691 2544 sed
1732 2503 1922 2544 omnes
1964 2488 2061 2543 sub
2086 2488 2310 2557 imperio

710 2580 920 2650 degunt
942 2579 1172 2634 abbatis.
1207 2578 1307 2647 Qui
1340 2594 1469 2649 ergo
1510 2580 1676 2635 abbas
1720 2595 1921 2636 sancta:
1975 2581 2134 2649 hujus
2181 2581 2311 2635 artis

705 2671 1023 2738 sitartifex,
1054 2687 1161 2727 non
1216 2672 1319 2727 sibi
1366 2674 1534 2743 ipsius
1582 2674 1736 2741 artis,
1768 2674 1860 2728 sed
1896 2673 2124 2729 Domino
2174 2672 2306 2727 assi-

704 2778 884 2834 gnans
914 2763 1298 2828 ministerium,
1332 2763 1485 2833 cujus
1512 2764 1561 2818 in
1590 2764 1743 2819 nobis
1768 2765 1938 2833 gratia
1972 2763 2309 2830 fabricatum,

706 2857 973 2927 quidquid
995 2873 1024 2911 a
1050 2856 1207 2913 nobis
1234 2866 1420 2913 sancte
1442 2856 1717 2928 perficitur
1747 2876 1759 2910 :
1791 2874 1906 2925 qua:
1943 2873 2029 2913 ars
2052 2857 2229 2912 doceri
2259 2864 2312 2911 et

707 2948 850 3004 disci
898 2950 1061 3005 debet
1089 2950 1143 3005 in
1184 2950 1498 3006 monasterii
1525 2949 1739 3006 oﬂicina
1773 2960 1828 3007 et
1855 2950 2116 3015 exerceri,
2151 2954 2312 3019 prout

708 3057 837 3097 cum
870 3042 1201 3113 spiritalibus
1227 3042 1588 3099 ferramentis.

989 3287 1379 3328 IS1EﬂBOGATl0
1418 3288 1611 3327 DISCIPL
1627 3288 1669 3326 ιι
1708 3287 2039 3335 SEQUENTE“.

712 3389 851 3457 Qua:
878 3397 954 3442 est
978 3404 1066 3442 ars
1097 3397 1303 3453 sancta,
1334 3404 1487 3457 quam
1519 3389 1699 3440 docere
1723 3386 1862 3440 debet
1895 3384 2054 3440 abbas
2078 3385 2306 3456 discipu-

1224 3460 1319 3517 tlos
1346 3462 1399 3513 in
1434 3460 1745 3513 monasterio
1770 3465 1792 3511 ζ’

969 3588 1277 3629 BESPONDET
1321 3587 1547 3628 DOMINUS
1586 3589 1684 3626 l’..ll
1727 3588 2049 3627 διλςιδτηῑλι.

781 3688 915 3755 Quae
942 3688 1058 3742 hcc
1085 3694 1168 3741 est
1198 3700 1287 3740 ars
1316 3690 1539 3740 sancta?
1570 3687 1742 3755 primo
1790 3685 2031 3749 credere,
2064 3684 2309 3741 confiteri

704 3792 767 3839 et
797 3784 992 3836 timere
1022 3780 1191 3835 Deum
1219 3777 1456 3845 Patrem,
1488 3790 1541 3833 et
1568 3779 1784 3847 Filium,
1816 3790 1870 3834 et
1899 3779 2152 3850 Spiritum
2185 3797 2309 3834 san—

704 3884 880 3936 ctum,
908 3888 1072 3927 unum
1094 3870 1264 3927 Deum
1291 3872 1344 3925 in
1369 3870 1652 3936 Trinitate,
1675 3884 1728 3926 et
1758 3872 1955 3927 trinum
1990 3872 2041 3926 in
2069 3872 2307 3937 unitate;

706 3969 915 4023 trinum
945 3967 999 4021 in
1045 3983 1148 4022 una
1181 3966 1417 4030 deitate,
1451 3966 1625 4021 solum
1666 3976 1722 4021 et
1748 3982 1912 4021 unum
1945 3967 1996 4021 in
2029 3966 2167 4021 trina
2199 3982 2310 4021 ma-

704 4060 924 4132 jestatis
951 4061 1214 4132 potentia.
1247 4058 1386 4129 Ergo
1412 4060 1555 4115 hunc
1584 4074 1651 4114 ex
1675 4067 1790 4113 toto
1833 4060 1998 4114 corde
2027 4068 2081 4114 et
2102 4074 2168 4114 ex
2199 4067 2310 4113 tota

710 4154 897 4207 anima
957 4152 1221 4222 diligere,
1270 4160 1326 4207 ct
1381 4152 1687 4222 proximum
1726 4160 1996 4220 ,tanquam
2051 4152 2310 4221 seipsum.

705 4244 922 4300 Deinde
972 4260 1081 4299 non
1127 4242 1410 4311 occidere,
1459 4259 1568 4298 non
1616 4242 1947 4310 adulterare,
1996 4258 2103 4297 non
2136 4242 2315 4300 facere

711 4339 948 4402 furtum,
984 4353 1090 4392 non
1122 4338 1537 4407 concupiscere.
1568 4351 1678 4391 non
1723 4335 1914 4390 falsum
1946 4336 2312 4390 testimonium

711 4431 937 4497 dicere;
972 4432 1241 4484 honorare
1286 4438 1494 4499 patrem
1537 4437 1592 4484 et
1639 4436 1869 4483 matrem
1898 4446 1911 4482 :
1944 4439 1999 4483 et
2038 4430 2181 4499 quod
2211 4430 2310 4483 sibi

712 4523 836 4593 quis
882 4538 992 4577 non
1040 4523 1154 4575 vult
1203 4522 1346 4587 fieri,
1381 4521 1470 4575 alii
1499 4536 1567 4577 ne
1596 4520 1775 4577 faciat.
1806 4522 2091 4590 Abnegare
2113 4530 2312 4575 semet-

711 4616 914 4689 ipsum,
968 4626 1025 4671 ut
1079 4624 1337 4688 sequatur
1385 4616 1697 4683 Christum;
1743 4632 1938 4687 corpus
1986 4634 2083 4688 pro
2132 4620 2309 4671 anima

711 4715 1005 4779 castigare,
1040 4710 1261 4765 delicias
1284 4709 1486 4779 fugere,
1516 4709 1776 4780 jejunium
1810 4726 2015 4776 amare,
2044 4726 2310 4781 pauperes

712 4823 989 4872 recreare,
1039 4807 1242 4862 nudum
1290 4808 1510 4873 vestire,
1561 4808 1828 4863 inﬁrmum
1883 4809 2124 4873 visitare,
2170 4824 2313 4863 mor-

713 4915 868 4958 tuum
919 4900 1172 4970 sepelire,
1223 4900 1275 4954 in
1323 4899 1673 4955 tribulatione
1702 4901 2008 4965 subvenire,
2040 4900 2310 4955 dolentem

708 4994 1025 5060 consolare,
1058 5001 1301 5045 mutuum
1329 4990 1459 5046 dare
1501 4990 1761 5059 indigenti
1795 5009 1806 5041 :
1841 5006 1870 5045 a
1899 4990 2080 5046 smculi
2107 4990 2313 5045 actibus

710 5105 773 5144 se
818 5088 1001 5143 facere
1046 5086 1279 5140 alienum
1313 5102 1326 5138 :
1361 5084 1496 5139 nihil
1538 5084 1708 5139 amori
1748 5083 1947 5140 Christi
1980 5099 2309 5154 praeponere,

713 5182 748 5235 ii
764 5197 852 5235 am
876 5197 984 5235 non
1008 5177 1306 5250 perlicere;
1329 5178 1619 5235 iracundia:
1641 5187 1851 5250 tempus
1869 5194 1975 5233 non
1999 5192 2310 5243 reservare;

713 5275 904 5328 dolum
939 5273 991 5327 in
1024 5272 1189 5328 corde
1229 5288 1338 5329 non
1371 5280 1592 5339 tenere;
1626 5271 1694 5327 de
1746 5270 2077 5327 conscientia
2124 5284 2311 5341 pacem

716 5366 910 5419 falsam
944 5381 1049 5419 non
1100 5365 1259 5430 dare,
1305 5363 1457 5419 fratri
1491 5362 1651 5417 fidem
1690 5379 1949 5429 servare;
1984 5380 2090 5417 non
2133 5378 2315 5417 amare

720 5459 1047 5526 detrahere;
1097 5460 1424 5530 promissum
1469 5458 1771 5529 complere.
1805 5466 1860 5513 et
1888 5473 1995 5512 non
2026 5457 2277 5525 decipere
2298 5498 2312 5523 τ

718 5550 1040 5607 charitatem
1076 5566 1183 5605 non
1224 5550 1634 5619 derelinquere;
1664 5564 1771 5605 non
1800 5563 1980 5603 amare
2006 5547 2219 5617 jurare,
2250 5563 2316 5603 ne

720 5643 867 5700 forte
911 5644 1189 5716 perjuret;
1218 5645 1498 5700 veritatem
1532 5660 1599 5699 ex
1628 5643 1790 5700 corde
1818 5652 1874 5698 et
1915 5658 2009 5698 ore
2039 5643 2315 5712 proferre;

717 5737 925 5793 malum
956 5752 1057 5809 pro
1089 5737 1232 5793 malo
1262 5754 1367 5793 non
1406 5736 1665 5801 reddere;
1694 5736 1917 5805 injurias
1965 5751 2071 5791 non
2118 5734 2316 5799 facere,

718 5832 822 5889 sed
848 5841 904 5889 et
934 5832 1107 5889 factas
1137 5833 1402 5903 patienter
1439 5832 1663 5888 sullerre
1690 5849 1704 5897 ;
1736 5831 1982 5887 inimicos
2038 5829 2320 5909 plusquam

721 5928 927 5989 amicos
952 5930 1224 6003 diligere;
1254 5926 1644 5986 maledicentes
1668 5942 1728 5985 se
1773 5941 1880 5984 non
1913 5924 2319 5993 remaledieere,

2420 631 2708 689 sustinere,
2741 640 2849 681 non
2877 638 2999 684 esse
3023 626 3335 695 superbum,
3360 641 3480 697 non
3506 624 3861 691 vinolentum,
3895 641 4006 682 non

2420 716 2646 771 multum
2668 715 2909 781 edacem,
2936 731 3041 772 non
3066 716 3485 782 somnolentum,
3509 730 3617 772 non
3637 715 3868 786 pigrum,
3898 732 4005 772 non

2419 810 2860 875 murmuriosum,
2892 824 3041 879 spem
3071 824 3224 865 suam
3249 809 3362 865 Deo
3391 809 3731 865 committere
3762 828 3775 862 :
3805 811 4007 864 bonum

2418 903 2619 972 aliquid
2652 904 2704 959 in
2732 918 2792 959 se
2816 918 2936 959 cum
2969 902 3183 969 viderit,
3216 918 3249 958 a
3282 903 3390 957 Deo
3423 904 3622 958 factum
3651 902 3823 972 magis
3843 916 4005 971 quam

2417 1013 2448 1052 a
2492 1013 2552 1053 se
2584 998 2889 1065 existimet;
2921 997 3119 1053 malum
3168 1014 3198 1053 a
3228 1013 3287 1054 se
3316 997 3517 1054 factum
3562 997 3791 1067 judicet,
3820 1006 3876 1054 et
3902 997 4007 1053 sibi

2416 1101 2472 1147 et
2500 1091 2713 1147 diabolo
2741 1093 2973 1162 imputet
3006 1110 3017 1146 :
3047 1092 3310 1147 desideria
3338 1107 3437 1148 sua
3465 1106 3497 1146 a
3522 1090 3641 1157 Deo
3688 1090 3875 1161 perlici
3896 1106 4011 1161 ιορ-

2416 1192 2533 1240 tare
2567 1203 2579 1237 :
2614 1185 2967 1240 substantiam
2989 1200 3140 1239 suam
3171 1200 3277 1240 non
3309 1185 3360 1239 in
3391 1183 3510 1240 solo
3536 1182 3724 1238 labore
3749 1197 4007 1238 manuum

2415 1290 2655 1341 suarum,
2680 1280 2773 1331 sed
2802 1276 2920 1346 plus
2941 1291 2971 1331 a
2994 1275 3113 1331 Deo
3134 1289 3352 1345 sperare
3379 1293 3390 1329 :
3415 1274 3556 1329 diem
3580 1272 3768 1343 judicii
3792 1272 4005 1339 timere,

2415 1370 2715 1437 gehennam
2763 1383 3122 1439 expavescere
3155 1388 3165 1420 :
3196 1370 3361 1421 vitam
3411 1377 3669 1422 aeternam
3700 1375 3766 1422 et
3790 1364 4012 1423 Jerusa-

2416 1460 2520 1516 lem
2550 1470 2786 1518 sanctam
2811 1462 3117 1518 desiderare
3144 1479 3154 1513 :
3188 1469 3417 1516 mortem
3447 1461 3692 1530 quotidie
3716 1469 3843 1517 ante
3873 1477 4006 1517 ocu-

2416 1556 2497 1611 los
2543 1566 2848 1627 suSpectam
2898 1557 3100 1610 habere
3133 1574 3143 1607 :
3178 1564 3331 1611 actus
3366 1555 3490 1610 vitae
3536 1570 3646 1610 sua:
3682 1556 3829 1611 omni
3875 1556 4007 1610 hora

2415 1648 2684 1703 custodire
2715 1667 2727 1701 :
2759 1647 2810 1702 in
2842 1649 3033 1717 quovis
3061 1647 3181 1702 loco
3216 1662 3246 1700 a
3280 1646 3389 1701 Deo
3421 1662 3481 1702 se
3510 1646 3709 1717 respici
3734 1662 3832 1716 pro
3858 1657 4007 1702 certo

2414 1740 2590 1805 scire;
2625 1739 2982 1809 cogitationes
3024 1739 3194 1794 malas
3233 1738 3382 1795 cordi
3420 1754 3524 1795 suo
3562 1740 3911 1796 advenientes
3942 1740 4008 1793 ad

2416 1832 2685 1888 Christum
2716 1849 2843 1889 mox
2870 1833 3092 1889 allidere
3122 1832 3320 1889 debere
3355 1848 3368 1887 :
3399 1847 3462 1888 os
3486 1848 3641 1889 suum
3669 1849 3700 1888 a
3753 1834 3896 1889 malo
3925 1832 4009 1887 vel

2416 1942 2583 1997 pravo
2613 1928 2828 1998 eloquio
2854 1928 3164 1991 custodire;
3190 1928 3417 1982 multum
3461 1928 3607 1999 loqui
3646 1942 3749 1983 non
3782 1943 3963 1982 amare
3991 1943 4008 1991 ;

2415 2022 2577 2076 verba
2608 2035 2741 2075 vana
2793 2029 2885 2075 aut
2924 2022 3051 2076 risui
3083 2030 3207 2091 apta
3232 2036 3339 2075 non
3380 2037 3446 2076 ex
3486 2030 3598 2076 toto
3630 2021 3811 2090 loqui;
3842 2021 4008 2075 risum

2415 2117 2641 2170 tnultmn
2672 2123 2763 2170 aut
2790 2130 3077 2171 excussum
3111 2130 3219 2169 non
3250 2129 3471 2180 amare;
3504 2114 3766 2169 lectiones
3792 2121 4009 2168 sanctas

2415 2210 2646 2266 libenter
2704 2211 2932 2273 audire;
2982 2210 3216 2264 orationi
3285 2208 3599 2280 frequenter
3646 2208 4005 2274 incumbere;

2370 2306 2373 2309 ‘
2414 2302 2552 2356 mala
2581 2317 2673 2355 sua
2727 2301 2997 2370 praeterita
3048 2317 3171 2357 cum
3214 2300 3463 2372 lacrymis
3513 2300 3599 2355 vel
3644 2300 3847 2369 gemitu
3897 2298 4009 2356 Deo

2414 2391 2657 2449 confiteri
2690 2393 2743 2447 in
2773 2394 3019 2447 oratione
3045 2392 3287 2462 quotidie
3318 2413 3328 2445 ;
3361 2392 3430 2448 de
3457 2382 3585 2463 ipsis
3620 2393 3778 2448 malis
3801 2392 3871 2447 de
3905 2407 4010 2447 ca:-

2418 2496 2533 2539 tero
2589 2486 2878 2539 emendare
2923 2502 2937 2538 :
2987 2483 3256 2540 desideria
3301 2484 3479 2539 carnis
3527 2499 3635 2539 non
3688 2484 3948 2554 perlicere
3991 2500 4004 2537 :

2416 2580 2746 2633 voluntatem
2788 2577 3063 2648 propriam
3103 2593 3211 2632 non
3243 2577 3429 2632 audire
3460 2593 3473 2629 :
3505 2575 3868 2632 obedientiam
3913 2575 4009 2631 ad-

2416 2673 2715 2726 monitione
2759 2670 2971 2726 abbatis
3011 2685 3207 2741 parere
3237 2690 3248 2723 :
3283 2686 3390 2726 non
3433 2684 3632 2740 cupere
3661 2669 3766 2725 dici
3796 2685 3857 2726 se
3885 2684 4007 2724 san—

2416 2774 2561 2820 ctum
2591 2774 2881 2834 antequam
2910 2765 3003 2832 sit,
3034 2765 3129 2820 sed
3152 2763 3311 2834 prius“
3331 2778 3451 2819 esse
3477 2763 3623 2833 quod
3654 2762 3838 2818 verius
3863 2762 4009 2818 dica-

2418 2864 2522 2918 tur,
2554 2863 2606 2909 et
2636 2854 2714 2911 sic
2751 2855 2856 2910 dici
2883 2854 3105 2910 debere.
3139 2855 3414 2924 Praecepta
3445 2854 3541 2909 Dei
3570 2853 3726 2910 factis
3767 2852 4008 2924 quotidie

2415 2948 2748 3019 adimplere;
2778 2948 3083 3005 castitatem
3112 2963 3298 3003 amare
3324 2969 3338 3013 ;
3373 2947 3577 3002 nullum
3607 2948 3759 3002 odire
3784 2962 3800 3011 ;
3832 2946 4007 3002 zelum

2416 3056 2523 3097 non
2548 3043 2788 3109 habere;
2823 3041 3077 3097 invidiam
3106 3057 3213 3097 non
3255 3056 3552 3109 exercere;
3600 3042 4004 3097 contentionem

2418 3151 2524 3191 non
2557 3150 2740 3190 amare
2771 3152 2781 3188 :
2816 3142 2942 3190 ante
2979 3134 3111 3190 solis
3137 3149 3392 3190 occasum
3416 3150 3539 3189 cum
3573 3132 3790 3191 inimico
3831 3134 4009 3193 redire

2420 3229 2471 3283 in
2505 3229 2766 3297 gratiam;
2801 3226 3053 3283 omnibus
3074 3226 3230 3282 bonis
3255 3242 3321 3283 ex
3344 3234 3459 3283 toto
3485 3226 3651 3284 corde
3674 3226 3930 3296 obedire;
3955 3236 4012 3283 et

2418 3321 2484 3375 de
2511 3320 2619 3375 Deo
2652 3334 2923 3391 nunquam
2955 3318 3266 3389 desperare.

2484 3428 2627 3485 Ecce
2657 3429 2770 3485 inec
2798 3444 2885 3484 ars
2911 3437 2995 3484 est
3022 3437 3230 3496 sancta,
3262 3444 3425 3500 quam
3456 3429 3798 3487 ferramentis
3830 3430 4003 3488 debe-

2414 3537 2534 3576 mus
2562 3520 2890 3590 spi:italibus
2917 3522 3130 3588 Operari
3154 3539 3166 3574 :
3195 3536 3313 3591 quae
3358 3538 3446 3577 ars
3466 3533 3654 3578 sancta
3680 3539 3804 3579 cum
3831 3523 3993 3579 fuerit

2416 3612 2620 3667 avobis
2673 3612 2761 3667 die
2810 3620 3082 3680 noctuque
3132 3613 3528 3669 incessabiliter
3575 3614 3886 3684 adimpleta,
3943 3622 4003 3671 et

2416 3720 2537 3758 cu-n
2572 3701 2939 3772 unusquisque
2963 3703 3015 3756 in
3049 3701 3192 3756 diem
3229 3702 3419 3771 judicii
3452 3703 3681 3760 Domino
3712 3704 3824 3760 Deo
3853 3704 3998 3761 futu-

2414 3809 2600 3848 rerum
2632 3808 2687 3849 et
2731 3794 2995 3849 factorum
3039 3809 3261 3848 suorum
3308 3809 3479 3866 opera
3533 3792 3845 3863 signaverit,
3874 3804 4004 3852 tunc

2417 3887 2530 3942 haec
2559 3901 2667 3951 ars,
2703 3900 2825 3957 quae
2875 3902 2939 3941 ex
2986 3885 3082 3941 Dei
3134 3885 3416 3941 voluntate
3473 3887 3775 3954 descendit,
3808 3902 3929 3943 cum
3974 3902 4005 3943 a

2415 3981 2572 4037 nobis
2603 3980 2840 4051 perfecta
2872 3989 2927 4036 et
2957 3979 3357 4050 inculpabiliter
3387 3979 3624 4035 Domino
3654 3979 3815 4036 fuerit
3844 3980 3897 4035 in
3921 3980 4010 4037 die

2412 4073 2599 4142 judicii
2649 4073 3053 4142 reconsignata,
3101 4072 3191 4126 illa
3235 4086 3448 4128 merces
3491 4071 3646 4127 nobis
3702 4086 3732 4125 a
3777 4070 4007 4127 Domino

2420 4158 2758 4237 repensetur,
2811 4183 2972 4237 quam
3018 4167 3172 4222 nobis
3204 4166 3375 4221 fidelis
3425 4166 3686 4222 Dominus
3716 4166 4005 4236 promittit,

2416 4275 2536 4330 qum
2559 4269 2897 4331 praeparatur
2924 4260 3148 4326 sanctis,
3179 4268 3235 4314 et
3256 4259 3420 4313 Deum
3449 4259 3783 4325 timentibus,
3810 4268 3864 4312 et
3888 4258 4002 4314 haec

2418 4364 2685 4424 praecepta
2716 4354 2870 4409 factis
2897 4352 3247 4423 implentibus
3278 4375 3292 4419 ;
3325 4351 3603 4408 habitandi
3648 4350 3698 4405 in
3743 4360 4009 4422 perpetuo

2418 4456 2637 4511 terram,
2668 4445 2864 4514 septies
2888 4453 3112 4513 argento
3143 4444 3458 4499 lucidiorem
3479 4461 3492 4497 :
3513 4442 3581 4496 de
3612 4441 3767 4511 cujus
3788 4455 4005 4497 camera

2419 4541 2538 4596 creti
2577 4556 2683 4595 non
2724 4539 2875 4595 istius
2909 4539 3041 4593 solis
3062 4537 3147 4592 vel
3169 4539 3326 4600 lunze,
3353 4553 3461 4591 non
3479 4535 3758 4591 stellarum
3780 4534 4007 4599 candor,

2418 4632 2511 4687 sed
2544 4631 2711 4700 ipsius
2743 4629 2837 4683 Dei
2881 4638 3139 4698 perpetua
3188 4622 3443 4697 majestas
3496 4625 3715 4681 lucebit.
3762 4624 3817 4678 ln
3850 4621 4009 4692 cujus

2421 4734 2576 4779 terrm
2607 4724 2813 4792 fulgore
2856 4722 3031 4777 mellis
3063 4731 3118 4777 et
3158 4722 3331 4784 lactis,
3377 4719 3487 4774 vini
3527 4728 3583 4775 et
3629 4718 3736 4773 olei
3783 4717 4007 4773 ﬂumina

2422 4818 2475 4873 in
2501 4826 2765 4873 aeternum
2794 4816 3068 4872 currentia
3101 4822 3493 4884 praeparantur.
3523 4812 3583 4867 lu
3611 4827 3843 4881 quorum
3873 4811 4004 4881 ripis

2420 4910 2753 4966 diversarum
2786 4908 2994 4963 fructus
3020 4908 3278 4962 arborum
3305 4906 3486 4960 varios
3513 4912 3568 4960 et
3588 4902 3831 4960 diversos
3860 4903 4000 4958 duo-

2419 5001 2597 5056 decies
2631 5000 2681 5054 in
2726 5015 2926 5053 annum
2976 5006 3280 5060 nascentes,
3330 5012 3439 5052 non
3482 4996 3691 5053 cultura
3742 4996 4003 5059 hominis.

2421 5094 2515 5149 sed
2546 5092 2874 5147 abundantia
2902 5090 3149 5156 Deitatis,
3177 5092 3263 5161 qui
3314 5106 3421 5145 non
3466 5091 3608 5146 fame
3636 5089 3910 5146 delectant
3941 5088 4011 5145 ad

2420 5182 2768 5246 vescendum,
2791 5181 2877 5237 vel
2900 5183 3079 5237 esurie
3099 5190 3427 5250 appetuntur
3449 5180 3515 5234 ad
3538 5180 3968 5235 manducandum
3994 5220 4009 5244 ,

2422 5277 2513 5334 sed
2546 5286 2827 5345 postquam
2858 5275 3001 5330 oculi
3023 5274 3193 5329 nostri
3229 5274 3345 5343 ipso
3375 5274 3495 5327 visu
3526 5271 3727 5327 fuerint
3754 5272 4011 5341 saginati,

2424 5371 2639 5438 insuper
2665 5367 2957 5434 unicuique
2987 5366 3092 5421 hoc
3119 5365 3259 5433 sapit
3294 5370 3343 5418 in
3365 5381 3424 5419 os
3452 5380 3559 5432 quo
3589 5363 3750 5418 fuerit
3772 5362 4012 5418 delecta-

2426 5472 2529 5517 tus.
2564 5462 2771 5515 Sonant
2807 5458 3005 5513 ibidem
3035 5455 3237 5528 jugitcr
3286 5471 3451 5525 super
3487 5454 3632 5524 ripas
3666 5453 3881 5509 illorum
3910 5449 4010 5506 ﬂu-

2424 5555 2627 5610 minum
2673 5551 2850 5621 posita
2895 5564 3095 5618 organa
3143 5550 3501 5620 hymnorum:
3531 5559 3652 5615 qua:
3678 5544 3746 5601 ad
3798 5541 4011 5599 laudem

2425 5646 2568 5713 regis
2596 5643 2664 5698 ab
2694 5642 2899 5713 angelis
2948 5641 3303 5712 psaltentibus
3332 5639 3495 5695 simul
3548 5630 3753 5694 sanctis
3782 5636 4013 5691 archan-

2428 5739 2560 5809 gels
2611 5737 3008 5791 decantan‘ur:
3072 5750 3297 5805 quarum
3354 5732 3646 5789 dulcedine
3696 5746 3888 5787 vocum
3941 5731 4014 5784 ita

2428 5840 2737 5887 sanctorum
2793 5828 3128 5884 delectantur
3177 5828 3428 5893 auditus,
3477 5835 3541 5883 ut
3590 5827 3706 5898 ipsa
3767 5822 4016 5880 modula—

2430 5924 2581 5982 tione
2605 5922 2821 5983 canoris
2861 5921 3028 5982 nimia
3069 5920 3433 5985 delectatione
3459 5922 3674 5998 garrula
3702 5933 3860 5981 mens
3891 5914 4016 5993 plus
