5174 6558
730 405 838 466 961

2258 417 2566 478 ΒεουιΑ.

3930 439 4038 496 962

738 523 1069 582 monasteria
1094 525 1281 582 videas
1300 539 1455 598 plura
1476 539 1597 583 esse
1617 540 1780 597 quam
1805 531 2119 585 monachos.
2140 529 2196 585 In
2229 531 2335 588 hoc
2362 541 2412 597 Α
2440 549 2602 605 quam
2635 535 2825 591 anima}
2847 575 2865 604 ,
2920 536 3219 594 redduntur
3260 541 3459 597 securi.
3519 542 3658 610 Quia
3688 546 3804 602 sive
3857 548 3997 610 bene

738 620 883 675 enim
913 621 999 673 via
1050 619 1157 673 lata
1201 636 1230 673 a
1265 620 1458 675 talibus
1487 621 1727 676 creditur
1753 623 2013 678 ambulari
2041 663 2057 690 ,
2107 641 2227 680 cum
2285 626 2337 682 in

740 714 964 770 nomine
991 714 1237 767 monachi
1262 714 1534 768 communi
1564 731 1717 769 more
1744 716 2011 779 viventes,
2036 732 2159 771 cum
2187 719 2339 774 laicis

737 805 857 861 solo
891 814 1131 860 tonsura:
1158 805 1343 860 habitu
1371 808 1627 875 separati,
1646 809 1986 865 obedientias
2013 827 2137 866 suas
2168 813 2340 882 magis

736 894 1025 952 desideriis
1064 895 1497 958 subministrant,
1530 912 1693 966 quam
1728 898 1838 954 Deo
1867 919 1878 965 ;
1924 910 1980 955 et
2007 916 2108 956 suo
2135 901 2339 970 judicio

739 993 934 1055 putant
985 985 1083 1039 sibi
1127 985 1317 1052 licere,
1358 1001 1477 1056 quae
1510 988 1649 1040 mala
1686 999 1853 1044 sunt:
1881 999 1936 1044 et
1959 990 2218 1061 quidquid
2246 1009 2339 1047 vo-

739 1076 963 1140 luerint,
1005 1076 1108 1131 hoc
1139 1076 1328 1131 dicunt
1348 1087 1593 1133 sanctum
1613 1118 1628 1141 ,
1661 1089 1714 1133 et
1744 1081 1887 1149 quod
1911 1081 2203 1147 noluerint,
2236 1085 2339 1138 hoc

737 1179 936 1241 putant
965 1187 1074 1226 non
1114 1171 1301 1226 licere.
1327 1171 1392 1226 Et
1417 1182 1702 1243 acceptum
1733 1174 2014 1243 ducentes,
2043 1186 2101 1230 ut
2132 1179 2339 1247 cogita-

738 1263 981 1318 tionibus
1032 1264 1144 1318 suis
1201 1265 1417 1334 corpori
1474 1281 1664 1322 eorum
1712 1269 1883 1338 magis
1950 1269 2337 1338 provideatur,

737 1373 907 1427 quam
938 1357 1166 1423 animm;
1217 1358 1268 1412 id
1315 1369 1436 1425 est,
1492 1361 1728 1425 victum,
1779 1363 2066 1430 vestitum,
2120 1373 2176 1419 et
2227 1365 2338 1419 cal-

738 1451 983 1504 cearium
1009 1452 1179 1519 magis
1208 1451 1311 1508 sibi
1335 1453 1529 1508 melius
1557 1453 1656 1523 ipsi
1688 1470 1853 1525 posse
1887 1457 2146 1525 cogitare,
2178 1473 2338 1528 quam

739 1545 908 1599 alium
935 1561 948 1600 :
983 1561 1106 1600 nam
1137 1546 1206 1602 de
1247 1547 1439 1601 futuris
1468 1549 1766 1604 ratiociniis
1794 1551 1986 1605 anima:
2017 1551 2337 1620 negligenda

738 1639 816 1693 ita
843 1653 904 1694 se
932 1639 1167 1698 reddunt
1218 1654 1458 1704 securos,
1490 1651 1551 1695 ut
1580 1643 1698 1696 sine
1740 1645 2009 1712 majorum
2059 1645 2330 1712 probatio-

737 1732 902 1787 nibus
932 1733 1030 1787 sub
1071 1733 1296 1803 proprio
1342 1733 1568 1790 arbitrio
1618 1735 1950 1801 militantes,
2007 1738 2231 1790 credant
2281 1752 2340 1793 se

738 1839 961 1879 omnem
1002 1825 1176 1893 legem
1224 1833 1279 1879 et
1304 1825 1568 1893 justitiam
1619 1827 1714 1882 Dei
1773 1828 2010 1894 perlectc
2050 1829 2102 1882 in
2145 1828 2338 1882 cellula

2441 626 2556 684 sive
2587 629 2748 697 male,
2795 631 2998 698 pastori
3056 632 3318 687 incumbit
3364 636 3506 703 quod
3553 637 3608 692 in
3654 639 3847 696 ovibus
3877 659 4038 699 exer-

2442 729 2626 786 cetur;
2659 731 2714 776 et
2741 721 2891 776 illum
2923 733 3106 791 tanget
3136 725 3190 778 in
3239 724 3593 783 discussionis
3619 729 3827 799 judicio
3873 736 4040 791 ratio-

2441 826 2565 865 nem
2619 814 2865 880 reddere,
2899 815 2991 883 qui
3032 814 3283 886 imperat,
3318 835 3427 874 non
3470 821 3561 891 qui
3617 823 3879 894 imperata
3931 842 4041 897 per-

2443 903 2574 966 licit,
2607 905 2722 960 sive
2765 909 2906 961 bona
2938 908 3054 962 sive
3087 909 3247 964 mala.
3310 911 3434 967 ideo
3462 914 3606 968 enim
3638 917 3726 971 via
3755 929 3977 988 angusta
4009 937 4039 976 a

2442 995 2638 1050 talibus
2663 996 2900 1054 creditur
2951 1000 3236 1068 nmbulari,
3279 1004 3403 1071 quia
3435 1007 3654 1076 propria
3687 1008 3739 1062 in
3783 1011 3860 1064 eis
3890 1012 4038 1069 desi-

2441 1088 2590 1144 deria
2638 1089 2861 1149 minime
2924 1095 3331 1166 adimplentur:
3366 1107 3420 1153 et
3471 1117 3577 1155 non
3637 1104 3781 1172 quod
3849 1107 4039 1163 volunt

2442 1182 2749 1250 perliciunt,
2779 1185 2878 1240 sed
2910 1186 3072 1240 alieni
3107 1188 3297 1255 judicii
3341 1191 3530 1260 jugutn
3567 1197 3846 1253 trahentes
3874 1239 3887 1264 ,
3929 1215 4039 1270 quo

2441 1274 2523 1330 ire
2551 1276 3001 1335 delectationibus
3054 1280 3166 1336 suis
3207 1282 3510 1352 voluerint,
3559 1289 3926 1358 repelluntur;
3978 1302 4037 1349 et

2442 1382 2473 1421 a
2505 1369 2760 1440 magistro
2791 1371 2869 1426 eis
2928 1371 3072 1440 quod
3127 1387 3289 1444 agere
3338 1386 3432 1430 aut
3485 1378 3665 1434 facere
3713 1381 4036 1450 denegatur.

2443 1464 2782 1520 Amaricatur
2811 1465 3078 1521 voluntati
3107 1483 3296 1523 eorum
3327 1471 3571 1540 quotidie
3620 1474 3672 1530 in
3704 1477 4041 1534 monasterio

2443 1574 2542 1627 pro
2574 1559 2802 1614 Domino
2828 1602 2844 1628 ,
2895 1569 2948 1614 et
2982 1563 3046 1615 ad
3086 1562 3467 1632 probationem
3520 1582 3748 1637 qumque
3800 1569 4040 1639 injuncta

2442 1650 2660 1718 fuerint,
2693 1656 2959 1708 sustinent
3011 1654 3159 1710 velut
3189 1656 3239 1710 in
3273 1661 3532 1730 martyrio
3576 1663 3882 1732 patienter;
3922 1663 4041 1721 sine

2444 1744 2607 1800 dubio
2659 1746 2790 1802 illud
2836 1748 3064 1803 Domino
3114 1765 3234 1803 cum
3280 1753 3544 1821 propheta
3590 1753 3782 1810 dicturi
3827 1757 3878 1810 in
3923 1773 4040 1811 mo-

2443 1840 2716 1894 nasterio:
2754 1839 2973 1907 Pr0pter
3007 1851 3054 1895 te
3081 1855 3239 1897 morte
3279 1847 3536 1915 a/ﬁcimur
3580 1856 3689 1901 tota
3723 1849 3840 1914 die;
3897 1852 4040 1905 testi-

736 1918 984 1988 operari.
1019 1917 1154 1971 Nam
1182 1917 1225 1971 si
1270 1918 1410 1973 forte
1459 1922 1956 1989 supervenientium
1980 1922 2338 1986 quorumdam
2374 1929 2418 1988 Β
2445 1932 2570 1984 ηιαιὶ
2600 1948 2773 1985 sumus
2815 1942 2870 1985 ut
2899 1950 3012 1987 oves
3058 1936 3330 1990 occisionis
3378 1938 3551 2006 (Psal.
3604 1944 3776 2009 xuu).
3812 1941 3878 1997 Et
3907 1945 4034 2000 item

737 2009 1010 2075 majorum
1052 2025 1174 2064 cum
1225 2009 1662 2065 emendationum
1708 2012 1952 2081 quzedam
2004 2014 2084 2068 eis
2139 2015 2341 2068 monita

738 2100 1138 2167 tninistrantur,
1164 2113 1218 2156 et
1244 2102 1448 2157 inutilis
1473 2104 1550 2157 eis
1576 2105 1805 2159 docetur
1832 2105 1951 2160 talis
1971 2105 2210 2160 solitaria
2228 2105 2340 2160 dis-

738 2191 944 2261 positio
986 2190 1285 2257 habitandi,
1315 2208 1442 2246 mox
1472 2193 1551 2247 eis
1579 2193 1825 2261 displicet
1848 2209 1968 2249 cum
1997 2195 2114 2266 ipsa
2157 2197 2343 2250 docto-

739 2284 816 2338 ris
839 2298 1074 2354 persona
1103 2285 1385 2340 consilium
1413 2303 1427 2354 ;
1456 2296 1512 2341 et
1538 2288 1717 2341 statim
1744 2304 1851 2343 non
1876 2288 1927 2342 in
1951 2289 2340 2348 consentiendo

739 2367 812 2442 ei,
851 2376 935 2431 vel
965 2376 1018 2430 in
1057 2377 1334 2446 sequendo
1364 2394 1487 2434 eum
1515 2381 1950 2438 emendationem
1983 2383 2338 2451 promittunt;

737 2469 838 2523 sed
883 2470 1249 2538 respondent,
1292 2487 1352 2527 se
1404 2473 1586 2528 vivere
1630 2474 1830 2531 debere
1865 2476 2206 2545 simpliciter:
2243 2492 2341 2532 ne-

737 2568 977 2623 scientes
1013 2568 1140 2622 illud
1180 2570 1324 2638 quod
1354 2570 1489 2625 dixit
1516 2571 1789 2643 Propheta
1818 2591 1831 2626 :
1856 2575 2099 2644 Corrupti
2126 2584 2243 2630 sunt
2287 2583 2336 2627 et

736 2662 1112 2716 abominabiles
1136 2665 1260 2734 {acti
1283 2669 1474 2720 suntin
1497 2669 1841 2722 voluntatibus
1867 2670 1972 2722 suis
1996 2669 2165 2741 (Psal.
2202 2674 2338 2743 xm).

739 2754 809 2808 Et
847 2755 973 2808 illud
1000 2757 1366 2812 testimonium
1389 2759 1872 2829 Salomonis,qu0d
1901 2763 2059 2817 dicit:
2088 2765 2223 2819 Sunt
2247 2769 2341 2821 via:

735 2863 856 2916 qua:
877 2846 1107 2900 tidentur
1138 2849 1426 2903 hominibus
1450 2861 1634 2914 rectae,
1682 2869 1900 2921 quarum
1930 2855 2052 2922 ﬁnis
2093 2872 2252 2924 usque
2273 2857 2341 2909 ad

731 2939 1057 3010 profundum
1075 2942 1268 3010 inferni
1295 2943 1751 3015 demergit(Prov.
1784 2945 1880 3013 Iv).
1913 2944 2041 3001 Ideo
2069 2948 2216 3002 enim
2253 2950 2340 3005 via

734 3033 850 3089 lata
881 3048 911 3086 a
943 3033 1136 3088 talibus
1166 3037 1487 3105 ambulatur,
1519 3039 1644 3106 quia
1676 3054 2002 3108 quocunque
2057 3056 2152 3095 eos
2199 3041 2340 3097 desi-

733 3127 1018 3184 deriorum
1043 3128 1260 3184 duxerit
1308 3145 1436 3200 pes,
1485 3146 1613 3186 mox
1640 3146 1865 3187 assensu
1916 3143 2253 3202 sequuntur:
2287 3144 2342 3190 et

731 3219 1001 3290 quidquid
1045 3221 1450 3291 concupierint,
1483 3223 1938 3293 concupiscentia:
1975 3240 2168 3281 eorum
2197 3227 2340 3282 illico

2446 2023 2638 2077 dictttri
2703 2034 2888 2092 postea
2950 2027 3000 2080 in
3048 2026 3253 2095 judicio
3301 2029 3572 2085 Domino:
3620 2031 3864 2089 Probasti
3915 2053 4036 2106 nos,

2446 2116 2744 2187 Deus,igne
2771 2136 2862 2172 nos
2887 2121 3222 2184 examinasti,
3245 2123 3377 2176 sicut
3393 2127 3725 2180 examinatur
3740 2139 4033 2199 argentum,

2444 2211 2696 2264 induxisli
2713 2214 2868 2265 :tosin
2900 2214 3162 2284 laqueum;
3190 2217 3406 2284 posuisti
3429 2219 3786 2274 tribulationes
3808 2225 3860 2276 in
3885 2225 4038 2278 dorso

2446 2312 2640 2370 nostra,
2674 2305 2962 2373 imposuisti
2999 2308 3226 2362 homines
3255 2326 3408 2380 super
3437 2313 3612 2380 capita
3639 2323 3817 2368 nostra
3869 2315 4034 2386 (Ibid.

2446 2403 2595 2464 va).
2631 2395 2764 2451 Cum
2805 2413 2933 2466 ergo
2980 2399 3209 2454 dicunt:
3246 2400 3551 2472 Imposuisti
3601 2407 3834 2462 homines
3882 2425 4039 2478 super

2446 2490 2617 2560 capita
2641 2499 2843 2557 nostra,
2877 2500 3174 2547 noscuntur
3202 2493 3403 2550 habere
3433 2511 3596 2566 super
3621 2513 3681 2552 se
3703 2499 3901 2555 debere
3928 2515 4040 2556 ma-

2441 2580 2613 2649 jorem
2644 2583 2996 2636 constitutum
3047 2583 3167 2640 vice
3197 2585 3336 2651 Dei,
3397 2601 3558 2655 quem
3610 2590 3665 2644 in
3710 2593 4040 2649 monasterio

2446 2672 2691 2726 timeant.
2727 2673 2791 2727 Et
2818 2674 3214 2744 subsequentes
3254 2677 3624 2734 testimonium
3652 2685 4040 2740 convenienter

2445 2759 2575 2813 item
2607 2760 2836 2815 Domino
2867 2762 3051 2816 dicent
3077 2764 3131 2817 in
3162 2763 3253 2818 illo
3280 2764 3389 2834 jam
3413 2768 3614 2822 sa'culo
3641 2784 3655 2822 :
3682 2768 4036 2827 Transivimus

2444 2869 2534 2920 per
2559 2853 2728 2923 ignem
2757 2863 2805 2906 et
2834 2871 3051 2924 aquam,
3096 2866 3146 2909 et
3195 2857 3448 2912 induxisti
3478 2877 3573 2914 uos
3610 2863 3663 2914 in
3711 2865 4039 2934 refrigerium

2445 2943 2811 3015 (lbid.);hoc
2877 2957 2998 3013 est,
3057 2951 3401 3006 transivimus
3461 2969 3556 3022 per
3616 2958 4033 3014 amaricationes

2444 3039 2782 3107 voluptatum
2819 3049 3123 3096 nostrarum
3151 3085 3166 3110 ,
3219 3052 3275 3098 et
3302 3045 3522 3100 servitio
3553 3046 3877 3104 obedientia:
3914 3066 4039 3121 per-

2447 3131 2694 3186 venimus
2720 3132 2785 3185 ad
2818 3143 2922 3187 tua:
2947 3135 3285 3205 refrigerium
3342 3137 3576 3206 pietatis.
3609 3139 3715 3195 Sed
3756 3143 3869 3199 haec
3922 3145 4034 3215 ipsa

2445 3224 2755 3278 obedientia
2790 3233 2916 3280 tunc
2945 3227 3296 3297 acceptabilis
3318 3231 3424 3284 erit
3451 3231 3562 3287 Deo
3581 3272 3595 3298 ,
3646 3243 3702 3288 et
3727 3234 3901 3292 dulcis
3931 3237 4028 3294 ho-

731 3311 1118 3384 paratissimus
1145 3315 1310 3368 servit
1339 3314 1598 3381 ell'ectus;
1631 3327 1686 3371 et
1733 3333 1907 3373 novos
1952 3318 2054 3373 sibi
2105 3319 2337 3375 licentia:
2367 3309 2413 3374 C
2443 3317 2693 3383 minibus,
2723 3318 2766 3373 si
2789 3319 2934 3387 quod
2959 3320 3181 3390 jubetur
3212 3337 3318 3377 non
3361 3324 3568 3394 tepide,
3613 3342 3721 3381 non
3748 3330 3919 3395 tarde,
3947 3331 4035 3387 vel

729 3404 924 3470 calles,
953 3403 1040 3461 vel
1068 3413 1125 3459 ut
1167 3405 1318 3461 liberi
1361 3407 1479 3462 sine
1511 3408 1765 3477 magistro
1788 3409 1996 3465 arbitrii
2026 3410 2291 3468 facientes
2317 3451 2332 3476 ,

729 3494 884 3551 viam
936 3497 1059 3551 vita:
1111 3511 1223 3552 sua:
1275 3498 1474 3553 illicitis
1541 3501 1876 3572 voluptatum
1931 3503 2334 3561 diversitatibus

727 3588 1048 3656 delectant;
1099 3597 1156 3644 et
1175 3605 1501 3661 quocunque
1526 3592 1692 3648 etiam
1715 3594 2105 3653 delectationes
2145 3599 2334 3654 volue-

725 3679 846 3736 rint
895 3682 1184 3751 progredi,
1252 3683 1478 3741 licentes
1533 3695 1589 3742 et
1643 3688 1860 3758 patulos
1903 3689 2002 3745 sibi
2054 3693 2335 3761 praebeant

726 3789 952 3844 gressus
978 3791 989 3825 ε
1020 3773 1152 3828 illud
1177 3790 1394 3846 semper
1437 3777 1578 3834 scire
1631 3781 1881 3837 nolentes
1906 3820 1921 3847 ,
1952 3785 2079 3853 quia
2124 3786 2331 3842 homini

729 3873 920 3920 creato
980 3881 1118 3920 mors
1157 3867 1316 3936 juxta
1361 3871 1630 3926 introitum
1660 3872 2017 3930 delectationis
2063 3879 2237 3947 posita
2264 3882 2331 3933 sit

730 3956 932 4027 (Eceti.
952 3959 1127 4028 xvtn).
1144 3959 1212 4013 Et
1235 3961 1379 4030 quod
1391 3964 1473 4018 eis
1483 3963 1684 4019 dictum
1695 3967 1769 4021 sit
1792 3985 1804 4020 :
1824 3966 2330 4041 Postconcupiscen-

728 4051 835 4105 tias
868 4062 980 4105 tuas
1007 4068 1112 4106 non
1139 4068 1250 4116 eas,
1275 4063 1325 4107 et
1353 4071 1387 4107 a
1405 4058 1750 4112 voluntatibus
1773 4062 1874 4114 tuis
1904 4073 2074 4116 auerte
2099 4062 2324 4135 (lbid.);

725 4143 900 4199 surdo
929 4144 1114 4198 auditu
1159 4155 1559 4215 pertranseunt.
1580 4145 1622 4201 E
1660 4152 1954 4218 contrario,
1973 4154 2169 4224 quibus
2197 4172 2328 4212 vero

725 4235 802 4292 ad
829 4235 996 4291 vitam
1018 4245 1276 4291 mternam
1307 4238 1617 4294 ambulandi
1647 4256 1803 4298 amor
1831 4242 2097 4300 incumbit
2128 4290 2142 4314 ,
2201 4248 2325 4303 ideo

723 4337 1016 4399 angustam
1041 4328 1184 4383 viam
1213 4331 1496 4400 arripiunt,
1529 4340 1588 4387 ut
1626 4349 1734 4389 non
1765 4350 1864 4392 suo
1885 4338 2108 4394 arbitrio
2141 4339 2325 4396 viven-

725 4428 833 4484 tes,
869 4418 952 4474 vel
976 4419 1258 4476 desideriis
1286 4421 1418 4487 suis,
1450 4430 1508 4478 et
1551 4423 1920 4481 voluntatibus
1961 4430 2279 4487 obedientes
2307 4473 2320 4497 ,

723 4513 826 4569 sed
849 4515 1186 4569 ambulantes
1205 4517 1384 4572 alieno
1408 4517 1632 4587 judicio,
1653 4528 1708 4576 et
1737 4521 1985 4592 imperio,
2014 4543 2120 4581 non
2144 4529 2318 4583 solum

725 4609 782 4662 in
812 4607 1139 4676 supradictis
1181 4609 1464 4667 desideriis
1514 4614 1627 4668 suis
1654 4621 1712 4670 et
1759 4615 2126 4675 voluntatibus
2170 4637 2323 4677 coar-

2439 3425 2562 3464 cum
2607 3413 3052 3479 murmuratione,
3081 3414 3166 3470 vel
3209 3431 3331 3470 cum
3359 3432 3620 3487 responso
3658 3420 3891 3478 nolentis
3919 3423 4036 3478 eﬂi-

2437 3500 2630 3554 ciatur.
2665 3501 2797 3568 Quia
2832 3503 3164 3573 obedientia,
3194 3521 3313 3576 quae
3370 3507 3663 3576 majoribus
3710 3513 3985 3582 praebetur
4011 3556 4030 3582 ,

2440 3586 2555 3643 Deo
2599 3589 2778 3644 datur.
2803 3589 2956 3646 Sicut
2983 3592 3113 3648 dicit
3151 3595 3408 3652 Dominus
3451 3597 3765 3656 doctoribus
3791 3604 4033 3663 nostris:

2440 3679 2539 3743 Qui
2565 3697 2651 3735 vos
2670 3681 2853 3746 audit,
2892 3700 2973 3736 me
3018 3686 3166 3738 audit
3209 3685 3428 3756 (Matth.
3482 3689 3563 3762 ι).
3600 3691 3668 3746 Et
3696 3693 3825 3750 alibi
3851 3697 3983 3753 dicit
4013 3717 4028 3753 :

2437 3769 2699 3826 Obauditu
2748 3775 2890 3829 auris
2920 3775 3141 3831 obedivit
3187 3781 3312 3834 milii
3341 3780 3511 3850 (Psal.
3543 3789 3697 3855 xvu).
3725 3785 3867 3860 Ergo
3910 3791 4026 3862 ipsa

2435 3863 2763 3931 obedientia,
2783 3881 2906 3921 cum
2936 3867 3082 3923 bono
3113 3870 3296 3926 animo
3323 3887 3353 3927 a
3383 3874 3659 3943 discipulis
3688 3880 4028 3952 pratbeatur;

2433 3959 2554 4029 quia
2575 3959 2797 4014 hilarem
2825 3961 3060 4016 datorem
3085 3963 3256 4036 diligit
3278 3965 3417 4022 Deus
3440 3967 3497 4038 (1
3503 3968 3530 4023 I
3549 3969 3669 4025 Cor.
3699 3972 3800 4045 Ix).
3828 3974 3960 4031 Nam
3981 3978 4026 4034 si

2435 4066 2559 4105 cum
2588 4051 2733 4107 malo
2764 4053 2947 4109 animo
2975 4055 3274 4126 discipulus
3303 4058 3484 4114 obedit
3509 4100 3524 4126 ,
3573 4077 3680 4118 non
3709 4065 3887 4121 solum
3933 4083 4030 4124 no-

2433 4143 2516 4198 bis
2542 4159 2658 4210 ore,
2686 4145 2783 4200 sed
2810 4153 2865 4200 et
2899 4146 3009 4201 Deo
3036 4147 3104 4200 de
3125 4148 3290 4204 corde
3316 4149 3672 4224 improperat,
3705 4157 3849 4226 quod
3887 4160 4033 4216 malo

2433 4236 2616 4292 animo
2639 4237 2785 4292 facit.
2822 4236 2886 4292 Et
2915 4241 3158 4310 quamvis
3180 4243 3424 4312 impleat,
3455 4246 3600 4314 quod
3630 4249 3712 4305 eis
3739 4248 3905 4306 fuerit
3932 4253 4033 4307 im-

2431 4336 2714 4398 peratum;
2747 4338 2930 4385 tamen
2970 4342 3251 4403 acceptum
3287 4334 3398 4403 jam
3439 4352 3549 4393 non
3581 4339 3685 4394 erit
3731 4340 3841 4398 Deo
3866 4382 3880 4408 ,
3937 4345 4030 4415 qui

2429 4432 2525 4473 cor
2577 4422 2693 4487 ejus
2740 4421 2960 4490 respicit
3008 4427 3432 4481 murmurantis:
3467 4437 3522 4483 et
3570 4432 3817 4498 quamvis
3863 4433 4028 4490 faciat

2429 4513 2573 4583 quod
2599 4514 2837 4582 jubetur,
2871 4524 3053 4570 tamen
3085 4531 3208 4571 cum
3237 4519 3380 4574 malo
3410 4520 3538 4575 illud
3591 4520 3752 4578 faciat
3790 4525 3973 4583 animo
4003 4569 4020 4596 ,

2428 4606 2632 4660 nullam
2670 4607 2740 4662 de
2778 4608 2895 4677 ipso
2951 4608 3097 4665 facto
3128 4612 3436 4668 mercedem
3480 4612 3752 4672 Dominus
3794 4618 4022 4689 imputa-

718 4707 964 4761 ctantur,
988 4707 1046 4753 et
1065 4698 1246 4755 facere
1263 4717 1420 4758 suum
1442 4704 1636 4760 nolunt
1659 4747 1674 4773 ,
1717 4723 1838 4763 cum
1867 4721 2133 4780 possunt,
2179 4716 2322 4770 arbi-
2350 4689 2402 4749 θ
2427 4696 2506 4752 bi‘
2532 4712 2546 4751 ³
2578 4713 2703 4753 cum
2747 4707 2996 4756 “rutam
3023 4717 3148 4757 ωσι
3184 4703 3322 4759 Deus
3374 4705 3542 4763 δοται
3573 4706 3711 4780 elusi
3755 4709 3909 4766 “is”
3947 4711 4028 4768 τι·

717 4791 926 4856 trium;
959 4791 1052 4845 sed
1077 4793 1243 4848 etiam
1269 4794 1448 4851 alieno
1475 4811 1536 4852 se
1567 4799 1793 4868 imperio
1823 4802 2102 4869 subdunt,
2154 4815 2213 4862 et
2264 4809 2319 4865 in

715 4882 991 4939 cenubiis
1029 4884 1288 4952 degentes
1311 4888 1563 4944 abbatem
1595 4891 1695 4946 sibi
1725 4907 1960 4962 praeesse
1981 4896 2314 4956 desiderant.

717 4973 788 5030 Et
814 4976 937 5031 sine
964 4976 1126 5032 dubio
1167 4977 1218 5030 hi
1251 4978 1385 5034 tales
1415 4981 1559 5035 illam
1603 4983 1818 5040 Domini
1863 4986 2142 5044 imitantur
2189 5006 2318 5047 sen-

715 5067 995 5133 tentiam,
1060 5082 1182 5137 quas
1227 5069 1394 5125 dicit:
1426 5070 1553 5126 Non
1603 5075 1717 5128 ueni
1767 5078 1940 5146 facere
1995 5081 2313 5137 uoluntatem

711 5176 908 5222 meum,
941 5159 1032 5212 sed
1059 5164 1170 5230 ejus
1194 5162 1283 5231 qui
1310 5179 1392 5216 me
1413 5164 1556 5217 misit
1579 5164 1762 5235 (Joan.
1798 5170 1897 5236 vt).
1928 5168 1995 5222 Et
2033 5175 2316 5243 proprium

713 5269 828 5310 non
857 5251 1120 5308 facientes
1149 5254 1431 5311 arbitrium
1452 5299 1468 5325 ,
1511 5257 1844 5329 abnegantes
1899 5273 2121 5333 propter
2155 5264 2316 5321 Chri-

707 5354 860 5400 stum
887 5347 1231 5416 semetipsos,
1277 5359 1582 5418 sequuntur
1611 5352 1778 5408 Deum
1803 5395 1819 5422 ,
1868 5371 2193 5429 quocunque
2221 5363 2305 5416 ab«

707 5437 855 5492 batis
884 5438 1178 5508 praeceptio
1203 5440 1439 5495 duxerit.
1486 5441 1556 5495 Et
1598 5459 1704 5499 non
1737 5448 1911 5502 solum
1939 5449 2008 5504 de
2038 5459 2311 5522 tempora-

705 5531 852 5586 libus
878 5531 1222 5597 necessariis,
1248 5531 1302 5586 id
1323 5541 1428 5600 est,
1457 5535 1677 5604 victum,
1703 5541 1980 5607 vestitum,
2005 5553 2062 5598 et
2095 5546 2309 5600 calcea-

703 5623 847 5678 rium
892 5637 1004 5678 non
1061 5633 1332 5692 coguntur
1372 5627 1475 5680 sibi
1542 5630 1640 5684 sub
1683 5631 1894 5688 abbatis
1943 5637 2313 5696 sollicitudine

701 5717 992 5785 cogitare;
1036 5718 1132 5771 sed
1182 5727 1238 5773 et
1277 5719 1346 5775 de
1391 5721 1584 5778 futuris
1632 5740 1742 5780 sum
1775 5729 2072 5785 ratiociniis
2119 5734 2312 5788 anima:

701 5807 875 5862 solam
926 5808 980 5863 in
1035 5809 1291 5866 omnibus
1343 5817 1666 5885 praeceptori
1737 5820 2100 5877 obedientiam
2155 5827 2313 5881 mini-

699 5900 947 5970 strando,
976 5901 1050 5958 de
1091 5903 1303 5962 caeteris
1351 5906 1674 5966 utilitatibus
1701 5913 1814 5969 suis
1845 5955 1859 5980 ,
1906 5922 2016 5970 tam
2064 5921 2308 5989 corporis

2425 4794 2621 4852 cientis
2664 4804 2850 4851 vatum
2884 4796 2938 4852 in
2969 4811 3034 4852 eo
3061 4797 3288 4853 invenit.

3015 4948 3245 5006 CAPUT
3301 4951 3434 5009 VIII.

2865 5080 3256 5121 INTERROGATIO
3296 5083 3574 5125 DISCIPULI.

2425 5178 2504 5233 De
2525 5180 2878 5234 taciturnitate
2898 5181 3292 5304 diseinublorum,
3333 5192 3380 5236 et
3407 5186 3580 5255 qualis
3618 5196 3666 5241 et
3697 5199 3893 5259 quanta
3932 5192 4027 5245 de-

3115 5262 3200 5304 eat
3226 5270 3358 5304 esse.

3115 5262 3200 5306 εαι
3226 5270 3358 5308 esse.

2676 5380 2985 5421 κεδροκοετ
3026 5381 3257 5424 DOIINUS
3296 5387 3396 5424 PER
3437 5386 3765 5431 ιιΑαιετιιυιι.

2493 5481 2722 5536 Humani
2793 5483 3009 5551 generis
3071 5484 3318 5540 machina
3375 5497 3622 5545 nostrum
3675 5500 3762 5548 est
3826 5508 4025 5566 corpu-

2422 5576 2628 5630 sculum
2658 5593 2670 5625 :
2697 5583 2751 5629 et
2781 5592 2903 5630 cum
2931 5577 3000 5631 sit
3023 5593 3272 5634 mensura
3304 5597 3547 5651 parvum,
3573 5596 3627 5640 et
3651 5586 3704 5640 in
3732 5588 4026 5657 aliquantis

2421 5668 2644 5739 prolixis
2677 5669 2988 5725 hominibus
3018 5672 3106 5726 vix
3138 5675 3378 5744 quinque
3410 5693 3437 5730 a
3483 5687 3624 5734 terra
3658 5681 3886 5749 pedibus
3917 5685 4027 5739 eri-

2422 5770 2598 5829 gatur,
2628 5776 2660 5816 ο
2699 5762 2975 5830 iactantia:
3018 5766 3254 5821 vanitas!
3307 5771 3481 5824 omnis
3529 5771 3694 5827 homo
3735 5775 3918 5831 vivens
3968 5779 4022 5832 in

2423 5852 2537 5923 ipsa
2581 5853 2847 5923 parvitate
2875 5870 2971 5909 sua
3024 5856 3362 5916 altitudinem
3412 5862 3534 5918 coeli
3577 5873 3633 5920 et
3680 5865 4018 5924 latitudinem

2423 5954 2581 6002 terra:
2602 5955 2755 6018 putat
2779 5963 2945 6004 sesua
2971 5949 3236 6021 sapientia
3263 5969 3597 6014 mensuraro.
3621 5956 3777 6017 Unde
3789 5963 4022 6018 scientes
