5174 6534
1230 397 1340 461 963

2540 384 2884 485 ᾼυςτοῐιιε
2922 383 3198 448 INCERTI

1233 530 1336 574 nos
1355 528 1423 571 ex
1443 512 1572 570 limo
1584 518 1740 569 teme
1763 523 1883 568 esse
1901 520 2029 564 vasa
2058 504 2278 573 ﬂebilia,
2301 509 2357 562 et
2383 516 2537 576 quasi
2558 503 2820 575 quasdam
2849 507 2903 570 Α
2930 502 3284 574 transgredior
3312 514 3516 555 mentm
3540 498 3714 570 (Psal.
3742 498 3901 571 xvn).
3932 498 3991 557 Si
4015 512 4148 558 vero
4171 498 4395 572 eloquio
4420 500 4526 558 ira-

1234 618 1393 666 terra:
1445 606 1652 676 glebas,
1677 604 1743 659 ad
1776 616 1995 673 parvum
2027 608 2238 673 teumus
2287 606 2497 654 erectas
2527 594 2594 649 de
2643 602 2787 651 terra
2811 633 2829 662 ,

1234 700 1290 757 in
1306 714 1405 755 suo
1427 697 1577 754 sulco
1599 697 1777 752 denuo
1804 707 2111 757 recasuras;
2147 690 2405 746 humiliati
2427 703 2555 757 ergo
2580 697 2831 759 tanquam

1233 792 1305 848 de
1351 800 1496 847 terra
1544 788 1719 859 pulvis
1774 786 2020 842 dicamus
2063 784 2206 854 quod
2255 797 2444 840 sumus
2474 800 2486 835 :
2518 780 2660 849 Ergo
2717 780 2831 835 lucc

1235 898 1365 940 caro
1402 881 1704 951 corpusculi
1735 877 1903 934 nostri
1931 876 2086 946 quasi
2108 874 2355 945 quedam
2377 874 2568 930 domus
2597 881 2680 952 est
2711 872 2829 925 ani-

1234 993 1480 1043 morum;
1529 976 1604 1032 sic
1646 975 1767 1029 vita:
1796 972 2096 1027 ministerio
2139 968 2397 1025 attributa
2424 1009 2439 1035 ,
2491 968 2630 1022 sicut
2667 965 2831 1021 servit

1233 1072 1414 1144 gladio
1447 1072 1621 1126 theta.
1674 1065 1868 1123 Sedcm
1922 1080 2049 1120 vero
2092 1062 2258 1134 ipsius
2301 1062 2490 1117 anima:
2540 1061 2597 1116 in
2652 1059 2830 1115 cordis

1232 1164 1506 1222 credimus
1533 1159 1716 1216 radice
1763 1157 2036 1213 fundatam
2073 1175 2084 1210 :
2120 1170 2239 1227 qua:
2268 1153 2420 1209 radix
2451 1151 2587 1207 duos
2633 1152 2684 1205 in
2710 1165 2831 1206 cor-

1234 1270 1365 1328 pore
1390 1268 1670 1324 supremos
1698 1250 1939 1323 possidet
1966 1262 2147 1304 ramos
2181 1288 2196 1315 ,
2255 1254 2311 1302 et
2339 1244 2458 1316 plus
2498 1243 2718 1313 fragiles
2775 1245 2829 1298 in

1237 1356 1483 1422 peccato.
1516 1346 1721 1410 linum,
1766 1343 1821 1399 in
1875 1358 1984 1413 quo
2031 1339 2301 1411 corporali
2352 1353 2503 1393 ramo
2534 1336 2687 1406 quasi
2736 1349 2831 1406 per

1241 1442 1491 1513 quasdam
1521 1438 1786 1496 fenestras
1830 1435 2110 1492 oculorum
2160 1432 2515 1490 foraminibus
2574 1432 2642 1485 dc
2689 1430 2831 1483 intus

1235 1538 1471 1592 animum
1492 1534 1762 1591 credimus
1806 1534 2101 1601 reSpicere,
2136 1527 2285 1583 etde
2333 1526 2661 1581 intriu:ccus
2701 1538 2831 1577 con-

1234 1627 1734 1698 cupiscentiassuas
1764 1624 1937 1694 ipsam
1968 1636 2184 1691 semper
2204 1618 2555 1687 intelligimus
2582 1618 2826 1671 incitare.

1232 1720 1412 1776 Alium
1446 1733 1690 1784 ramum,
1736 1716 1790 1771 iu
1834 1730 1943 1788 quo
1985 1721 2280 1784 conceptos
2309 1711 2450 1767 fetus
2491 1709 2671 1765 cord.s
2717 1709 2829 1778 ipsa

1234 1813 1475 1895 irritobis
1522 1818 1679 1867 sonat
1708 1810 2012 1879 parturiens
2060 1820 2156 1877 per
2179 1806 2373 1873 lingua:
2420 1802 2735 1872 eloquium:
2774 1808 2830 1854 ut

2934 596 3474 666 cuudo,autpravo,
3530 604 3629 648 aut
3652 610 3812 659 vano,
3842 594 4166 664 negligentia
4224 609 4291 651 os
4345 611 4524 653 arma-

2933 691 3112 757 verit,
3166 704 3292 744 mox
3343 689 3529 744 clauso
3572 703 3667 743 ore
3716 697 3772 742 et
3799 689 4010 758 signato
4043 688 4218 743 crucis
4248 688 4422 757 sigillo
4473 688 4527 747 in

2933 782 3100 839 corde
3146 782 3246 838 sibi
3292 782 3585 851 loquatur,
3641 780 3830 836 dicens
3878 794 4000 834 cum
4056 777 4370 849 Propheta:
4406 778 4526 835 Dixi

2934 874 3221 928 custodiam
3258 875 3364 927 rias
3396 889 3562 938 meus,
3587 880 3643 924 ut
3667 888 3771 925 non
3794 872 4089 940 delinquam
4109 873 4164 925 in
4187 870 4368 943 lingua
4389 888 4524 927 mea.

2890 984 2893 987 '
2935 966 3095 1022 Potui
3122 970 3198 1022 ori
3225 983 3337 1022 meo
3359 967 3650 1020 custodiam
3673 981 3691 1019 :
3717 965 3978 1030 obmutui,
4012 975 4062 1019 et
4091 968 4394 1021 humiliatus
4415 982 4528 1020 sua

2932 1061 3106 1121 nimis,
3136 1067 3185 1112 et
3212 1060 3333 1113 silui
3361 1076 3393 1112 α
3438 1060 3605 1113 Louis.
3643 1058 3734 1112 llis
3755 1058 3995 1113 osu-ndit
4040 1056 4357 1129 PrOpheta,
4405 1060 4451 1114 si
4496 1072 4530 1115 ι

2930 1151 3089 1209 bonis
3134 1152 3364 1222 eloquiis
3408 1161 3630 1222 propter
3679 1151 4106 1208 taciturnitatem
4135 1154 4302 1208 debet
4348 1151 4527 1209 inter-

2931 1246 3056 1301 dum
3090 1246 3298 1314 taceri,
3349 1253 3555 1315 quanto
3586 1244 3756 1313 magis
3806 1261 3835 1299 a
3889 1246 4044 1301 malis
4092 1246 4272 1302 verbis
4306 1255 4530 1318 pr0pter

2932 1340 3135 1408 peceati
3187 1354 3403 1411 poenam
3454 1339 3614 1395 debet
3660 1340 3905 1394 cessari?
3973 1340 4112 1409 Ergo
4167 1342 4416 1410 quamvis
4462 1342 4530 1399 de

2931 1428 3089 1485 bonis
3120 1439 3175 1484 et
3201 1431 3423 1495 sanctis,
3452 1440 3505 1484 et
3526 1430 3942 1487 mdilicationum
3975 1434 4213 1503 eloquiis
4270 1433 4530 1503 perfectis

2932 1522 3212 1592 discipulis
3243 1532 3465 1593 propter
3513 1524 3896 1583 taciturnitatis
3941 1528 4264 1596 gravitatem
4296 1544 4419 1584 rara
4449 1529 4531 1583 lo-

2932 1616 3130 1685 quendi
3160 1617 3493 1673 concedatur
3532 1618 3742 1673 licentia
3766 1661 3781 1685 ,
3843 1631 4025 1678 tamen
4074 1623 4144 1679 ab
4171 1624 4293 1681 aliis
4345 1625 4529 1682 verbis

2932 1723 3041 1762 non
3083 1708 3400 1777 interrogati
3431 1709 3624 1766 fratzes
3671 1712 3854 1767 tandiu
3904 1714 3956 1770 iu
4000 1717 4372 1774 taciturnitate
4398 1720 4524 1776 sile-

2933 1815 3121 1872 scant,
3182 1806 3421 1875 quandiu
3488 1808 3636 1863 taciti
3687 1808 3835 1864 frena
3902 1811 4011 1866 oris
4068 1827 4259 1867 eorum
4319 1813 4534 1871 abbatis

1235 1882 1334 1982 per
1364 1917 1576 1978 portam
1614 1904 1800 1961 exiens
1832 1901 1942 1960 oris
1989 1908 2223 1970 occupet
2270 1897 2503 1954 alienum
2552 1896 2825 1962 auditum,
2861 1882 2906 1947 Β
2934 1898 3355 1968 interrogatione
3414 1899 3681 1956 laxentur.
3735 1901 3971 1973 lleoque
4027 1906 4367 1962 taciturnitas
4432 1908 4531 1964 de-

1233 2010 1292 2058 et
1328 1998 1585 2072 quidquid
1632 1997 1685 2051 in
1731 1996 1886 2051 nobis
1916 1993 2149 2061 agitatur
2189 2001 2240 2047 et
2294 1999 2582 2056 moretur,
2635 1989 2826 2043 anitntc

1234 2101 1319 2151 est
1347 2102 1497 2148 actus
1526 2092 1578 2145 in
1623 2102 1869 2159 corpore.
1923 2085 2073 2141 Unde
2102 2099 2135 2140 e
2162 2082 2435 2139 contrario
2469 2080 2557 2146 tit,
2618 2090 2676 2134 ut
2727 2081 2825 2133 mi-

1234 2194 1424 2258 grante
1459 2184 1528 2239 de
1560 2182 1677 2252 ipso
1722 2178 1997 2236 domicilio
2025 2178 2204 2232 anima
2230 2214 2247 2243 ,
2302 2184 2474 2232 totum
2524 2174 2579 2228 in
2610 2181 2826 2227 mortuo

1234 2278 1454 2335 homine
1480 2276 1620 2331 desit
1658 2272 1803 2343 quod
1833 2271 2092 2340 agebatur
2119 2270 2173 2324 in
2208 2269 2328 2323 \‘lVO
2378 2268 2446 2322 ab
2474 2268 2673 2332 anima,
2707 2279 2827 2335 qum

1234 2376 1291 2424 et
1320 2382 1449 2422 mox
1477 2380 1575 2420 sua
1606 2375 1762 2419 terra:
1790 2370 2004 2417 mortua
2054 2359 2262 2417 reddita
2295 2358 2451 2429 gleba
2472 2399 2487 2424 ,
2546 2367 2828 2413 reverti-ns

1233 2460 1290 2516 in
1318 2468 1563 2515 naturam
1598 2464 1751 2511 terra:
1780 2452 2015 2510 hominis
2032 2462 2195 2519 terra,
2214 2453 2586 2522 absconsoque
2607 2451 2828 2506 homine

1234 2557 1287 2612 in
1317 2554 1588 2625 sepulcro,
1625 2558 1943 2621 recooperta
1974 2548 2116 2605 fossa
2149 2549 2201 2604 in
2232 2546 2401 2617 figura
2429 2562 2523 2603 sua
2570 2556 2712 2603 terra
2739 2560 2825 2601 re-

1231 2644 1359 2701 deat
1386 2641 1713 2715 pavimenti;
1760 2650 1818 2695 ut
1846 2640 2035 2695 similis
2066 2648 2191 2694 tunc
2223 2637 2388 2694 fuisse
2426 2647 2566 2693 terra
2618 2638 2829 2692 vivente

1232 2744 1557 2808 agnoscatur
1582 2734 1636 2789 in
1685 2731 1945 2799 homine,
1997 2746 2117 2799 quae
2172 2731 2366 2786 animae
2412 2728 2588 2786 fuerat
2641 2730 2829 2798 vigore

1232 2838 1414 2887 erecta
1441 2869 1455 2893 ,
1504 2838 1559 2882 et
1610 2825 1889 2895 peregrina
1916 2826 2038 2878 vitm
2069 2832 2273 2877 mutata
2314 2823 2380 2877 ad
2419 2832 2650 2893 tempus.
2704 2822 2828 2877 ideo

1231 2920 1413 2977 anima
1461 2933 1491 2973 a
1545 2917 1700 2972 nobis
1752 2915 2019 2983 migrante
2067 2915 2246 2983 rigore
2298 2922 2445 2969 stare
2498 2928 2604 2969 non
2650 2923 2829 2983 potest

1231 3008 1403 3067 nostri
1430 3006 1680 3077 corporis
1703 3015 1878 3069 terra;
1910 3003 2007 3059 sed
2033 3005 2237 3059 cadens
2286 3005 2339 3058 in
2370 3013 2617 3059 naturam
2670 3020 2823 3059 suam

1232 3100 1517 3159 abscondit
1544 3097 1596 3151 in
1637 3096 1758 3153 sinu
1785 3111 1884 3151 suo
1916 3104 2060 3150 terra
2090 3094 2300 3150 factura
2327 3116 2379 3163 n,
2409 3112 2571 3165 quam
2619 3097 2826 3166 genuit.

1233 3196 1374 3265 Ergo
1405 3193 1449 3248 si
1498 3192 1614 3247 hare
1661 3190 1839 3246 anima
1870 3188 2107 3245 innobis
2135 3189 2420 3244 oculorum
2450 3189 2624 3243 visum
2649 3230 2663 3256 ,
2717 3190 2829 3243 oris

1232 3264 1528 3359 eloquium,
1558 3284 1765 3340 aurium
1798 3284 1912 3349 agit
1936 3282 2208 3343 auditum;
2244 3292 2299 3336 et
2329 3282 2476 3352 cupit
2498 3292 2717 3353 propter
2746 3287 2827 3337 l'u-
2857 3264 2902 3329 (ἶ

1233 3388 1409 3436 turam
1438 3375 1828 3433 discussionetn
1856 3372 2076 3428 factoris
2120 3372 2202 3427 sui
2226 3413 2240 3439 ,
2298 3373 2565 3428 voluntati
2599 3372 2691 3428 b‘ei
2722 3375 2826 3429 ob.

1232 3479 1576 3543 temperare,
1630 3476 1683 3524 et
1726 3468 1845 3536 ejus
1885 3465 2012 3521 dum
2060 3466 2193 3521 vivit
2223 3466 2454 3523 militare
2511 3470 2823 3539 praeceptis,

1232 3564 1452 3621 claudat
1476 3560 1929 3632 concupiscentiis
1958 3562 2070 3616 suis
2100 3560 2380 3615 oculorum
2422 3560 2685 3617 fenestras
2709 3601 2725 3626 ,
2773 3572 2830 3618 ct

1238 3656 1550 3713 humiliatos
1577 3653 1810 3709 declinet
1834 3653 1887 3707 in
1918 3660 2118 3707 terram
2149 3661 2432 3722 aspectus;
2463 3662 2521 3709 ut
2542 3654 2683 3709 mala
2714 3670 2825 3711 non

1235 3749 1453 3812 uideat;
1484 3754 1544 3801 et
1580 3760 1702 3801 cum
1732 3753 1987 3800 curvatus
2034 3744 2196 3800 fuerit
2250 3753 2436 3802 noster
2464 3745 2719 3811 obtutus,
2761 3762 2830 3803 ne

1234 3853 1572 3912 qumcunque
1601 3838 1796 3893 viderit
1827 3838 2005 3892 anima
2034 3838 2405 3909 concupiscat.
2434 3837 2604 3894 Habet
2632 3839 2829 3895 deinde

1234 3933 1413 3990 anima
1435 3940 1621 3988 nostra
1642 3930 1987 3987 constitutam
2011 3938 2234 4000 portam
2246 3929 2377 3996 oris.
2403 3938 2457 3986 et
2481 3945 2657 3987 seram
2685 3931 2828 3987 den-

1236 4026 1390 4089 tium,
1419 4038 1581 4094 quam
1620 4036 1785 4093 pravo
1824 4021 2047 4077 claudat
2066 4021 2285 4091 eloquio
2311 4040 2323 4076 :
2353 4032 2414 4077 ut
2466 4038 2573 4078 non
2605 4031 2830 4079 accuset

1234 4116 1418 4172 anima
1452 4117 1716 4169 factorem
1737 4127 1893 4169 suum
1924 4110 2234 4167 munificum
2274 4112 2376 4166 sibi
2399 4112 2620 4167 minime
2644 4122 2828 4169 custo-

1235 4209 1377 4265 diam
1397 4206 1724 4271 fabiicasse;
1770 4203 1822 4259 id
1862 4212 1978 4271 est,
2018 4217 2140 4259 cum
2187 4204 2522 4275 promoverit
2568 4220 2599 4258 a
2647 4205 2837 4259 cordis.

1233 4302 1419 4359 radice
1441 4298 1640 4368 aliquid
1664 4298 1716 4353 in
1761 4296 2006 4363 fratrem,
2036 4305 2093 4352 et
2142 4296 2376 4352 miserit
2429 4308 2490 4351 se
2540 4298 2828 4353 exterioris

1237 4394 1378 4451 muri
1402 4391 1684 4453 clausura;
1717 4389 1770 4444 id
1798 4395 1920 4454 est,
1971 4388 2083 4445 oris
2105 4396 2163 4444 et
2208 4388 2449 4445 dentium
2491 4390 2590 4444 sibi
2621 4392 2825 4446 exitum

1238 4483 1527 4554 denegari,
1580 4489 1859 4538 revertens
1888 4480 2068 4536 denuo
2097 4482 2164 4553 ad
2193 4481 2431 4537 radicem
2486 4483 2668 4539 cordis
2693 4525 2709 4551 ,
2750 4484 2826 4539 ibi

1238 4585 1428 4650 pereat
1456 4576 1512 4631 in
1533 4573 1968 4631 abhorricatione
1998 4589 2114 4638 sua,
2136 4582 2194 4628 et
2224 4583 2284 4658 ut
2306 4575 2826 4644 parvulusallidatun

1233 4669 1303 4726 ad
1333 4675 1560 4739 petram,
1589 4680 1750 4736 quam
1778 4663 2051 4721 nascendo
2082 4680 2177 4735 per
2224 4666 2459 4736 linguam
2491 4679 2703 4724 crescat
2751 4670 2821 4725 ad

1235 4773 1469 4830 ptenarn.
1503 4756 1603 4810 Alii
1641 4770 1768 4811 vero
1798 4756 1932 4809 rami
1969 4757 2214 4826 corporis
2252 4760 2443 4824 nostri,
2467 4760 2573 4828 qui.
2591 4760 2820 4830 imperio

1235 4851 1413 4909 cordis
1450 4850 1784 4915 deserviunt,
1813 4863 1843 4902 a
1867 4857 2089 4919 peccato
2121 4849 2281 4911 facile
2336 4850 2709 4917 refrenantur;
2769 4854 2821 4907 id

1232 4954 1335 5008 est,
1367 4952 1542 4998 tactus
1565 4955 1820 4995 manuum
1846 4977 1861 5003 ,
1894 4948 1958 5004 et
1981 4954 2197 5009 gressus
2224 4940 2422 5011 pedum
2450 4961 2461 4995 :
2490 4944 2616 5011 quia
2647 4944 2816 5000 furem

1237 5037 1483 5090 clausura
1517 5042 1760 5101 catenae,
1802 5040 1860 5087 et
1896 5032 2226 5087 homicidam
2270 5031 2507 5087 timenda
2550 5035 2823 5090 refrenant

1231 5129 1454 5198 judicia,
1484 5135 1539 5183 et
1565 5126 1807 5197 fugacem
1834 5125 2029 5180 retinet
2063 5124 2268 5196 pedica.
2294 5124 2438 5195 Ergo
2461 5126 2570 5194 illa,
2592 5142 2712 5198 qua:
2734 5146 2823 5183 su-

1236 5224 1416 5296 perius
1444 5220 1696 5285 diximus,
1729 5220 1831 5273 tria
1859 5232 2120 5295 suprema.
2142 5218 2359 5273 cautius
2388 5218 2587 5273 debent
2634 5235 2664 5274 a
2716 5221 2822 5275 fra-

1238 5314 1409 5370 tribus
1462 5309 1755 5368 custodiri:
1790 5308 1844 5364 id
1894 5317 2011 5375 est,
2067 5309 2354 5378 cogitatio,
2402 5308 2714 5379 eloquium,
2768 5319 2824 5365 et

1240 5413 1509 5477 aspectus.
1568 5400 1874 5471 Cogitatio,
1924 5409 1983 5455 ut
2011 5415 2155 5456 mox.
2179 5401 2538 5472 captivaverit
2584 5411 2819 5459 mentem

1238 5500 1379 5556 mala
1410 5494 1912 5566 cogitatio,signata
1939 5495 2119 5550 statim
2149 5510 2177 5548 a
2195 5493 2448 5550 fratribus
2475 5511 2569 5551 sua
2600 5494 2778 5551 fronte
2801 5535 2817 5562 ,

1240 5591 1327 5645 vel
1352 5590 1526 5662 ipsum
1563 5596 1793 5657 pectus,
1846 5602 1973 5641 mox
2002 5600 2065 5641 ac
2110 5596 2375 5657 praecepta
2420 5587 2617 5643 Christi
2672 5605 2825 5643 suam

1242 5684 1880 5746 convertatmemoriam,
1912 5691 1965 5734 ct
1991 5682 2133 5735 dicat
2180 5682 2279 5736 sibi
2330 5683 2493 5736 l'ratsr
2524 5700 2642 5738 cum
2696 5684 2824 5737 l’ro-

1242 5780 1404 5850 pheta
1431 5798 1440 5832 :
1464 5777 1663 5834 Memor
1681 5779 1751 5849 {ui
1778 5777 1891 5842 Dei,
1920 5777 2267 5831 attonat/latus
2298 5795 2407 5831 sum
2444 5779 2606 5847 (i'sul.
2632 5794 2820 5850 LXVII).

1243 5871 1308 5929 Et
1336 5874 1472 5928 idem
1499 5864 1641 5928 dicat
1666 5888 1681 5928 :
1709 5871 1750 5925 Α
1777 5880 1821 5923 to
1838 5873 2027 5941 eripior
2057 5889 2085 5924 (ι
2112 5874 2401 5940 trutationr,
2430 5883 2476 5926 et
2500 5872 2548 5927 in
2573 5872 2681 5929 Deo
2715 5892 2821 5930 meo

2858 4633 2911 4694 D

2930 1990 3024 2045 bet
3062 2005 3391 2061 magnopere
3437 2006 3468 2047 a
3507 1992 3763 2048 fratribus
3793 1995 4090 2051 custodiri:
4129 1997 4265 2061 Quia
4308 2000 4363 2053 in
4394 2004 4533 2053 mu!-

2934 2082 3144 2155 tiloquio
3192 2101 3295 2137 non
3347 2085 3589 2153 eﬂugitur
3621 2096 3886 2155 peccatmn
3910 2085 4093 2155 (Prov.
4140 2102 4222 2155 ιε).
4262 2089 4326 2143 Et
4384 2091 4531 2158 ideo,

2930 2192 3070 2230 mors
3096 2186 3142 2229 et
3173 2178 3277 2231 vita
3305 2179 3359 2230 in
3391 2178 3625 2231 maniius
3682 2178 3873 2249 lingua:
3905 2177 4070 2248 (Ibid.
4103 2183 4178 2243 ι).
4215 2180 4351 2235 Nam
4384 2180 4532 2251 loqui

2930 2274 2987 2322 et
3014 2266 3212 2323 docere
3243 2270 3559 2334 magistrum
3589 2271 3887 2336 condecet,
3926 2278 4104 2328 Lcere
4150 2280 4206 2327 et
4232 2273 4425 2328 audire
4451 2272 4533 2327 di-

2935 2359 3145 2429 scipulo
3175 2362 3448 2417 convenit.

3542 2473 3771 2532 CAPUT
3800 2475 3892 2532 1X.

3379 2604 3775 2646 INTERROGATIU
3814 2604 4093 2645 DISCIPL'LI.

2934 2703 3045 2771 Quo
3085 2705 3266 2761 ordine
3317 2717 3540 2761 tacentes
3598 2708 3810 2779 fratres
3847 2707 4050 2777 aliqua:
4094 2707 4529 2779 interrogationes

3514 2776 3711 2849 faciant
3758 2776 3949 2831 abbati.

3189 2905 3488 2945 Ri’LSPONDL‘T
3532 2904 3757 2944 DUHINUS
3794 2905 3897 2945 PER
3947 2906 4275 2947 MAGISTRU‘J.

3004 3006 3139 3060 Cum
3180 3004 3248 3059 de
3275 3006 3427 3060 inalis
3458 3016 3710 3074 tanquam
3757 3005 3825 3062 de
3874 3005 4031 3062 bonis
4079 3006 4313 3076 eloquiis
4370 3005 4528 3062 freno

2936 3100 3315 3155 taciturnitatis
3362 3100 3805 3169 constringe-itur
3854 3099 4147 3169 discipuli,
4202 3110 4261 3154 et
4290 3100 4525 3156 licentia

2934 3210 3123 3250 eorum
3180 3194 3356 3248 aditus
3414 3194 3695 3263 praesentis
3742 3194 3981 3263 magistri
4032 3193 4286 3249 custodia
4336 3195 4528 3250 obser-

2934 3297 3168 3345 vantur;
3208 3302 3329 3341 cum
3371 3286 3696 3341 necessariae
3721 3286 3940 3341 utilitati
3986 3301 4176 3342 eorum
4223 3286 4416 3356 aliqua:
4446 3287 4530 3355 in-

2934 3378 3331 3448 terrogationes
3357 3378 3869 3433 advenerintadhuc
3891 3378 4077 3434 clauso
4104 3394 4201 3434 ore
4231 3389 4285 3433 et
4314 3380 4529 3447 signato

2934 3472 3108 3525 tacita:
3137 3468 3412 3538 gravitatis
3439 3469 3615 3538 sigillo
3635 3509 3654 3536 ,
3674 3477 3882 3524 stantes
3911 3479 4040 3524 ante
4074 3469 4337 3537 majorem
4367 3469 4528 3524 incli-

2932 3572 3064 3617 nato
3094 3562 3413 3615 humilitatis
3434 3564 3632 3630 capite,
3656 3561 3899 3616 clausum
3928 3562 3981 3615 in
4013 3562 4231 3617 silentio
4260 3578 4322 3618 os
4368 3562 4527 3617 clave

2934 3656 3325 3711 benedictionis
3356 3656 3624 3724 aperiant.
3658 3653 3814 3721 Quod
3859 3655 3903 3711 si
3948 3657 4117 3712 semel
4166 3656 4326 3712 dicta:
4354 3657 4528 3713 benc-

2934 3750 3154 3805 dictioui
3202 3749 3269 3802 ad
3303 3749 3684 3819 postulandum
3713 3748 3990 3820 eloquium
4038 3750 4216 3805 adhuc
4244 3767 4357 3806 non
4414 3767 4531 3807 res-

2932 3840 3172 3913 pondcat
3225 3840 3467 3909 magistri
3519 3839 3845 3911 permissio,
3892 3840 4089 3906 iterato
4138 3842 4530 3899 humiliationis

2934 3934 3131 4004 capite,
3158 3941 3213 3987 et
3238 3932 3616 3989 benedictione
3643 3932 3760 3988 sola
3788 3933 3988 4001 iterum
4018 3936 4250 4005 repetita
4273 3975 4295 4001 ,.
4348 3935 4529 3991 denuo

2933 4032 3002 4088 ab
3032 4033 3228 4088 abbate
3255 4031 3560 4101 postuletur
3596 4031 3838 4087 licentia.
3874 4033 4028 4099 Quod
4052 4034 4098 4089 si
4128 4050 4230 4089 nec
4255 4035 4336 4091 sic
4362 4036 4432 4090 ab
4463 4051 4529 4091 eo

2934 4139 3253 4193 responsum
3302 4124 3484 4191 fuerit,
3516 4134 3740 4181 curvato
3765 4125 3895 4182 item
3947 4125 4004 4180 in
4031 4125 4336 4182 humilitate
4364 4127 4528 4182 disci-

2934 4218 3085 4287 pulo,
3115 4218 3224 4285 jam
3254 4216 3368 4286 ipse
3390 4219 3561 4272 frater
3586 4231 3647 4273 se
3679 4228 3809 4273 tunc
3832 4217 4049 4295 «unum
4103 4229 4418 4285 removeat;
4465 4235 4532 4276 ne

2936 4319 3030 4362 aut
3055 4309 3251 4363 nimius
3271 4309 3322 4364 ei
3353 4318 3636 4378 appareat,
3666 4319 3762 4373 aut
3787 4310 4064 4388 improbus
4086 4347 4105 4375 ,
4154 4318 4211 4365 et
4241 4326 4345 4366 suo
4376 4313 4529 4381 operi

2933 4402 3173 4456 redditus
3199 4402 3376 4457 adhuc
3402 4412 3556 4471 gerat
3600 4419 3888 4472 prrsonam
3919 4406 4185 4467 tacentis;
4219 4412 4279 4459 ut
4328 4407 4382 4460 in
4415 4407 4531 4475 ipsa

2932 4492 3235 4547 humilitate
3262 4494 3644 4548 taciturnitatis
3696 4494 3967 4549 existimet
4005 4494 4357 4565 semetipsum
4409 4496 4533 4551 ideo

2935 4584 3212 4653 indignum
3240 4583 3541 4653 judicatum
3573 4584 3638 4640 ad
3667 4585 4004 4655 loquendum
4033 4586 4249 4641 abbatis
4273 4585 4487 4655 judicio
4513 4605 4528 4653 ;

2936 4684 3031 4729 aut
3056 4674 3197 4731 forte
3240 4677 3307 4731 ad
3355 4677 3732 4747 probationem
3782 4679 4116 4735 invenienda:
4167 4680 4531 4749 humilitatis,

2936 4776 3090 4839 putet
3117 4768 3216 4823 sibi
3263 4769 3558 4839 discipulus
3607 4772 3999 4839 taciturnitatie-
4040 4773 4163 4828 ideo
4206 4770 4374 4830 fuisse
4421 4790 4533 4830 non

2935 4873 3179 4933 apertam
3210 4864 3532 4919 clausuram.
3568 4865 3692 4920 ideo
3730 4866 3875 4921 enim
3907 4868 4075 4936 ipsam
4109 4866 4281 4922 solam
4310 4867 4535 4923 benedi-

2935 4956 3169 5011 ctionem
3195 4955 3374 5011 denuo
3401 4956 3635 5012 diximus
3664 4970 3918 5027 repetere
3942 4974 3957 5023 ;
4007 4966 4065 5012 ut
4106 4974 4229 5014 cum
4256 4958 4373 5014 sola
4407 4968 4533 5027 est,

2935 5056 2990 5101 et
3018 5048 3135 5102 sine
3163 5047 3270 5102 alio
3296 5048 3533 5116 eloquio,
3559 5058 3742 5102 tamen
3772 5057 4051 5104 reservata
4072 5049 4163 5104 diu
4190 5051 4533 5106 taciturnitas

2934 5148 3282 5193 conservetur
3315 5157 3327 5192 :
3360 5154 3481 5194 cum
3539 5140 3718 5194 denuo
3767 5141 4053 5210 repetitur,
4086 5149 4144 5195 et
4191 5149 4321 5211 post
4361 5145 4532 5212 ipsam

2932 5243 3063 5284 mox
3095 5244 3125 5283 a
3156 5229 3374 5284 nolente
3399 5229 3716 5296 disceditur,
3757 5230 3936 5288 adhuc
3965 5231 4275 5288 conservari
4303 5233 4535 5303 probata

2932 5321 3210 5379 humilitas
3238 5322 3520 5378 sentiatur.
3540 5321 3661 5379 Non
3682 5321 3806 5379 ideo
3834 5324 4090 5395 repetitio
4118 5324 4371 5396 discipuli
4394 5324 4536 5381 reof-

2935 5413 3106 5470 fertur
3151 5414 3412 5484 magistro
3439 5456 3455 5483 ,
3501 5422 3563 5471 ut
3591 5430 3701 5471 non
3731 5415 3909 5473 solum
3957 5425 4182 5488 propter
4230 5417 4532 5487 spiritalem

2936 5504 3313 5575 probationem
3334 5505 3403 5561 ad
3435 5505 3813 5562 inveniendam
3852 5508 4215 5565 humilitatem
4238 5509 4528 5579 discipuli,

2934 5599 3039 5655 dici
3085 5600 3260 5669 possit
3288 5609 3470 5655 tacere
3508 5600 3797 5669 magister;
3825 5603 3920 5657 sed
3971 5617 4043 5658 ne
4071 5611 4128 5656 et
4174 5602 4530 5672 corporaliter

2931 5707 3029 5763 per
3056 5696 3348 5760 cogitatum
3379 5706 3560 5746 annuo
3587 5702 3907 5762 occupatus,
3939 5695 4120 5750 vultus
4148 5693 4269 5763 ejus
4298 5694 4417 5748 aliis
4446 5707 4532 5748 ω·

2932 5784 3279 5855 gitationibus
3299 5783 3707 5853 obstopescens,
3737 5800 3923 5841 vorem
3967 5786 4246 5856 precantis
4290 5781 4529 5851 discipuli

2928 5876 3106 5933 surdis
3135 5875 3352 5931 auribus
3384 5874 3755 5945 prmlermittat
3786 5893 3796 5903 -
3828 5888 3881 5929 ot
3920 5877 4183 5957 "ciosum
4216 5876 4531 5947 magistrum
