5174 6624
664 418 772 476 965

665 551 767 610 per
792 531 1014 588 nimiam
1035 530 1092 583 et
1119 524 1480 596 importunam
1508 509 1873 610 humilitatem
1902 503 1958 561 in
1985 501 2079 610 iraa
2096 504 2270 606 cogat
2295 496 2344 557 Δ

665 595 862 684 vitium
893 621 1204 684 declinare;
1237 623 1292 670 et
1335 612 1647 683 importuna
1692 600 1973 658 humilitas
2002 597 2055 652 in
2096 595 2272 666 impe-

670 725 919 780 dimento
949 713 1190 774 scandali
1219 709 1539 782 deputetur.
1573 701 1698 758 Ideo
1720 697 1865 756 enim
1891 691 2126 752 diximus
2153 694 2276 782 post

670 815 968 878 secundam
1003 780 1314 880 suggestam
1357 798 1794 859 benedictionem
1824 787 2031 847 nolenti
2079 780 2276 880 majori

671 913 895 968 tertiam
949 904 1061 976 jam
1090 916 1198 958 non
1228 905 1476 970 repetere
1504 893 1706 950 debere
1728 925 1745 953 ,
1803 883 1899 942 sed
1938 897 2067 937 mox
2113 874 2278 932 disci-

673 1001 865 1073 pulum
896 971 1093 1054 exinde
1119 992 1322 1048 debere
1342 987 1644 1049 discedere,
1677 990 1883 1039 etcum
1909 977 2024 1048 ipsa
2055 971 2278 1028 tacitur-

677 1065 852 1149 nitate
874 1105 1011 1161 opus
1038 1086 1258 1146 laboris,
1293 1081 1438 1154 quod
1468 1077 1722 1141 faciebat,
1752 1075 1956 1131 debere
1988 1065 2275 1161 perlicere.

677 1186 810 1242 Haec
841 1156 1194 1253 interrogatio
1246 1173 1642 1232 benedictionis
1665 1211 1681 1238 ,
1739 1183 1858 1241 quae
1885 1166 1966 1220 vit
1997 1162 2113 1218 sola
2148 1156 2281 1212 laci-

679 1284 946 1342 turnitate
967 1281 1198 1342 laxatur,
1219 1292 1341 1333 cum
1373 1271 1724 1328 inclinatione
1753 1259 2023 1322 humiliati
2043 1256 2282 1329 capitisa

679 1375 966 1446 discipule
991 1372 1297 1444 praebeatur
1321 1386 1336 1436 ;
1371 1367 1422 1422 id
1450 1375 1551 1430 est,
1573 1363 1627 1417 in
1658 1360 1807 1416 omni
1832 1358 1954 1412 loco
1983 1395 1999 1422 ,
2042 1368 2140 1425 per
2161 1367 2282 1406 om—

678 1488 808 1528 nem
837 1473 1059 1532 ituram;
1093 1467 1199 1520 hoc
1227 1473 1330 1531 est,
1359 1462 1413 1517 in
1445 1454 1795 1519 monasterio,
1821 1453 1874 1506 in
1904 1465 2053 1520 agro,
2087 1449 2140 1502 in
2171 1446 2282 1514 via,

683 1582 738 1620 tn
781 1564 964 1626 horto,
996 1560 1079 1616 vel
1114 1559 1166 1613 in
1197 1556 1391 1627 quovis
1421 1553 1648 1608 loeozut
1671 1538 2284 1618 nunquamdesitmenti

682 1667 888 1714 nostra:
914 1653 1176 1710 memoria
1224 1651 1357 1715 Dei,
1412 1655 1637 1718 propter
1667 1658 1832 1713 quem
1890 1645 2122 1708 aguntur
2169 1637 2288 1689 lucc

683 1753 870 1807 omnia
899 1767 913 1815 ;
948 1758 1008 1802 ut
1047 1762 1168 1804 cum
1201 1745 1342 1800 forte
1372 1741 1564 1813 aliquis
1606 1740 1842 1808 ignarus,
1873 1734 2032 1789 talem
2067 1732 2288 1786 fratrem

684 1842 1126 1908 interrogare-rit.
1157 1839 1344 1893 dicens
1370 1853 1383 1889 :
1415 1849 1584 1904 quare
1613 1833 1806 1886 tacitus
1836 1841 1889 1884 et
1917 1827 2084 1882 tristis
2110 1841 2188 1889 es,
2233 1830 2290 1878 et

689 1937 952 1993 inciinato
983 1932 1229 1988 ambulas
1260 1928 1449 1984 vultu?
1494 1926 1822 1996 restiondcat
1851 1923 1900 1977 ei
1930 1940 1942 1976 :
1973 1921 2097 1990 quia
2142 1917 2290 1987 fugio

688 2042 977 2103 peccatum
1005 2070 1019 2096 ,
1065 2039 1118 2082 et
1147 2027 1310 2079 timeo
1342 2025 1510 2078 Deum
1538 2039 1550 2078 :
1581 2028 1636 2076 ct
1664 2028 1722 2075 ut
1752 2017 2056 2074 custodiam
2089 2028 2174 2066 me
2223 2010 2291 2064 ab

691 2127 841 2183 omni
889 2121 1037 2193 quod
1068 2121 1185 2176 odit
1213 2120 1376 2183 Deus,
1408 2117 1529 2171 ideo
1551 2130 1670 2170 sum
1703 2112 1834 2168 mihi
1865 2109 2127 2165 sollicitus
2151 2105 2294 2160 sem-

694 2234 811 2293 per.
844 2216 926 2270 Ad
975 2229 1220 2270 mensam
1251 2226 1380 2265 vero
1407 2208 1662 2264 sedentes
1689 2244 1705 2271 ,
1745 2205 1789 2260 si
1841 2199 2294 2269 interrogationes

694 2328 825 2367 suas
868 2308 1050 2364 ablaati
1077 2305 1346 2363 voluerint
1372 2303 1655 2368 intitnarc,
1688 2308 1815 2354 ante
1860 2294 2291 2352 benedicdonem

694 2403 898 2458 dictam
931 2380 1137 2456 cultelli
1165 2405 1260 2450 aut
1305 2393 1626 2456 cochlcarii,
1668 2399 1761 2444 aut
1789 2389 1942 2459 panis
1974 2399 2297 2456 percussum

697 2495 958 2550 indicium
983 2493 1052 2545 sit
1083 2489 1338 2557 magistro
1367 2483 1614 2555 discipuli
1638 2481 1963 2553 postulantis
1994 2479 2294 2547 eloqlaium.

700 2589 824 2644 llaec
854 2585 1040 2641 omnia
1082 2583 1277 2637 anima:
1318 2595 1416 2650 pro
1465 2577 1576 2632 Deo
1626 2573 1969 2632 necessaria:
1997 2573 2120 2625 ideo
2175 2571 2302 2625 sub-

698 2679 959 2734 stantiam
1029 2671 1410 2730 taciturnitatis
1457 2667 1838 2725 constituimus
1890 2665 2138 2720 clausura
2187 2677 2304 2718 ser-

702 2772 818 2825 vari
845 2788 862 2837 ;
897 2777 955 2822 ut
985 2767 1052 2821 ab
1077 2763 1352 2821 oblivione
1377 2761 1625 2832 quisnon
1653 2757 1955 2830 decipiatur
1984 2765 2094 2810 tam
2119 2755 2299 2820 facile,

702 2875 758 2920 et
790 2876 1037 2933 prtcceps
1061 2859 1133 2913 sit
1161 2871 1377 2927 semper
1398 2854 1450 2908 in
1475 2854 1680 2923 lingua.
1713 2852 1846 2908 Nam
1873 2866 1994 2906 cum
2027 2865 2121 2919 per
2149 2849 2304 2904 clau-

703 2974 892 3017 suram
920 2958 1031 3013 oris
1057 2954 1403 3010 taciturnitas
1431 2952 1761 3018 continetur,
1795 2949 1886 3004 diu
1915 2956 2195 3012 tractetur,
2223 2945 2307 3000 vel

702 3061 976 3125 purgetur
1005 3051 1057 3104 in
1089 3049 1272 3114 corde,
1297 3045 1444 3116 quod
1470 3045 1640 3115 possit
1668 3044 1926 3098 mundum
1956 3050 2010 3096 ct
2039 3042 2155 3095 sine
2185 3055 2312 3109 pec-

709 3156 838 3202 cato
864 3145 934 3200 de
963 3158 1057 3197 ore
1088 3140 1316 3213 proferri
1341 3183 1353 3205 ,
1411 3138 1626 3194 dicente
1674 3137 1936 3208 Apostolo
1962 3155 1972 3189 :
2002 3133 2166 3188 Omne
2205 3150 2312 3187 rer-

2179 356 2486 440 REGULA.

2372 493 2454 550 eis
2505 489 2805 561 imperetur
2865 483 3162 542 silentium.
3221 481 3470 542 Psalmos
3519 496 3653 541 vero
3699 481 3787 540 vel
3830 486 3970 542 scri-

3864 369 3970 430 960

2377 594 2594 658 pturas,
2612 590 2766 638 extra
2813 578 2934 634 illas
2980 579 3142 633 horas
3187 584 3321 645 tres,
3377 577 3444 634 in.
3478 577 3677 646 quibus
3724 579 3973 648 quotidie

2377 678 2494 734 sine
2515 674 2700 730 labore
2730 671 2904 742 tangit
2933 669 3069 740 legi;
3101 677 3157 724 et
3208 670 3286 724 sic
3313 668 3624 727 laborantes
3651 669 3849 728 fratres
3875 685 3970 730 re-

2380 783 2604 826 censere
2634 766 2745 822 sibi.
2766 780 2834 821 ex
2863 764 3048 820 animo
3077 764 3484 835 permutantur.
3516 763 3668 821 lianc
3697 779 3830 822 vero
3851 773 3980 823 tan-

2382 877 2492 924 tam
2557 860 2943 919 taciturnitatis
3007 861 3312 915 clausuram
3386 860 3634 930 superius
3710 869 3981 932 prtesente

2384 961 2581 1016 abbate
2610 957 2676 1012 de
2706 954 2961 1027 perfectis
2990 953 3130 1025 apud
3163 953 3330 1009 Deum
3362 954 3668 1010 taxavimus
3685 970 3715 1021 ;_
3740 955 3826 1011 his
3853 955 3976 1026 qui;-

2384 1054 2484 1109 bus
2515 1064 2787 1120 nunquam
2823 1048 2889 1103 de
2917 1047 3027 1102 Deo
3057 1045 3256 1100 oblivio
3292 1045 3564 1117 subripit,
3595 1054 3652 1101 et
3700 1045 3833 1102 vitia
3864 1047 3976 1105 oris

2385 1146 2638 1213 qmerunt'
2673 1139 2961 1208 diligenter
3001 1153 3219 1206 cavere,
3262 1146 3318 1191 et
3351 1153 3417 1193 ex
3449 1146 3566 1195 toto
3596 1138 3824 1207 mundi,
3877 1154 3977 1198 ve-

2388 1237 2484 1291 luti
2523 1233 2720 1306 angeli,
2751 1241 2805 1290 et
2836 1249 2865 1287 a
2902 1232 3056 1287 bonis
3097 1240 3153 1287 et
3178 1247 3209 1288 a
3240 1230 3397 1286 malis
3445 1231 3677 1302 eloquiis
3728 1241 3982 1305 quaerunt

2390 1339 2572 1383 tacere
2611 1342 2707 1396 pro
2745 1324 2994 1379 Domino.
3045 1322 3151 1379 Sed
3201 1324 3327 1394 quia
3375 1322 3661 1380 diversitas
3708 1341 3987 1385 concessa

2388 1417 2571 1486 gratia:
2605 1415 2898 1470 secundum
2939 1429 3246 1469 mensuram
3292 1413 3437 1482 lidei,
3466 1414 3704 1470 maxime
3731 1415 3783 1470 in
3813 1418 3988 1486 negli-

2389 1511 2637 1580 gentibus
2665 1509 2866 1578 poterit
2895 1507 3173 1572 minor-ari,
3207 1507 3402 1577 tepidis
3450 1517 3505 1563 et
3537 1509 3889 1580 imperfectis,
3930 1521 3993 1569 et

2391 1604 2569 1658 minus
2599 1603 2651 1657 in
2679 1601 2926 1657 sollicitis
2954 1600 3059 1656 hoc
3088 1600 3416 1668 rclaxamus,
3451 1609 3510 1656 ut
3537 1601 3602 1658 de
3634 1605 3992 1663 saecularibus

2395 1694 2748 1764 inquirendis,
2779 1693 3043 1748 duntaxat
3091 1693 3208 1749 sine
3237 1702 3465 1764 peccato
3487 1694 3692 1765 aliquid
3741 1713 3864 1767 qua:
3921 1701 3994 1757 ad

2395 1786 2805 1842 aedificationem
2847 1787 3144 1856 spiritalem
3191 1803 3296 1842 non
3345 1789 3639 1858 pertinent,
3673 1793 3776 1848 nisi
3821 1795 3994 1867 petita

2327 1894 2368 1953 Β
2399 1882 2775 1937 benedictione
2823 1878 2986 1935 fuerit
3033 1880 3204 1949 magis
3231 1896 3493 1937 concessa
3537 1883 3822 1954 permissio
3851 1931 3866 1955 ,
3908 1887 3997 1945 lo-

2397 1975 2595 2046 quendi
2622 1974 2840 2030 licentia
2874 1989 2978 2028 non
3007 1982 3272 2029 sumatur.
3301 1974 3375 2028 De
3397 1975 3578 2045 aliquo
3606 1992 3740 2033 vero
3761 1979 3997 2050 spiritali

2400 2065 2786 2136 interrogando
2820 2079 3092 2130 sermone,
3125 2074 3250 2134 post
3279 2064 3716 2123 benedictionem
3745 2070 3996 2140 petitam,

2400 2175 2529 2213 mox
2555 2156 2704 2225 loqui
2729 2155 2928 2211 debere
2958 2154 3302 2225 discipulum.
3335 2156 3702 2215 Scurrilitates
3735 2177 3894 2230 vero,
3911 2163 4001 2220 vel

2403 2254 2567 2309 verba
2599 2253 2770 2307 otiosa
2796 2291 2811 2318 ,
2861 2260 2916 2305 et
2956 2251 3126 2305 risum
3180 2251 3454 2306 moventia
3503 2263 3704 2309 teterna
3748 2254 4002 2312 clausura

2403 2345 2755 2404 danunt-mus;
2788 2350 2840 2397 et
2862 2342 2930 2396 ad
2957 2343 3086 2397 talia
3118 2341 3334 2412 eloquia
3371 2342 3692 2416 discipulum
3721 2361 3832 2403 non
3864 2362 4000 2420 ape-

2405 2437 2513 2491 rire
2536 2452 2594 2491 os
2627 2435 3004 2502 permittimus.

3023 2546 3253 2604 CAPUT
3286 2548 3352 2603 X.

2837 2681 3241 2722 INTERROGATIO
3269 2679 3555 2721 υιεωεισω.

2411 2782 2490 2837 De
2508 2782 2795 2862 humilitate
2819 2780 3232 2862 fratrumqualts
3273 2780 3459 2862 debeat
3504 2797 3636 2862 esse,
3700 2786 3777 2838 uel
3816 2785 4002 2856 quibus

2483 2855 2649 2909 modis
2681 2855 3008 2922 arquiratur,
3033 2854 3108 2906 vel
3129 2853 3386 2922 quomodo
3403 2856 3656 2924 acquisita
3675 2853 3933 2915 servatur.

2681 2959 2988 3000 RESPONDET
3029 2959 3260 2999 DOIIINUS
3297 2961 3396 2999 PER
3435 2961 3761 3004 IACISTRUM.

2487 3042 2698 3097 Clamat
2725 3041 2879 3096 nobis
2915 3040 3195 3111 Scriptura
3247 3039 3448 3107 divina,
3503 3040 3720 3109 fratres,
3773 3047 4008 3106 dicens:

2421 3133 2605 3189 Omnis
2636 3134 2722 3204 qui
2775 3149 2830 3187 se
2858 3135 3075 3199 exultat,
3131 3131 3508 3192 Itumiliabitur.
3541 3143 3592 3188 et
3619 3138 3786 3192 omnis
3829 3142 3916 3212 qui
3962 3159 4017 3197 se

710 3242 835 3295 bum
864 3255 1054 3293 canum
1084 3238 1147 3290 de
1167 3245 1449 3335 ore-resne
1475 3251 1577 3335 non
1597 3233 1873 3335 procedat,
1893 3230 2058 3335 sedhsi
2085 3231 2207 3300 quid
2236 3237 2313 3284 est
2341 3271 2388 3335 Ε
2419 3231 2659 3285 humiliat
2681 3227 2998 3285 exaltabitur
3045 3227 3198 3297 (Luc.
3231 3230 3365 3299 xtv).
3397 3228 3530 3286 Cum
3561 3233 3678 3288 haec
3706 3247 3836 3303 ergo
3861 3234 4016 3307 dicit,

711 3338 783 3390 ad
799 3334 1201 3401 «veliﬁcatione»:
1223 3329 1440 3398 (Ep/tes.
1472 3327 1568 3395 tv).
1597 3325 1664 3380 Et
1695 3326 1821 3381 item
1844 3323 2267 3395 dicitScriptura
2297 3342 2308 3377 :

716 3430 950 3501 Sapiens
979 3426 1160 3498 paucis
1191 3424 1465 3478 innotescit
1495 3421 1680 3476 verbis.
1728 3419 1795 3476 Et
1841 3419 2079 3474 maxime
2127 3417 2319 3485 timere

714 3521 871 3588 ideo,
901 3527 958 3574 et
982 3517 1128 3571 omni
1171 3516 1302 3568 hora
1332 3528 1434 3568 nos
1465 3528 1495 3566 a
1524 3509 1870 3581 multiloquio
1899 3508 2177 3565 custodire
2226 3509 2321 3562 de-

714 3615 916 3670 bemus
949 3629 960 3664 :
995 3610 1120 3680 quia
1154 3624 1258 3662 non
1291 3616 1470 3678 potest
1503 3606 1647 3670 Iieri,
1705 3614 1762 3660 ut
1791 3604 1934 3659 inter
1963 3603 2130 3657 multa
2157 3603 2320 3657 verba

717 3706 1004 3774 aliquanta
1046 3716 1154 3756 non
1180 3706 1383 3755 exeant
1413 3712 1535 3751 cum
1565 3703 1813 3768 peccato,
1843 3695 2138 3750 secundum
2179 3691 2326 3748 Scri-

717 3807 942 3870 pturatn
973 3797 1242 3850 dicentem
1273 3811 1283 3845 :
1318 3791 1383 3844 In
1414 3791 1737 3861 multitaquio
1782 3807 1886 3844 non
1934 3789 2179 3858 e/fugitur
2207 3803 2325 3856 pec-

719 3900 900 3946 catum
957 3886 1137 3959 (Prov.
1166 3887 1245 3953 κ).
1281 3883 1434 3938 Unde
1489 3890 1544 3936 et
1589 3881 1860 3950 Propheta
1911 3879 2128 3934 tradens
2171 3878 2329 3932 nobis

725 3984 964 4041 formam
994 3977 1234 4036 ostendit
1269 3992 1328 4032 se
1370 3979 1437 4030 tle
1466 3975 1550 4030 his
1581 3989 1700 4030 esse
1753 3973 2046 4028 sollicitum
2074 4014 2088 4041 ,
2118 3983 2170 4026 et
2217 3980 2326 4025 tam

728 4093 760 4132 a
813 4074 973 4130 malis
1041 4087 1203 4142 quam
1259 4086 1288 4123 a
1343 4068 1498 4125 bonis
1549 4066 1779 4138 eloquiis
1840 4065 2040 4121 debere
2104 4073 2330 4132 tacere,

728 4169 921 4224 dicens
946 4186 957 4219 :
994 4165 1163 4230 Dixit,
1189 4162 1478 4216 custodierit
1508 4161 1616 4213 rias
1644 4175 1807 4226 meas,
1833 4167 1888 4210 ut
1913 4174 2014 4211 non
2046 4172 2195 4227 pcccc
2217 4176 2242 4207 n
2277 4157 2330 4208 in

733 4262 916 4333 lingua
938 4274 1070 4312 mea.
1091 4254 1250 4310 Posui
1270 4255 1349 4308 ori
1374 4269 1486 4307 meo
1514 4252 1834 4315 custodiant;
1863 4249 2090 4304 obmutui
2123 4256 2170 4301 et
2193 4248 2335 4300 tacui

733 4351 896 4405 etiam
941 4364 974 4400 a
1023 4344 1170 4399 bonis
1202 4342 1376 4415 (Psal.
1423 4343 1673 4409 xxxrm).
1707 4339 1823 4395 Hoc
1851 4349 1976 4406 est,
2029 4337 2338 4394 ostenditur

738 4448 991 4513 pet-tecto
1023 4436 1308 4506 discipulo,
1335 4443 1444 4489 tam
1475 4435 1544 4490 de
1578 4433 1735 4488 malis
1757 4446 1917 4502 quam
1947 4431 2014 4488 de
2035 4431 2192 4486 bonis
2223 4431 2339 4485 elo-

736 4531 882 4602 quiis
903 4529 1107 4587 debere
1143 4537 1346 4582 tacere.
1381 4524 1520 4592 Quia
1561 4524 1668 4580 etsi
1702 4522 1971 4596 loquenda
2017 4532 2145 4577 sunt
2192 4522 2336 4577 bona

2421 3326 2663 3381 ostendit
2717 3325 2876 3380 nobis
2929 3338 3148 3380 omnem
3216 3324 3604 3381 exaltationem
3672 3341 3842 3396 genus
3901 3344 4023 3387 esse

2421 3417 2706 3488 superbiae.
2737 3415 2893 3482 Quod
2920 3430 2980 3470 se
3004 3429 3201 3470 cavere
3235 3413 3510 3486 Propheta
3537 3417 3764 3484 indicat,
3795 3419 4018 3476 dicens:

2427 3511 2669 3579 Domine,
2694 3528 2797 3565 non
2846 3520 2923 3565 est
2973 3510 3260 3565 exaltatum
3305 3527 3393 3564 cor
3446 3527 3643 3581 meum,
3692 3531 3853 3587 neque
3900 3516 4025 3570 elati

2426 3613 2546 3658 sunt
2581 3605 2715 3659 oculi
2746 3605 2845 3657 mei
2878 3602 3055 3674 (Psal.
3088 3603 3276 3673 cxxx).
3309 3602 3371 3656 Et
3401 3604 3527 3659 item
3561 3607 3758 3676 repetit
3790 3625 3800 3658 :
3838 3605 4023 3680 Neque

2428 3695 2683 3749 ambulavi
2711 3696 2765 3748 in
2791 3695 3016 3766 magnis,
3047 3710 3210 3765 neque
3256 3695 3309 3749 in
3347 3696 3670 3754 mirabilibus
3717 3713 3874 3767 super
3921 3717 4025 3757 me.

2428 3787 2536 3843 Sed
2567 3785 2732 3856 quid?
2761 3785 2823 3841 Si
2879 3803 2981 3840 non
3021 3787 3284 3841 humiliter
3304 3788 3606 3855 sentiebam,
3659 3792 3751 3845 sed
3800 3794 4030 3850 exaltari

2430 3881 2655 3932 animam
2683 3894 2868 3942 meam,
2910 3879 3044 3932 sicut
3071 3878 3370 3934 ablactatus
3415 3889 3490 3935 est
3517 3898 3672 3952 super
3710 3893 3879 3938 matre
3908 3902 4027 3954 sua,

2431 3973 2505 4025 ita
2536 3969 2798 4024 retributio
2825 3971 2879 4023 in
2902 3970 3132 4024 animum
3155 3987 3339 4025 meum.
3370 3969 3540 4041 Unde,
3567 3971 3786 4044 fratres,
3809 3975 3855 4032 si
3878 3992 4034 4034 sum-

2435 4081 2535 4120 ma:
2589 4063 2912 4121 humilitatis
2965 4062 3222 4118 volumus
3271 4063 3486 4121 culmen
3534 4066 3820 4136 attingere,
3868 4077 3924 4124 et
3967 4065 4036 4128 ad

2437 4156 2822 4211 exaltationem
2845 4155 2990 4209 illam
3017 4154 3318 4223 cmlestem,
3343 4156 3412 4211 ad
3441 4171 3604 4226 quam
3628 4174 3726 4228 per
3746 4163 4034 4230 prmsentis

2439 4251 2563 4304 vitae
2630 4249 2993 4304 humilitatem
3045 4248 3394 4316 ascenditur,
3453 4252 3706 4309 volumus
3772 4253 4040 4314 velociter

2441 4343 2762 4413 pervenire;
2792 4342 3000 4397 actibus
3044 4343 3245 4398 nostris
3295 4345 3714 4402 ascendentibus
3741 4348 3889 4406 scala
3943 4350 4036 4411 illa

2443 4435 2696 4504 erigenda
2730 4441 2840 4499 est,
2875 4449 2993 4504 qua:
3021 4446 3204 4491 erecta
3226 4436 3282 4492 in
3310 4437 3508 4494 coelum
3539 4439 3592 4493 in
3616 4439 3833 4496 somnio
3864 4440 4038 4500 Jacob

2446 4527 2715 4598 apparuit,
2748 4541 2847 4596 per
2873 4542 3035 4596 quam
3057 4527 3109 4583 ei
3156 4527 3557 4588 descendentes
3574 4540 3630 4590 et
3678 4535 4041 4594 ascendentes

739 4625 960 4696 eloquia
977 4637 1084 4679 non
1098 4620 1395 4692 discipulis,
1409 4619 1512 4677 sed
1531 4619 1791 4690 magistro
1815 4617 2042 4674 debetur
2068 4616 2335 4672 doctrina.
2371 4646 2420 4706 υ
2446 4621 2621 4692 angeli
2655 4622 3115 4677 monstrabantur.
3142 4622 3262 4679 Non
3290 4625 3440 4680 aliud
3468 4625 3588 4684 sine
3617 4628 3784 4686 dubio
3814 4630 4046 4688 descen-

741 4721 876 4776 Nam
895 4728 952 4775 et
981 4718 1124 4774 sicut
1149 4717 1279 4772 dicit
1300 4715 1612 4786 Scriptura:
1641 4713 1761 4768 Vita
1785 4722 1836 4766 et
1856 4728 1991 4766 mors
2015 4713 2071 4766 in
2095 4711 2336 4765 manibus

744 4815 939 4888 lingua:
980 4810 1163 4888 (Prov.
1191 4809 1326 4880 xrv).
1357 4803 1665 4876 Diligenter
1697 4819 1827 4876 ergo
1875 4814 1931 4861 et
1978 4805 2125 4874 juste
2181 4805 2343 4859 debet

748 4921 866 4976 ipsa
899 4903 1137 4974 amplius
1190 4900 1471 4956 refrenari.
1532 4899 1658 4954 llaec
1714 4898 1860 4954 enim
1917 4905 2064 4952 tanta
2117 4897 2344 4952 tacitur-

750 4999 940 5054 nitatis
964 4995 1223 5052 districta:
1250 4993 1496 5050 custodia
1525 4992 1782 5064 perfectis
1809 4999 1867 5049 et
1892 4991 2042 5062 puris
2066 4991 2254 5059 corde,
2285 5002 2342 5046 et

750 5091 970 5148 mundis
1013 5103 1044 5143 a
1093 5095 1364 5158 peccato,
1410 5085 1724 5140 timentibus
1777 5092 2038 5154 perpetua
2084 5083 2345 5153 gehenute

754 5183 1013 5240 incendia
1041 5225 1056 5251 ,
1093 5190 1151 5236 et
1202 5179 1568 5250 qumrentibus
1595 5180 1719 5234 vita:
1748 5187 1965 5234 :nternaa
1990 5177 2204 5232 divitias
2239 5179 2342 5231 im-

749 5276 1056 5340 mortales,
1099 5273 1294 5328 merito
1350 5271 1662 5344 praecipitur
1693 5270 2051 5327 observanda.
2108 5268 2348 5339 Ideoque

753 5377 1028 5442 praesente
1085 5367 1280 5422 abbate
1325 5381 1432 5420 non
1481 5365 1773 5434 loquantur
1803 5405 1818 5432 ,
1876 5364 1979 5420 nisi
2035 5364 2354 5430 interrogati

752 5461 1046 5534 discipuli:
1083 5460 1305 5515 absente
1339 5473 1466 5513 vero
1517 5457 1713 5512 abbate
1739 5498 1753 5523 ,
1811 5457 1858 5513 si
1907 5455 1974 5512 de
2002 5457 2172 5512 verbo
2220 5454 2352 5524 Dei,

752 5561 860 5620 sibi
887 5569 1069 5613 tamen
1093 5556 1238 5610 lente
1267 5563 1323 5610 et
1352 5554 1646 5620 humiliter,
1682 5568 1791 5608 non
1823 5553 2064 5608 clamosa
2091 5567 2227 5608 voce
2274 5553 2356 5609 lo-

754 5661 996 5729 quentur
1026 5668 1040 5704 :
1073 5648 1208 5716 Quia
1257 5646 1432 5702 omnis
1487 5645 1631 5702 lenta
1673 5645 1878 5701 locutio
1928 5647 1996 5700 ab
2055 5645 2359 5701 humilitate

758 5744 1066 5807 descendit.
1095 5742 1156 5798 Si
1182 5757 1314 5797 vero
1337 5740 1406 5796 de
1435 5741 1684 5796 inanibus
1713 5747 1807 5794 aut
1853 5739 1921 5795 de
1965 5739 2312 5796 sarcularibus
2342 5781 2359 5809 ,

759 5845 846 5899 vel
875 5837 1160 5913 quibusvis
1191 5834 1376 5891 verbis
1403 5849 1524 5905 quas
1565 5833 1632 5889 ad
1666 5834 1829 5888 Deum
1877 5848 1987 5889 non
2043 5833 2361 5904 pertinent,

763 5932 1142 5996 inchoaverint
1178 5927 1427 6000 discipuli
1453 5927 1619 5998 loqui,
1647 5942 1772 5984 mox
1814 5942 1845 5982 a
1891 5927 2196 5998 prmpositis
2246 5928 2359 5983 suis

2446 4729 2538 4769 sus
2565 4713 2654 4768 ille
2676 4721 2732 4768 et
2770 4727 3028 4768 ascensus
3057 4728 3089 4768 a
3112 4713 3271 4771 nobis
3302 4715 3646 4788 intelligitur,
3681 4720 3784 4776 nisi
3829 4722 4042 4778 exalta-

2450 4805 2652 4860 tionem
2703 4803 3037 4861 descendere
3081 4811 3138 4860 et
3193 4807 3487 4865 ascendere
3535 4809 3902 4868 humilitatem
3951 4829 4044 4870 os-

2451 4897 2644 4952 tendit.
2691 4894 2849 4951 Scala
2908 4912 3036 4952 vero
3080 4897 3197 4968 ipsa
3247 4908 3450 4965 erecta,
3494 4910 3680 4957 nostra
3711 4905 3926 4960 estvita
3989 4907 4043 4964 in

2452 4989 2650 5046 smculo
2671 5006 2684 5056 ;
2709 5003 2831 5058 qua:
2868 4989 3154 5046 humiliato
3179 4990 3349 5048 corde
3377 5000 3434 5048 et
3461 4994 3640 5062 capite
3680 5010 3780 5051 suo
3825 4996 3877 5051 in
3905 5013 4040 5067 prte-

2454 5085 2594 5140 senti
2616 5085 2720 5140 hoc
2750 5093 2996 5156 tempore
3018 5087 3317 5142 exaltatum
3349 5102 3380 5143 a
3406 5087 3636 5145 Domino
3686 5092 3878 5147 mortis
3925 5093 4047 5148 exi-

2457 5186 2568 5232 tum
2590 5177 2763 5246 erigat
2789 5177 2857 5233 ad
2877 5179 3074 5234 omium
3109 5195 3122 5232 :
3147 5178 3318 5235 latera
3349 5181 3493 5236 enim
3523 5181 3641 5251 ejus
3669 5182 3831 5238 scalae
3856 5186 4049 5240 certis-

2455 5273 2590 5328 sime
2614 5273 2886 5330 credimus
2920 5281 3164 5328 nostrum
3196 5287 3316 5330 esse
3363 5290 3582 5345 corpus.
3625 5274 3684 5329 In
3726 5291 3832 5348 qua
3877 5277 4049 5334 latera

2458 5365 2701 5420 diversos
2730 5365 2927 5434 gradus
2957 5365 3277 5423 humilitatis
3325 5367 3410 5422 vel
3453 5367 3750 5439 disciplinae
3796 5372 4048 5428 evocatio

2459 5457 2637 5513 divina
2669 5457 3042 5514 ascendendos
3064 5457 3311 5514 inseruit.

2537 5549 2774 5605 Primum
2815 5552 2997 5622 itaque
3029 5551 3345 5608 humilitatis
3391 5553 3616 5622 gradum
3666 5555 3719 5610 in
3749 5555 3892 5614 scala
3920 5556 4047 5616 caeli

2469 5641 2712 5697 ascendit
2755 5643 3069 5713 discipulus,
3102 5645 3144 5699 si
3177 5643 3422 5702 timorem
3449 5647 3541 5702 Dei
3569 5647 3670 5702 sibi
3700 5656 3826 5704 ante
3855 5649 4047 5708 oculos

2470 5752 2682 5807 semper
2713 5753 2922 5808 ponens
2951 5739 3278 5796 oblivionem
3336 5742 3485 5798 omni
3516 5743 3648 5798 hora
3681 5743 3868 5816 iugiat,
3900 5759 4052 5801 semp

2472 5844 2568 5900 per
2608 5831 2679 5884 sit
2727 5846 2935 5888 memor
2981 5834 3223 5890 onmium
3289 5849 3409 5906 quat
3459 5837 3714 5908 praecepit
3773 5837 3914 5894 Deus
3945 5856 3958 5892 :
3994 5847 4056 5895 ut

2476 5925 2748 5993 quomolo
2777 5934 2832 5984 et
2861 5927 3104 5993 gebcnna
3138 5936 3547 5989 contemnentes
3575 5930 3742 5990 Deum
3779 5931 3846 5988 de
3866 5945 4059 6003 pecca-
