  <div class='ocr_page' id='page_1' title='image "/cluster/home/n/w/nwhite01/storage/ocr_20150623/88-89/uc1.31175000868714/487.png"; bbox 0 0 5174 6550; ppageno 0'>
   <div class='ocr_carea' id='block_1_1' title="bbox 1267 413 4529 484">
    <p class='ocr_par' dir='ltr' id='par_1_1' title="bbox 1267 413 4529 484">
     <span class='ocr_line' id='line_1_1' title="bbox 1267 413 4529 484; baseline -0.002 -8"><span class='ocrx_word' id='word_1_1' title='bbox 1267 419 1368 478; x_wconf 77' lang='lat'><strong>961</strong></span> <span class='ocrx_word' id='word_1_2' title='bbox 2556 413 2901 473; x_wconf 82' lang='lat' dir='ltr'><strong>AUCTORIS</strong></span> <span class='ocrx_word' id='word_1_3' title='bbox 2942 414 3216 475; x_wconf 80' lang='lat' dir='ltr'><strong>INCERTI</strong></span> <span class='ocrx_word' id='word_1_4' title='bbox 4431 427 4529 484; x_wconf 74' lang='lat'><strong>963</strong></span> 
     </span>
    </p>
   </div>
   <div class='ocr_carea' id='block_1_2' title="bbox 1251 530 4526 607">
    <p class='ocr_par' dir='ltr' id='par_1_2' title="bbox 1251 530 4526 607">
     <span class='ocr_line' id='line_1_2' title="bbox 1251 530 4526 607; baseline 0.002 -13"><span class='ocrx_word' id='word_1_5' title='bbox 1251 538 1323 595; x_wconf 91' lang='lat' dir='ltr'><strong>tis</strong></span> <span class='ocrx_word' id='word_1_6' title='bbox 1368 533 1654 601; x_wconf 73' lang='lat' dir='ltr'><strong>incendat;</strong></span> <span class='ocrx_word' id='word_1_7' title='bbox 1713 540 1770 590; x_wconf 90' lang='lat' dir='ltr'><strong>et</strong></span> <span class='ocrx_word' id='word_1_8' title='bbox 1807 530 1974 587; x_wconf 84' lang='lat' dir='ltr'><strong>vitam</strong></span> <span class='ocrx_word' id='word_1_9' title='bbox 2019 539 2299 596; x_wconf 72' lang='lat' dir='ltr'><strong>aeternam,</strong></span> <span class='ocrx_word' id='word_1_10' title='bbox 2355 544 2473 601; x_wconf 81' lang='lat' dir='ltr'><strong>quae</strong></span> <span class='ocrx_word' id='word_1_11' title='bbox 2526 530 2837 587; x_wconf 73' lang='lat' dir='ltr'><strong>timentibus</strong></span> <span class='ocrx_word' id='word_1_12' title='bbox 2867 535 2917 593; x_wconf 80' lang='grc' dir='ltr'><strong>Α</strong></span> <span class='ocrx_word' id='word_1_13' title='bbox 2944 533 3189 604; x_wconf 76' lang='lat' dir='ltr'><strong>quotidie</strong></span> <span class='ocrx_word' id='word_1_14' title='bbox 3215 534 3302 591; x_wconf 90' lang='lat' dir='ltr'><strong>die</strong></span> <span class='ocrx_word' id='word_1_15' title='bbox 3347 542 3625 607; x_wconf 88' lang='lat' dir='ltr'><strong>noctuque</strong></span> <span class='ocrx_word' id='word_1_16' title='bbox 3664 537 3891 595; x_wconf 89' lang='lat' dir='ltr'><strong>Domino</strong></span> <span class='ocrx_word' id='word_1_17' title='bbox 3920 542 4186 597; x_wconf 74' lang='lat' dir='ltr'><strong>factorum</strong></span> <span class='ocrx_word' id='word_1_18' title='bbox 4221 550 4526 601; x_wconf 82' lang='lat' dir='ltr'><strong>nostrorum</strong></span> 
     </span>
    </p>
   </div>
   <div class='ocr_carea' id='block_1_3' title="bbox 1253 621 4525 705">
    <p class='ocr_par' dir='ltr' id='par_1_3' title="bbox 1253 621 4525 705">
     <span class='ocr_line' id='line_1_3' title="bbox 1253 621 4525 705; baseline 0.002 -20"><span class='ocrx_word' id='word_1_19' title='bbox 1253 630 1420 685; x_wconf 87' lang='lat' dir='ltr'><strong>Deum</strong></span> <span class='ocrx_word' id='word_1_20' title='bbox 1447 631 1748 699; x_wconf 69' lang='lat' dir='ltr'><strong>praeparata</strong></span> <span class='ocrx_word' id='word_1_21' title='bbox 1778 630 1880 689; x_wconf 86' lang='lat' dir='ltr'><strong>est,</strong></span> <span class='ocrx_word' id='word_1_22' title='bbox 1930 621 2113 679; x_wconf 90' lang='lat' dir='ltr'><strong>animo</strong></span> <span class='ocrx_word' id='word_1_23' title='bbox 2166 638 2264 678; x_wconf 92' lang='lat' dir='ltr'><strong>suo</strong></span> <span class='ocrx_word' id='word_1_24' title='bbox 2310 635 2522 694; x_wconf 84' lang='lat' dir='ltr'><strong>semper</strong></span> <span class='ocrx_word' id='word_1_25' title='bbox 2571 632 2828 679; x_wconf 76' lang='lat' dir='ltr'><strong>revocet:</strong></span> <span class='ocrx_word' id='word_1_26' title='bbox 2938 641 3103 696; x_wconf 83' lang='lat' dir='ltr'><strong>opera</strong></span> <span class='ocrx_word' id='word_1_27' title='bbox 3162 628 3510 696; x_wconf 77' lang='lat' dir='ltr'><strong>nuntiantur;</strong></span> <span class='ocrx_word' id='word_1_28' title='bbox 3544 632 3842 686; x_wconf 91' lang='lat' dir='ltr'><strong>cavendum</strong></span> <span class='ocrx_word' id='word_1_29' title='bbox 3898 648 4029 702; x_wconf 82' lang='lat' dir='ltr'><strong>ergo</strong></span> <span class='ocrx_word' id='word_1_30' title='bbox 4069 643 4152 690; x_wconf 88' lang='lat' dir='ltr'><strong>est</strong></span> <span class='ocrx_word' id='word_1_31' title='bbox 4178 636 4327 691; x_wconf 88' lang='lat' dir='ltr'><strong>omni</strong></span> <span class='ocrx_word' id='word_1_32' title='bbox 4377 638 4525 705; x_wconf 90' lang='lat' dir='ltr'><strong>hora,</strong></span> 
     </span>
    </p>
   </div>
   <div class='ocr_carea' id='block_1_4' title="bbox 1252 712 4526 796">
    <p class='ocr_par' dir='ltr' id='par_1_4' title="bbox 1252 712 4526 796">
     <span class='ocr_line' id='line_1_4' title="bbox 1252 712 4526 796; baseline -0.002 -14"><span class='ocrx_word' id='word_1_33' title='bbox 1252 736 1308 783; x_wconf 91' lang='lat' dir='ltr'><strong>et</strong></span> <span class='ocrx_word' id='word_1_34' title='bbox 1331 727 1641 782; x_wconf 88' lang='lat' dir='ltr'><strong>custodiens</strong></span> <span class='ocrx_word' id='word_1_35' title='bbox 1661 740 1721 781; x_wconf 91' lang='lat' dir='ltr'><strong>se</strong></span> <span class='ocrx_word' id='word_1_36' title='bbox 1747 724 1897 779; x_wconf 91' lang='lat' dir='ltr'><strong>omni</strong></span> <span class='ocrx_word' id='word_1_37' title='bbox 1916 723 2047 778; x_wconf 88' lang='lat' dir='ltr'><strong>hora</strong></span> <span class='ocrx_word' id='word_1_38' title='bbox 2075 740 2105 778; x_wconf 92' lang='lat' dir='ltr'><strong>a</strong></span> <span class='ocrx_word' id='word_1_39' title='bbox 2127 722 2366 793; x_wconf 72' lang='lat' dir='ltr'><strong>peccatis</strong></span> <span class='ocrx_word' id='word_1_40' title='bbox 2393 732 2446 777; x_wconf 90' lang='lat' dir='ltr'><strong>et</strong></span> <span class='ocrx_word' id='word_1_41' title='bbox 2470 722 2630 789; x_wconf 89' lang='lat' dir='ltr'><strong>vitiis,</strong></span> <span class='ocrx_word' id='word_1_42' title='bbox 2653 722 2705 777; x_wconf 92' lang='lat' dir='ltr'><strong>id</strong></span> <span class='ocrx_word' id='word_1_43' title='bbox 2727 730 2828 787; x_wconf 90' lang='lat' dir='ltr'><strong>est,</strong></span> <span class='ocrx_word' id='word_1_44' title='bbox 2944 712 3160 779; x_wconf 77' lang='lat' dir='ltr'><strong>fratres,</strong></span> <span class='ocrx_word' id='word_1_45' title='bbox 3194 717 3333 771; x_wconf 82' lang='lat' dir='ltr'><strong>sicut</strong></span> <span class='ocrx_word' id='word_1_46' title='bbox 3354 718 3485 771; x_wconf 86' lang='lat' dir='ltr'><strong>dicit</strong></span> <span class='ocrx_word' id='word_1_47' title='bbox 3506 719 3556 772; x_wconf 92' lang='lat' dir='ltr'><strong>in</strong></span> <span class='ocrx_word' id='word_1_48' title='bbox 3585 720 3792 788; x_wconf 85' lang='lat' dir='ltr'><strong>psalmo</strong></span> <span class='ocrx_word' id='word_1_49' title='bbox 3824 724 3983 778; x_wconf 91' lang='lat' dir='ltr'><strong>tertio</strong></span> <span class='ocrx_word' id='word_1_50' title='bbox 4003 723 4215 780; x_wconf 86' lang='lat' dir='ltr'><strong>decimo</strong></span> <span class='ocrx_word' id='word_1_51' title='bbox 4258 723 4526 796; x_wconf 63' lang='lat' dir='ltr'><strong>Propheta</strong></span> 
     </span>
    </p>
   </div>
   <div class='ocr_carea' id='block_1_5' title="bbox 1251 810 4530 889">
    <p class='ocr_par' dir='ltr' id='par_1_5' title="bbox 1251 810 4530 889">
     <span class='ocr_line' id='line_1_5' title="bbox 1251 810 4530 889; baseline 0.006 -35"><span class='ocrx_word' id='word_1_52' title='bbox 1251 819 1641 889; x_wconf 43' lang='lat' dir='ltr'><strong>cogitationum</strong></span> <span class='ocrx_word' id='word_1_53' title='bbox 1684 816 1900 886; x_wconf 62' lang='lat' dir='ltr'><strong>linguae,</strong></span> <span class='ocrx_word' id='word_1_54' title='bbox 1932 830 2207 879; x_wconf 86' lang='lat' dir='ltr'><strong>manuum,</strong></span> <span class='ocrx_word' id='word_1_55' title='bbox 2240 814 2431 884; x_wconf 90' lang='lat' dir='ltr'><strong>pedum</strong></span> <span class='ocrx_word' id='word_1_56' title='bbox 2465 817 2548 867; x_wconf 90' lang='lat' dir='ltr'><strong>vel</strong></span> <span class='ocrx_word' id='word_1_57' title='bbox 2576 816 2824 869; x_wconf 59' lang='lat' dir='ltr'><strong>volunta.</strong></span> <span class='ocrx_word' id='word_1_58' title='bbox 2943 810 3115 880; x_wconf 85' lang='lat' dir='ltr'><strong>(Psal.</strong></span> <span class='ocrx_word' id='word_1_59' title='bbox 3146 826 3234 863; x_wconf 87' lang='lat' dir='ltr'><strong>xm</strong></span> <span class='ocrx_word' id='word_1_60' title='bbox 3262 810 3278 879; x_wconf 97' lang='lat'><strong>)</strong></span> <span class='ocrx_word' id='word_1_61' title='bbox 3308 827 3322 877; x_wconf 88' lang='lat'><strong>;</strong></span> <span class='ocrx_word' id='word_1_62' title='bbox 3370 825 3440 865; x_wconf 88' lang='lat' dir='ltr'><strong>ne</strong></span> <span class='ocrx_word' id='word_1_63' title='bbox 3486 827 3585 867; x_wconf 90' lang='lat' dir='ltr'><strong>nos</strong></span> <span class='ocrx_word' id='word_1_64' title='bbox 3634 812 3967 869; x_wconf 90' lang='lat' dir='ltr'><strong>declinantes</strong></span> <span class='ocrx_word' id='word_1_65' title='bbox 3994 815 4047 869; x_wconf 92' lang='lat' dir='ltr'><strong>in</strong></span> <span class='ocrx_word' id='word_1_66' title='bbox 4072 816 4296 883; x_wconf 85' lang='lat' dir='ltr'><strong>malum,</strong></span> <span class='ocrx_word' id='word_1_67' title='bbox 4328 827 4386 873; x_wconf 90' lang='lat' dir='ltr'><strong>et</strong></span> <span class='ocrx_word' id='word_1_68' title='bbox 4412 820 4530 875; x_wconf 78' lang='lat' dir='ltr'><strong>inu~</strong></span> 
     </span>
    </p>
   </div>
   <div class='ocr_carea' id='block_1_6' title="bbox 1252 899 4531 982">
    <p class='ocr_par' dir='ltr' id='par_1_6' title="bbox 1252 899 4531 982">
     <span class='ocr_line' id='line_1_6' title="bbox 1252 899 4531 982; baseline -0.001 -14"><span class='ocrx_word' id='word_1_69' title='bbox 1252 914 1322 968; x_wconf 86' lang='lat' dir='ltr'><strong>tis</strong></span> <span class='ocrx_word' id='word_1_70' title='bbox 1367 911 1618 982; x_wconf 70' lang='lat' dir='ltr'><strong>propriae,</strong></span> <span class='ocrx_word' id='word_1_71' title='bbox 1649 907 1744 963; x_wconf 88' lang='lat' dir='ltr'><strong>sed</strong></span> <span class='ocrx_word' id='word_1_72' title='bbox 1794 916 1849 963; x_wconf 90' lang='lat' dir='ltr'><strong>et</strong></span> <span class='ocrx_word' id='word_1_73' title='bbox 1900 907 2164 963; x_wconf 90' lang='lat' dir='ltr'><strong>desideria</strong></span> <span class='ocrx_word' id='word_1_74' title='bbox 2211 906 2407 961; x_wconf 89' lang='lat' dir='ltr'><strong>carnis.</strong></span> <span class='ocrx_word' id='word_1_75' title='bbox 2467 904 2723 962; x_wconf 65' lang='lat' dir='ltr'><strong>)Estimet</strong></span> <span class='ocrx_word' id='word_1_76' title='bbox 2772 921 2831 962; x_wconf 90' lang='lat' dir='ltr'><strong>se</strong></span> <span class='ocrx_word' id='word_1_77' title='bbox 2948 901 3067 955; x_wconf 85' lang='lat' dir='ltr'><strong>tiles</strong></span> <span class='ocrx_word' id='word_1_78' title='bbox 3097 899 3270 956; x_wconf 77' lang='lat' dir='ltr'><strong>factos</strong></span> <span class='ocrx_word' id='word_1_79' title='bbox 3309 902 3488 970; x_wconf 83' lang='lat' dir='ltr'><strong>aliqua</strong></span> <span class='ocrx_word' id='word_1_80' title='bbox 3516 903 3646 957; x_wconf 87' lang='lat' dir='ltr'><strong>hora</strong></span> <span class='ocrx_word' id='word_1_81' title='bbox 3692 905 3917 974; x_wconf 87' lang='lat' dir='ltr'><strong>aspiciat</strong></span> <span class='ocrx_word' id='word_1_82' title='bbox 3964 906 4255 974; x_wconf 89' lang='lat' dir='ltr'><strong>Dominus;</strong></span> <span class='ocrx_word' id='word_1_83' title='bbox 4304 916 4359 963; x_wconf 80' lang='lat' dir='ltr'><strong>st</strong></span> <span class='ocrx_word' id='word_1_84' title='bbox 4407 926 4531 980; x_wconf 90' lang='lat' dir='ltr'><strong>par-</strong></span> 
     </span>
    </p>
   </div>
   <div class='ocr_carea' id='block_1_7' title="bbox 1251 992 4531 1073">
    <p class='ocr_par' dir='ltr' id='par_1_7' title="bbox 1251 992 4531 1073">
     <span class='ocr_line' id='line_1_7' title="bbox 1251 992 4531 1073; baseline -0.001 -14"><span class='ocrx_word' id='word_1_85' title='bbox 1251 1003 1544 1073; x_wconf 85' lang='lat' dir='ltr'><strong>discipulus</strong></span> <span class='ocrx_word' id='word_1_86' title='bbox 1570 1016 1601 1056; x_wconf 90' lang='lat' dir='ltr'><strong>a</strong></span> <span class='ocrx_word' id='word_1_87' title='bbox 1624 1000 1736 1055; x_wconf 86' lang='lat' dir='ltr'><strong>Deo</strong></span> <span class='ocrx_word' id='word_1_88' title='bbox 1764 1014 1978 1068; x_wconf 88' lang='lat' dir='ltr'><strong>semper</strong></span> <span class='ocrx_word' id='word_1_89' title='bbox 2007 998 2073 1052; x_wconf 89' lang='lat' dir='ltr'><strong>de</strong></span> <span class='ocrx_word' id='word_1_90' title='bbox 2102 997 2253 1054; x_wconf 73' lang='lat' dir='ltr'><strong>cmlis</strong></span> <span class='ocrx_word' id='word_1_91' title='bbox 2277 996 2470 1067; x_wconf 75' lang='lat' dir='ltr'><strong>respici</strong></span> <span class='ocrx_word' id='word_1_92' title='bbox 2497 998 2642 1051; x_wconf 93' lang='lat' dir='ltr'><strong>omni</strong></span> <span class='ocrx_word' id='word_1_93' title='bbox 2674 998 2826 1062; x_wconf 90' lang='lat' dir='ltr'><strong>hora,</strong></span> <span class='ocrx_word' id='word_1_94' title='bbox 2950 994 3121 1046; x_wconf 89' lang='lat' dir='ltr'><strong>cendo</strong></span> <span class='ocrx_word' id='word_1_95' title='bbox 3144 992 3298 1047; x_wconf 90' lang='lat' dir='ltr'><strong>nobis</strong></span> <span class='ocrx_word' id='word_1_96' title='bbox 3328 994 3379 1047; x_wconf 93' lang='lat' dir='ltr'><strong>in</strong></span> <span class='ocrx_word' id='word_1_97' title='bbox 3401 994 3503 1048; x_wconf 91' lang='lat' dir='ltr'><strong>hoc</strong></span> <span class='ocrx_word' id='word_1_98' title='bbox 3528 1004 3793 1065; x_wconf 89' lang='lat' dir='ltr'><strong>tempore,</strong></span> <span class='ocrx_word' id='word_1_99' title='bbox 3816 997 3941 1065; x_wconf 87' lang='lat' dir='ltr'><strong>quia</strong></span> <span class='ocrx_word' id='word_1_100' title='bbox 3973 999 4091 1067; x_wconf 90' lang='lat' dir='ltr'><strong>pius</strong></span> <span class='ocrx_word' id='word_1_101' title='bbox 4120 1008 4221 1065; x_wconf 88' lang='lat' dir='ltr'><strong>est,</strong></span> <span class='ocrx_word' id='word_1_102' title='bbox 4252 1014 4531 1070; x_wconf 82' lang='lat' dir='ltr'><strong>exspectat</strong></span> 
     </span>
    </p>
   </div>
   <div class='ocr_carea' id='block_1_8' title="bbox 1252 1085 4523 1161">
    <p class='ocr_par' dir='ltr' id='par_1_8' title="bbox 1252 1085 4523 1161">
     <span class='ocr_line' id='line_1_8' title="bbox 1252 1085 4523 1161; baseline 0.004 -11"><span class='ocrx_word' id='word_1_103' title='bbox 1252 1104 1307 1151; x_wconf 91' lang='lat' dir='ltr'><strong>et</strong></span> <span class='ocrx_word' id='word_1_104' title='bbox 1336 1094 1470 1149; x_wconf 82' lang='lat' dir='ltr'><strong>facta</strong></span> <span class='ocrx_word' id='word_1_105' title='bbox 1493 1108 1589 1148; x_wconf 91' lang='lat' dir='ltr'><strong>sua</strong></span> <span class='ocrx_word' id='word_1_106' title='bbox 1618 1091 1765 1146; x_wconf 90' lang='lat' dir='ltr'><strong>omni</strong></span> <span class='ocrx_word' id='word_1_107' title='bbox 1816 1090 1937 1144; x_wconf 87' lang='lat' dir='ltr'><strong>loco</strong></span> <span class='ocrx_word' id='word_1_108' title='bbox 1967 1089 2033 1143; x_wconf 89' lang='lat' dir='ltr'><strong>ab</strong></span> <span class='ocrx_word' id='word_1_109' title='bbox 2063 1097 2285 1159; x_wconf 89' lang='lat' dir='ltr'><strong>aspectu</strong></span> <span class='ocrx_word' id='word_1_110' title='bbox 2316 1087 2613 1142; x_wconf 84' lang='lat' dir='ltr'><strong>divinitatis</strong></span> <span class='ocrx_word' id='word_1_111' title='bbox 2638 1087 2827 1152; x_wconf 92' lang='lat' dir='ltr'><strong>videri,</strong></span> <span class='ocrx_word' id='word_1_112' title='bbox 2953 1099 3053 1137; x_wconf 90' lang='lat' dir='ltr'><strong>nos</strong></span> <span class='ocrx_word' id='word_1_113' title='bbox 3082 1085 3325 1139; x_wconf 77' lang='lat' dir='ltr'><strong>converti</strong></span> <span class='ocrx_word' id='word_1_114' title='bbox 3354 1086 3405 1140; x_wconf 88' lang='lat' dir='ltr'><strong>in</strong></span> <span class='ocrx_word' id='word_1_115' title='bbox 3433 1086 3645 1151; x_wconf 65' lang='lat' dir='ltr'><strong>melius,</strong></span> <span class='ocrx_word' id='word_1_116' title='bbox 3669 1087 4057 1145; x_wconf 68' lang='grc' dir='ltr'><strong>(ἲὶοθιοοδίείη</strong></span> <span class='ocrx_word' id='word_1_117' title='bbox 4074 1088 4256 1147; x_wconf 74' lang='grc' dir='ltr'><strong>Ῑυιυΐο</strong></span> <span class='ocrx_word' id='word_1_118' title='bbox 4279 1092 4487 1161; x_wconf 54' lang='lat' dir='ltr'><strong>indic“)</strong></span> <span class='ocrx_word' id='word_1_119' title='bbox 4513 1112 4523 1145; x_wconf 74' lang='grc' dir='ltr'>ε</span> 
     </span>
    </p>
   </div>
   <div class='ocr_carea' id='block_1_9' title="bbox 1250 1173 3931 1255">
    <p class='ocr_par' dir='ltr' id='par_1_9' title="bbox 1250 1173 3931 1255">
     <span class='ocr_line' id='line_1_9' title="bbox 1250 1173 3931 1255; baseline -0.004 -10"><span class='ocrx_word' id='word_1_120' title='bbox 1250 1199 1308 1245; x_wconf 92' lang='lat' dir='ltr'><strong>et</strong></span> <span class='ocrx_word' id='word_1_121' title='bbox 1336 1189 1404 1243; x_wconf 89' lang='lat' dir='ltr'><strong>ab</strong></span> <span class='ocrx_word' id='word_1_122' title='bbox 1433 1185 1636 1255; x_wconf 88' lang='lat' dir='ltr'><strong>angelis</strong></span> <span class='ocrx_word' id='word_1_123' title='bbox 1671 1183 1852 1238; x_wconf 91' lang='lat' dir='ltr'><strong>omnia</strong></span> <span class='ocrx_word' id='word_1_124' title='bbox 1878 1182 2172 1237; x_wconf 86' lang='lat' dir='ltr'><strong>renuntiari</strong></span> <span class='ocrx_word' id='word_1_125' title='bbox 2201 1181 2461 1249; x_wconf 86' lang='lat' dir='ltr'><strong>quotidie.</strong></span> <span class='ocrx_word' id='word_1_126' title='bbox 2482 1181 2827 1236; x_wconf 89' lang='lat' dir='ltr'><strong>Demonstrat</strong></span> <span class='ocrx_word' id='word_1_127' title='bbox 2948 1173 3079 1230; x_wconf 61' lang='lat' dir='ltr'><strong>Hec</strong></span> <span class='ocrx_word' id='word_1_128' title='bbox 3109 1176 3295 1246; x_wconf 78' lang='lat' dir='ltr'><strong>fecisti,</strong></span> <span class='ocrx_word' id='word_1_129' title='bbox 3324 1187 3375 1229; x_wconf 88' lang='lat' dir='ltr'><strong>et</strong></span> <span class='ocrx_word' id='word_1_130' title='bbox 3394 1178 3533 1231; x_wconf 81' lang='lat' dir='ltr'><strong>tacui</strong></span> <span class='ocrx_word' id='word_1_131' title='bbox 3557 1176 3731 1247; x_wconf 87' lang='lat' dir='ltr'><strong>(Psal.</strong></span> <span class='ocrx_word' id='word_1_132' title='bbox 3757 1182 3931 1245; x_wconf 81' lang='lat' dir='ltr'><strong>xuii).</strong></span> 
     </span>
    </p>
   </div>
   <div class='ocr_carea' id='block_1_10' title="bbox 1251 1266 4531 1346">
    <p class='ocr_par' dir='ltr' id='par_1_10' title="bbox 1251 1266 4531 1346">
     <span class='ocr_line' id='line_1_10' title="bbox 1251 1266 4531 1346; baseline -0.001 -11"><span class='ocrx_word' id='word_1_133' title='bbox 1251 1281 1404 1335; x_wconf 91' lang='lat' dir='ltr'><strong>nobis</strong></span> <span class='ocrx_word' id='word_1_134' title='bbox 1434 1280 1536 1333; x_wconf 90' lang='lat' dir='ltr'><strong>hoc</strong></span> <span class='ocrx_word' id='word_1_135' title='bbox 1583 1276 1874 1346; x_wconf 82' lang='lat' dir='ltr'><strong>Propheta,</strong></span> <span class='ocrx_word' id='word_1_136' title='bbox 1902 1290 2023 1329; x_wconf 90' lang='lat' dir='ltr'><strong>cum</strong></span> <span class='ocrx_word' id='word_1_137' title='bbox 2076 1275 2130 1328; x_wconf 92' lang='lat' dir='ltr'><strong>in</strong></span> <span class='ocrx_word' id='word_1_138' title='bbox 2159 1273 2578 1344; x_wconf 78' lang='lat' dir='ltr'><strong>cogitationibus</strong></span> <span class='ocrx_word' id='word_1_139' title='bbox 2622 1273 2821 1328; x_wconf 81' lang='lat' dir='ltr'><strong>nostris</strong></span> <span class='ocrx_word' id='word_1_140' title='bbox 3020 1266 3221 1321; x_wconf 87' lang='lat' dir='ltr'><strong>Deinde</strong></span> <span class='ocrx_word' id='word_1_141' title='bbox 3263 1267 3556 1321; x_wconf 90' lang='lat' dir='ltr'><strong>secundum</strong></span> <span class='ocrx_word' id='word_1_142' title='bbox 3612 1268 3925 1327; x_wconf 82' lang='lat' dir='ltr'><strong>humilitatis</strong></span> <span class='ocrx_word' id='word_1_143' title='bbox 3999 1274 4220 1340; x_wconf 90' lang='lat' dir='ltr'><strong>gradum</strong></span> <span class='ocrx_word' id='word_1_144' title='bbox 4281 1274 4336 1329; x_wconf 91' lang='lat' dir='ltr'><strong>in</strong></span> <span class='ocrx_word' id='word_1_145' title='bbox 4384 1276 4531 1331; x_wconf 85' lang='lat' dir='ltr'><strong>scala</strong></span> 
     </span>
    </p>
   </div>
   <div class='ocr_carea' id='block_1_11' title="bbox 1252 1361 4532 1434">
    <p class='ocr_par' dir='ltr' id='par_1_11' title="bbox 1252 1361 4532 1434">
     <span class='ocr_line' id='line_1_11' title="bbox 1252 1361 4532 1434; baseline -0.002 -6"><span class='ocrx_word' id='word_1_146' title='bbox 1252 1376 1325 1429; x_wconf 89' lang='lat' dir='ltr'><strong>ita</strong></span> <span class='ocrx_word' id='word_1_147' title='bbox 1357 1372 1524 1427; x_wconf 90' lang='lat' dir='ltr'><strong>Deum</strong></span> <span class='ocrx_word' id='word_1_148' title='bbox 1556 1383 1768 1434; x_wconf 84' lang='lat' dir='ltr'><strong>semper</strong></span> <span class='ocrx_word' id='word_1_149' title='bbox 1801 1383 1921 1422; x_wconf 89' lang='lat' dir='ltr'><strong>esse</strong></span> <span class='ocrx_word' id='word_1_150' title='bbox 1954 1375 2273 1434; x_wconf 67' lang='lat' dir='ltr'><strong>prmsentem</strong></span> <span class='ocrx_word' id='word_1_151' title='bbox 2303 1364 2561 1428; x_wconf 90' lang='lat' dir='ltr'><strong>ostendit,</strong></span> <span class='ocrx_word' id='word_1_152' title='bbox 2596 1363 2784 1419; x_wconf 89' lang='lat' dir='ltr'><strong>dicens</strong></span> <span class='ocrx_word' id='word_1_153' title='bbox 2816 1379 2829 1414; x_wconf 92' lang='lat'>:</span> <span class='ocrx_word' id='word_1_154' title='bbox 2938 1362 3063 1414; x_wconf 61' lang='lat' dir='ltr'><strong>caeli</strong></span> <span class='ocrx_word' id='word_1_155' title='bbox 3114 1361 3357 1415; x_wconf 89' lang='lat' dir='ltr'><strong>ascendit</strong></span> <span class='ocrx_word' id='word_1_156' title='bbox 3405 1361 3722 1430; x_wconf 77' lang='lat' dir='ltr'><strong>diseipulus,</strong></span> <span class='ocrx_word' id='word_1_157' title='bbox 3774 1364 3819 1417; x_wconf 90' lang='lat' dir='ltr'><strong>si</strong></span> <span class='ocrx_word' id='word_1_158' title='bbox 3866 1365 4137 1434; x_wconf 87' lang='lat' dir='ltr'><strong>propriam</strong></span> <span class='ocrx_word' id='word_1_159' title='bbox 4188 1381 4294 1422; x_wconf 92' lang='lat' dir='ltr'><strong>non</strong></span> <span class='ocrx_word' id='word_1_160' title='bbox 4343 1383 4532 1425; x_wconf 85' lang='lat' dir='ltr'><strong>amans</strong></span> 
     </span>
    </p>
   </div>
   <div class='ocr_carea' id='block_1_12' title="bbox 1252 1452 4527 1529">
    <p class='ocr_par' dir='ltr' id='par_1_12' title="bbox 1252 1452 4527 1529">
     <span class='ocr_line' id='line_1_12' title="bbox 1252 1452 4527 1529; baseline -0.003 -9"><span class='ocrx_word' id='word_1_161' title='bbox 1252 1467 1507 1521; x_wconf 87' lang='lat' dir='ltr'><strong>Scrutans</strong></span> <span class='ocrx_word' id='word_1_162' title='bbox 1539 1464 1696 1517; x_wconf 86' lang='lat' dir='ltr'><strong>corda</strong></span> <span class='ocrx_word' id='word_1_163' title='bbox 1721 1472 1774 1515; x_wconf 88' lang='lat' dir='ltr'><strong>et</strong></span> <span class='ocrx_word' id='word_1_164' title='bbox 1795 1477 1938 1514; x_wconf 83' lang='lat' dir='ltr'><strong>renes</strong></span> <span class='ocrx_word' id='word_1_165' title='bbox 1956 1458 2281 1529; x_wconf 87' lang='lat' dir='ltr'><strong>Deus(Psal.</strong></span> <span class='ocrx_word' id='word_1_166' title='bbox 2302 1459 2418 1526; x_wconf 88' lang='lat' dir='ltr'><strong>vn).</strong></span> <span class='ocrx_word' id='word_1_167' title='bbox 2441 1457 2507 1511; x_wconf 83' lang='lat' dir='ltr'><strong>Et</strong></span> <span class='ocrx_word' id='word_1_168' title='bbox 2528 1458 2653 1512; x_wconf 90' lang='lat' dir='ltr'><strong>item</strong></span> <span class='ocrx_word' id='word_1_169' title='bbox 2671 1458 2827 1511; x_wconf 89' lang='lat' dir='ltr'><strong>dicit:</strong></span> <span class='ocrx_word' id='word_1_170' title='bbox 2941 1452 3300 1519; x_wconf 83' lang='lat' dir='ltr'><strong>voluntatem,</strong></span> <span class='ocrx_word' id='word_1_171' title='bbox 3332 1452 3597 1508; x_wconf 89' lang='lat' dir='ltr'><strong>desideria</strong></span> <span class='ocrx_word' id='word_1_172' title='bbox 3651 1470 3745 1507; x_wconf 86' lang='lat' dir='ltr'><strong>sua</strong></span> <span class='ocrx_word' id='word_1_173' title='bbox 3778 1470 3884 1509; x_wconf 92' lang='lat' dir='ltr'><strong>non</strong></span> <span class='ocrx_word' id='word_1_174' title='bbox 3916 1455 4215 1511; x_wconf 86' lang='lat' dir='ltr'><strong>delectetur</strong></span> <span class='ocrx_word' id='word_1_175' title='bbox 4264 1457 4488 1527; x_wconf 87' lang='lat' dir='ltr'><strong>implere</strong></span> <span class='ocrx_word' id='word_1_176' title='bbox 4516 1482 4527 1513; x_wconf 84' lang='lat'>;</span> 
     </span>
    </p>
   </div>
   <div class='ocr_carea' id='block_1_13' title="bbox 1251 1545 4526 1625">
    <p class='ocr_par' dir='ltr' id='par_1_13' title="bbox 1251 1545 4526 1625">
     <span class='ocr_line' id='line_1_13' title="bbox 1251 1545 4526 1625; baseline -0.003 -10"><span class='ocrx_word' id='word_1_177' title='bbox 1251 1560 1503 1615; x_wconf 81' lang='lat' dir='ltr'><strong>Dominus</strong></span> <span class='ocrx_word' id='word_1_178' title='bbox 1534 1558 1672 1611; x_wconf 87' lang='lat' dir='ltr'><strong>novit</strong></span> <span class='ocrx_word' id='word_1_179' title='bbox 1710 1556 2045 1625; x_wconf 83' lang='lat' dir='ltr'><strong>cogitationes</strong></span> <span class='ocrx_word' id='word_1_180' title='bbox 2080 1555 2340 1608; x_wconf 82' lang='lat' dir='ltr'><strong>hominum</strong></span> <span class='ocrx_word' id='word_1_181' title='bbox 2383 1555 2505 1624; x_wconf 83' lang='lat' dir='ltr'><strong>quia</strong></span> <span class='ocrx_word' id='word_1_182' title='bbox 2535 1569 2678 1606; x_wconf 77' lang='lat' dir='ltr'><strong>vana:</strong></span> <span class='ocrx_word' id='word_1_183' title='bbox 2714 1562 2834 1607; x_wconf 83' lang='lat' dir='ltr'><strong>sunt</strong></span> <span class='ocrx_word' id='word_1_184' title='bbox 2941 1545 3035 1599; x_wconf 90' lang='lat' dir='ltr'><strong>sed</strong></span> <span class='ocrx_word' id='word_1_185' title='bbox 3062 1560 3250 1599; x_wconf 86' lang='lat' dir='ltr'><strong>vocem</strong></span> <span class='ocrx_word' id='word_1_186' title='bbox 3308 1545 3453 1599; x_wconf 89' lang='lat' dir='ltr'><strong>illam</strong></span> <span class='ocrx_word' id='word_1_187' title='bbox 3509 1546 3720 1601; x_wconf 87' lang='lat' dir='ltr'><strong>Domini</strong></span> <span class='ocrx_word' id='word_1_188' title='bbox 3771 1547 3925 1603; x_wconf 80' lang='lat' dir='ltr'><strong>factis</strong></span> <span class='ocrx_word' id='word_1_189' title='bbox 3970 1549 4207 1604; x_wconf 87' lang='lat' dir='ltr'><strong>imitetur</strong></span> <span class='ocrx_word' id='word_1_190' title='bbox 4253 1550 4479 1606; x_wconf 88' lang='lat' dir='ltr'><strong>dicentis</strong></span> <span class='ocrx_word' id='word_1_191' title='bbox 4511 1571 4526 1605; x_wconf 88' lang='lat'><strong>:</strong></span> 
     </span>
    </p>
   </div>
   <div class='ocr_carea' id='block_1_14' title="bbox 1254 1635 4530 1725">
    <p class='ocr_par' dir='ltr' id='par_1_14' title="bbox 1254 1635 4530 1725">
     <span class='ocr_line' id='line_1_14' title="bbox 1254 1635 4530 1725; baseline -0.004 -18"><span class='ocrx_word' id='word_1_192' title='bbox 1254 1653 1441 1725; x_wconf 79' lang='lat' dir='ltr'><strong>(Ibid).</strong></span> <span class='ocrx_word' id='word_1_193' title='bbox 1471 1650 1537 1704; x_wconf 87' lang='lat' dir='ltr'><strong>Et</strong></span> <span class='ocrx_word' id='word_1_194' title='bbox 1578 1650 1703 1703; x_wconf 89' lang='lat' dir='ltr'><strong>item</strong></span> <span class='ocrx_word' id='word_1_195' title='bbox 1731 1648 1897 1703; x_wconf 89' lang='lat' dir='ltr'><strong>dicit:</strong></span> <span class='ocrx_word' id='word_1_196' title='bbox 1934 1647 2241 1699; x_wconf 69' lang='lat' dir='ltr'><strong>Intellexisti</strong></span> <span class='ocrx_word' id='word_1_197' title='bbox 2265 1647 2601 1716; x_wconf 87' lang='lat' dir='ltr'><strong>cogitationes</strong></span> <span class='ocrx_word' id='word_1_198' title='bbox 2631 1662 2770 1698; x_wconf 87' lang='lat' dir='ltr'><strong>meas</strong></span> <span class='ocrx_word' id='word_1_199' title='bbox 2800 1659 2833 1695; x_wconf 91' lang='lat' dir='ltr'><strong>a</strong></span> <span class='ocrx_word' id='word_1_200' title='bbox 2939 1635 3064 1690; x_wconf 83' lang='lat' dir='ltr'><strong>Non</strong></span> <span class='ocrx_word' id='word_1_201' title='bbox 3094 1637 3207 1690; x_wconf 85' lang='lat' dir='ltr'><strong>veni</strong></span> <span class='ocrx_word' id='word_1_202' title='bbox 3228 1638 3403 1707; x_wconf 76' lang='lat' dir='ltr'><strong>facere</strong></span> <span class='ocrx_word' id='word_1_203' title='bbox 3442 1637 3757 1691; x_wconf 85' lang='lat' dir='ltr'><strong>voluntatem</strong></span> <span class='ocrx_word' id='word_1_204' title='bbox 3801 1656 3991 1706; x_wconf 90' lang='lat' dir='ltr'><strong>meam,</strong></span> <span class='ocrx_word' id='word_1_205' title='bbox 4015 1642 4104 1694; x_wconf 84' lang='lat' dir='ltr'><strong>sed</strong></span> <span class='ocrx_word' id='word_1_206' title='bbox 4150 1642 4262 1711; x_wconf 83' lang='lat' dir='ltr'><strong>ejus</strong></span> <span class='ocrx_word' id='word_1_207' title='bbox 4310 1645 4395 1713; x_wconf 82' lang='lat' dir='ltr'><strong>qui</strong></span> <span class='ocrx_word' id='word_1_208' title='bbox 4450 1660 4530 1695; x_wconf 86' lang='lat' dir='ltr'><strong>me</strong></span> 
     </span>
    </p>
   </div>
   <div class='ocr_carea' id='block_1_15' title="bbox 1251 1728 4527 1814">
    <p class='ocr_par' dir='ltr' id='par_1_15' title="bbox 1251 1728 4527 1814">
     <span class='ocr_line' id='line_1_15' title="bbox 1251 1728 4527 1814; baseline -0.004 -16"><span class='ocrx_word' id='word_1_209' title='bbox 1251 1746 1400 1814; x_wconf 86' lang='lat' dir='ltr'><strong>longe</strong></span> <span class='ocrx_word' id='word_1_210' title='bbox 1422 1741 1592 1813; x_wconf 89' lang='lat' dir='ltr'><strong>(Psal.</strong></span> <span class='ocrx_word' id='word_1_211' title='bbox 1620 1740 1791 1806; x_wconf 78' lang='lat' dir='ltr'><strong>xcm).</strong></span> <span class='ocrx_word' id='word_1_212' title='bbox 1826 1739 1893 1791; x_wconf 81' lang='lat' dir='ltr'><strong>Et</strong></span> <span class='ocrx_word' id='word_1_213' title='bbox 1915 1738 2042 1792; x_wconf 91' lang='lat' dir='ltr'><strong>item</strong></span> <span class='ocrx_word' id='word_1_214' title='bbox 2072 1736 2201 1792; x_wconf 90' lang='lat' dir='ltr'><strong>dicit</strong></span> <span class='ocrx_word' id='word_1_215' title='bbox 2226 1756 2234 1790; x_wconf 92' lang='lat'>:</span> <span class='ocrx_word' id='word_1_216' title='bbox 2263 1736 2397 1801; x_wconf 86' lang='lat' dir='ltr'><strong>Quia</strong></span> <span class='ocrx_word' id='word_1_217' title='bbox 2419 1738 2660 1807; x_wconf 82' lang='lat' dir='ltr'><strong>cogitatio</strong></span> <span class='ocrx_word' id='word_1_218' title='bbox 2683 1737 2836 1790; x_wconf 78' lang='lat' dir='ltr'><strong>liomi-</strong></span> <span class='ocrx_word' id='word_1_219' title='bbox 2938 1731 3077 1783; x_wconf 82' lang='lat' dir='ltr'><strong>misit</strong></span> <span class='ocrx_word' id='word_1_220' title='bbox 3099 1728 3280 1801; x_wconf 84' lang='lat' dir='ltr'><strong>(Joan.</strong></span> <span class='ocrx_word' id='word_1_221' title='bbox 3304 1730 3399 1800; x_wconf 81' lang='grc' dir='ltr'><strong>νι).</strong></span> <span class='ocrx_word' id='word_1_222' title='bbox 3434 1729 3502 1782; x_wconf 86' lang='lat' dir='ltr'><strong>Et</strong></span> <span class='ocrx_word' id='word_1_223' title='bbox 3530 1730 3724 1785; x_wconf 89' lang='lat' dir='ltr'><strong>iterum</strong></span> <span class='ocrx_word' id='word_1_224' title='bbox 3752 1731 3883 1787; x_wconf 87' lang='lat' dir='ltr'><strong>dicit</strong></span> <span class='ocrx_word' id='word_1_225' title='bbox 3910 1733 4187 1802; x_wconf 85' lang='lat' dir='ltr'><strong>Scriptura</strong></span> <span class='ocrx_word' id='word_1_226' title='bbox 4215 1753 4226 1787; x_wconf 89' lang='lat'>:</span> <span class='ocrx_word' id='word_1_227' title='bbox 4272 1733 4527 1789; x_wconf 76' lang='lat' dir='ltr'><strong>Voluntas</strong></span> 
     </span>
    </p>
   </div>
   <div class='ocr_carea' id='block_1_16' title="bbox 1252 1826 4168 1904">
    <p class='ocr_par' dir='ltr' id='par_1_16' title="bbox 1252 1826 4168 1904">
     <span class='ocr_line' id='line_1_16' title="bbox 1252 1826 4168 1904; baseline -0.003 -14"><span class='ocrx_word' id='word_1_228' title='bbox 1252 1837 1334 1890; x_wconf 87' lang='lat' dir='ltr'><strong>nis</strong></span> <span class='ocrx_word' id='word_1_229' title='bbox 1362 1834 1686 1904; x_wconf 76' lang='lat' dir='ltr'><strong>conﬁtebitur</strong></span> <span class='ocrx_word' id='word_1_230' title='bbox 1730 1831 1817 1885; x_wconf 83' lang='lat' dir='ltr'><strong>tibi</strong></span> <span class='ocrx_word' id='word_1_231' title='bbox 1850 1830 2017 1899; x_wconf 92' lang='lat' dir='ltr'><strong>(Psal.</strong></span> <span class='ocrx_word' id='word_1_232' title='bbox 2049 1834 2329 1899; x_wconf 78' lang='lat' dir='ltr'><strong>cxxxvm).</strong></span> <span class='ocrx_word' id='word_1_233' title='bbox 2370 1828 2454 1892; x_wconf 84' lang='lat' dir='ltr'><strong>Et,</strong></span> <span class='ocrx_word' id='word_1_234' title='bbox 2497 1846 2586 1882; x_wconf 88' lang='lat' dir='ltr'><strong>cor</strong></span> <span class='ocrx_word' id='word_1_235' title='bbox 2612 1830 2744 1899; x_wconf 88' lang='lat' dir='ltr'><strong>regis</strong></span> <span class='ocrx_word' id='word_1_236' title='bbox 2780 1830 2835 1881; x_wconf 90' lang='lat' dir='ltr'><strong>in</strong></span> <span class='ocrx_word' id='word_1_237' title='bbox 2940 1826 3089 1880; x_wconf 82' lang='lat' dir='ltr'><strong>habet</strong></span> <span class='ocrx_word' id='word_1_238' title='bbox 3109 1843 3335 1895; x_wconf 68' lang='lat' dir='ltr'><strong>poenam,</strong></span> <span class='ocrx_word' id='word_1_239' title='bbox 3358 1838 3408 1879; x_wconf 87' lang='lat' dir='ltr'><strong>et</strong></span> <span class='ocrx_word' id='word_1_240' title='bbox 3436 1829 3711 1882; x_wconf 73' lang='lat' dir='ltr'><strong>necessitas</strong></span> <span class='ocrx_word' id='word_1_241' title='bbox 3741 1830 3879 1897; x_wconf 82' lang='lat' dir='ltr'><strong>parit</strong></span> <span class='ocrx_word' id='word_1_242' title='bbox 3903 1844 4168 1882; x_wconf 86' lang='lat' dir='ltr'><strong>coronam.</strong></span> 
     </span>
    </p>
   </div>
   <div class='ocr_carea' id='block_1_17' title="bbox 1253 1906 4530 1992">
    <p class='ocr_par' dir='ltr' id='par_1_17' title="bbox 1253 1906 4530 1992">
     <span class='ocr_line' id='line_1_17' title="bbox 1253 1906 4530 1992; baseline 0.001 -11"><span class='ocrx_word' id='word_1_243' title='bbox 1253 1943 1409 1981; x_wconf 90' lang='lat' dir='ltr'><strong>manu</strong></span> <span class='ocrx_word' id='word_1_244' title='bbox 1433 1924 1533 1978; x_wconf 91' lang='lat' dir='ltr'><strong>Dei</strong></span> <span class='ocrx_word' id='word_1_245' title='bbox 1557 1923 1728 1992; x_wconf 86' lang='lat' dir='ltr'><strong>(Psal.</strong></span> <span class='ocrx_word' id='word_1_246' title='bbox 1757 1924 1935 1989; x_wconf 80' lang='lat' dir='ltr'><strong>Lxxv).</strong></span> <span class='ocrx_word' id='word_1_247' title='bbox 1962 1922 2092 1975; x_wconf 82' lang='lat' dir='ltr'><strong>Nam</strong></span> <span class='ocrx_word' id='word_1_248' title='bbox 2116 1930 2174 1975; x_wconf 90' lang='lat' dir='ltr'><strong>ut</strong></span> <span class='ocrx_word' id='word_1_249' title='bbox 2194 1920 2455 1976; x_wconf 90' lang='lat' dir='ltr'><strong>sollicitus</strong></span> <span class='ocrx_word' id='word_1_250' title='bbox 2477 1921 2545 1974; x_wconf 88' lang='lat' dir='ltr'><strong>sit</strong></span> <span class='ocrx_word' id='word_1_251' title='bbox 2577 1921 2832 1975; x_wconf 89' lang='lat' dir='ltr'><strong>adversus</strong></span> <span class='ocrx_word' id='word_1_252' title='bbox 2864 1906 2909 1965; x_wconf 83' lang='grc' dir='ltr'><strong>Β</strong></span> <span class='ocrx_word' id='word_1_253' title='bbox 3016 1915 3217 1970; x_wconf 73' lang='grc' dir='ltr'><strong>υεὶηάθ</strong></span> <span class='ocrx_word' id='word_1_254' title='bbox 3246 1916 3461 1969; x_wconf 63' lang='lat' dir='ltr'><strong>tertium</strong></span> <span class='ocrx_word' id='word_1_255' title='bbox 3492 1917 3807 1972; x_wconf 67' lang='grc' dir='ltr'>ίιυιιὶίιίιδῑίε</span> <span class='ocrx_word' id='word_1_256' title='bbox 3855 1920 4077 1985; x_wconf 67' lang='lat' dir='ltr'><strong>gradum</strong></span> <span class='ocrx_word' id='word_1_257' title='bbox 4127 1921 4183 1974; x_wconf 69' lang='lat' dir='ltr'><strong>in</strong></span> <span class='ocrx_word' id='word_1_258' title='bbox 4211 1919 4356 1976; x_wconf 64' lang='grc' dir='ltr'><strong>δολΙέ</strong></span> <span class='ocrx_word' id='word_1_259' title='bbox 4404 1922 4530 1977; x_wconf 65' lang='grc' dir='ltr'><strong>εαξη</strong></span> 
     </span>
    </p>
   </div>
   <div class='ocr_carea' id='block_1_18' title="bbox 1255 2007 4532 2085">
    <p class='ocr_par' dir='ltr' id='par_1_18' title="bbox 1255 2007 4532 2085">
     <span class='ocr_line' id='line_1_18' title="bbox 1255 2007 4532 2085; baseline -0.001 -11"><span class='ocrx_word' id='word_1_260' title='bbox 1255 2016 1616 2085; x_wconf 83' lang='lat' dir='ltr'><strong>cogitationes</strong></span> <span class='ocrx_word' id='word_1_261' title='bbox 1642 2013 1820 2069; x_wconf 92' lang='lat' dir='ltr'><strong>cordis</strong></span> <span class='ocrx_word' id='word_1_262' title='bbox 1849 2012 1931 2068; x_wconf 89' lang='lat' dir='ltr'><strong>sui</strong></span> <span class='ocrx_word' id='word_1_263' title='bbox 1956 2026 2261 2082; x_wconf 87' lang='lat' dir='ltr'><strong>perversas,</strong></span> <span class='ocrx_word' id='word_1_264' title='bbox 2294 2010 2438 2067; x_wconf 90' lang='lat' dir='ltr'><strong>dicat</strong></span> <span class='ocrx_word' id='word_1_265' title='bbox 2487 2011 2587 2067; x_wconf 86' lang='lat' dir='ltr'><strong>sibi</strong></span> <span class='ocrx_word' id='word_1_266' title='bbox 2618 2025 2831 2078; x_wconf 87' lang='lat' dir='ltr'><strong>semper</strong></span> <span class='ocrx_word' id='word_1_267' title='bbox 2934 2008 3177 2062; x_wconf 89' lang='lat' dir='ltr'><strong>ascendit</strong></span> <span class='ocrx_word' id='word_1_268' title='bbox 3224 2007 3559 2078; x_wconf 89' lang='lat' dir='ltr'><strong>discipulus,</strong></span> <span class='ocrx_word' id='word_1_269' title='bbox 3612 2011 3657 2064; x_wconf 89' lang='lat' dir='ltr'><strong>si</strong></span> <span class='ocrx_word' id='word_1_270' title='bbox 3716 2019 4004 2081; x_wconf 87' lang='lat' dir='ltr'><strong>postquam</strong></span> <span class='ocrx_word' id='word_1_271' title='bbox 4062 2014 4193 2068; x_wconf 86' lang='lat' dir='ltr'><strong>nihil</strong></span> <span class='ocrx_word' id='word_1_272' title='bbox 4241 2029 4339 2070; x_wconf 91' lang='lat' dir='ltr'><strong>suo</strong></span> <span class='ocrx_word' id='word_1_273' title='bbox 4386 2016 4532 2083; x_wconf 55' lang='lat' dir='ltr'><strong>indi-</strong></span> 
     </span>
    </p>
   </div>
   <div class='ocr_carea' id='block_1_19' title="bbox 1259 2098 4531 2172">
    <p class='ocr_par' dir='ltr' id='par_1_19' title="bbox 1259 2098 4531 2172">
     <span class='ocr_line' id='line_1_19' title="bbox 1259 2098 4531 2172; baseline 0 -9"><span class='ocrx_word' id='word_1_274' title='bbox 1259 2108 1380 2163; x_wconf 87' lang='lat' dir='ltr'><strong>vilis</strong></span> <span class='ocrx_word' id='word_1_275' title='bbox 1408 2106 1570 2161; x_wconf 81' lang='lat' dir='ltr'><strong>frater</strong></span> <span class='ocrx_word' id='word_1_276' title='bbox 1608 2105 1661 2159; x_wconf 92' lang='lat' dir='ltr'><strong>in</strong></span> <span class='ocrx_word' id='word_1_277' title='bbox 1709 2102 1872 2158; x_wconf 91' lang='lat' dir='ltr'><strong>corde</strong></span> <span class='ocrx_word' id='word_1_278' title='bbox 1924 2103 2080 2157; x_wconf 72' lang='lat' dir='ltr'><strong>haec:</strong></span> <span class='ocrx_word' id='word_1_279' title='bbox 2134 2102 2275 2155; x_wconf 87' lang='lat' dir='ltr'><strong>Tunc</strong></span> <span class='ocrx_word' id='word_1_280' title='bbox 2330 2119 2417 2156; x_wconf 89' lang='lat' dir='ltr'><strong>ero</strong></span> <span class='ocrx_word' id='word_1_281' title='bbox 2470 2102 2831 2154; x_wconf 89' lang='lat' dir='ltr'><strong>immaculatus</strong></span> <span class='ocrx_word' id='word_1_282' title='bbox 2934 2098 3020 2153; x_wconf 89' lang='lat' dir='ltr'><strong>cio</strong></span> <span class='ocrx_word' id='word_1_283' title='bbox 3076 2113 3407 2167; x_wconf 69' lang='lat' dir='ltr'><strong>pmsumens</strong></span> <span class='ocrx_word' id='word_1_284' title='bbox 3456 2099 3619 2168; x_wconf 90' lang='lat' dir='ltr'><strong>eligat</strong></span> <span class='ocrx_word' id='word_1_285' title='bbox 3662 2115 3781 2169; x_wconf 73' lang='lat' dir='ltr'><strong>qua:</strong></span> <span class='ocrx_word' id='word_1_286' title='bbox 3826 2117 3934 2157; x_wconf 88' lang='lat' dir='ltr'><strong>non</strong></span> <span class='ocrx_word' id='word_1_287' title='bbox 3974 2104 4279 2172; x_wconf 77' lang='lat' dir='ltr'><strong>expediant,</strong></span> <span class='ocrx_word' id='word_1_288' title='bbox 4314 2107 4531 2164; x_wconf 85' lang='lat' dir='ltr'><strong>dicente</strong></span> 
     </span>
    </p>
   </div>
   <div class='ocr_carea' id='block_1_20' title="bbox 1253 2176 4531 2280">
    <p class='ocr_par' dir='ltr' id='par_1_20' title="bbox 1253 2176 4531 2280">
     <span class='ocr_line' id='line_1_20' title="bbox 1253 2176 4531 2280; baseline -0 -26"><span class='ocrx_word' id='word_1_289' title='bbox 1253 2176 1954 2259; x_wconf 84' lang='lat' dir='ltr'><strong>corameo,siobservavero</strong></span> <span class='ocrx_word' id='word_1_290' title='bbox 1984 2209 2062 2247; x_wconf 91' lang='lat' dir='ltr'><strong>me</strong></span> <span class='ocrx_word' id='word_1_291' title='bbox 2090 2193 2152 2246; x_wconf 89' lang='lat' dir='ltr'><strong>ab</strong></span> <span class='ocrx_word' id='word_1_292' title='bbox 2178 2194 2450 2280; x_wconf 58' lang='lat' dir='ltr'><strong>iniquitate</strong></span> <span class='ocrx_word' id='word_1_293' title='bbox 2486 2210 2601 2245; x_wconf 90' lang='lat' dir='ltr'><strong>mea</strong></span> <span class='ocrx_word' id='word_1_294' title='bbox 2647 2191 2826 2258; x_wconf 82' lang='lat' dir='ltr'><strong>(Prov.</strong></span> <span class='ocrx_word' id='word_1_295' title='bbox 2931 2189 3208 2258; x_wconf 88' lang='lat' dir='ltr'><strong>Scriptura</strong></span> <span class='ocrx_word' id='word_1_296' title='bbox 3242 2208 3255 2243; x_wconf 90' lang='lat'><strong>:</strong></span> <span class='ocrx_word' id='word_1_297' title='bbox 3287 2189 3422 2246; x_wconf 85' lang='lat' dir='ltr'><strong>Sunt</strong></span> <span class='ocrx_word' id='word_1_298' title='bbox 3462 2193 3557 2245; x_wconf 79' lang='lat' dir='ltr'><strong>via:</strong></span> <span class='ocrx_word' id='word_1_299' title='bbox 3597 2209 3712 2263; x_wconf 67' lang='lat' dir='ltr'><strong>qua</strong></span> <span class='ocrx_word' id='word_1_300' title='bbox 3743 2195 3980 2248; x_wconf 85' lang='lat' dir='ltr'><strong>videntur</strong></span> <span class='ocrx_word' id='word_1_301' title='bbox 4022 2197 4310 2252; x_wconf 76' lang='lat' dir='ltr'><strong>nominibus</strong></span> <span class='ocrx_word' id='word_1_302' title='bbox 4339 2212 4492 2254; x_wconf 76' lang='lat' dir='ltr'><strong>recta:</strong></span> <span class='ocrx_word' id='word_1_303' title='bbox 4512 2219 4531 2265; x_wconf 88' lang='lat'><strong>;</strong></span> 
     </span>
    </p>
   </div>
   <div class='ocr_carea' id='block_1_21' title="bbox 1256 2282 4530 2358">
    <p class='ocr_par' dir='ltr' id='par_1_21' title="bbox 1256 2282 4530 2358">
     <span class='ocr_line' id='line_1_21' title="bbox 1256 2282 4530 2358; baseline -0 -14"><span class='ocrx_word' id='word_1_304' title='bbox 1256 2292 1393 2358; x_wconf 75' lang='lat' dir='ltr'><strong>nt).</strong></span> <span class='ocrx_word' id='word_1_305' title='bbox 1429 2287 1507 2342; x_wconf 83' lang='lat' dir='ltr'><strong>Ad</strong></span> <span class='ocrx_word' id='word_1_306' title='bbox 1536 2287 1727 2354; x_wconf 70' lang='lat' dir='ltr'><strong>lingua:</strong></span> <span class='ocrx_word' id='word_1_307' title='bbox 1754 2301 1883 2340; x_wconf 86' lang='lat' dir='ltr'><strong>vero</strong></span> <span class='ocrx_word' id='word_1_308' title='bbox 1924 2285 2138 2353; x_wconf 88' lang='lat' dir='ltr'><strong>eloquia</strong></span> <span class='ocrx_word' id='word_1_309' title='bbox 2169 2284 2241 2339; x_wconf 91' lang='lat' dir='ltr'><strong>ita</strong></span> <span class='ocrx_word' id='word_1_310' title='bbox 2297 2284 2451 2339; x_wconf 90' lang='lat' dir='ltr'><strong>nobis</strong></span> <span class='ocrx_word' id='word_1_311' title='bbox 2496 2283 2833 2352; x_wconf 85' lang='lat' dir='ltr'><strong>agnoscimus</strong></span> <span class='ocrx_word' id='word_1_312' title='bbox 2931 2296 3149 2352; x_wconf 89' lang='lat' dir='ltr'><strong>quarum</strong></span> <span class='ocrx_word' id='word_1_313' title='bbox 3204 2282 3327 2350; x_wconf 74' lang='lat' dir='ltr'><strong>linis</strong></span> <span class='ocrx_word' id='word_1_314' title='bbox 3384 2298 3543 2353; x_wconf 82' lang='lat' dir='ltr'><strong>usque</strong></span> <span class='ocrx_word' id='word_1_315' title='bbox 3597 2284 3666 2337; x_wconf 88' lang='lat' dir='ltr'><strong>ad</strong></span> <span class='ocrx_word' id='word_1_316' title='bbox 3719 2286 4032 2355; x_wconf 80' lang='lat' dir='ltr'><strong>profundum</strong></span> <span class='ocrx_word' id='word_1_317' title='bbox 4087 2289 4281 2358; x_wconf 87' lang='lat' dir='ltr'><strong>inferni</strong></span> <span class='ocrx_word' id='word_1_318' title='bbox 4324 2290 4530 2343; x_wconf 80' lang='lat' dir='ltr'><strong>demer-</strong></span> 
     </span>
    </p>
   </div>
   <div class='ocr_carea' id='block_1_22' title="bbox 1253 2374 4532 2454">
    <p class='ocr_par' dir='ltr' id='par_1_22' title="bbox 1253 2374 4532 2454">
     <span class='ocr_line' id='line_1_22' title="bbox 1253 2374 4532 2454; baseline 0 -17"><span class='ocrx_word' id='word_1_319' title='bbox 1253 2383 1421 2438; x_wconf 91' lang='lat' dir='ltr'><strong>Deum</strong></span> <span class='ocrx_word' id='word_1_320' title='bbox 1443 2394 1657 2449; x_wconf 83' lang='lat' dir='ltr'><strong>semper</strong></span> <span class='ocrx_word' id='word_1_321' title='bbox 1688 2386 2030 2446; x_wconf 68' lang='lat' dir='ltr'><strong>praesentem,</strong></span> <span class='ocrx_word' id='word_1_322' title='bbox 2066 2392 2187 2432; x_wconf 92' lang='lat' dir='ltr'><strong>cum</strong></span> <span class='ocrx_word' id='word_1_323' title='bbox 2217 2377 2349 2432; x_wconf 91' lang='lat' dir='ltr'><strong>dicit</strong></span> <span class='ocrx_word' id='word_1_324' title='bbox 2377 2391 2473 2445; x_wconf 91' lang='lat' dir='ltr'><strong>per</strong></span> <span class='ocrx_word' id='word_1_325' title='bbox 2503 2376 2829 2445; x_wconf 89' lang='lat' dir='ltr'><strong>Prophetam</strong></span> <span class='ocrx_word' id='word_1_326' title='bbox 2934 2377 3007 2446; x_wconf 89' lang='lat' dir='ltr'><strong>git</strong></span> <span class='ocrx_word' id='word_1_327' title='bbox 3054 2374 3259 2444; x_wconf 84' lang='lat' dir='ltr'><strong>(Prov.</strong></span> <span class='ocrx_word' id='word_1_328' title='bbox 3300 2391 3388 2429; x_wconf 80' lang='lat' dir='ltr'><strong>xiv</strong></span> <span class='ocrx_word' id='word_1_329' title='bbox 3417 2374 3455 2440; x_wconf 94' lang='lat'><strong>).</strong></span> <span class='ocrx_word' id='word_1_330' title='bbox 3522 2375 3592 2430; x_wconf 85' lang='lat' dir='ltr'><strong>Et</strong></span> <span class='ocrx_word' id='word_1_331' title='bbox 3637 2377 3766 2432; x_wconf 90' lang='lat' dir='ltr'><strong>item</strong></span> <span class='ocrx_word' id='word_1_332' title='bbox 3815 2379 3947 2433; x_wconf 90' lang='lat' dir='ltr'><strong>dicit</strong></span> <span class='ocrx_word' id='word_1_333' title='bbox 4005 2381 4166 2434; x_wconf 88' lang='lat' dir='ltr'><strong>David</strong></span> <span class='ocrx_word' id='word_1_334' title='bbox 4220 2399 4235 2434; x_wconf 88' lang='lat'><strong>:</strong></span> <span class='ocrx_word' id='word_1_335' title='bbox 4288 2382 4532 2454; x_wconf 66' lang='grc' dir='ltr'><strong>(ἐστι-αριὶ</strong></span> 
     </span>
    </p>
   </div>
   <div class='ocr_carea' id='block_1_23' title="bbox 1259 2467 4530 2540">
    <p class='ocr_par' dir='ltr' id='par_1_23' title="bbox 1259 2467 4530 2540">
     <span class='ocr_line' id='line_1_23' title="bbox 1259 2467 4530 2540; baseline 0.001 -12"><span class='ocrx_word' id='word_1_336' title='bbox 1259 2488 1365 2528; x_wconf 81' lang='lat' dir='ltr'><strong>vox</strong></span> <span class='ocrx_word' id='word_1_337' title='bbox 1396 2471 1602 2526; x_wconf 89' lang='lat' dir='ltr'><strong>Domini</strong></span> <span class='ocrx_word' id='word_1_338' title='bbox 1637 2487 1648 2521; x_wconf 76' lang='grc' dir='ltr'>ε</span> <span class='ocrx_word' id='word_1_339' title='bbox 1682 2468 1783 2536; x_wconf 85' lang='lat' dir='ltr'><strong>Qui</strong></span> <span class='ocrx_word' id='word_1_340' title='bbox 1813 2469 2036 2539; x_wconf 82' lang='lat' dir='ltr'><strong>loquitur</strong></span> <span class='ocrx_word' id='word_1_341' title='bbox 2056 2470 2232 2540; x_wconf 80' lang='lat' dir='ltr'><strong>iniqua</strong></span> <span class='ocrx_word' id='word_1_342' title='bbox 2262 2484 2364 2522; x_wconf 87' lang='lat' dir='ltr'><strong>non</strong></span> <span class='ocrx_word' id='word_1_343' title='bbox 2404 2468 2591 2521; x_wconf 74' lang='lat' dir='ltr'><strong>dixerit</strong></span> <span class='ocrx_word' id='word_1_344' title='bbox 2616 2469 2672 2521; x_wconf 87' lang='lat' dir='ltr'><strong>in</strong></span> <span class='ocrx_word' id='word_1_345' title='bbox 2710 2484 2833 2521; x_wconf 83' lang='lat' dir='ltr'><strong>con-</strong></span> <span class='ocrx_word' id='word_1_346' title='bbox 2943 2476 3084 2532; x_wconf 79' lang='lat' dir='ltr'><strong>situt,</strong></span> <span class='ocrx_word' id='word_1_347' title='bbox 3121 2477 3169 2520; x_wconf 90' lang='lat' dir='ltr'><strong>et</strong></span> <span class='ocrx_word' id='word_1_348' title='bbox 3210 2467 3580 2522; x_wconf 89' lang='lat' dir='ltr'><strong>abominabiles</strong></span> <span class='ocrx_word' id='word_1_349' title='bbox 3627 2471 3753 2539; x_wconf 87' lang='lat' dir='ltr'><strong>facti</strong></span> <span class='ocrx_word' id='word_1_350' title='bbox 3789 2481 3907 2523; x_wconf 89' lang='lat' dir='ltr'><strong>sunt</strong></span> <span class='ocrx_word' id='word_1_351' title='bbox 3945 2473 3997 2525; x_wconf 86' lang='lat' dir='ltr'><strong>in</strong></span> <span class='ocrx_word' id='word_1_352' title='bbox 4025 2474 4367 2528; x_wconf 80' lang='lat' dir='ltr'><strong>voluntatibus</strong></span> <span class='ocrx_word' id='word_1_353' title='bbox 4416 2478 4530 2530; x_wconf 89' lang='lat' dir='ltr'><strong>suis</strong></span> 
     </span>
    </p>
   </div>
   <div class='ocr_carea' id='block_1_24' title="bbox 1258 2558 4528 2634">
    <p class='ocr_par' dir='ltr' id='par_1_24' title="bbox 1258 2558 4528 2634">
     <span class='ocr_line' id='line_1_24' title="bbox 1258 2558 4528 2634; baseline 0 -15"><span class='ocrx_word' id='word_1_354' title='bbox 1258 2573 1435 2634; x_wconf 81' lang='lat' dir='ltr'><strong>specta</strong></span> <span class='ocrx_word' id='word_1_355' title='bbox 1483 2561 1744 2616; x_wconf 85' lang='lat' dir='ltr'><strong>oculorum</strong></span> <span class='ocrx_word' id='word_1_356' title='bbox 1775 2576 2001 2614; x_wconf 87' lang='lat' dir='ltr'><strong>meorum</strong></span> <span class='ocrx_word' id='word_1_357' title='bbox 2043 2560 2216 2630; x_wconf 88' lang='lat' dir='ltr'><strong>(Psal.</strong></span> <span class='ocrx_word' id='word_1_358' title='bbox 2266 2559 2420 2629; x_wconf 79' lang='lat' dir='ltr'><strong>xvii).</strong></span> <span class='ocrx_word' id='word_1_359' title='bbox 2470 2561 2533 2613; x_wconf 83' lang='lat' dir='ltr'><strong>Et</strong></span> <span class='ocrx_word' id='word_1_360' title='bbox 2580 2560 2709 2614; x_wconf 90' lang='lat' dir='ltr'><strong>item</strong></span> <span class='ocrx_word' id='word_1_361' title='bbox 2748 2560 2832 2614; x_wconf 88' lang='lat' dir='ltr'><strong>di-</strong></span> <span class='ocrx_word' id='word_1_362' title='bbox 2937 2558 3107 2627; x_wconf 87' lang='lat' dir='ltr'><strong>(Psal.</strong></span> <span class='ocrx_word' id='word_1_363' title='bbox 3155 2561 3290 2629; x_wconf 77' lang='lat' dir='ltr'><strong>xm).</strong></span> <span class='ocrx_word' id='word_1_364' title='bbox 3349 2560 3483 2614; x_wconf 89' lang='lat' dir='ltr'><strong>ltem</strong></span> <span class='ocrx_word' id='word_1_365' title='bbox 3533 2560 3660 2615; x_wconf 90' lang='lat' dir='ltr'><strong>dicit</strong></span> <span class='ocrx_word' id='word_1_366' title='bbox 3709 2562 3996 2627; x_wconf 84' lang='lat' dir='ltr'><strong>Apostolus</strong></span> <span class='ocrx_word' id='word_1_367' title='bbox 4043 2580 4056 2616; x_wconf 88' lang='lat'><strong>:</strong></span> <span class='ocrx_word' id='word_1_368' title='bbox 4115 2564 4305 2619; x_wconf 85' lang='lat' dir='ltr'><strong>Omnia</strong></span> <span class='ocrx_word' id='word_1_369' title='bbox 4348 2566 4528 2630; x_wconf 75' lang='lat' dir='ltr'><strong>licent,</strong></span> 
     </span>
    </p>
   </div>
   <div class='ocr_carea' id='block_1_25' title="bbox 1260 2649 4528 2730">
    <p class='ocr_par' dir='ltr' id='par_1_25' title="bbox 1260 2649 4528 2730">
     <span class='ocr_line' id='line_1_25' title="bbox 1260 2649 4528 2730; baseline 0.001 -19"><span class='ocrx_word' id='word_1_370' title='bbox 1260 2657 1334 2711; x_wconf 90' lang='lat' dir='ltr'><strong>cit</strong></span> <span class='ocrx_word' id='word_1_371' title='bbox 1380 2652 1668 2724; x_wconf 85' lang='lat' dir='ltr'><strong>Apostolus</strong></span> <span class='ocrx_word' id='word_1_372' title='bbox 1697 2668 1713 2706; x_wconf 91' lang='lat'><strong>:</strong></span> <span class='ocrx_word' id='word_1_373' title='bbox 1775 2650 1848 2705; x_wconf 87' lang='lat' dir='ltr'><strong>De</strong></span> <span class='ocrx_word' id='word_1_374' title='bbox 1888 2651 2037 2705; x_wconf 83' lang='lat' dir='ltr'><strong>verba</strong></span> <span class='ocrx_word' id='word_1_375' title='bbox 2091 2667 2219 2705; x_wconf 83' lang='lat' dir='ltr'><strong>vano</strong></span> <span class='ocrx_word' id='word_1_376' title='bbox 2278 2651 2503 2705; x_wconf 88' lang='lat' dir='ltr'><strong>reddetis</strong></span> <span class='ocrx_word' id='word_1_377' title='bbox 2549 2653 2826 2706; x_wconf 89' lang='lat' dir='ltr'><strong>rationem.</strong></span> <span class='ocrx_word' id='word_1_378' title='bbox 2937 2649 3026 2705; x_wconf 86' lang='lat' dir='ltr'><strong>sed</strong></span> <span class='ocrx_word' id='word_1_379' title='bbox 3055 2666 3156 2704; x_wconf 85' lang='lat' dir='ltr'><strong>non</strong></span> <span class='ocrx_word' id='word_1_380' title='bbox 3183 2652 3358 2704; x_wconf 86' lang='lat' dir='ltr'><strong>omnia</strong></span> <span class='ocrx_word' id='word_1_381' title='bbox 3384 2652 3683 2721; x_wconf 71' lang='lat' dir='ltr'><strong>expediunt.</strong></span> <span class='ocrx_word' id='word_1_382' title='bbox 3714 2653 3906 2707; x_wconf 87' lang='lat' dir='ltr'><strong>Umnia</strong></span> <span class='ocrx_word' id='word_1_383' title='bbox 3932 2656 4061 2709; x_wconf 82' lang='lat' dir='ltr'><strong>mihi</strong></span> <span class='ocrx_word' id='word_1_384' title='bbox 4089 2657 4273 2723; x_wconf 87' lang='lat' dir='ltr'><strong>licent,</strong></span> <span class='ocrx_word' id='word_1_385' title='bbox 4314 2660 4406 2712; x_wconf 83' lang='lat' dir='ltr'><strong>sed</strong></span> <span class='ocrx_word' id='word_1_386' title='bbox 4429 2675 4528 2730; x_wconf 88' lang='lat' dir='ltr'><strong>ego</strong></span> 
     </span>
    </p>
   </div>
   <div class='ocr_carea' id='block_1_26' title="bbox 1262 2741 4527 2817">
    <p class='ocr_par' dir='ltr' id='par_1_26' title="bbox 1262 2741 4527 2817">
     <span class='ocr_line' id='line_1_26' title="bbox 1262 2741 4527 2817; baseline 0.002 -18"><span class='ocrx_word' id='word_1_387' title='bbox 1262 2745 1397 2814; x_wconf 84' lang='lat' dir='ltr'><strong>Quia</strong></span> <span class='ocrx_word' id='word_1_388' title='bbox 1427 2760 1564 2799; x_wconf 89' lang='lat' dir='ltr'><strong>mors</strong></span> <span class='ocrx_word' id='word_1_389' title='bbox 1585 2752 1635 2796; x_wconf 87' lang='lat' dir='ltr'><strong>et</strong></span> <span class='ocrx_word' id='word_1_390' title='bbox 1673 2743 1775 2797; x_wconf 87' lang='lat' dir='ltr'><strong>vita</strong></span> <span class='ocrx_word' id='word_1_391' title='bbox 1804 2744 1858 2796; x_wconf 87' lang='lat' dir='ltr'><strong>in</strong></span> <span class='ocrx_word' id='word_1_392' title='bbox 1902 2742 2139 2797; x_wconf 86' lang='lat' dir='ltr'><strong>manibus</strong></span> <span class='ocrx_word' id='word_1_393' title='bbox 2163 2743 2353 2814; x_wconf 79' lang='lat' dir='ltr'><strong>lingua:</strong></span> <span class='ocrx_word' id='word_1_394' title='bbox 2375 2741 2543 2813; x_wconf 88' lang='lat' dir='ltr'><strong>posita</strong></span> <span class='ocrx_word' id='word_1_395' title='bbox 2565 2754 2641 2797; x_wconf 91' lang='lat' dir='ltr'><strong>est</strong></span> <span class='ocrx_word' id='word_1_396' title='bbox 2663 2743 2835 2811; x_wconf 90' lang='lat' dir='ltr'><strong>(Psal.</strong></span> <span class='ocrx_word' id='word_1_397' title='bbox 2937 2741 3030 2794; x_wconf 86' lang='lat' dir='ltr'><strong>sub</strong></span> <span class='ocrx_word' id='word_1_398' title='bbox 3060 2742 3251 2797; x_wconf 89' lang='lat' dir='ltr'><strong>nullius</strong></span> <span class='ocrx_word' id='word_1_399' title='bbox 3280 2745 3493 2814; x_wconf 88' lang='lat' dir='ltr'><strong>redigar</strong></span> <span class='ocrx_word' id='word_1_400' title='bbox 3518 2753 3770 2814; x_wconf 84' lang='lat' dir='ltr'><strong>potestate</strong></span> <span class='ocrx_word' id='word_1_401' title='bbox 3798 2745 3819 2817; x_wconf 91' lang='lat'><strong>(</strong></span> <span class='ocrx_word' id='word_1_402' title='bbox 3842 2744 3872 2799; x_wconf 88' lang='grc' dir='ltr'><em>Ι</em></span> <span class='ocrx_word' id='word_1_403' title='bbox 3904 2745 4024 2801; x_wconf 85' lang='lat' dir='ltr'><strong>Cor.</strong></span> <span class='ocrx_word' id='word_1_404' title='bbox 4058 2764 4109 2802; x_wconf 79' lang='lat' dir='ltr'><strong>vi</strong></span> <span class='ocrx_word' id='word_1_405' title='bbox 4130 2752 4165 2811; x_wconf 91' lang='lat'><strong>).</strong></span> <span class='ocrx_word' id='word_1_406' title='bbox 4225 2746 4369 2817; x_wconf 81' lang='lat' dir='ltr'><strong>Ergo</strong></span> <span class='ocrx_word' id='word_1_407' title='bbox 4420 2765 4527 2805; x_wconf 90' lang='lat' dir='ltr'><strong>non</strong></span> 
     </span>
    </p>
   </div>
   <div class='ocr_carea' id='block_1_27' title="bbox 1258 2834 4531 2906">
    <p class='ocr_par' dir='ltr' id='par_1_27' title="bbox 1258 2834 4531 2906">
     <span class='ocr_line' id='line_1_27' title="bbox 1258 2834 4531 2906; baseline 0 -11"><span class='ocrx_word' id='word_1_408' title='bbox 1258 2855 1324 2905; x_wconf 89' lang='lat' dir='ltr'><strong>c;</strong></span> <span class='ocrx_word' id='word_1_409' title='bbox 1356 2837 1515 2893; x_wconf 76' lang='lat' dir='ltr'><strong>Prov.</strong></span> <span class='ocrx_word' id='word_1_410' title='bbox 1564 2840 1696 2906; x_wconf 79' lang='lat' dir='ltr'><strong>xiv).</strong></span> <span class='ocrx_word' id='word_1_411' title='bbox 1737 2838 1793 2891; x_wconf 90' lang='lat' dir='ltr'><strong>ln</strong></span> <span class='ocrx_word' id='word_1_412' title='bbox 1842 2852 2004 2906; x_wconf 91' lang='lat' dir='ltr'><strong>opere</strong></span> <span class='ocrx_word' id='word_1_413' title='bbox 2030 2851 2158 2891; x_wconf 89' lang='lat' dir='ltr'><strong>vero</strong></span> <span class='ocrx_word' id='word_1_414' title='bbox 2208 2850 2467 2890; x_wconf 86' lang='lat' dir='ltr'><strong>manuum</strong></span> <span class='ocrx_word' id='word_1_415' title='bbox 2521 2844 2836 2891; x_wconf 85' lang='lat' dir='ltr'><strong>nostrarum</strong></span> <span class='ocrx_word' id='word_1_416' title='bbox 2942 2834 3114 2889; x_wconf 89' lang='lat' dir='ltr'><strong>solum</strong></span> <span class='ocrx_word' id='word_1_417' title='bbox 3138 2850 3336 2892; x_wconf 90' lang='lat' dir='ltr'><strong>cavens</strong></span> <span class='ocrx_word' id='word_1_418' title='bbox 3359 2836 3472 2890; x_wconf 64' lang='lat' dir='ltr'><strong>haec</strong></span> <span class='ocrx_word' id='word_1_419' title='bbox 3498 2836 3811 2905; x_wconf 90' lang='lat' dir='ltr'><strong>discipulus,</strong></span> <span class='ocrx_word' id='word_1_420' title='bbox 3838 2839 3935 2893; x_wconf 89' lang='lat' dir='ltr'><strong>sed</strong></span> <span class='ocrx_word' id='word_1_421' title='bbox 3963 2847 4017 2893; x_wconf 90' lang='lat' dir='ltr'><strong>et</strong></span> <span class='ocrx_word' id='word_1_422' title='bbox 4044 2840 4191 2895; x_wconf 91' lang='lat' dir='ltr'><strong>omni</strong></span> <span class='ocrx_word' id='word_1_423' title='bbox 4220 2840 4531 2896; x_wconf 88' lang='lat' dir='ltr'><strong>obedientia</strong></span> 
     </span>
    </p>
   </div>
   <div class='ocr_carea' id='block_1_28' title="bbox 1252 2925 4535 3001">
    <p class='ocr_par' dir='ltr' id='par_1_28' title="bbox 1252 2925 4535 3001">
     <span class='ocr_line' id='line_1_28' title="bbox 1252 2925 4535 3001; baseline 0 -15"><span class='ocrx_word' id='word_1_424' title='bbox 1252 2932 1327 2986; x_wconf 87' lang='lat' dir='ltr'><strong>ita</strong></span> <span class='ocrx_word' id='word_1_425' title='bbox 1348 2926 1685 2998; x_wconf 78' lang='lat' dir='ltr'><strong>agnoscimus</strong></span> <span class='ocrx_word' id='word_1_426' title='bbox 1726 2925 1894 2981; x_wconf 92' lang='lat' dir='ltr'><strong>Deum</strong></span> <span class='ocrx_word' id='word_1_427' title='bbox 1946 2926 2099 2980; x_wconf 91' lang='lat' dir='ltr'><strong>nobis</strong></span> <span class='ocrx_word' id='word_1_428' title='bbox 2148 2940 2269 2980; x_wconf 91' lang='lat' dir='ltr'><strong>esse</strong></span> <span class='ocrx_word' id='word_1_429' title='bbox 2319 2934 2661 2994; x_wconf 66' lang='lat' dir='ltr'><strong>praesentem,</strong></span> <span class='ocrx_word' id='word_1_430' title='bbox 2711 2942 2834 2981; x_wconf 89' lang='lat' dir='ltr'><strong>cum</strong></span> <span class='ocrx_word' id='word_1_431' title='bbox 2939 2942 2999 2981; x_wconf 91' lang='lat' dir='ltr'><strong>se</strong></span> <span class='ocrx_word' id='word_1_432' title='bbox 3027 2928 3222 2980; x_wconf 89' lang='lat' dir='ltr'><strong>subdat</strong></span> <span class='ocrx_word' id='word_1_433' title='bbox 3249 2927 3475 2995; x_wconf 87' lang='lat' dir='ltr'><strong>majori;</strong></span> <span class='ocrx_word' id='word_1_434' title='bbox 3509 2928 3726 2984; x_wconf 89' lang='lat' dir='ltr'><strong>imitans</strong></span> <span class='ocrx_word' id='word_1_435' title='bbox 3756 2930 4059 2996; x_wconf 90' lang='lat' dir='ltr'><strong>Dominum,</strong></span> <span class='ocrx_word' id='word_1_436' title='bbox 4116 2932 4183 2986; x_wconf 89' lang='lat' dir='ltr'><strong>de</strong></span> <span class='ocrx_word' id='word_1_437' title='bbox 4234 2947 4347 3001; x_wconf 86' lang='lat' dir='ltr'><strong>quo</strong></span> <span class='ocrx_word' id='word_1_438' title='bbox 4397 2932 4535 2989; x_wconf 91' lang='lat' dir='ltr'><strong>dicit</strong></span> 
     </span>
    </p>
   </div>
   <div class='ocr_carea' id='block_1_29' title="bbox 1257 3016 4531 3092">
    <p class='ocr_par' dir='ltr' id='par_1_29' title="bbox 1257 3016 4531 3092">
     <span class='ocr_line' id='line_1_29' title="bbox 1257 3016 4531 3092; baseline 0.001 -17"><span class='ocrx_word' id='word_1_439' title='bbox 1257 3021 1388 3075; x_wconf 91' lang='lat' dir='ltr'><strong>dicit</strong></span> <span class='ocrx_word' id='word_1_440' title='bbox 1416 3018 1683 3087; x_wconf 88' lang='lat' dir='ltr'><strong>Propheta</strong></span> <span class='ocrx_word' id='word_1_441' title='bbox 1708 3035 1721 3070; x_wconf 87' lang='lat'><strong>:</strong></span> <span class='ocrx_word' id='word_1_442' title='bbox 1756 3016 2124 3087; x_wconf 80' lang='lat' dir='ltr'><strong>Imperfectum</strong></span> <span class='ocrx_word' id='word_1_443' title='bbox 2147 3032 2314 3069; x_wconf 89' lang='lat' dir='ltr'><strong>meum</strong></span> <span class='ocrx_word' id='word_1_444' title='bbox 2343 3016 2580 3070; x_wconf 87' lang='lat' dir='ltr'><strong>viderunt</strong></span> <span class='ocrx_word' id='word_1_445' title='bbox 2606 3018 2741 3071; x_wconf 89' lang='lat' dir='ltr'><strong>oculi</strong></span> <span class='ocrx_word' id='word_1_446' title='bbox 2766 3020 2839 3070; x_wconf 86' lang='lat' dir='ltr'><strong>tui</strong></span> <span class='ocrx_word' id='word_1_447' title='bbox 2940 3017 3229 3087; x_wconf 80' lang='lat' dir='ltr'><strong>Apostolus</strong></span> <span class='ocrx_word' id='word_1_448' title='bbox 3256 3036 3266 3070; x_wconf 90' lang='lat'>:</span> <span class='ocrx_word' id='word_1_449' title='bbox 3295 3017 3492 3073; x_wconf 87' lang='lat' dir='ltr'><strong>Factus</strong></span> <span class='ocrx_word' id='word_1_450' title='bbox 3521 3018 3763 3074; x_wconf 86' lang='lat' dir='ltr'><strong>obediens</strong></span> <span class='ocrx_word' id='word_1_451' title='bbox 3814 3038 3973 3091; x_wconf 75' lang='lat' dir='ltr'><strong>usque</strong></span> <span class='ocrx_word' id='word_1_452' title='bbox 4003 3023 4073 3075; x_wconf 89' lang='lat' dir='ltr'><strong>ad</strong></span> <span class='ocrx_word' id='word_1_453' title='bbox 4118 3034 4336 3077; x_wconf 83' lang='lat' dir='ltr'><strong>mortem</strong></span> <span class='ocrx_word' id='word_1_454' title='bbox 4358 3024 4531 3092; x_wconf 77' lang='lat' dir='ltr'><strong>(Phil.</strong></span> 
     </span>
    </p>
   </div>
   <div class='ocr_carea' id='block_1_30' title="bbox 1253 3109 4535 3182">
    <p class='ocr_par' dir='ltr' id='par_1_30' title="bbox 1253 3109 4535 3182">
     <span class='ocr_line' id='line_1_30' title="bbox 1253 3109 4535 3182; baseline 0.002 -15"><span class='ocrx_word' id='word_1_455' title='bbox 1253 3112 1427 3182; x_wconf 87' lang='lat' dir='ltr'><strong>(Psal.</strong></span> <span class='ocrx_word' id='word_1_456' title='bbox 1481 3111 1759 3181; x_wconf 73' lang='lat' dir='ltr'><strong>cxxxvm).</strong></span> <span class='ocrx_word' id='word_1_457' title='bbox 1807 3111 1862 3164; x_wconf 93' lang='lat' dir='ltr'><strong>In</strong></span> <span class='ocrx_word' id='word_1_458' title='bbox 1903 3124 2089 3179; x_wconf 89' lang='lat' dir='ltr'><strong>gressu</strong></span> <span class='ocrx_word' id='word_1_459' title='bbox 2118 3124 2246 3165; x_wconf 92' lang='lat' dir='ltr'><strong>vero</strong></span> <span class='ocrx_word' id='word_1_460' title='bbox 2296 3109 2497 3179; x_wconf 89' lang='lat' dir='ltr'><strong>pedum</strong></span> <span class='ocrx_word' id='word_1_461' title='bbox 2530 3118 2838 3165; x_wconf 90' lang='lat' dir='ltr'><strong>nostrorum</strong></span> <span class='ocrx_word' id='word_1_462' title='bbox 2946 3112 3028 3179; x_wconf 87' lang='grc' dir='ltr'>ιι).</span> <span class='ocrx_word' id='word_1_463' title='bbox 3062 3109 3131 3163; x_wconf 82' lang='grc' dir='ltr'>Ει</span> <span class='ocrx_word' id='word_1_464' title='bbox 3176 3110 3304 3165; x_wconf 91' lang='lat' dir='ltr'><strong>item</strong></span> <span class='ocrx_word' id='word_1_465' title='bbox 3330 3127 3437 3165; x_wconf 83' lang='lat' dir='ltr'><strong>vox</strong></span> <span class='ocrx_word' id='word_1_466' title='bbox 3465 3111 3678 3166; x_wconf 89' lang='lat' dir='ltr'><strong>Domini</strong></span> <span class='ocrx_word' id='word_1_467' title='bbox 3724 3113 3907 3167; x_wconf 87' lang='lat' dir='ltr'><strong>laudat</strong></span> <span class='ocrx_word' id='word_1_468' title='bbox 3966 3114 4033 3169; x_wconf 89' lang='lat' dir='ltr'><strong>de</strong></span> <span class='ocrx_word' id='word_1_469' title='bbox 4080 3116 4181 3171; x_wconf 86' lang='lat' dir='ltr'><strong>hac</strong></span> <span class='ocrx_word' id='word_1_470' title='bbox 4224 3117 4535 3172; x_wconf 87' lang='lat' dir='ltr'><strong>obedientia</strong></span> 
     </span>
    </p>
   </div>
   <div class='ocr_carea' id='block_1_31' title="bbox 1251 3200 4536 3275">
    <p class='ocr_par' dir='ltr' id='par_1_31' title="bbox 1251 3200 4536 3275">
     <span class='ocr_line' id='line_1_31' title="bbox 1251 3200 4536 3275; baseline -0.001 -14"><span class='ocrx_word' id='word_1_471' title='bbox 1251 3208 1325 3263; x_wconf 91' lang='lat' dir='ltr'><strong>ita</strong></span> <span class='ocrx_word' id='word_1_472' title='bbox 1357 3206 1697 3275; x_wconf 86' lang='lat' dir='ltr'><strong>agnoscimus</strong></span> <span class='ocrx_word' id='word_1_473' title='bbox 1747 3204 1912 3259; x_wconf 90' lang='lat' dir='ltr'><strong>Deum</strong></span> <span class='ocrx_word' id='word_1_474' title='bbox 1946 3205 2100 3259; x_wconf 92' lang='lat' dir='ltr'><strong>nobis</strong></span> <span class='ocrx_word' id='word_1_475' title='bbox 2152 3219 2270 3259; x_wconf 89' lang='lat' dir='ltr'><strong>esse</strong></span> <span class='ocrx_word' id='word_1_476' title='bbox 2312 3215 2651 3275; x_wconf 65' lang='lat' dir='ltr'><strong>praesentem,</strong></span> <span class='ocrx_word' id='word_1_477' title='bbox 2710 3222 2834 3262; x_wconf 90' lang='lat' dir='ltr'><strong>cum</strong></span> <span class='ocrx_word' id='word_1_478' title='bbox 2868 3260 2909 3275; x_wconf 65' lang='grc'><em>,</em></span> <span class='ocrx_word' id='word_1_479' title='bbox 2948 3200 3209 3269; x_wconf 86' lang='lat' dir='ltr'><strong>populum</strong></span> <span class='ocrx_word' id='word_1_480' title='bbox 3249 3202 3552 3269; x_wconf 84' lang='lat' dir='ltr'><strong>gentilium,</strong></span> <span class='ocrx_word' id='word_1_481' title='bbox 3582 3202 3804 3259; x_wconf 88' lang='lat' dir='ltr'><strong>dicens:</strong></span> <span class='ocrx_word' id='word_1_482' title='bbox 3838 3204 4100 3260; x_wconf 83' lang='lat' dir='ltr'><strong>Obauditu</strong></span> <span class='ocrx_word' id='word_1_483' title='bbox 4122 3211 4266 3262; x_wconf 84' lang='lat' dir='ltr'><strong>auris</strong></span> <span class='ocrx_word' id='word_1_484' title='bbox 4313 3209 4536 3262; x_wconf 74' lang='lat' dir='ltr'><strong>obedim‘t</strong></span> 
     </span>
    </p>
   </div>
   <div class='ocr_carea' id='block_1_32' title="bbox 1255 3260 4540 3368">
    <p class='ocr_par' dir='ltr' id='par_1_32' title="bbox 1255 3260 4540 3368">
     <span class='ocr_line' id='line_1_32' title="bbox 1255 3260 4540 3368; baseline 0.001 -16"><span class='ocrx_word' id='word_1_485' title='bbox 1255 3260 1715 3364; x_wconf 55' lang='lat' dir='ltr'><strong>dicitvPropheta:</strong></span> <span class='ocrx_word' id='word_1_486' title='bbox 1751 3296 1878 3350; x_wconf 85' lang='lat' dir='ltr'><strong>Sine</strong></span> <span class='ocrx_word' id='word_1_487' title='bbox 1910 3298 2179 3367; x_wconf 86' lang='lat' dir='ltr'><strong>iniquitate</strong></span> <span class='ocrx_word' id='word_1_488' title='bbox 2200 3260 2426 3363; x_wconf 67' lang='lat' dir='ltr'><strong>cuctirri,</strong></span> <span class='ocrx_word' id='word_1_489' title='bbox 2458 3308 2508 3353; x_wconf 91' lang='lat' dir='ltr'><strong>et</strong></span> <span class='ocrx_word' id='word_1_490' title='bbox 2533 3260 2834 3368; x_wconf 76' lang='lat' dir='ltr'><strong>dirigebam,</strong></span> <span class='ocrx_word' id='word_1_491' title='bbox 2862 3260 2910 3323; x_wconf 78' lang='lat' dir='ltr'>c</span> <span class='ocrx_word' id='word_1_492' title='bbox 3097 3260 3279 3363; x_wconf 50' lang='lat' dir='ltr'><strong>(Psal:</strong></span> <span class='ocrx_word' id='word_1_493' title='bbox 3315 3294 3433 3365; x_wconf 84' lang='lat' dir='ltr'><strong>vn).</strong></span> <span class='ocrx_word' id='word_1_494' title='bbox 3590 3296 3692 3353; x_wconf 88' lang='lat' dir='ltr'><strong>sub</strong></span> <span class='ocrx_word' id='word_1_495' title='bbox 3736 3298 3933 3354; x_wconf 86' lang='lat' dir='ltr'><strong>abbate</strong></span> <span class='ocrx_word' id='word_1_496' title='bbox 3982 3299 4084 3355; x_wconf 88' lang='lat' dir='ltr'><strong>sibi</strong></span> <span class='ocrx_word' id='word_1_497' title='bbox 4132 3260 4540 3357; x_wconf 28' lang='lat' dir='ltr'><strong>nos&#39;Doniinus</strong></span> 
     </span>
    </p>
   </div>
   <div class='ocr_carea' id='block_1_33' title="bbox 1251 3387 4524 3464">
    <p class='ocr_par' dir='ltr' id='par_1_33' title="bbox 1251 3387 4524 3464">
     <span class='ocr_line' id='line_1_33' title="bbox 1251 3387 4524 3464; baseline 0.001 -19"><span class='ocrx_word' id='word_1_498' title='bbox 1251 3408 1470 3462; x_wconf 76' lang='lat' dir='ltr'><strong>exsurge</strong></span> <span class='ocrx_word' id='word_1_499' title='bbox 1524 3393 1579 3444; x_wconf 88' lang='lat' dir='ltr'><strong>in</strong></span> <span class='ocrx_word' id='word_1_500' title='bbox 1649 3406 1915 3445; x_wconf 84' lang='lat' dir='ltr'><strong>occursum</strong></span> <span class='ocrx_word' id='word_1_501' title='bbox 1962 3392 2086 3445; x_wconf 83' lang='lat' dir='ltr'><strong>mihi</strong></span> <span class='ocrx_word' id='word_1_502' title='bbox 2130 3390 2302 3461; x_wconf 90' lang='lat' dir='ltr'><strong>(Psal.</strong></span> <span class='ocrx_word' id='word_1_503' title='bbox 2361 3393 2541 3464; x_wconf 81' lang='lat' dir='ltr'><strong>LVIII).</strong></span> <span class='ocrx_word' id='word_1_504' title='bbox 2594 3392 2663 3447; x_wconf 87' lang='lat' dir='ltr'><strong>Et</strong></span> <span class='ocrx_word' id='word_1_505' title='bbox 2713 3394 2840 3449; x_wconf 86' lang='lat' dir='ltr'><strong>item</strong></span> <span class='ocrx_word' id='word_1_506' title='bbox 2950 3387 3209 3443; x_wconf 88' lang='lat' dir='ltr'><strong>obaudire</strong></span> <span class='ocrx_word' id='word_1_507' title='bbox 3237 3387 3588 3455; x_wconf 90' lang='lat' dir='ltr'><strong>demonstrat,</strong></span> <span class='ocrx_word' id='word_1_508' title='bbox 3620 3406 3745 3446; x_wconf 90' lang='lat' dir='ltr'><strong>cum</strong></span> <span class='ocrx_word' id='word_1_509' title='bbox 3769 3390 3899 3447; x_wconf 86' lang='lat' dir='ltr'><strong>dicit</strong></span> <span class='ocrx_word' id='word_1_510' title='bbox 3926 3392 4240 3449; x_wconf 88' lang='lat' dir='ltr'><strong>doctoribus</strong></span> <span class='ocrx_word' id='word_1_511' title='bbox 4265 3396 4524 3449; x_wconf 89' lang='lat' dir='ltr'><strong>nostris:</strong></span> 
     </span>
    </p>
   </div>
   <div class='ocr_carea' id='block_1_34' title="bbox 1253 3479 4534 3558">
    <p class='ocr_par' dir='ltr' id='par_1_34' title="bbox 1253 3479 4534 3558">
     <span class='ocr_line' id='line_1_34' title="bbox 1253 3479 4534 3558; baseline 0.002 -22"><span class='ocrx_word' id='word_1_512' title='bbox 1253 3482 1383 3536; x_wconf 86' lang='lat' dir='ltr'><strong>dicit</strong></span> <span class='ocrx_word' id='word_1_513' title='bbox 1406 3500 1417 3533; x_wconf 92' lang='lat'>:</span> <span class='ocrx_word' id='word_1_514' title='bbox 1447 3479 1560 3545; x_wconf 90' lang='lat' dir='ltr'><strong>Quo</strong></span> <span class='ocrx_word' id='word_1_515' title='bbox 1588 3481 1670 3541; x_wconf 86' lang='lat' dir='ltr'><strong>ibo</strong></span> <span class='ocrx_word' id='word_1_516' title='bbox 1690 3497 1721 3533; x_wconf 94' lang='lat' dir='ltr'><strong>a</strong></span> <span class='ocrx_word' id='word_1_517' title='bbox 1745 3482 1927 3551; x_wconf 88' lang='lat' dir='ltr'><strong>spiritu</strong></span> <span class='ocrx_word' id='word_1_518' title='bbox 1957 3490 2042 3535; x_wconf 90' lang='lat' dir='ltr'><strong>tuo</strong></span> <span class='ocrx_word' id='word_1_519' title='bbox 2060 3484 2138 3535; x_wconf 84' lang='lat' dir='ltr'><strong>?et</strong></span> <span class='ocrx_word' id='word_1_520' title='bbox 2166 3499 2266 3553; x_wconf 84' lang='lat' dir='ltr'><strong>quo</strong></span> <span class='ocrx_word' id='word_1_521' title='bbox 2291 3499 2323 3536; x_wconf 91' lang='lat' dir='ltr'><strong>a</strong></span> <span class='ocrx_word' id='word_1_522' title='bbox 2346 3485 2477 3553; x_wconf 90' lang='lat' dir='ltr'><strong>facie</strong></span> <span class='ocrx_word' id='word_1_523' title='bbox 2506 3495 2595 3536; x_wconf 87' lang='lat' dir='ltr'><strong>tua</strong></span> <span class='ocrx_word' id='word_1_524' title='bbox 2609 3487 2842 3555; x_wconf 81' lang='lat' dir='ltr'><strong>fugiam?</strong></span> <span class='ocrx_word' id='word_1_525' title='bbox 2947 3481 3045 3546; x_wconf 86' lang='lat' dir='ltr'><strong>Qui</strong></span> <span class='ocrx_word' id='word_1_526' title='bbox 3066 3497 3152 3535; x_wconf 89' lang='lat' dir='ltr'><strong>vos</strong></span> <span class='ocrx_word' id='word_1_527' title='bbox 3174 3481 3338 3547; x_wconf 85' lang='lat' dir='ltr'><strong>audit,</strong></span> <span class='ocrx_word' id='word_1_528' title='bbox 3367 3498 3448 3536; x_wconf 91' lang='lat' dir='ltr'><strong>me</strong></span> <span class='ocrx_word' id='word_1_529' title='bbox 3474 3481 3658 3549; x_wconf 65' lang='lat' dir='ltr'><strong>audit;</strong></span> <span class='ocrx_word' id='word_1_530' title='bbox 3686 3494 3737 3537; x_wconf 90' lang='lat' dir='ltr'><strong>et</strong></span> <span class='ocrx_word' id='word_1_531' title='bbox 3764 3484 3856 3553; x_wconf 69' lang='lat' dir='ltr'><strong>qui</strong></span> <span class='ocrx_word' id='word_1_532' title='bbox 3874 3502 3961 3541; x_wconf 82' lang='lat' dir='ltr'><strong>vos</strong></span> <span class='ocrx_word' id='word_1_533' title='bbox 3981 3488 4202 3557; x_wconf 81' lang='lat' dir='ltr'><strong>spernit,</strong></span> <span class='ocrx_word' id='word_1_534' title='bbox 4228 3504 4311 3542; x_wconf 87' lang='lat' dir='ltr'><strong>me</strong></span> <span class='ocrx_word' id='word_1_535' title='bbox 4331 3492 4534 3558; x_wconf 86' lang='lat' dir='ltr'><strong>spernit</strong></span> 
     </span>
    </p>
   </div>
   <div class='ocr_carea' id='block_1_35' title="bbox 1253 3572 3202 3643">
    <p class='ocr_par' dir='ltr' id='par_1_35' title="bbox 1253 3572 3202 3643">
     <span class='ocr_line' id='line_1_35' title="bbox 1253 3572 3202 3643; baseline 0.001 -16"><span class='ocrx_word' id='word_1_536' title='bbox 1253 3573 1314 3628; x_wconf 88' lang='lat' dir='ltr'><strong>Si</strong></span> <span class='ocrx_word' id='word_1_537' title='bbox 1343 3572 1620 3627; x_wconf 88' lang='lat' dir='ltr'><strong>ascendero</strong></span> <span class='ocrx_word' id='word_1_538' title='bbox 1649 3573 1705 3626; x_wconf 90' lang='lat' dir='ltr'><strong>in</strong></span> <span class='ocrx_word' id='word_1_539' title='bbox 1731 3573 1935 3638; x_wconf 77' lang='lat' dir='ltr'><strong>castum,</strong></span> <span class='ocrx_word' id='word_1_540' title='bbox 1996 3581 2050 3625; x_wconf 90' lang='lat' dir='ltr'><strong>tu</strong></span> <span class='ocrx_word' id='word_1_541' title='bbox 2094 3572 2204 3626; x_wconf 88' lang='lat' dir='ltr'><strong>illic</strong></span> <span class='ocrx_word' id='word_1_542' title='bbox 2233 3590 2306 3638; x_wconf 84' lang='lat' dir='ltr'><strong>es,</strong></span> <span class='ocrx_word' id='word_1_543' title='bbox 2353 3575 2397 3627; x_wconf 89' lang='lat' dir='ltr'><strong>si</strong></span> <span class='ocrx_word' id='word_1_544' title='bbox 2427 3574 2740 3629; x_wconf 88' lang='lat' dir='ltr'><strong>descendero</strong></span> <span class='ocrx_word' id='word_1_545' title='bbox 2782 3577 2839 3629; x_wconf 88' lang='lat' dir='ltr'><strong>in</strong></span> <span class='ocrx_word' id='word_1_546' title='bbox 2944 3573 3094 3643; x_wconf 89' lang='lat' dir='ltr'><strong>(Luc.</strong></span> <span class='ocrx_word' id='word_1_547' title='bbox 3126 3575 3202 3641; x_wconf 72' lang='grc' dir='ltr'><strong>χ).</strong></span> 
     </span>
    </p>
   </div>
   <div class='ocr_carea' id='block_1_36' title="bbox 1252 3666 4534 3740">
    <p class='ocr_par' dir='ltr' id='par_1_36' title="bbox 1252 3666 4534 3740">
     <span class='ocr_line' id='line_1_36' title="bbox 1252 3666 4534 3740; baseline 0.001 -15"><span class='ocrx_word' id='word_1_548' title='bbox 1252 3672 1532 3740; x_wconf 89' lang='lat' dir='ltr'><strong>infernum,</strong></span> <span class='ocrx_word' id='word_1_549' title='bbox 1565 3670 1709 3723; x_wconf 88' lang='lat' dir='ltr'><strong>ades.</strong></span> <span class='ocrx_word' id='word_1_550' title='bbox 1746 3668 1807 3723; x_wconf 88' lang='lat' dir='ltr'><strong>Si</strong></span> <span class='ocrx_word' id='word_1_551' title='bbox 1832 3684 2095 3737; x_wconf 87' lang='lat' dir='ltr'><strong>sumpsero</strong></span> <span class='ocrx_word' id='word_1_552' title='bbox 2114 3684 2312 3738; x_wconf 84' lang='lat' dir='ltr'><strong>pennas</strong></span> <span class='ocrx_word' id='word_1_553' title='bbox 2337 3684 2477 3721; x_wconf 88' lang='lat' dir='ltr'><strong>meas</strong></span> <span class='ocrx_word' id='word_1_554' title='bbox 2503 3679 2624 3723; x_wconf 89' lang='lat' dir='ltr'><strong>ante</strong></span> <span class='ocrx_word' id='word_1_555' title='bbox 2648 3672 2837 3738; x_wconf 85' lang='lat' dir='ltr'><strong>lucem,</strong></span> <span class='ocrx_word' id='word_1_556' title='bbox 3014 3666 3217 3723; x_wconf 85' lang='lat' dir='ltr'><strong>Deinde</strong></span> <span class='ocrx_word' id='word_1_557' title='bbox 3243 3676 3495 3736; x_wconf 90' lang='lat' dir='ltr'><strong>quartum</strong></span> <span class='ocrx_word' id='word_1_558' title='bbox 3524 3668 3841 3724; x_wconf 81' lang='lat' dir='ltr'><strong>humilitatis</strong></span> <span class='ocrx_word' id='word_1_559' title='bbox 3876 3669 4099 3739; x_wconf 88' lang='lat' dir='ltr'><strong>gradum</strong></span> <span class='ocrx_word' id='word_1_560' title='bbox 4135 3672 4193 3728; x_wconf 86' lang='lat' dir='ltr'><strong>in</strong></span> <span class='ocrx_word' id='word_1_561' title='bbox 4227 3673 4380 3729; x_wconf 81' lang='lat' dir='ltr'><strong>scala</strong></span> <span class='ocrx_word' id='word_1_562' title='bbox 4410 3676 4534 3730; x_wconf 70' lang='grc' dir='ltr'><strong>θωιί</strong></span> 
     </span>
    </p>
   </div>
   <div class='ocr_carea' id='block_1_37' title="bbox 1257 3757 4538 3832">
    <p class='ocr_par' dir='ltr' id='par_1_37' title="bbox 1257 3757 4538 3832">
     <span class='ocr_line' id='line_1_37' title="bbox 1257 3757 4538 3832; baseline 0.002 -17"><span class='ocrx_word' id='word_1_563' title='bbox 1257 3770 1307 3815; x_wconf 92' lang='lat' dir='ltr'><strong>et</strong></span> <span class='ocrx_word' id='word_1_564' title='bbox 1337 3759 1628 3814; x_wconf 83' lang='lat' dir='ltr'><strong>habitavero</strong></span> <span class='ocrx_word' id='word_1_565' title='bbox 1657 3760 1711 3813; x_wconf 88' lang='lat' dir='ltr'><strong>in</strong></span> <span class='ocrx_word' id='word_1_566' title='bbox 1737 3760 2008 3828; x_wconf 81' lang='lat' dir='ltr'><strong>postremis</strong></span> <span class='ocrx_word' id='word_1_567' title='bbox 2035 3760 2193 3812; x_wconf 87' lang='lat' dir='ltr'><strong>ntaris</strong></span> <span class='ocrx_word' id='word_1_568' title='bbox 2226 3774 2243 3809; x_wconf 89' lang='lat'><em>:</em></span> <span class='ocrx_word' id='word_1_569' title='bbox 2273 3760 2462 3812; x_wconf 88' lang='lat' dir='ltr'><strong>etenim</strong></span> <span class='ocrx_word' id='word_1_570' title='bbox 2506 3760 2627 3812; x_wconf 88' lang='lat' dir='ltr'><strong>illuc</strong></span> <span class='ocrx_word' id='word_1_571' title='bbox 2655 3777 2838 3813; x_wconf 91' lang='lat' dir='ltr'><strong>manus</strong></span> <span class='ocrx_word' id='word_1_572' title='bbox 2940 3757 3182 3813; x_wconf 81' lang='lat' dir='ltr'><strong>ascendit</strong></span> <span class='ocrx_word' id='word_1_573' title='bbox 3223 3758 3535 3831; x_wconf 88' lang='lat' dir='ltr'><strong>discipulus,</strong></span> <span class='ocrx_word' id='word_1_574' title='bbox 3581 3760 3627 3816; x_wconf 87' lang='lat' dir='ltr'><strong>si</strong></span> <span class='ocrx_word' id='word_1_575' title='bbox 3667 3762 3722 3816; x_wconf 91' lang='lat' dir='ltr'><strong>in</strong></span> <span class='ocrx_word' id='word_1_576' title='bbox 3768 3762 3886 3832; x_wconf 88' lang='lat' dir='ltr'><strong>ipsa</strong></span> <span class='ocrx_word' id='word_1_577' title='bbox 3935 3763 4239 3820; x_wconf 86' lang='lat' dir='ltr'><strong>obedientia</strong></span> <span class='ocrx_word' id='word_1_578' title='bbox 4281 3766 4436 3822; x_wconf 84' lang='lat' dir='ltr'><strong>duris</strong></span> <span class='ocrx_word' id='word_1_579' title='bbox 4478 3776 4538 3822; x_wconf 87' lang='lat' dir='ltr'><strong>et</strong></span> 
     </span>
    </p>
   </div>
   <div class='ocr_carea' id='block_1_38' title="bbox 1256 3849 4535 3929">
    <p class='ocr_par' dir='ltr' id='par_1_38' title="bbox 1256 3849 4535 3929">
     <span class='ocr_line' id='line_1_38' title="bbox 1256 3849 4535 3929; baseline 0.002 -22"><span class='ocrx_word' id='word_1_580' title='bbox 1256 3862 1348 3908; x_wconf 89' lang='lat' dir='ltr'><strong>tua</strong></span> <span class='ocrx_word' id='word_1_581' title='bbox 1387 3852 1596 3905; x_wconf 73' lang='lat' dir='ltr'><strong>deducet</strong></span> <span class='ocrx_word' id='word_1_582' title='bbox 1644 3868 1758 3915; x_wconf 88' lang='lat' dir='ltr'><strong>me,</strong></span> <span class='ocrx_word' id='word_1_583' title='bbox 1809 3862 1857 3903; x_wconf 90' lang='lat' dir='ltr'><strong>et</strong></span> <span class='ocrx_word' id='word_1_584' title='bbox 1904 3850 2091 3905; x_wconf 85' lang='lat' dir='ltr'><strong>tenebit</strong></span> <span class='ocrx_word' id='word_1_585' title='bbox 2136 3866 2216 3903; x_wconf 91' lang='lat' dir='ltr'><strong>me</strong></span> <span class='ocrx_word' id='word_1_586' title='bbox 2266 3850 2479 3903; x_wconf 70' lang='lat' dir='ltr'><strong>dextera</strong></span> <span class='ocrx_word' id='word_1_587' title='bbox 2527 3858 2615 3902; x_wconf 89' lang='lat' dir='ltr'><strong>tua</strong></span> <span class='ocrx_word' id='word_1_588' title='bbox 2665 3849 2837 3919; x_wconf 83' lang='lat' dir='ltr'><strong>(Psal.</strong></span> <span class='ocrx_word' id='word_1_589' title='bbox 2939 3851 3226 3906; x_wconf 85' lang='lat' dir='ltr'><strong>contrariis</strong></span> <span class='ocrx_word' id='word_1_590' title='bbox 3246 3852 3425 3915; x_wconf 88' lang='lat' dir='ltr'><strong>rebus,</strong></span> <span class='ocrx_word' id='word_1_591' title='bbox 3452 3852 3538 3907; x_wconf 81' lang='lat' dir='ltr'><strong>vel</strong></span> <span class='ocrx_word' id='word_1_592' title='bbox 3565 3853 3729 3907; x_wconf 79' lang='lat' dir='ltr'><strong>etiam</strong></span> <span class='ocrx_word' id='word_1_593' title='bbox 3752 3854 4080 3923; x_wconf 78' lang='lat' dir='ltr'><strong>quibuslibet</strong></span> <span class='ocrx_word' id='word_1_594' title='bbox 4110 3856 4364 3927; x_wconf 78' lang='lat' dir='ltr'><strong>irrogatis</strong></span> <span class='ocrx_word' id='word_1_595' title='bbox 4393 3860 4535 3929; x_wconf 83' lang='lat' dir='ltr'><strong>inju-</strong></span> 
     </span>
    </p>
   </div>
   <div class='ocr_carea' id='block_1_39' title="bbox 1254 3940 4538 4016">
    <p class='ocr_par' dir='ltr' id='par_1_39' title="bbox 1254 3940 4538 4016">
     <span class='ocr_line' id='line_1_39' title="bbox 1254 3940 4538 4016; baseline 0.002 -15"><span class='ocrx_word' id='word_1_596' title='bbox 1254 3948 1536 4012; x_wconf 78' lang='lat' dir='ltr'><strong>cxxxvm).</strong></span> <span class='ocrx_word' id='word_1_597' title='bbox 1569 3943 1912 3999; x_wconf 86' lang='lat' dir='ltr'><strong>Voluntatem</strong></span> <span class='ocrx_word' id='word_1_598' title='bbox 1941 3957 2067 3996; x_wconf 92' lang='lat' dir='ltr'><strong>vero</strong></span> <span class='ocrx_word' id='word_1_599' title='bbox 2125 3942 2397 4011; x_wconf 89' lang='lat' dir='ltr'><strong>propriam</strong></span> <span class='ocrx_word' id='word_1_600' title='bbox 2447 3940 2521 3994; x_wconf 90' lang='lat' dir='ltr'><strong>ita</strong></span> <span class='ocrx_word' id='word_1_601' title='bbox 2570 3949 2837 4009; x_wconf 59' lang='lat' dir='ltr'><strong>praesente</strong></span> <span class='ocrx_word' id='word_1_602' title='bbox 2939 3942 3035 3996; x_wconf 89' lang='lat' dir='ltr'><strong>riis</strong></span> <span class='ocrx_word' id='word_1_603' title='bbox 3052 3942 3215 3997; x_wconf 89' lang='lat' dir='ltr'><strong>tacite</strong></span> <span class='ocrx_word' id='word_1_604' title='bbox 3235 3944 3505 4012; x_wconf 65' lang='lat' dir='ltr'><strong>patientiie</strong></span> <span class='ocrx_word' id='word_1_605' title='bbox 3520 3945 3881 4000; x_wconf 79' lang='lat' dir='ltr'><strong>constantiam</strong></span> <span class='ocrx_word' id='word_1_606' title='bbox 3901 3947 4538 4016; x_wconf 85' lang='lat' dir='ltr'><strong>amplectatur,etsusti-</strong></span> 
     </span>
    </p>
   </div>
   <div class='ocr_carea' id='block_1_40' title="bbox 1256 4031 4531 4113">
    <p class='ocr_par' dir='ltr' id='par_1_40' title="bbox 1256 4031 4531 4113">
     <span class='ocr_line' id='line_1_40' title="bbox 1256 4031 4531 4113; baseline 0.001 -18"><span class='ocrx_word' id='word_1_607' title='bbox 1256 4039 1484 4095; x_wconf 90' lang='lat' dir='ltr'><strong>Domino</strong></span> <span class='ocrx_word' id='word_1_608' title='bbox 1549 4037 1729 4092; x_wconf 77' lang='lat' dir='ltr'><strong>facere</strong></span> <span class='ocrx_word' id='word_1_609' title='bbox 1776 4034 2147 4107; x_wconf 87' lang='lat' dir='ltr'><strong>prohibemur,</strong></span> <span class='ocrx_word' id='word_1_610' title='bbox 2199 4048 2320 4088; x_wconf 92' lang='lat' dir='ltr'><strong>cum</strong></span> <span class='ocrx_word' id='word_1_611' title='bbox 2384 4032 2515 4087; x_wconf 93' lang='lat' dir='ltr'><strong>dicit</strong></span> <span class='ocrx_word' id='word_1_612' title='bbox 2561 4031 2836 4101; x_wconf 88' lang='lat' dir='ltr'><strong>Scriptura</strong></span> <span class='ocrx_word' id='word_1_613' title='bbox 2938 4050 3075 4090; x_wconf 91' lang='lat' dir='ltr'><strong>nens</strong></span> <span class='ocrx_word' id='word_1_614' title='bbox 3102 4051 3209 4089; x_wconf 91' lang='lat' dir='ltr'><strong>non</strong></span> <span class='ocrx_word' id='word_1_615' title='bbox 3246 4036 3525 4103; x_wconf 86' lang='lat' dir='ltr'><strong>lassescat,</strong></span> <span class='ocrx_word' id='word_1_616' title='bbox 3553 4037 3643 4093; x_wconf 91' lang='lat' dir='ltr'><strong>vel</strong></span> <span class='ocrx_word' id='word_1_617' title='bbox 3666 4037 3937 4103; x_wconf 84' lang='lat' dir='ltr'><strong>discedat,</strong></span> <span class='ocrx_word' id='word_1_618' title='bbox 3962 4039 4175 4095; x_wconf 84' lang='lat' dir='ltr'><strong>dicente</strong></span> <span class='ocrx_word' id='word_1_619' title='bbox 4201 4041 4485 4113; x_wconf 84' lang='lat' dir='ltr'><strong>Scriptura</strong></span> <span class='ocrx_word' id='word_1_620' title='bbox 4518 4064 4531 4097; x_wconf 92' lang='lat'>:</span> 
     </span>
    </p>
   </div>
   <div class='ocr_carea' id='block_1_41' title="bbox 1253 4124 4536 4201">
    <p class='ocr_par' dir='ltr' id='par_1_41' title="bbox 1253 4124 4536 4201">
     <span class='ocr_line' id='line_1_41' title="bbox 1253 4124 4536 4201; baseline 0 -12"><span class='ocrx_word' id='word_1_621' title='bbox 1253 4133 1411 4191; x_wconf 90' lang='lat' dir='ltr'><strong>nobis</strong></span> <span class='ocrx_word' id='word_1_622' title='bbox 1444 4148 1458 4186; x_wconf 88' lang='lat'><strong>:</strong></span> <span class='ocrx_word' id='word_1_623' title='bbox 1487 4130 1557 4185; x_wconf 82' lang='lat' dir='ltr'><strong>Et</strong></span> <span class='ocrx_word' id='word_1_624' title='bbox 1584 4148 1617 4184; x_wconf 80' lang='grc' dir='ltr'><em>α</em></span> <span class='ocrx_word' id='word_1_625' title='bbox 1663 4129 2006 4185; x_wconf 82' lang='lat' dir='ltr'><strong>voluntatibus</strong></span> <span class='ocrx_word' id='word_1_626' title='bbox 2054 4128 2152 4183; x_wconf 88' lang='lat' dir='ltr'><strong>tuis</strong></span> <span class='ocrx_word' id='word_1_627' title='bbox 2199 4135 2424 4183; x_wconf 90' lang='lat' dir='ltr'><strong>avertere</strong></span> <span class='ocrx_word' id='word_1_628' title='bbox 2452 4124 2833 4195; x_wconf 73' lang='lat' dir='ltr'><strong>(Eccli.xvut;</strong></span> <span class='ocrx_word' id='word_1_629' title='bbox 2943 4129 3047 4196; x_wconf 87' lang='lat' dir='ltr'><strong>Qui</strong></span> <span class='ocrx_word' id='word_1_630' title='bbox 3092 4130 3489 4197; x_wconf 83' lang='lat' dir='ltr'><strong>perseveraverit</strong></span> <span class='ocrx_word' id='word_1_631' title='bbox 3536 4145 3697 4199; x_wconf 70' lang='lat' dir='ltr'><strong>usque</strong></span> <span class='ocrx_word' id='word_1_632' title='bbox 3741 4130 3799 4184; x_wconf 85' lang='lat' dir='ltr'><strong>in</strong></span> <span class='ocrx_word' id='word_1_633' title='bbox 3845 4131 4040 4201; x_wconf 64' lang='lat' dir='ltr'><strong>ﬁnem,</strong></span> <span class='ocrx_word' id='word_1_634' title='bbox 4083 4132 4167 4185; x_wconf 72' lang='lat' dir='ltr'><strong>hic</strong></span> <span class='ocrx_word' id='word_1_635' title='bbox 4204 4134 4382 4187; x_wconf 76' lang='lat' dir='ltr'><strong>salsus</strong></span> <span class='ocrx_word' id='word_1_636' title='bbox 4439 4139 4536 4191; x_wconf 85' lang='lat' dir='ltr'><strong>erit</strong></span> 
     </span>
    </p>
   </div>
   <div class='ocr_carea' id='block_1_42' title="bbox 1254 4217 4531 4296">
    <p class='ocr_par' dir='ltr' id='par_1_42' title="bbox 1254 4217 4531 4296">
     <span class='ocr_line' id='line_1_42' title="bbox 1254 4217 4531 4296; baseline 0.001 -16"><span class='ocrx_word' id='word_1_637' title='bbox 1254 4225 1444 4282; x_wconf 73' lang='lat' dir='ltr'><strong>Matth.</strong></span> <span class='ocrx_word' id='word_1_638' title='bbox 1470 4224 1566 4294; x_wconf 82' lang='grc' dir='ltr'><strong>ιν).</strong></span> <span class='ocrx_word' id='word_1_639' title='bbox 1615 4221 1682 4277; x_wconf 82' lang='grc' dir='ltr'>Ει</span> <span class='ocrx_word' id='word_1_640' title='bbox 1710 4222 1839 4277; x_wconf 87' lang='lat' dir='ltr'><strong>item</strong></span> <span class='ocrx_word' id='word_1_641' title='bbox 1864 4234 2116 4291; x_wconf 85' lang='lat' dir='ltr'><strong>rogamus</strong></span> <span class='ocrx_word' id='word_1_642' title='bbox 2146 4218 2432 4274; x_wconf 90' lang='lat' dir='ltr'><strong>Dominum</strong></span> <span class='ocrx_word' id='word_1_643' title='bbox 2478 4217 2533 4272; x_wconf 92' lang='lat' dir='ltr'><strong>in</strong></span> <span class='ocrx_word' id='word_1_644' title='bbox 2582 4218 2834 4273; x_wconf 88' lang='lat' dir='ltr'><strong>oratione</strong></span> <span class='ocrx_word' id='word_1_645' title='bbox 2938 4218 3153 4289; x_wconf 79' lang='lat' dir='ltr'><strong>(Matth.</strong></span> <span class='ocrx_word' id='word_1_646' title='bbox 3184 4220 3264 4287; x_wconf 73' lang='grc' dir='ltr'><strong>ι).</strong></span> <span class='ocrx_word' id='word_1_647' title='bbox 3284 4218 3354 4273; x_wconf 86' lang='lat' dir='ltr'><strong>Et</strong></span> <span class='ocrx_word' id='word_1_648' title='bbox 3378 4222 3507 4275; x_wconf 88' lang='lat' dir='ltr'><strong>item</strong></span> <span class='ocrx_word' id='word_1_649' title='bbox 3532 4222 3603 4278; x_wconf 92' lang='lat' dir='ltr'><strong>de</strong></span> <span class='ocrx_word' id='word_1_650' title='bbox 3630 4222 3725 4277; x_wconf 90' lang='lat' dir='ltr'><strong>tali</strong></span> <span class='ocrx_word' id='word_1_651' title='bbox 3750 4236 3815 4279; x_wconf 89' lang='lat' dir='ltr'><strong>re</strong></span> <span class='ocrx_word' id='word_1_652' title='bbox 3837 4222 4090 4279; x_wconf 79' lang='lat' dir='ltr'><strong>hortatur</strong></span> <span class='ocrx_word' id='word_1_653' title='bbox 4108 4239 4210 4280; x_wconf 89' lang='lat' dir='ltr'><strong>nos</strong></span> <span class='ocrx_word' id='word_1_654' title='bbox 4230 4224 4531 4296; x_wconf 81' lang='lat' dir='ltr'><strong>Propheta,</strong></span> 
     </span>
    </p>
   </div>
   <div class='ocr_carea' id='block_1_43' title="bbox 1258 4308 4536 4383">
    <p class='ocr_par' dir='ltr' id='par_1_43' title="bbox 1258 4308 4536 4383">
     <span class='ocr_line' id='line_1_43' title="bbox 1258 4308 4536 4383; baseline 0 -8"><span class='ocrx_word' id='word_1_655' title='bbox 1258 4317 1556 4382; x_wconf 86' lang='lat' dir='ltr'><strong>Dominica,</strong></span> <span class='ocrx_word' id='word_1_656' title='bbox 1587 4322 1646 4370; x_wconf 93' lang='lat' dir='ltr'><strong>ut</strong></span> <span class='ocrx_word' id='word_1_657' title='bbox 1694 4312 1786 4368; x_wconf 83' lang='lat' dir='ltr'><strong>ﬁat</strong></span> <span class='ocrx_word' id='word_1_658' title='bbox 1812 4313 1952 4368; x_wconf 92' lang='lat' dir='ltr'><strong>illius</strong></span> <span class='ocrx_word' id='word_1_659' title='bbox 1974 4312 2222 4367; x_wconf 90' lang='lat' dir='ltr'><strong>voluntas</strong></span> <span class='ocrx_word' id='word_1_660' title='bbox 2266 4310 2319 4365; x_wconf 91' lang='lat' dir='ltr'><strong>in</strong></span> <span class='ocrx_word' id='word_1_661' title='bbox 2349 4308 2523 4364; x_wconf 85' lang='lat' dir='ltr'><strong>nobis.</strong></span> <span class='ocrx_word' id='word_1_662' title='bbox 2572 4308 2839 4364; x_wconf 90' lang='lat' dir='ltr'><strong>Docemur</strong></span> <span class='ocrx_word' id='word_1_663' title='bbox 2939 4310 3166 4367; x_wconf 90' lang='lat' dir='ltr'><strong>dicens:</strong></span> <span class='ocrx_word' id='word_1_664' title='bbox 3198 4311 3532 4383; x_wconf 78' lang='lat' dir='ltr'><strong>Confortetur</strong></span> <span class='ocrx_word' id='word_1_665' title='bbox 3570 4330 3660 4368; x_wconf 81' lang='lat' dir='ltr'><strong>eor</strong></span> <span class='ocrx_word' id='word_1_666' title='bbox 3705 4324 3873 4383; x_wconf 65' lang='lat' dir='ltr'><strong>muns,</strong></span> <span class='ocrx_word' id='word_1_667' title='bbox 3918 4325 3972 4368; x_wconf 87' lang='lat' dir='ltr'><strong>et</strong></span> <span class='ocrx_word' id='word_1_668' title='bbox 4018 4315 4212 4370; x_wconf 82' lang='lat' dir='ltr'><strong>sustine</strong></span> <span class='ocrx_word' id='word_1_669' title='bbox 4245 4314 4536 4375; x_wconf 68' lang='lat' dir='ltr'><strong>Dominum</strong></span> 
     </span>
    </p>
   </div>
   <div class='ocr_carea' id='block_1_44' title="bbox 1254 4401 4535 4483">
    <p class='ocr_par' dir='ltr' id='par_1_44' title="bbox 1254 4401 4535 4483">
     <span class='ocr_line' id='line_1_44' title="bbox 1254 4401 4535 4483; baseline 0 -16"><span class='ocrx_word' id='word_1_670' title='bbox 1254 4427 1384 4483; x_wconf 90' lang='lat' dir='ltr'><strong>ergo</strong></span> <span class='ocrx_word' id='word_1_671' title='bbox 1436 4411 1632 4467; x_wconf 90' lang='lat' dir='ltr'><strong>merito</strong></span> <span class='ocrx_word' id='word_1_672' title='bbox 1676 4418 1916 4465; x_wconf 90' lang='lat' dir='ltr'><strong>nostram</strong></span> <span class='ocrx_word' id='word_1_673' title='bbox 1969 4424 2076 4463; x_wconf 92' lang='lat' dir='ltr'><strong>non</strong></span> <span class='ocrx_word' id='word_1_674' title='bbox 2106 4406 2286 4462; x_wconf 82' lang='lat' dir='ltr'><strong>facere</strong></span> <span class='ocrx_word' id='word_1_675' title='bbox 2312 4406 2678 4472; x_wconf 84' lang='lat' dir='ltr'><strong>voluntatem;</strong></span> <span class='ocrx_word' id='word_1_676' title='bbox 2705 4420 2831 4459; x_wconf 87' lang='lat' dir='ltr'><strong>cum</strong></span> <span class='ocrx_word' id='word_1_677' title='bbox 2941 4401 3121 4469; x_wconf 88' lang='lat' dir='ltr'><strong>(Psal.</strong></span> <span class='ocrx_word' id='word_1_678' title='bbox 3157 4406 3328 4474; x_wconf 82' lang='lat' dir='ltr'><strong>xxvi).</strong></span> <span class='ocrx_word' id='word_1_679' title='bbox 3362 4405 3433 4459; x_wconf 79' lang='lat' dir='ltr'><strong>Et</strong></span> <span class='ocrx_word' id='word_1_680' title='bbox 3458 4406 3753 4465; x_wconf 86' lang='lat' dir='ltr'><strong>ostendens</strong></span> <span class='ocrx_word' id='word_1_681' title='bbox 3780 4406 3994 4463; x_wconf 84' lang='lat' dir='ltr'><strong>ﬁdelem</strong></span> <span class='ocrx_word' id='word_1_682' title='bbox 4021 4424 4120 4478; x_wconf 90' lang='lat' dir='ltr'><strong>pro</strong></span> <span class='ocrx_word' id='word_1_683' title='bbox 4152 4409 4385 4467; x_wconf 76' lang='lat' dir='ltr'><strong>Domino</strong></span> <span class='ocrx_word' id='word_1_684' title='bbox 4418 4415 4535 4468; x_wconf 85' lang='lat' dir='ltr'><strong>uni-</strong></span> 
     </span>
    </p>
   </div>
   <div class='ocr_carea' id='block_1_45' title="bbox 1256 4496 4537 4573">
    <p class='ocr_par' dir='ltr' id='par_1_45' title="bbox 1256 4496 4537 4573">
     <span class='ocr_line' id='line_1_45' title="bbox 1256 4496 4537 4573; baseline -0.002 -9"><span class='ocrx_word' id='word_1_685' title='bbox 1256 4522 1511 4564; x_wconf 88' lang='lat' dir='ltr'><strong>cavemus</strong></span> <span class='ocrx_word' id='word_1_686' title='bbox 1550 4504 1680 4561; x_wconf 88' lang='lat' dir='ltr'><strong>illud</strong></span> <span class='ocrx_word' id='word_1_687' title='bbox 1730 4502 1876 4573; x_wconf 91' lang='lat' dir='ltr'><strong>quod</strong></span> <span class='ocrx_word' id='word_1_688' title='bbox 1930 4501 2060 4557; x_wconf 90' lang='lat' dir='ltr'><strong>dicit</strong></span> <span class='ocrx_word' id='word_1_689' title='bbox 2102 4508 2292 4556; x_wconf 87' lang='lat' dir='ltr'><strong>sancta</strong></span> <span class='ocrx_word' id='word_1_690' title='bbox 2339 4498 2615 4567; x_wconf 86' lang='lat' dir='ltr'><strong>Scriptura</strong></span> <span class='ocrx_word' id='word_1_691' title='bbox 2649 4512 2663 4551; x_wconf 89' lang='lat'><strong>:</strong></span> <span class='ocrx_word' id='word_1_692' title='bbox 2698 4497 2834 4552; x_wconf 85' lang='lat' dir='ltr'><strong>Sunt</strong></span> <span class='ocrx_word' id='word_1_693' title='bbox 2942 4509 3101 4550; x_wconf 84' lang='lat' dir='ltr'><strong>versa</strong></span> <span class='ocrx_word' id='word_1_694' title='bbox 3129 4496 3292 4549; x_wconf 88' lang='lat' dir='ltr'><strong>etiam</strong></span> <span class='ocrx_word' id='word_1_695' title='bbox 3320 4496 3594 4552; x_wconf 88' lang='lat' dir='ltr'><strong>contraria</strong></span> <span class='ocrx_word' id='word_1_696' title='bbox 3622 4498 3893 4554; x_wconf 87' lang='lat' dir='ltr'><strong>sustinere</strong></span> <span class='ocrx_word' id='word_1_697' title='bbox 3921 4499 4120 4555; x_wconf 84' lang='lat' dir='ltr'><strong>debere</strong></span> <span class='ocrx_word' id='word_1_698' title='bbox 4143 4515 4242 4571; x_wconf 89' lang='lat' dir='ltr'><strong>per</strong></span> <span class='ocrx_word' id='word_1_699' title='bbox 4268 4503 4537 4561; x_wconf 79' lang='lat' dir='ltr'><strong>suﬂeren-</strong></span> 
     </span>
    </p>
   </div>
   <div class='ocr_carea' id='block_1_46' title="bbox 1256 4588 4537 4668">
    <p class='ocr_par' dir='ltr' id='par_1_46' title="bbox 1256 4588 4537 4668">
     <span class='ocr_line' id='line_1_46' title="bbox 1256 4588 4537 4668; baseline -0.001 -15"><span class='ocrx_word' id='word_1_700' title='bbox 1256 4600 1350 4653; x_wconf 73' lang='lat' dir='ltr'><strong>viae</strong></span> <span class='ocrx_word' id='word_1_701' title='bbox 1398 4612 1509 4668; x_wconf 66' lang='lat' dir='ltr'><strong>qut:</strong></span> <span class='ocrx_word' id='word_1_702' title='bbox 1557 4595 1619 4648; x_wconf 89' lang='lat' dir='ltr'><strong>ab</strong></span> <span class='ocrx_word' id='word_1_703' title='bbox 1648 4592 1936 4649; x_wconf 79' lang='lat' dir='ltr'><strong>hominibus</strong></span> <span class='ocrx_word' id='word_1_704' title='bbox 1986 4600 2230 4660; x_wconf 84' lang='lat' dir='ltr'><strong>putantur</strong></span> <span class='ocrx_word' id='word_1_705' title='bbox 2256 4600 2431 4652; x_wconf 70' lang='lat' dir='ltr'><strong>rectm,</strong></span> <span class='ocrx_word' id='word_1_706' title='bbox 2462 4605 2679 4661; x_wconf 82' lang='lat' dir='ltr'><strong>quorum</strong></span> <span class='ocrx_word' id='word_1_707' title='bbox 2704 4588 2827 4657; x_wconf 76' lang='lat' dir='ltr'><strong>ﬁnis</strong></span> <span class='ocrx_word' id='word_1_708' title='bbox 2862 4639 2917 4668; x_wconf 55' lang='grc' dir='ltr'>ἢ</span> <span class='ocrx_word' id='word_1_709' title='bbox 2943 4590 3075 4644; x_wconf 89' lang='lat' dir='ltr'><strong>tium</strong></span> <span class='ocrx_word' id='word_1_710' title='bbox 3103 4589 3237 4644; x_wconf 85' lang='lat' dir='ltr'><strong>dicit</strong></span> <span class='ocrx_word' id='word_1_711' title='bbox 3270 4589 3551 4660; x_wconf 80' lang='lat' dir='ltr'><strong>Propheta</strong></span> <span class='ocrx_word' id='word_1_712' title='bbox 3590 4605 3857 4661; x_wconf 80' lang='lat' dir='ltr'><strong>personas</strong></span> <span class='ocrx_word' id='word_1_713' title='bbox 3887 4611 3900 4646; x_wconf 90' lang='lat'>:</span> <span class='ocrx_word' id='word_1_714' title='bbox 3933 4590 4156 4663; x_wconf 83' lang='lat' dir='ltr'><strong>Propter</strong></span> <span class='ocrx_word' id='word_1_715' title='bbox 4187 4606 4233 4649; x_wconf 91' lang='lat' dir='ltr'><strong>te</strong></span> <span class='ocrx_word' id='word_1_716' title='bbox 4257 4608 4427 4655; x_wconf 83' lang='lat' dir='ltr'><strong>morte</strong></span> <span class='ocrx_word' id='word_1_717' title='bbox 4455 4601 4537 4667; x_wconf 88' lang='lat' dir='ltr'><strong>af-</strong></span> 
     </span>
    </p>
   </div>
   <div class='ocr_carea' id='block_1_47' title="bbox 1256 4639 4535 4760">
    <p class='ocr_par' dir='ltr' id='par_1_47' title="bbox 1256 4639 4535 4760">
     <span class='ocr_line' id='line_1_47' title="bbox 1258 4639 4485 4661; baseline 0 -10"><span class='ocrx_word' id='word_1_718' title='bbox 1258 4639 1347 4653; x_wconf 71' lang='grc' dir='ltr'><strong>...ν</strong></span> <span class='ocrx_word' id='word_1_719' title='bbox 1432 4639 1506 4651; x_wconf 66' lang='grc' dir='ltr'><strong>-..ρ</strong></span> <span class='ocrx_word' id='word_1_720' title='bbox 1557 4639 1613 4648; x_wconf 64' lang='grc' dir='ltr'><strong>π-</strong></span> <span class='ocrx_word' id='word_1_721' title='bbox 1648 4639 1934 4649; x_wconf 57' lang='grc' dir='ltr'><strong>..γη-..-ηκ-</strong></span> <span class='ocrx_word' id='word_1_722' title='bbox 1986 4639 2214 4660; x_wconf 64' lang='grc' dir='ltr'><strong>τη---η---</strong></span> <span class='ocrx_word' id='word_1_723' title='bbox 2258 4639 2430 4652; x_wconf 34' lang='lat' dir='ltr'><strong>an“,</strong></span> <span class='ocrx_word' id='word_1_724' title='bbox 3109 4639 3235 4644; x_wconf 63' lang='lat'><strong>_----</strong></span> <span class='ocrx_word' id='word_1_725' title='bbox 3271 4639 3551 4660; x_wconf 63' lang='grc' dir='ltr'><strong><em>-ητ-π-</em></strong></span> <span class='ocrx_word' id='word_1_726' title='bbox 3590 4639 3856 4661; x_wconf 47' lang='lat' dir='ltr'><strong>ru&quot;...</strong></span> <span class='ocrx_word' id='word_1_727' title='bbox 3887 4639 3900 4646; x_wconf 84' lang='lat'><strong>-</strong></span> <span class='ocrx_word' id='word_1_728' title='bbox 3933 4639 3960 4646; x_wconf 84' lang='lat'>_</span> <span class='ocrx_word' id='word_1_729' title='bbox 3985 4639 4038 4647; x_wconf 76' lang='lat'><strong>--</strong></span> <span class='ocrx_word' id='word_1_730' title='bbox 4082 4639 4142 4647; x_wconf 70' lang='grc'><strong>..-</strong></span> <span class='ocrx_word' id='word_1_731' title='bbox 4187 4639 4231 4649; x_wconf 65' lang='grc' dir='ltr'><strong>-ν</strong></span> <span class='ocrx_word' id='word_1_732' title='bbox 4258 4639 4423 4655; x_wconf 65' lang='grc' dir='ltr'><strong>...νην</strong></span> <span class='ocrx_word' id='word_1_733' title='bbox 4455 4639 4485 4650; x_wconf 85' lang='grc'><strong>..</strong></span> 
     </span>
     <span class='ocr_line' id='line_1_48' title="bbox 1256 4639 4535 4760; baseline 0.001 -18"><span class='ocrx_word' id='word_1_734' title='bbox 1256 4639 1425 4760; x_wconf 70' lang='grc' dir='ltr'><strong>Μιμιέ</strong></span> <span class='ocrx_word' id='word_1_735' title='bbox 1434 4688 1502 4741; x_wconf 89' lang='lat' dir='ltr'><strong>ad</strong></span> <span class='ocrx_word' id='word_1_736' title='bbox 1529 4685 1841 4757; x_wconf 87' lang='lat' dir='ltr'><strong>profundum</strong></span> <span class='ocrx_word' id='word_1_737' title='bbox 1864 4684 2056 4753; x_wconf 85' lang='lat' dir='ltr'><strong>inferni</strong></span> <span class='ocrx_word' id='word_1_738' title='bbox 2085 4682 2331 4752; x_wconf 77' lang='lat' dir='ltr'><strong>demergit</strong></span> <span class='ocrx_word' id='word_1_739' title='bbox 2354 4639 2534 4751; x_wconf 61' lang='lat' dir='ltr'><strong>(Prdv.</strong></span> <span class='ocrx_word' id='word_1_740' title='bbox 2570 4682 2739 4740; x_wconf 76' lang='lat' dir='ltr'><strong>xvm).</strong></span> <span class='ocrx_word' id='word_1_741' title='bbox 2770 4677 2833 4731; x_wconf 83' lang='lat' dir='ltr'><strong>Et</strong></span> <span class='ocrx_word' id='word_1_742' title='bbox 2862 4639 2917 4701; x_wconf 66' lang='grc' dir='ltr'><strong>Β</strong></span> <span class='ocrx_word' id='word_1_743' title='bbox 2941 4682 3143 4751; x_wconf 74' lang='lat' dir='ltr'><strong>[icimur</strong></span> <span class='ocrx_word' id='word_1_744' title='bbox 3178 4691 3287 4737; x_wconf 84' lang='lat' dir='ltr'><strong>tota</strong></span> <span class='ocrx_word' id='word_1_745' title='bbox 3326 4682 3453 4736; x_wconf 87' lang='lat' dir='ltr'><strong>die:</strong></span> <span class='ocrx_word' id='word_1_746' title='bbox 3485 4685 3732 4738; x_wconf 73' lang='lat' dir='ltr'><strong>cstinsati</strong></span> <span class='ocrx_word' id='word_1_747' title='bbox 3776 4700 3955 4739; x_wconf 73' lang='lat' dir='ltr'><strong>sum</strong></span> <span class='ocrx_word' id='word_1_748' title='bbox 3996 4639 4073 4738; x_wconf 58' lang='lat' dir='ltr'><strong>utr</strong></span> <span class='ocrx_word' id='word_1_749' title='bbox 4091 4682 4209 4742; x_wconf 75' lang='lat' dir='ltr'><strong>oves</strong></span> <span class='ocrx_word' id='word_1_750' title='bbox 4253 4639 4535 4746; x_wconf 71' lang='lat' dir='ltr'><strong>occisiosz</strong></span> 
     </span>
    </p>
   </div>
   <div class='ocr_carea' id='block_1_48' title="bbox 1257 4774 4528 4849">
    <p class='ocr_par' dir='ltr' id='par_1_48' title="bbox 1257 4774 4528 4849">
     <span class='ocr_line' id='line_1_49' title="bbox 1257 4774 4528 4849; baseline 0.001 -11"><span class='ocrx_word' id='word_1_751' title='bbox 1257 4800 1379 4838; x_wconf 89' lang='lat' dir='ltr'><strong>cum</strong></span> <span class='ocrx_word' id='word_1_752' title='bbox 1428 4783 1619 4836; x_wconf 91' lang='lat' dir='ltr'><strong>iterum</strong></span> <span class='ocrx_word' id='word_1_753' title='bbox 1660 4793 1913 4834; x_wconf 87' lang='lat' dir='ltr'><strong>cavemus</strong></span> <span class='ocrx_word' id='word_1_754' title='bbox 1965 4777 2092 4831; x_wconf 85' lang='lat' dir='ltr'><strong>illud</strong></span> <span class='ocrx_word' id='word_1_755' title='bbox 2131 4775 2278 4845; x_wconf 91' lang='lat' dir='ltr'><strong>quod</strong></span> <span class='ocrx_word' id='word_1_756' title='bbox 2323 4776 2392 4831; x_wconf 92' lang='lat' dir='ltr'><strong>de</strong></span> <span class='ocrx_word' id='word_1_757' title='bbox 2446 4774 2834 4843; x_wconf 87' lang='lat' dir='ltr'><strong>negligentibus</strong></span> <span class='ocrx_word' id='word_1_758' title='bbox 2944 4774 3117 4845; x_wconf 86' lang='lat' dir='ltr'><strong>(Psal.</strong></span> <span class='ocrx_word' id='word_1_759' title='bbox 3152 4778 3323 4846; x_wconf 76' lang='lat' dir='ltr'><strong>xu&quot;).</strong></span> <span class='ocrx_word' id='word_1_760' title='bbox 3354 4774 3424 4830; x_wconf 84' lang='lat' dir='ltr'><strong>Et</strong></span> <span class='ocrx_word' id='word_1_761' title='bbox 3450 4778 3629 4833; x_wconf 87' lang='lat' dir='ltr'><strong>securi</strong></span> <span class='ocrx_word' id='word_1_762' title='bbox 3658 4778 3727 4833; x_wconf 89' lang='lat' dir='ltr'><strong>de</strong></span> <span class='ocrx_word' id='word_1_763' title='bbox 3764 4794 3863 4849; x_wconf 86' lang='lat' dir='ltr'><strong>spe</strong></span> <span class='ocrx_word' id='word_1_764' title='bbox 3906 4780 4284 4839; x_wconf 88' lang='lat' dir='ltr'><strong>retributionis</strong></span> <span class='ocrx_word' id='word_1_765' title='bbox 4329 4784 4528 4840; x_wconf 82' lang='lat' dir='ltr'><strong>divina:</strong></span> 
     </span>
    </p>
   </div>
   <div class='ocr_carea' id='block_1_49' title="bbox 1258 4866 4532 4938">
    <p class='ocr_par' dir='ltr' id='par_1_49' title="bbox 1258 4866 4532 4938">
     <span class='ocr_line' id='line_1_50' title="bbox 1258 4866 4532 4938; baseline 0.002 -10"><span class='ocrx_word' id='word_1_766' title='bbox 1258 4873 1456 4929; x_wconf 89' lang='lat' dir='ltr'><strong>dictum</strong></span> <span class='ocrx_word' id='word_1_767' title='bbox 1486 4878 1569 4927; x_wconf 87' lang='lat' dir='ltr'><strong>est</strong></span> <span class='ocrx_word' id='word_1_768' title='bbox 1603 4889 1614 4923; x_wconf 89' lang='lat'>:</span> <span class='ocrx_word' id='word_1_769' title='bbox 1650 4868 1889 4937; x_wconf 84' lang='lat' dir='ltr'><strong>Corrupti</strong></span> <span class='ocrx_word' id='word_1_770' title='bbox 1920 4876 2040 4920; x_wconf 91' lang='lat' dir='ltr'><strong>sunt</strong></span> <span class='ocrx_word' id='word_1_771' title='bbox 2069 4876 2118 4919; x_wconf 90' lang='lat' dir='ltr'><strong>et</strong></span> <span class='ocrx_word' id='word_1_772' title='bbox 2146 4867 2519 4921; x_wconf 85' lang='lat' dir='ltr'><strong>abominabiles</strong></span> <span class='ocrx_word' id='word_1_773' title='bbox 2543 4866 2673 4937; x_wconf 91' lang='lat' dir='ltr'><strong>facti</strong></span> <span class='ocrx_word' id='word_1_774' title='bbox 2714 4876 2833 4919; x_wconf 90' lang='lat' dir='ltr'><strong>sunt</strong></span> <span class='ocrx_word' id='word_1_775' title='bbox 2942 4870 3342 4937; x_wconf 88' lang='lat' dir='ltr'><strong>subsequuntur</strong></span> <span class='ocrx_word' id='word_1_776' title='bbox 3377 4869 3675 4938; x_wconf 88' lang='lat' dir='ltr'><strong>gaudentes</strong></span> <span class='ocrx_word' id='word_1_777' title='bbox 3701 4886 3768 4927; x_wconf 85' lang='lat' dir='ltr'><strong>ac</strong></span> <span class='ocrx_word' id='word_1_778' title='bbox 3793 4871 4038 4928; x_wconf 86' lang='lat' dir='ltr'><strong>dicentes</strong></span> <span class='ocrx_word' id='word_1_779' title='bbox 4066 4891 4082 4927; x_wconf 93' lang='lat'><strong>:</strong></span> <span class='ocrx_word' id='word_1_780' title='bbox 4115 4874 4224 4929; x_wconf 86' lang='lat' dir='ltr'><strong>Sed</strong></span> <span class='ocrx_word' id='word_1_781' title='bbox 4269 4877 4324 4930; x_wconf 87' lang='lat' dir='ltr'><strong>in</strong></span> <span class='ocrx_word' id='word_1_782' title='bbox 4363 4882 4532 4933; x_wconf 75' lang='lat' dir='ltr'><strong>omni-</strong></span> 
     </span>
    </p>
   </div>
   <div class='ocr_carea' id='block_1_50' title="bbox 1258 4960 4524 5039">
    <p class='ocr_par' dir='ltr' id='par_1_50' title="bbox 1258 4960 4524 5039">
     <span class='ocr_line' id='line_1_51' title="bbox 1258 4960 4524 5039; baseline 0.001 -17"><span class='ocrx_word' id='word_1_783' title='bbox 1258 4967 1313 5022; x_wconf 88' lang='lat' dir='ltr'><strong>in</strong></span> <span class='ocrx_word' id='word_1_784' title='bbox 1338 4964 1676 5020; x_wconf 86' lang='lat' dir='ltr'><strong>voluntatibus</strong></span> <span class='ocrx_word' id='word_1_785' title='bbox 1702 4965 1807 5019; x_wconf 84' lang='lat' dir='ltr'><strong>suis</strong></span> <span class='ocrx_word' id='word_1_786' title='bbox 1856 4960 2027 5033; x_wconf 90' lang='lat' dir='ltr'><strong>(Psal.</strong></span> <span class='ocrx_word' id='word_1_787' title='bbox 2082 4962 2222 5031; x_wconf 80' lang='lat' dir='ltr'><strong>xui).</strong></span> <span class='ocrx_word' id='word_1_788' title='bbox 2267 4960 2325 5016; x_wconf 85' lang='lat' dir='ltr'><strong>In</strong></span> <span class='ocrx_word' id='word_1_789' title='bbox 2375 4960 2657 5017; x_wconf 89' lang='lat' dir='ltr'><strong>desideriis</strong></span> <span class='ocrx_word' id='word_1_790' title='bbox 2705 4974 2835 5014; x_wconf 91' lang='lat' dir='ltr'><strong>vero</strong></span> <span class='ocrx_word' id='word_1_791' title='bbox 2943 4961 3035 5014; x_wconf 86' lang='lat' dir='ltr'><strong>bus</strong></span> <span class='ocrx_word' id='word_1_792' title='bbox 3068 4964 3145 5015; x_wconf 78' lang='lat' dir='ltr'><strong>Itis</strong></span> <span class='ocrx_word' id='word_1_793' title='bbox 3171 4979 3495 5032; x_wconf 80' lang='lat' dir='ltr'><strong>superamus,</strong></span> <span class='ocrx_word' id='word_1_794' title='bbox 3524 4974 3736 5034; x_wconf 84' lang='lat' dir='ltr'><strong>propter</strong></span> <span class='ocrx_word' id='word_1_795' title='bbox 3761 4981 3879 5019; x_wconf 85' lang='lat' dir='ltr'><strong>eum</strong></span> <span class='ocrx_word' id='word_1_796' title='bbox 3909 4968 3996 5033; x_wconf 79' lang='lat' dir='ltr'><strong>qui</strong></span> <span class='ocrx_word' id='word_1_797' title='bbox 4023 4967 4205 5021; x_wconf 78' lang='lat' dir='ltr'><strong>dilexit</strong></span> <span class='ocrx_word' id='word_1_798' title='bbox 4224 4986 4320 5023; x_wconf 90' lang='lat' dir='ltr'><strong>nos</strong></span> <span class='ocrx_word' id='word_1_799' title='bbox 4345 4970 4524 5039; x_wconf 81' lang='lat' dir='ltr'><strong>(Rom.</strong></span> 
     </span>
    </p>
   </div>
   <div class='ocr_carea' id='block_1_51' title="bbox 1260 5054 4526 5133">
    <p class='ocr_par' dir='ltr' id='par_1_51' title="bbox 1260 5054 4526 5133">
     <span class='ocr_line' id='line_1_52' title="bbox 1260 5054 4526 5133; baseline 0.002 -21"><span class='ocrx_word' id='word_1_800' title='bbox 1260 5058 1436 5112; x_wconf 88' lang='lat' dir='ltr'><strong>carnis</strong></span> <span class='ocrx_word' id='word_1_801' title='bbox 1469 5058 1541 5110; x_wconf 90' lang='lat' dir='ltr'><strong>ita</strong></span> <span class='ocrx_word' id='word_1_802' title='bbox 1572 5056 1726 5111; x_wconf 90' lang='lat' dir='ltr'><strong>nobis</strong></span> <span class='ocrx_word' id='word_1_803' title='bbox 1749 5057 2035 5111; x_wconf 86' lang='lat' dir='ltr'><strong>credamus</strong></span> <span class='ocrx_word' id='word_1_804' title='bbox 2062 5056 2229 5110; x_wconf 89' lang='lat' dir='ltr'><strong>Deum</strong></span> <span class='ocrx_word' id='word_1_805' title='bbox 2274 5068 2489 5122; x_wconf 84' lang='lat' dir='ltr'><strong>semper</strong></span> <span class='ocrx_word' id='word_1_806' title='bbox 2531 5067 2651 5108; x_wconf 87' lang='lat' dir='ltr'><strong>esse</strong></span> <span class='ocrx_word' id='word_1_807' title='bbox 2696 5067 2833 5122; x_wconf 69' lang='lat' dir='ltr'><strong>prte-</strong></span> <span class='ocrx_word' id='word_1_808' title='bbox 2943 5056 3083 5122; x_wconf 77' lang='lat' dir='ltr'><strong>vni).</strong></span> <span class='ocrx_word' id='word_1_809' title='bbox 3117 5056 3186 5107; x_wconf 80' lang='lat' dir='ltr'><strong>Et</strong></span> <span class='ocrx_word' id='word_1_810' title='bbox 3214 5054 3344 5109; x_wconf 88' lang='lat' dir='ltr'><strong>item</strong></span> <span class='ocrx_word' id='word_1_811' title='bbox 3370 5055 3422 5108; x_wconf 91' lang='lat' dir='ltr'><strong>in</strong></span> <span class='ocrx_word' id='word_1_812' title='bbox 3455 5055 3565 5110; x_wconf 92' lang='lat' dir='ltr'><strong>alio</strong></span> <span class='ocrx_word' id='word_1_813' title='bbox 3592 5056 3719 5111; x_wconf 91' lang='lat' dir='ltr'><strong>loco</strong></span> <span class='ocrx_word' id='word_1_814' title='bbox 3741 5054 4021 5124; x_wconf 83' lang='lat' dir='ltr'><strong>Scriptura</strong></span> <span class='ocrx_word' id='word_1_815' title='bbox 4041 5072 4110 5113; x_wconf 78' lang='lat' dir='ltr'><strong>ex</strong></span> <span class='ocrx_word' id='word_1_816' title='bbox 4137 5059 4381 5129; x_wconf 88' lang='lat' dir='ltr'><strong>ipsorum</strong></span> <span class='ocrx_word' id='word_1_817' title='bbox 4406 5079 4526 5133; x_wconf 88' lang='lat' dir='ltr'><strong>per-</strong></span> 
     </span>
    </p>
   </div>
   <div class='ocr_carea' id='block_1_52' title="bbox 1261 5143 4526 5217">
    <p class='ocr_par' dir='ltr' id='par_1_52' title="bbox 1261 5143 4526 5217">
     <span class='ocr_line' id='line_1_53' title="bbox 1261 5143 4526 5217; baseline -0 -11"><span class='ocrx_word' id='word_1_818' title='bbox 1261 5160 1489 5213; x_wconf 82' lang='lat' dir='ltr'><strong>sentem,</strong></span> <span class='ocrx_word' id='word_1_819' title='bbox 1516 5164 1637 5203; x_wconf 90' lang='lat' dir='ltr'><strong>cum</strong></span> <span class='ocrx_word' id='word_1_820' title='bbox 1662 5149 1790 5203; x_wconf 91' lang='lat' dir='ltr'><strong>dicit</strong></span> <span class='ocrx_word' id='word_1_821' title='bbox 1817 5150 2081 5217; x_wconf 89' lang='lat' dir='ltr'><strong>Propheta</strong></span> <span class='ocrx_word' id='word_1_822' title='bbox 2114 5166 2129 5201; x_wconf 91' lang='lat'><strong>:</strong></span> <span class='ocrx_word' id='word_1_823' title='bbox 2156 5148 2396 5215; x_wconf 88' lang='lat' dir='ltr'><strong>Domine,</strong></span> <span class='ocrx_word' id='word_1_824' title='bbox 2421 5158 2541 5201; x_wconf 87' lang='lat' dir='ltr'><strong>ante</strong></span> <span class='ocrx_word' id='word_1_825' title='bbox 2591 5158 2637 5202; x_wconf 88' lang='lat' dir='ltr'><strong>te</strong></span> <span class='ocrx_word' id='word_1_826' title='bbox 2686 5164 2835 5201; x_wconf 90' lang='lat' dir='ltr'><strong>omne</strong></span> <span class='ocrx_word' id='word_1_827' title='bbox 2942 5160 3075 5200; x_wconf 86' lang='lat' dir='ltr'><strong>sona</strong></span> <span class='ocrx_word' id='word_1_828' title='bbox 3117 5143 3251 5198; x_wconf 83' lang='lat' dir='ltr'><strong>dicit</strong></span> <span class='ocrx_word' id='word_1_829' title='bbox 3283 5163 3294 5196; x_wconf 89' lang='lat'>:</span> <span class='ocrx_word' id='word_1_830' title='bbox 3328 5143 3573 5198; x_wconf 82' lang='lat' dir='ltr'><strong>Probasti</strong></span> <span class='ocrx_word' id='word_1_831' title='bbox 3604 5162 3696 5199; x_wconf 87' lang='lat' dir='ltr'><strong>nos</strong></span> <span class='ocrx_word' id='word_1_832' title='bbox 3724 5145 3885 5213; x_wconf 88' lang='lat' dir='ltr'><strong>Deus,</strong></span> <span class='ocrx_word' id='word_1_833' title='bbox 3914 5147 4033 5217; x_wconf 83' lang='lat' dir='ltr'><strong>igne</strong></span> <span class='ocrx_word' id='word_1_834' title='bbox 4072 5166 4166 5202; x_wconf 91' lang='lat' dir='ltr'><strong>nos</strong></span> <span class='ocrx_word' id='word_1_835' title='bbox 4195 5155 4526 5215; x_wconf 66' lang='lat' dir='ltr'><strong>exanimasti,</strong></span> 
     </span>
    </p>
   </div>
   <div class='ocr_carea' id='block_1_53' title="bbox 1262 5238 4528 5313">
    <p class='ocr_par' dir='ltr' id='par_1_53' title="bbox 1262 5238 4528 5313">
     <span class='ocr_line' id='line_1_54' title="bbox 1262 5238 4528 5313; baseline 0.002 -18"><span class='ocrx_word' id='word_1_836' title='bbox 1262 5242 1568 5297; x_wconf 85' lang='lat' dir='ltr'><strong>desiderium</strong></span> <span class='ocrx_word' id='word_1_837' title='bbox 1614 5257 1781 5294; x_wconf 88' lang='lat' dir='ltr'><strong>meum</strong></span> <span class='ocrx_word' id='word_1_838' title='bbox 1826 5239 2006 5309; x_wconf 89' lang='lat' dir='ltr'><strong>(Psal.</strong></span> <span class='ocrx_word' id='word_1_839' title='bbox 2059 5240 2297 5309; x_wconf 79' lang='lat' dir='ltr'><strong>xxxvii).</strong></span> <span class='ocrx_word' id='word_1_840' title='bbox 2340 5238 2648 5294; x_wconf 90' lang='lat' dir='ltr'><strong>Cavendum</strong></span> <span class='ocrx_word' id='word_1_841' title='bbox 2708 5254 2834 5293; x_wconf 83' lang='lat' dir='ltr'><strong>vero</strong></span> <span class='ocrx_word' id='word_1_842' title='bbox 2944 5240 3074 5292; x_wconf 88' lang='lat' dir='ltr'><strong>sicut</strong></span> <span class='ocrx_word' id='word_1_843' title='bbox 3094 5240 3212 5310; x_wconf 87' lang='lat' dir='ltr'><strong>igne</strong></span> <span class='ocrx_word' id='word_1_844' title='bbox 3249 5242 3577 5295; x_wconf 67' lang='lat' dir='ltr'><strong>examinatur</strong></span> <span class='ocrx_word' id='word_1_845' title='bbox 3609 5254 3899 5313; x_wconf 84' lang='lat' dir='ltr'><strong>argentum.</strong></span> <span class='ocrx_word' id='word_1_846' title='bbox 3942 5241 4327 5300; x_wconf 68' lang='lat' dir='ltr'><strong>lnduxistinm</strong></span> <span class='ocrx_word' id='word_1_847' title='bbox 4358 5251 4414 5300; x_wconf 84' lang='lat' dir='ltr'><strong>in</strong></span> <span class='ocrx_word' id='word_1_848' title='bbox 4453 5248 4528 5300; x_wconf 82' lang='lat' dir='ltr'><strong>la-</strong></span> 
     </span>
    </p>
   </div>
   <div class='ocr_carea' id='block_1_54' title="bbox 1262 5332 4520 5408">
    <p class='ocr_par' dir='ltr' id='par_1_54' title="bbox 1262 5332 4520 5408">
     <span class='ocr_line' id='line_1_55' title="bbox 1262 5332 4520 5408; baseline 0 -18"><span class='ocrx_word' id='word_1_849' title='bbox 1262 5334 1386 5390; x_wconf 86' lang='lat' dir='ltr'><strong>ideo</strong></span> <span class='ocrx_word' id='word_1_850' title='bbox 1417 5335 1613 5387; x_wconf 88' lang='lat' dir='ltr'><strong>malum</strong></span> <span class='ocrx_word' id='word_1_851' title='bbox 1642 5332 1989 5397; x_wconf 82' lang='lat' dir='ltr'><strong>desiderium,</strong></span> <span class='ocrx_word' id='word_1_852' title='bbox 2020 5334 2143 5402; x_wconf 90' lang='lat' dir='ltr'><strong>quia</strong></span> <span class='ocrx_word' id='word_1_853' title='bbox 2196 5348 2345 5387; x_wconf 89' lang='lat' dir='ltr'><strong>mors</strong></span> <span class='ocrx_word' id='word_1_854' title='bbox 2371 5347 2527 5386; x_wconf 70' lang='lat' dir='ltr'><strong>secus</strong></span> <span class='ocrx_word' id='word_1_855' title='bbox 2555 5332 2833 5385; x_wconf 86' lang='lat' dir='ltr'><strong>introitum</strong></span> <span class='ocrx_word' id='word_1_856' title='bbox 2943 5346 3162 5399; x_wconf 86' lang='lat' dir='ltr'><strong>qucum;</strong></span> <span class='ocrx_word' id='word_1_857' title='bbox 3191 5333 3409 5397; x_wconf 87' lang='lat' dir='ltr'><strong>posuisti</strong></span> <span class='ocrx_word' id='word_1_858' title='bbox 3450 5333 3806 5388; x_wconf 85' lang='lat' dir='ltr'><strong>tribulationes</strong></span> <span class='ocrx_word' id='word_1_859' title='bbox 3844 5335 3899 5387; x_wconf 87' lang='lat' dir='ltr'><strong>in</strong></span> <span class='ocrx_word' id='word_1_860' title='bbox 3944 5335 4097 5390; x_wconf 89' lang='lat' dir='ltr'><strong>dorso</strong></span> <span class='ocrx_word' id='word_1_861' title='bbox 4128 5348 4308 5393; x_wconf 82' lang='lat' dir='ltr'><strong>nostro</strong></span> <span class='ocrx_word' id='word_1_862' title='bbox 4348 5340 4520 5408; x_wconf 81' lang='lat' dir='ltr'><strong>(Psal.</strong></span> 
     </span>
    </p>
   </div>
   <div class='ocr_carea' id='block_1_55' title="bbox 1265 5421 4523 5497">
    <p class='ocr_par' dir='ltr' id='par_1_55' title="bbox 1265 5421 4523 5497">
     <span class='ocr_line' id='line_1_56' title="bbox 1265 5421 4523 5497; baseline 0.002 -16"><span class='ocrx_word' id='word_1_863' title='bbox 1265 5425 1636 5483; x_wconf 89' lang='lat' dir='ltr'><strong>delectationis</strong></span> <span class='ocrx_word' id='word_1_864' title='bbox 1684 5426 1855 5495; x_wconf 86' lang='lat' dir='ltr'><strong>posita</strong></span> <span class='ocrx_word' id='word_1_865' title='bbox 1908 5434 2035 5480; x_wconf 89' lang='lat' dir='ltr'><strong>est:</strong></span> <span class='ocrx_word' id='word_1_866' title='bbox 2084 5424 2224 5480; x_wconf 89' lang='lat' dir='ltr'><strong>unde</strong></span> <span class='ocrx_word' id='word_1_867' title='bbox 2267 5424 2546 5493; x_wconf 86' lang='lat' dir='ltr'><strong>Scriptura</strong></span> <span class='ocrx_word' id='word_1_868' title='bbox 2592 5424 2837 5493; x_wconf 69' lang='lat' dir='ltr'><strong>prtecipit</strong></span> <span class='ocrx_word' id='word_1_869' title='bbox 2947 5423 3095 5491; x_wconf 78' lang='lat' dir='ltr'><strong>LXV).</strong></span> <span class='ocrx_word' id='word_1_870' title='bbox 3131 5421 3200 5477; x_wconf 87' lang='lat' dir='ltr'><strong>Et</strong></span> <span class='ocrx_word' id='word_1_871' title='bbox 3228 5432 3286 5478; x_wconf 93' lang='lat' dir='ltr'><strong>ut</strong></span> <span class='ocrx_word' id='word_1_872' title='bbox 3313 5423 3565 5480; x_wconf 87' lang='lat' dir='ltr'><strong>ostendat</strong></span> <span class='ocrx_word' id='word_1_873' title='bbox 3608 5440 3708 5479; x_wconf 89' lang='lat' dir='ltr'><strong>nos</strong></span> <span class='ocrx_word' id='word_1_874' title='bbox 3743 5427 3845 5481; x_wconf 88' lang='lat' dir='ltr'><strong>sub</strong></span> <span class='ocrx_word' id='word_1_875' title='bbox 3886 5432 4095 5497; x_wconf 84' lang='lat' dir='ltr'><strong>majore</strong></span> <span class='ocrx_word' id='word_1_876' title='bbox 4139 5443 4261 5486; x_wconf 86' lang='lat' dir='ltr'><strong>esse</strong></span> <span class='ocrx_word' id='word_1_877' title='bbox 4305 5429 4523 5497; x_wconf 84' lang='lat' dir='ltr'><strong>debere,</strong></span> 
     </span>
    </p>
   </div>
   <div class='ocr_carea' id='block_1_56' title="bbox 1265 5514 4522 5594">
    <p class='ocr_par' dir='ltr' id='par_1_56' title="bbox 1265 5514 4522 5594">
     <span class='ocr_line' id='line_1_57' title="bbox 1265 5514 4522 5594; baseline 0.002 -22"><span class='ocrx_word' id='word_1_878' title='bbox 1265 5518 1473 5574; x_wconf 89' lang='lat' dir='ltr'><strong>dicens:</strong></span> <span class='ocrx_word' id='word_1_879' title='bbox 1491 5516 1619 5571; x_wconf 88' lang='lat' dir='ltr'><strong>Post</strong></span> <span class='ocrx_word' id='word_1_880' title='bbox 1639 5518 2069 5587; x_wconf 73' lang='lat' dir='ltr'><strong>concupiscendus</strong></span> <span class='ocrx_word' id='word_1_881' title='bbox 2091 5527 2204 5570; x_wconf 87' lang='lat' dir='ltr'><strong>tuas</strong></span> <span class='ocrx_word' id='word_1_882' title='bbox 2227 5533 2329 5570; x_wconf 90' lang='lat' dir='ltr'><strong>non</strong></span> <span class='ocrx_word' id='word_1_883' title='bbox 2350 5514 2640 5584; x_wconf 87' lang='lat' dir='ltr'><strong>eas(Eccli.</strong></span> <span class='ocrx_word' id='word_1_884' title='bbox 2663 5518 2835 5584; x_wconf 83' lang='lat' dir='ltr'><strong>xvm).</strong></span> <span class='ocrx_word' id='word_1_885' title='bbox 2947 5516 3294 5584; x_wconf 82' lang='lat' dir='ltr'><strong>subsequitur</strong></span> <span class='ocrx_word' id='word_1_886' title='bbox 3314 5516 3503 5571; x_wconf 87' lang='lat' dir='ltr'><strong>dicens</strong></span> <span class='ocrx_word' id='word_1_887' title='bbox 3536 5535 3549 5569; x_wconf 93' lang='lat'>:</span> <span class='ocrx_word' id='word_1_888' title='bbox 3582 5515 3883 5587; x_wconf 83' lang='lat' dir='ltr'><strong>lmposuisti</strong></span> <span class='ocrx_word' id='word_1_889' title='bbox 3911 5519 4143 5575; x_wconf 76' lang='lat' dir='ltr'><strong>homines</strong></span> <span class='ocrx_word' id='word_1_890' title='bbox 4171 5538 4327 5592; x_wconf 78' lang='lat' dir='ltr'><strong>super</strong></span> <span class='ocrx_word' id='word_1_891' title='bbox 4354 5526 4522 5594; x_wconf 75' lang='lat' dir='ltr'><strong>capita</strong></span> 
     </span>
    </p>
   </div>
   <div class='ocr_carea' id='block_1_57' title="bbox 1268 5605 4523 5681">
    <p class='ocr_par' dir='ltr' id='par_1_57' title="bbox 1268 5605 4523 5681">
     <span class='ocr_line' id='line_1_58' title="bbox 1268 5605 4523 5681; baseline 0.002 -16"><span class='ocrx_word' id='word_1_892' title='bbox 1268 5609 1410 5679; x_wconf 81' lang='lat' dir='ltr'><strong>Ergo</strong></span> <span class='ocrx_word' id='word_1_893' title='bbox 1432 5611 1477 5668; x_wconf 87' lang='lat' dir='ltr'><strong>si</strong></span> <span class='ocrx_word' id='word_1_894' title='bbox 1504 5610 1643 5664; x_wconf 91' lang='lat' dir='ltr'><strong>oculi</strong></span> <span class='ocrx_word' id='word_1_895' title='bbox 1667 5609 1878 5663; x_wconf 86' lang='lat' dir='ltr'><strong>Domini</strong></span> <span class='ocrx_word' id='word_1_896' title='bbox 1908 5610 2255 5679; x_wconf 86' lang='lat' dir='ltr'><strong>speculantur</strong></span> <span class='ocrx_word' id='word_1_897' title='bbox 2285 5609 2458 5663; x_wconf 89' lang='lat' dir='ltr'><strong>honos</strong></span> <span class='ocrx_word' id='word_1_898' title='bbox 2485 5617 2540 5662; x_wconf 91' lang='lat' dir='ltr'><strong>et</strong></span> <span class='ocrx_word' id='word_1_899' title='bbox 2571 5608 2760 5672; x_wconf 89' lang='lat' dir='ltr'><strong>mans,</strong></span> <span class='ocrx_word' id='word_1_900' title='bbox 2786 5616 2841 5660; x_wconf 91' lang='lat' dir='ltr'><strong>et</strong></span> <span class='ocrx_word' id='word_1_901' title='bbox 2948 5617 3126 5660; x_wconf 82' lang='lat' dir='ltr'><strong>nostra</strong></span> <span class='ocrx_word' id='word_1_902' title='bbox 3156 5605 3371 5675; x_wconf 77' lang='lat' dir='ltr'><strong>(Matth.</strong></span> <span class='ocrx_word' id='word_1_903' title='bbox 3401 5609 3458 5677; x_wconf 72' lang='grc' dir='ltr'><strong>ν)</strong></span> <span class='ocrx_word' id='word_1_904' title='bbox 3491 5625 3504 5661; x_wconf 93' lang='lat'>:</span> <span class='ocrx_word' id='word_1_905' title='bbox 3538 5608 3631 5663; x_wconf 83' lang='lat' dir='ltr'><strong>sed</strong></span> <span class='ocrx_word' id='word_1_906' title='bbox 3658 5618 3715 5664; x_wconf 89' lang='lat' dir='ltr'><strong>et</strong></span> <span class='ocrx_word' id='word_1_907' title='bbox 3743 5620 4072 5681; x_wconf 63' lang='lat' dir='ltr'><strong>praeceptum</strong></span> <span class='ocrx_word' id='word_1_908' title='bbox 4105 5613 4317 5669; x_wconf 89' lang='lat' dir='ltr'><strong>Domini</strong></span> <span class='ocrx_word' id='word_1_909' title='bbox 4348 5616 4402 5670; x_wconf 89' lang='lat' dir='ltr'><strong>in</strong></span> <span class='ocrx_word' id='word_1_910' title='bbox 4430 5617 4523 5671; x_wconf 82' lang='lat' dir='ltr'><strong>ad-</strong></span> 
     </span>
    </p>
   </div>
   <div class='ocr_carea' id='block_1_58' title="bbox 1270 5698 4521 5776">
    <p class='ocr_par' dir='ltr' id='par_1_58' title="bbox 1270 5698 4521 5776">
     <span class='ocr_line' id='line_1_59' title="bbox 1270 5698 4521 5776; baseline 0.002 -19"><span class='ocrx_word' id='word_1_911' title='bbox 1270 5702 1524 5757; x_wconf 82' lang='lat' dir='ltr'><strong>Dominus</strong></span> <span class='ocrx_word' id='word_1_912' title='bbox 1543 5702 1611 5756; x_wconf 91' lang='lat' dir='ltr'><strong>de</strong></span> <span class='ocrx_word' id='word_1_913' title='bbox 1638 5701 1776 5757; x_wconf 72' lang='lat' dir='ltr'><strong>coelo</strong></span> <span class='ocrx_word' id='word_1_914' title='bbox 1806 5717 2019 5771; x_wconf 88' lang='lat' dir='ltr'><strong>semper</strong></span> <span class='ocrx_word' id='word_1_915' title='bbox 2048 5702 2450 5771; x_wconf 86' lang='lat' dir='ltr'><strong>respicit‘super</strong></span> <span class='ocrx_word' id='word_1_916' title='bbox 2492 5700 2633 5754; x_wconf 83' lang='lat' dir='ltr'><strong>ﬁlios</strong></span> <span class='ocrx_word' id='word_1_917' title='bbox 2662 5700 2839 5755; x_wconf 89' lang='lat' dir='ltr'><strong>homi-</strong></span> <span class='ocrx_word' id='word_1_918' title='bbox 2947 5713 3126 5764; x_wconf 88' lang='lat' dir='ltr'><strong>verso,</strong></span> <span class='ocrx_word' id='word_1_919' title='bbox 3161 5707 3216 5753; x_wconf 90' lang='lat' dir='ltr'><strong>et</strong></span> <span class='ocrx_word' id='word_1_920' title='bbox 3243 5700 3296 5752; x_wconf 92' lang='lat' dir='ltr'><strong>in</strong></span> <span class='ocrx_word' id='word_1_921' title='bbox 3328 5698 3540 5768; x_wconf 88' lang='lat' dir='ltr'><strong>injuriis</strong></span> <span class='ocrx_word' id='word_1_922' title='bbox 3571 5716 3669 5771; x_wconf 88' lang='lat' dir='ltr'><strong>per</strong></span> <span class='ocrx_word' id='word_1_923' title='bbox 3695 5703 4007 5770; x_wconf 87' lang='lat' dir='ltr'><strong>patientiam</strong></span> <span class='ocrx_word' id='word_1_924' title='bbox 4030 5704 4399 5776; x_wconf 82' lang='lat' dir='ltr'><strong>adimplentes,</strong></span> <span class='ocrx_word' id='word_1_925' title='bbox 4430 5709 4521 5776; x_wconf 86' lang='lat' dir='ltr'><strong>qui</strong></span> 
     </span>
    </p>
   </div>
   <div class='ocr_carea' id='block_1_59' title="bbox 1270 5791 4519 5862">
    <p class='ocr_par' dir='ltr' id='par_1_59' title="bbox 1270 5791 4519 5862">
     <span class='ocr_line' id='line_1_60' title="bbox 1270 5791 4519 5862; baseline 0.003 -17"><span class='ocrx_word' id='word_1_926' title='bbox 1270 5806 1419 5856; x_wconf 91' lang='lat' dir='ltr'><strong>num,</strong></span> <span class='ocrx_word' id='word_1_927' title='bbox 1452 5801 1506 5844; x_wconf 90' lang='lat' dir='ltr'><strong>ut</strong></span> <span class='ocrx_word' id='word_1_928' title='bbox 1530 5792 1715 5857; x_wconf 83' lang='lat' dir='ltr'><strong>videat,</strong></span> <span class='ocrx_word' id='word_1_929' title='bbox 1748 5792 1792 5845; x_wconf 91' lang='lat' dir='ltr'><strong>si</strong></span> <span class='ocrx_word' id='word_1_930' title='bbox 1821 5798 1895 5845; x_wconf 90' lang='lat' dir='ltr'><strong>est</strong></span> <span class='ocrx_word' id='word_1_931' title='bbox 1916 5791 2227 5862; x_wconf 88' lang='lat' dir='ltr'><strong>intelligens,</strong></span> <span class='ocrx_word' id='word_1_932' title='bbox 2253 5801 2342 5845; x_wconf 90' lang='lat' dir='ltr'><strong>aut</strong></span> <span class='ocrx_word' id='word_1_933' title='bbox 2361 5792 2624 5862; x_wconf 83' lang='lat' dir='ltr'><strong>requirens</strong></span> <span class='ocrx_word' id='word_1_934' title='bbox 2674 5791 2841 5844; x_wconf 88' lang='lat' dir='ltr'><strong>Deum</strong></span> <span class='ocrx_word' id='word_1_935' title='bbox 2948 5791 3186 5860; x_wconf 91' lang='lat' dir='ltr'><strong>percussi</strong></span> <span class='ocrx_word' id='word_1_936' title='bbox 3214 5791 3267 5845; x_wconf 90' lang='lat' dir='ltr'><strong>in</strong></span> <span class='ocrx_word' id='word_1_937' title='bbox 3297 5793 3573 5847; x_wconf 76' lang='lat' dir='ltr'><strong>maxillam</strong></span> <span class='ocrx_word' id='word_1_938' title='bbox 3599 5794 3837 5862; x_wconf 70' lang='lat' dir='ltr'><strong>praebent</strong></span> <span class='ocrx_word' id='word_1_939' title='bbox 3863 5794 4063 5861; x_wconf 88' lang='lat' dir='ltr'><strong>aliam;</strong></span> <span class='ocrx_word' id='word_1_940' title='bbox 4095 5797 4305 5852; x_wconf 87' lang='lat' dir='ltr'><strong>sublata</strong></span> <span class='ocrx_word' id='word_1_941' title='bbox 4345 5800 4519 5854; x_wconf 87' lang='lat' dir='ltr'><strong>tunica</strong></span> 
     </span>
    </p>
   </div>
   <div class='ocr_carea' id='block_1_60' title="bbox 1270 5882 4519 5957">
    <p class='ocr_par' dir='ltr' id='par_1_60' title="bbox 1270 5882 4519 5957">
     <span class='ocr_line' id='line_1_61' title="bbox 1270 5882 4519 5957; baseline 0.002 -19"><span class='ocrx_word' id='word_1_942' title='bbox 1270 5884 1291 5957; x_wconf 86' lang='lat'><strong>(</strong></span> <span class='ocrx_word' id='word_1_943' title='bbox 1315 5883 1457 5939; x_wconf 88' lang='lat' dir='ltr'><strong>Psal.</strong></span> <span class='ocrx_word' id='word_1_944' title='bbox 1498 5900 1663 5941; x_wconf 67' lang='grc' dir='ltr'>χχχιιι</span> <span class='ocrx_word' id='word_1_945' title='bbox 1689 5885 1748 5953; x_wconf 82' lang='grc'><strong>);</strong></span> <span class='ocrx_word' id='word_1_946' title='bbox 1812 5892 1867 5940; x_wconf 89' lang='lat' dir='ltr'><strong>et</strong></span> <span class='ocrx_word' id='word_1_947' title='bbox 1909 5885 1954 5940; x_wconf 88' lang='lat' dir='ltr'><strong>si</strong></span> <span class='ocrx_word' id='word_1_948' title='bbox 2005 5900 2035 5939; x_wconf 91' lang='lat' dir='ltr'><strong>a</strong></span> <span class='ocrx_word' id='word_1_949' title='bbox 2084 5885 2354 5956; x_wconf 87' lang='lat' dir='ltr'><strong>deputatis</strong></span> <span class='ocrx_word' id='word_1_950' title='bbox 2399 5884 2601 5957; x_wconf 84' lang='lat' dir='ltr'><strong>angelis</strong></span> <span class='ocrx_word' id='word_1_951' title='bbox 2647 5886 2842 5942; x_wconf 84' lang='lat' dir='ltr'><strong>nostris</strong></span> <span class='ocrx_word' id='word_1_952' title='bbox 2950 5882 3227 5939; x_wconf 87' lang='lat' dir='ltr'><strong>dimittunt</strong></span> <span class='ocrx_word' id='word_1_953' title='bbox 3253 5893 3310 5941; x_wconf 89' lang='lat' dir='ltr'><strong>et</strong></span> <span class='ocrx_word' id='word_1_954' title='bbox 3338 5885 3561 5955; x_wconf 87' lang='lat' dir='ltr'><strong>pallium</strong></span> <span class='ocrx_word' id='word_1_955' title='bbox 3598 5904 3609 5941; x_wconf 87' lang='lat'>:</span> <span class='ocrx_word' id='word_1_956' title='bbox 3644 5888 3904 5955; x_wconf 85' lang='lat' dir='ltr'><strong>angariati</strong></span> <span class='ocrx_word' id='word_1_957' title='bbox 3948 5889 4200 5946; x_wconf 89' lang='lat' dir='ltr'><strong>milliario</strong></span> <span class='ocrx_word' id='word_1_958' title='bbox 4228 5890 4425 5947; x_wconf 83' lang='lat' dir='ltr'><strong>vadunt</strong></span> <span class='ocrx_word' id='word_1_959' title='bbox 4466 5900 4519 5948; x_wconf 87' lang='lat' dir='ltr'><strong>et</strong></span> 
     </span>
    </p>
   </div>
  </div>
