5174 6534
678 422 782 475 999

2187 414 2481 471 ltEGULA.

3858 425 3961 480 970

674 533 783 588 duo
816 551 826 586 :
858 549 978 587 cum
1034 530 1199 586 I’aulo
1232 532 1477 601 apostolo
1524 533 1684 585 l'alsos
1727 531 1916 585 fratres
1964 529 2254 594 sustinent,
2292 535 2339 590 Α
2369 529 2485 598 ipso
2512 541 2740 598 corpore
2782 528 3141 584 humilitatem
3182 530 3491 586 videntibus
3535 545 3594 586 se
3623 546 3839 604 semper
3872 536 3955 590 in-

676 632 729 678 et
760 624 1195 693 persecutionem
1224 620 1507 687 sufferunt,
1543 631 1595 677 ct
1626 622 2012 679 maledicentes
2038 636 2099 679 se
2142 636 2258 676 ma-

672 719 755 788 gis
787 717 1111 772 benedicunt
1148 716 1230 788 (Il
1267 716 1386 771 Cor.
1416 718 1514 781 xl).

747 811 951 867 Deinde
978 812 1227 881 quintum
1260 811 1580 865 humilitatis
1617 810 1845 881 gradum
1878 811 1931 864 in
1963 812 2107 866 scala
2146 810 2268 865 cmli

673 904 923 960 ascendit
970 904 1311 974 discipulus,
1360 906 1402 959 si
1452 921 1640 960 omnes
1686 900 2049 976 cogitationes
2101 904 2269 960 malas

673 998 829 1051 Cordi
861 1014 959 1053 suo
990 998 1363 1063 advenientes,
1399 1000 1480 1053 vel
1512 1000 1654 1054 mala
1687 1016 1715 1054 a
1747 1016 1806 1055 se
1835 1000 2099 1055 absconse
2128 1015 2269 1055 com-

672 1091 860 1154 inissa,
900 1107 997 1159 per
1020 1091 1277 1146 humilem
1303 1092 1499 1161 linguae
1528 1092 1928 1147 confessionem
1956 1093 2135 1146 abbati
2162 1108 2268 1147 non

670 1184 933 1239 celaverit
963 1201 1083 1239 suo.
1111 1184 1346 1240 Hmtans
1372 1202 1469 1241 nos
1490 1186 1557 1240 de
1585 1187 1684 1241 hac
1708 1201 1765 1240 re
1796 1184 2072 1256 Scriptura
2096 1184 2227 1240 dicit
2255 1206 2265 1238 ;

680 1274 871 1331 Revela
918 1277 1143 1333 Domino
1190 1282 1321 1333 riam
1355 1289 1516 1344 tuam,
1558 1291 1604 1331 et
1644 1297 1791 1349 spera
1834 1282 1891 1335 in
1936 1297 2049 1333 eum
2093 1278 2264 1348 (Psal.

671 1371 880 1439 xxxvi).
920 1372 986 1424 Et
1017 1372 1145 1425 item
1177 1371 1304 1426 dicit
1340 1390 1348 1425 :
1387 1369 1714 1441 Conﬁnmini
1750 1370 1995 1436 Domino,
2024 1372 2269 1440 quoniam

667 1464 833 1517 bonus
886 1475 996 1530 est,
1056 1467 1299 1537 quoniam
1353 1468 1407 1519 in
1455 1466 1702 1519 swculum
1754 1464 2109 1518 misericordia
2160 1465 2268 1535 ejus

670 1553 852 1623 (Psal.
912 1557 1019 1624 cv).
1078 1556 1143 1609 Et
1191 1556 1459 1626 Propheta
1511 1556 1744 1611 Domino
1787 1556 1969 1611 dicit:
2012 1556 2269 1610 Delictum

670 1665 843 1701 meum
875 1649 1140 1719 cognitum
1175 1650 1266 1703 tibi
1294 1650 1412 1720 (ei,
1444 1659 1491 1703 et
1514 1650 1802 1720 injustitias
1833 1666 1971 1703 meus
2014 1666 2118 1703 non
2148 1667 2267 1719 ope-

667 1742 776 1793 rui.
816 1739 942 1793 Diri
991 1739 1338 1808 pronuntiabo
1370 1741 1644 1794 adversum
1689 1757 1768 1793 me
1816 1741 2099 1811 injustitias
2131 1758 2269 1794 meas

666 1830 895 1886 Domino
932 1850 945 1882 ;
983 1842 1035 1887 et
1065 1849 1190 1888 mox
1220 1850 1233 1887 ι
1260 1832 1337 1887 Tu
1367 1834 1610 1888 remisisti
1639 1833 1949 1899 impietatem
1980 1833 2149 1887 cordis
2173 1834 2271 1887 mei

669 1923 849 1993 (Paul.
882 1926 1054 1993 χχχι).

741 2015 946 2071 Deinde
985 2027 1198 2072 sextum
1249 2019 1565 2074 humilitatis
1609 2022 1834 2089 gradum
1879 2038 1930 2075 ni
1967 2023 2109 2075 scala
2142 2021 2263 2075 Ου’ιὶ

667 2108 917 2161 ascendit
948 2108 1260 2175 discipulus,
1304 2112 1349 2165 si
1383 2112 1528 2166 omni
1562 2112 1771 2168 vilitate
1801 2115 1885 2168 vel
1916 2115 2264 2168 extremitate

665 2206 959 2253 Contentus
982 2200 1088 2265 sit;
1117 2211 1171 2254 et
1204 2201 1269 2255 ad
1299 2204 1482 2257 omnia
1514 2219 1632 2272 quae
1661 2205 1760 2259 sibi
1786 2206 2096 2275 pnrhentur
2120 2207 2265 2261 velut

666 2289 980 2355 Operariuni
1026 2291 1225 2344 malum
1256 2308 1313 2347 se
1354 2293 1579 2363 judicet,
1626 2305 1679 2348 ct
1729 2296 2045 2363 indignum;
2082 2298 2264 2353 dicens

663 2380 766 2433 sibi
804 2396 927 2434 cum
960 2384 1231 2453 Propheta
1259 2403 1269 2438 :
1301 2385 1383 2437 Ad
1417 2387 1634 2441 nihilum
1656 2405 1770 2441 sum
1801 2390 2061 2455 redactus,
2095 2402 2143 2445 et
2175 2410 2265 2446 ne—

663 2474 827 2537 scivi;
858 2484 913 2526 ut
944 2478 1227 2529 Iumentum
1257 2479 1426 2548 factus
1454 2496 1568 2533 sum
1592 2480 1731 2550 apud
1762 2488 1832 2549 te,
1865 2490 1911 2534 et
1941 2498 2035 2551 eqo
2064 2500 2264 2553 semper

663 2574 835 2620 tecum
859 2568 1038 2638 (l‘sal.
1076 2572 1225 2638 χιιι).

735 2660 945 2717 Deénde
974 2665 1261 2735 septimum
1286 2665 1607 2721 humilitatis
1630 2669 1853 2735 gradum
1887 2668 1938 2722 in
1963 2669 2110 2725 scala
2141 2670 2265 2727 cali

664 2756 917 2809 ascendit
948 2756 1263 2826 discipulus,
1297 2760 1342 2813 si
1391 2761 1639 2815 onmibus
1668 2777 1725 2816 se
1758 2762 2069 2817 inferiorem
2101 2772 2155 2817 et
2183 2766 2262 2819 vi-

663 2847 877 2913 liorem,
916 2867 1021 2904 non
1047 2851 1221 2906 solum
1256 2869 1348 2907 sua
1377 2854 1553 2923 lingua
1600 2858 1931 2923 pronuntiet,
1968 2859 2062 2911 sed
2099 2860 2261 2913 etiam

662 2938 856 2995 intimo
884 2944 1058 2997 cordis
1087 2946 1271 2999 credat
1295 2946 1491 3002 ali'ectu
1520 2968 1533 3002 :
1566 2950 1859 3003 humilians
1886 2965 1946 3003 se
1968 2958 2021 3004 et
2047 2950 2258 3005 dicens:

662 3029 773 3101 Ego
798 3045 973 3087 autem
1004 3054 1115 3089 sum
1144 3040 1348 3103 vermis,
1374 3050 1421 3093 et
1453 3057 1557 3094 non
1589 3041 1742 3096 homo
1771 3059 1788 3095 :
1819 3042 2149 3111 opprobrium
2171 3045 2265 3097 ho-

662 3124 890 3189 minum,
924 3137 972 3180 et
1010 3129 1229 3199 obiectio
1267 3131 1428 3200 plebis
1454 3132 1625 3200 (l-‘sal.
1653 3142 1790 3200 XXI).
1825 3134 2103 3187 lt'a'ultatus
2127 3151 2260 3202 sum,

661 3228 705 3271 et
727 3220 1034 3275 humiliatus
1057 3240 1190 3288 sum,
1218 3235 1265 3277 et
1296 3228 1542 3295 confusus
1567 3226 1739 3296 (l’sal.
1766 3232 2027 3297 cantu).
2046 3226 2111 3281 Et
2134 3228 2260 3282 item

2372 620 2516 675 dicet
2548 637 2559 672 :
2591 618 2738 690 quod
2766 626 2868 685 est,
2903 620 2957 676 in
2986 636 3151 692 opere
3177 621 3291 689 Dei,
3325 622 3379 677 in
3404 624 3668 693 oratorio,
3697 626 3747 679 in
3771 644 3961 684 mona-

2372 712 2559 779 sterio,
2589 712 2641 766 in
2672 713 2851 778 horto,
2896 713 2948 767 in
2986 713 3092 779 via,
3126 713 3181 768 in
3211 729 3364 783 agro,
3394 716 3479 770 vel
3518 716 3825 787 ubicunque
3869 734 3959 775 se-

2371 805 2526 871 dens,
2558 806 2858 871 ambulans,
2895 807 2977 861 vel
2999 815 3170 871 stans,
3218 806 3477 865 inclinato
3508 826 3726 880 semper
3755 814 3959 883 capite,

2372 898 2564 953 delixis
2610 900 2662 954 in
2696 909 2840 954 terra
2870 902 3202 971 aspectibus,
3254 918 3406 958 reum
3441 920 3499 959 se
3543 907 3689 961 omni
3726 907 3860 962 hora
3892 907 3963 965 do

2371 992 2608 1062 peccatis
2638 992 2750 1046 suis
2794 992 3136 1061 existimans,
3170 995 3283 1063 jam
3313 1009 3372 1050 se
3422 998 3703 1051 tremendo
3750 998 3958 1069 judicio

2372 1087 2749 1155 repraesentari
2780 1088 3055 1153 existimet
3089 1109 3097 1139 :
3131 1089 3314 1145 dicens
3342 1090 3443 1145 sibi
3470 1092 3522 1146 in
3551 1092 3716 1147 corde
3743 1109 3959 1165 semper

2371 1178 2523 1244 illud,
2555 1179 2705 1249 quod
2759 1180 3075 1249 publicanus
3105 1189 3231 1235 ante
3268 1182 3529 1253 templum
3562 1191 3714 1239 stans
3743 1181 3863 1241 lixis
3902 1186 3958 1243 in

2372 1280 2515 1327 terra
2544 1273 2718 1329 oculis
2743 1274 2878 1329 dixit
2903 1294 2914 1328 :
2945 1274 3189 1342 Domine,
3218 1292 3322 1330 non
3349 1293 3459 1329 sum
3483 1276 3690 1347 dignus,
3721 1294 3816 1350 ego
3843 1295 3958 1349 peo-

2371 1376 2537 1430 cator,
2571 1365 2741 1421 levare
2783 1368 2957 1423 oculos
2988 1385 3127 1422 meos
3172 1366 3243 1420 ad
3288 1369 3468 1421 calum
3500 1368 3652 1436 (Luc.
3691 1371 3863 1440 xvnt).
3897 1369 3961 1424 Et

2371 1457 2499 1512 item
2532 1473 2652 1512 cum
2688 1457 2953 1527 Propheta
2999 1459 3144 1513 dicat
3183 1458 3284 1513 sibi
3328 1459 3447 1513 talis
3494 1460 3827 1527 discipulus:
3860 1460 3959 1515 In-

2372 1560 2611 1605 curvatus
2640 1568 2772 1613 sum,
2805 1561 2856 1606 et
2903 1552 3205 1605 humiliatus
3245 1568 3358 1606 sum
3398 1568 3755 1625 usquequaque
3784 1551 3957 1622 (Psal.

2371 1660 2556 1701 cxvnt.
2591 1644 2735 1715 Ergo
2766 1645 2850 1699 his
2880 1645 3132 1701 omnibus
3163 1646 3479 1699 humilitatis
3521 1647 3775 1715 gradibus
3802 1661 3829 1700 a
3873 1647 3960 1701 di-

2372 1736 2578 1805 scipulo
2628 1738 2982 1805 perascensis,
3024 1736 3147 1790 vita:
3178 1734 3339 1804 hujus
3369 1736 3421 1789 in
3454 1736 3647 1791 timore
3676 1736 3771 1791 Dei
3821 1737 3960 1793 bene

2374 1831 2680 1899 persubitur
2708 1831 2853 1886 scala
2882 1846 2896 1897 ;
2930 1838 2984 1884 et
3008 1845 3135 1884 mox
3166 1828 3232 1884 ad
3277 1830 3596 1885 charitatem
3646 1830 3792 1885 illam
3838 1848 3958 1900 per-

2298 1915 2347 1977 B
2371 1925 2573 1992 veniet,
2600 1940 2719 1994 qua:
2746 1922 2985 1995 perfecta
3011 1922 3140 1979 foris
3168 1922 3335 1979 mittit
3364 1925 3635 1980 timorem.
3666 1924 3769 1981 Per
3798 1942 3958 1994 quam

2370 2020 2645 2084 universa,
2677 2035 2798 2090 qua:
2822 2020 2969 2088 prius
2999 2034 3104 2074 non
3138 2019 3256 2074 sine
3286 2019 3577 2076 formidine
3610 2020 3957 2087 observabat,

2368 2112 2573 2180 absque
2604 2112 2713 2165 ullo
2754 2111 2963 2178 labore,
2997 2111 3147 2166 velut
3192 2112 3531 2178 naturaliter,
3566 2127 3630 2166 ex
3669 2123 3949 2169 consuetu-

2368 2202 2492 2257 dine
2522 2202 2743 2272 incipiat
2788 2202 3100 2269 custodire;
3146 2218 3253 2257 non
3281 2203 3393 2272 jam
3446 2205 3639 2259 timore
3676 2206 3957 2273 gehennm,

2366 2299 2460 2353 sed
2488 2314 2674 2353 amore
2703 2298 2871 2368 ipsius
2903 2297 3311 2353 consuetudinis
3348 2298 3525 2364 bonas,
3556 2309 3607 2352 et
3638 2298 3955 2355 delectatio-

2368 2404 2434 2443 ne
2488 2390 2748 2443 virtutum
2793 2408 2806 2442 :
2858 2403 2978 2458 quae
3035 2388 3295 2443 Dominus
3338 2389 3450 2457 jam
3500 2405 3597 2459 per
3647 2390 3953 2454 operarium

2366 2499 2521 2539 suum
2555 2484 2813 2538 mundum
2844 2499 2874 2537 a
2917 2483 3058 2538 vitiis
3089 2493 3144 2539 et
3174 2483 3414 2554 peccatis
3446 2499 3475 2537 a
3520 2483 3723 2551 Spiritu
3765 2494 3952 2540 sancto

2369 2576 2681 2647 dignabitur
2711 2577 3113 2632 demonstrare.

2438 2673 2643 2736 Quibus
2672 2685 2802 2738 ergo
2830 2669 3167 2741 perascensis
3193 2670 3469 2741 gradibus,
3507 2680 3627 2740 post
3646 2672 3848 2727 exitum
3876 2674 3947 2727 vi—

2374 2770 2437 2817 tas
2467 2765 2584 2817 sine
2630 2763 2797 2817 dubio
2844 2763 2966 2817 talis
3017 2762 3198 2816 anima
3231 2762 3298 2816 ad
3350 2763 3492 2816 illam
3545 2764 3955 2819 retributionem

2367 2856 2531 2910 animi
2577 2856 2865 2909 introitura
2908 2864 3024 2921 est,
3079 2870 3243 2923 quam
3285 2855 3622 2911 demonstrat
3669 2859 3956 2925 Apostolus

2366 2948 2553 3005 dicens
2588 2967 2599 3001 ε
2638 2947 2762 3003 Non
2806 2958 2924 3004 sunt
2954 2950 3229 3019 condigna:
3271 2952 3535 3018 passiones
3586 2950 3738 3021 hujus
3779 2952 3956 3005 sazculi

2366 3044 2435 3095 ad
2479 3055 2904 3113 superrenturam
2947 3044 3168 3112 gloriam
3212 3059 3329 3114 qua:
3366 3043 3671 3097 rerelobimr
3714 3046 3766 3096 iu
3810 3043 3956 3097 nobis

2368 3134 2544 3207 (llam.
2580 3140 2717 3199 vin).
2749 3134 2896 3189 Illam
2928 3146 3091 3188 vnam
3124 3144 3382 3189 aeternam
3415 3136 3544 3189 tales
3569 3135 3762 3189 anima:
3806 3152 3954 3190 rece—

2367 3221 2537 3296 ptume
2560 3236 2707 3289 sunt,
2733 3242 2852 3295 qua)
2875 3226 2927 3280 in
2950 3227 3277 3291 sempiterna
3305 3227 3488 3281 lanitia
3516 3236 3569 3281 et
3590 3229 3957 3283 exsultatione

663 3326 889 3380 semper
919 3313 1059 3368 dicat
1094 3316 1215 3369 talis
1266 3316 1434 3370 l'iater
1472 3317 1698 3371 Domino
1735 3337 1746 3371 :
1781 3320 1980 3373 bonum
2010 3319 2135 3373 mihi
2164 3330 2258 3386 est,
2289 3300 2335 3363 ο
2374 3327 2673 3389 permanet,
2704 3329 2757 3373 et
2782 3320 3007 3374 ulterius
3036 3318 3177 3373 finiri
3207 3336 3313 3375 non
3341 3320 3508 3374 novit.
3536 3320 3591 3373 In
3621 3337 3726 3389 qua
3755 3332 3833 3375 est
3858 3321 3956 3377 llos

660 3398 909 3467 Domine,
942 3408 1063 3473 quia
1111 3407 1392 3461 humiliasti
1432 3424 1531 3477 me,
1568 3421 1622 3462 ut
1651 3412 1847 3465 discam
1891 3415 2141 3465 mandata
2173 3423 2263 3465 tua

662 3496 843 3565 (-l’sal.
886 3508 1087 3566 cxvnt).

728 3588 940 3644 Deinde
971 3600 1221 3645 octavum
1254 3592 1571 3649 humilitatis
1601 3596 1826 3665 gradum
1860 3598 1913 3653 in
1959 3598 2105 3653 scala
2136 3596 2261 3653 coeli

658 3684 908 3738 ascendit
936 3684 1265 3753 discipulus,
1295 3686 1336 3741 si
1371 3688 1504 3743 nihil
1533 3700 1678 3758 agat,
1708 3690 1809 3746 nisi
1840 3692 1983 3761 quod
2013 3708 2259 3747 commu-

660 3776 740 3831 nis
800 3779 1121 3832 monasterii
1178 3782 1361 3849 regula
1427 3783 1511 3837 vel
1568 3784 1835 3852 majorum
1906 3785 2260 3840 cohortantur

660 3869 948 3939 exempla;
980 3870 1168 3926 dicens
1197 3888 1318 3926 cum
1348 3872 1625 3944 Scriptura
1651 3892 1663 3903 ·
1698 3874 1834 3938 Quia
1858 3879 1943 3929 lex
1974 3886 2061 3930 tua
2090 3879 2256 3931 medi-

660 3963 786 4017 tatio
821 3978 940 4016 mea
987 3971 1064 4016 est
1112 3964 1286 4034 (l’sal.
1324 3970 1529 4025 cxvnt).
1565 3966 1784 4021 Etcum
1816 3969 2117 4038 interrogat
2160 3987 2257 4039 pa-

661 4059 799 4107 trem
829 4069 1013 4117 suum,
1053 4057 1393 4111 annuntiabit
1424 4059 1471 4112 ei
1498 4076 1513 4124 ;
1545 4060 1786 4114 seniores
1816 4076 1965 4129 suos,
1998 4070 2054 4116 et
2079 4061 2259 4117 dicent

660 4145 709 4201 ei
746 4164 757 4199 :
795 4146 851 4201 id
882 4154 969 4201 est
998 4164 1093 4216 per
1114 4164 1267 4203 suam
1295 4149 1598 4205 doctrinam
1628 4152 1817 4206 abbas.

733 4239 944 4294 Deinde
983 4257 1185 4295 nonum
1237 4241 1555 4297 humilitatis
1604 4244 1827 4314 gradum
1854 4245 1909 4299 in
1939 4261 2083 4301 scala
2132 4250 2256 4302 coeli

662 4332 911 4387 ascendit
936 4332 1255 4403 discipulus,
1287 4335 1331 4388 si
1359 4335 1593 4403 linguam
1625 4336 1691 4390 ad
1716 4336 2046 4407 loquendum
2075 4339 2257 4407 prohi-

660 4424 806 4494 beat,
836 4436 894 4482 et
924 4428 1353 4483 taciturnitatem
1396 4429 1598 4485 habens
1646 4447 1822 4499 usque
1854 4432 1919 4485 ad
1952 4433 2254 4501 interroga-

661 4521 866 4573 tionem
898 4535 1004 4573 non
1038 4518 1315 4587 loquatur,
1348 4529 1684 4583 monstrante
1715 4522 2013 4590 Scriptura,
2043 4523 2168 4591 quia
2202 4525 2253 4576 in

661 4610 984 4681 multiloquio
1009 4626 1113 4663 non
1144 4612 1364 4681 effugies
1395 4622 1657 4681 peccatum
1681 4611 1861 4683 (Prov.
1890 4616 1967 4682 χ).
2000 4613 2066 4668 Et
2087 4616 2209 4683 quia
2238 4634 2251 4668 :

2366 3424 2665 3480 purpureus
2693 3426 2935 3465 rosarum
2957 3426 3231 3481 nunquam
3256 3426 3629 3467 marcescens:
3651 3411 3702 3466 in
3727 3429 3831 3481 qua
3858 3431 3953 3467 nc-

2365 3518 2516 3557 mora
2549 3503 2738 3556 llorida
2768 3513 3032 3573 perpetua
3064 3504 3336 3558 viriditate
3366 3514 3597 3559 vernant
3630 3522 3644 3559 :
3679 3505 3765 3559 ubi
3800 3517 3953 3576 prata

2365 3595 2603 3650 recentia
2652 3610 2868 3663 semper
2898 3596 3106 3650 melleis
3153 3596 3380 3649 ailluuut
3410 3598 3572 3662 rivis;
3606 3599 3698 3652 ubi
3743 3600 3955 3657 croceis

2362 3690 2603 3759 gramina
2633 3686 2856 3743 floribus
2888 3689 3154 3751 redolent,
3187 3696 3241 3745 et
3270 3690 3514 3755 halantes
3546 3692 3723 3760 campi
3751 3692 3952 3761 jucun.

2364 3780 2445 3835 dis
2468 3778 2767 3835 admodum
2796 3781 3051 3835 odoribus
3084 3780 3285 3848 pollent
3310 3796 3475 3835 aurai.
3507 3782 3580 3836 lbi
3612 3782 3774 3836 vitam
3796 3793 3957 3840 teter-

2364 3888 2489 3928 nam
2516 3873 2778 3927 habentes
2800 3888 2959 3928 nares
2982 3873 3225 3942 aspirant
3252 3892 3261 3925 :
3291 3874 3475 3929 lumen
3499 3873 3573 3928 ibi
3598 3876 3715 3929 sine
3743 3878 3950 3943 umbra,

2362 3965 2633 4020 serenitas
2663 3966 2870 4034 absque
2900 3963 3113 4031 nubilo,
3144 3973 3199 4018 et
3229 3965 3433 4033 absque
3465 3966 3701 4022 tenebris
3729 3977 3951 4022 noctur-

2364 4060 2447 4115 nis
2478 4067 2794 4130 perpetuant
2819 4058 2963 4113 diem
2992 4058 3134 4114 oculi
3168 4058 3532 4127 perfruuntur.
3563 4058 3718 4113 Nulla
3740 4060 3813 4116 ibi
3847 4062 3950 4115 im-

2362 4152 2653 4221 pediuntur
2679 4152 3036 4222 occupatione
3065 4150 3311 4217 delicitn;
3346 4150 3492 4205 nulla
3533 4152 3747 4220 penitus
3793 4153 3943 4207 solli-

2364 4246 2604 4303 citudine
2638 4246 2709 4300 ibi
2744 4245 3004 4301 securitas
3045 4246 3419 4300 conturbatur.
3461 4243 3741 4315 Mugitum,
3777 4245 3951 4301 ulula-

2364 4348 2498 4404 tum,
2528 4340 2824 4392 lameutum
2849 4346 2903 4391 et
2928 4338 3129 4391 luctum
3163 4352 3436 4405 nunquam
3462 4337 3573 4391 illic
3597 4336 3838 4392 auditum
3863 4340 3945 4393 vel

2363 4433 2700 4486 nominatum
2732 4438 2814 4483 est
2843 4448 2853 4481 :
2888 4428 3111 4497 fmdum,
3163 4428 3431 4495 deforme,
3465 4437 3682 4494 tetrum,
3716 4431 3948 4495 nigrum,

2364 4526 2691 4580 horrendum
2730 4524 2952 4593 aliquid,
2984 4533 3078 4578 aut
3113 4524 3409 4587 sordidum,
3442 4539 3721 4594 nunqu:im
3756 4524 3827 4578 ibi
3862 4541 3927 4593 pe

2365 4619 2509 4672 nitus
2536 4619 2730 4671 visum.
2783 4614 3137 4669 Pulchritudo
3186 4615 3238 4668 in
3288 4615 3603 4669 amoenitate
3634 4630 3949 4678 nemorum;

671 4703 757 4757 Vir
804 4680 1080 4775 linguosus
1134 4721 1235 4759 non
1264 4680 1271 4681 ί
1301 4706 1552 4778 dirigetur
1612 4680 1765 4777 super
1813 4718 2004 4761 terram
2055 4707 2249 4775 (Psal.
2282 4680 2615 4776 l)splendor
2663 4708 2715 4761 in
2757 4721 2884 4761 aere
2925 4706 3197 4775 jucuulo;
3249 4715 3303 4759 et
3346 4705 3747 4759 formositatem
3791 4717 3952 4776 atquo

661 4804 909 4867 cxxxrx).

732 4892 939 4948 Deinde
969 4891 1238 4948 decimum
1271 4892 1590 4949 humilitatis
1614 4894 1839 4964 gradum
1871 4896 1923 4950 in
1954 4895 2100 4951 scala
2129 4895 2253 4951 coeli

662 4985 908 5041 ascendit
936 4985 1261 5054 discipulus,
1300 4986 1347 5039 si
1390 5002 1498 5039 non
1536 4987 1606 5039 sit
1658 4986 1833 5043 facilis
1878 5003 1940 5042 ac
1974 4999 2255 5057 promptus

664 5075 717 5130 in
744 5078 880 5143 risu,
932 5078 1061 5145 quia
1104 5077 1365 5145 scriptum
1414 5087 1539 5133 est:
1572 5078 1773 5133 Stultus
1816 5081 1869 5133 in
1918 5083 2026 5135 risu
2055 5082 2256 5133 e«altat

664 5186 832 5224 vocem
873 5188 1025 5224 suam
1070 5169 1294 5240 (Eccles.
1338 5176 1472 5237 xxi).
1500 5169 1586 5235 Et,
1619 5173 1748 5225 sicut
1784 5176 2052 5239 spinarum
2088 5175 2256 5239 crepi-

667 5265 887 5317 tantium
917 5264 1012 5318 sub
1043 5264 1152 5317 olla
1180 5281 1300 5327 vox,
1334 5267 1407 5317 ita
1433 5273 1481 5316 et
1513 5269 1645 5318 risus
1677 5264 1896 5319 hominis
1930 5264 2101 5336 (Eccl.
2136 5270 2253 5335 vn).

734 5356 943 5411 Deinde
988 5354 1333 5410 undecimum
1381 5356 1702 5412 humilitatis
1744 5361 1968 5426 gradum
2012 5359 2066 5412 in
2114 5359 2257 5415 scala

666 5456 783 5511 caeli
814 5454 1064 5511 ascendit
1101 5452 1418 5522 discipulus,
1451 5454 1495 5506 si
1524 5468 1646 5507 cum
1677 5452 1937 5521 loquitur,
1978 5453 2173 5506 leniter
2203 5462 2259 5507 et

668 5548 778 5603 sine
807 5550 944 5613 risu,
978 5546 1255 5602 humiliter
1296 5562 1417 5601 cum
1448 5546 1732 5613 gravitate,
1767 5546 1851 5598 vel
1886 5562 2054 5615 pauca
2090 5548 2251 5599 verba

669 5648 723 5695 et
754 5650 945 5697 sancta
990 5640 1229 5709 loquitur
1265 5658 1276 5691 :
1308 5646 1365 5693 et
1405 5653 1514 5692 non
1559 5637 1631 5691 sit
1679 5637 1953 5692 clamosus
1993 5637 2047 5690 in
2093 5654 2251 5702 voce,

666 5733 927 5805 scriptum
952 5742 1039 5790 est
1068 5751 1079 5785 :
1113 5731 1334 5800 Sapiens
1362 5730 1523 5785 verbis
1550 5730 1824 5783 innotescit
1852 5730 2047 5797 paucis.

738 5828 944 5884 Deinde
990 5824 1376 5882 duodecimum
1405 5823 1724 5878 humilitatis
1763 5822 1986 5893 gradum
2022 5824 2073 5877 in
2112 5825 2253 5879 Scala

673 5922 792 5981 cteIi
814 5921 1063 5979 ascendit
1088 5918 1403 5988 discipulus,
1421 5920 1468 5973 si
1487 5933 1597 5974 non
1619 5918 1737 5973 solo
1758 5917 1941 5983 corde,
1969 5916 2063 5972 sed
2090 5918 2249 5971 etiam

994 6018 1267 6079 Parnm.
1307 6011 1717 6073 LXXXVIII.

2361 4818 2577 4856 omnem
2609 4802 2931 4869 elegantiam
2964 4802 3080 4855 sine
3106 4802 3504 4856 intermissione
3537 4813 3789 4870 patentes
3811 4805 3950 4859 oculi

2362 4894 2740 4965 perfruuntur;
2774 4902 2832 4947 et
2878 4894 3008 4947 nihil
3042 4894 3265 4947 omnino
3297 4894 3443 4964 quod
3473 4895 3761 4949 conturbet
3793 4912 3948 4949 tuen-

2363 4998 2490 5049 tem,
2524 4988 2741 5041 auribus
2767 4986 2948 5040 datur.
2981 4986 3193 5041 Sonant
3220 4992 3364 5041 enim
3412 4988 3607 5041 ilzidem
3634 4987 3834 5057 jugitrr
3863 5004 3948 5042 or«

2361 5094 2497 5147 gnua
2530 5081 2851 5148 hymnorum
2881 5096 2893 5143 ;
2929 5094 3045 5146 qua:
3082 5079 3148 5130 ad
3184 5079 3395 5131 laudem
3426 5078 3587 5146 Regis
3633 5082 3699 5131 ab
3750 5079 3948 5145 angelis

2364 5182 2419 5225 ct
2442 5173 2778 5240 arghangciis
2801 5171 3181 5226 decantantur.
3212 5173 3528 5225 Amarituilo
3555 5182 3609 5227 et
3637 5174 3772 5226 fellis
3794 5189 3945 5241 aspe-

2364 5265 2493 5317 ritas
2526 5264 2595 5316 ibi
2649 5267 2825 5316 locum
2874 5280 2978 5316 non
3022 5264 3200 5318 habet.
3247 5262 3509 5317 Touitrua
3555 5266 3627 5318 ibi
3678 5282 3944 5334 nunquam

2363 5358 2545 5413 audita
2576 5365 2739 5420 sunt;
2775 5357 2981 5424 fulgura
3017 5366 3070 5409 et
3100 5358 3507 5411 coruscationes
3552 5374 3826 5425 nunquam
3858 5374 3943 5428 ap-

2363 5456 2675 5521 paruerunt.
2728 5446 3138 5502 Cinnamomum
3191 5448 3278 5501 illa
3328 5448 3552 5515 virgulta
3594 5449 3855 5516 gignunt,
3897 5461 3941 5504 et

2364 5543 2658 5596 bgilsannun
2692 5541 2914 5594 arbusta
2948 5548 3321 5609 prorumpunt.
3357 5541 3502 5595 Odor
3544 5544 3685 5596 aeris
3711 5544 3919 5597 delecta

2365 5638 2535 5689 tiones
2568 5652 2661 5706 per
2694 5635 2872 5688 omnia
2906 5636 3146 5689 membra
3199 5634 3468 5688 dilfunilit.
3503 5634 3637 5689 Esca
3687 5636 3757 5689 ibi
3804 5637 3941 5691 nulla

2361 5738 2596 5783 stereora
2643 5727 2904 5783 coulicit:
2947 5728 3105 5781 sicuti
3155 5727 3298 5781 enim
3345 5729 3488 5783 bono
3528 5729 3718 5781 nuntio
3764 5743 3923 5787 aures

2360 5832 2413 5875 et
2442 5821 2586 5875 bono
2612 5820 2778 5874 odore
2810 5834 2988 5885 nares,
3019 5829 3073 5874 et
3094 5819 3240 5873 bono
3268 5829 3487 5889 aSpectu
3522 5822 3667 5875 oculi
3695 5822 3918 5890 saginari

2364 5926 2478 5977 tur;
2512 5922 2565 5967 et
2597 5914 2707 5982 ipsa
2741 5911 2962 5967 refectio
2995 5928 3101 5966 non
3128 5920 3309 5982 potest
3332 5913 3380 5967 in
3412 5912 3768 5979 digestionem
3804 5929 3921 5982 pro-

3420 6008 3492 6064 3i
