  <div class='ocr_page' id='page_1' title='image "/cluster/home/n/w/nwhite01/storage/ocr_20150623/88-89/uc1.31175000868714/489.png"; bbox 0 0 5174 6536; ppageno 0'>
   <div class='ocr_carea' id='block_1_1' title="bbox 1296 379 1393 434">
    <p class='ocr_par' dir='ltr' id='par_1_1' title="bbox 1296 379 1393 434">
     <span class='ocr_line' id='line_1_1' title="bbox 1296 379 1393 434; baseline 0.021 -3"><span class='ocrx_word' id='word_1_1' title='bbox 1296 379 1393 434; x_wconf 78' lang='grc'><strong>971</strong></span> 
     </span>
    </p>
   </div>
   <div class='ocr_carea' id='block_1_2' title="bbox 2600 378 3245 436">
    <p class='ocr_par' dir='ltr' id='par_1_2' title="bbox 2600 378 3245 436">
     <span class='ocr_line' id='line_1_2' title="bbox 2600 378 3245 436; baseline -0.008 0"><span class='ocrx_word' id='word_1_2' title='bbox 2600 379 2937 436; x_wconf 74' lang='lat' dir='ltr'><strong>AUCTORIS</strong></span> <span class='ocrx_word' id='word_1_3' title='bbox 2978 378 3245 434; x_wconf 74' lang='lat' dir='ltr'><strong>INCER&#39;l‘l</strong></span> 
     </span>
    </p>
   </div>
   <div class='ocr_carea' id='block_1_3' title="bbox 4450 370 4544 428">
    <p class='ocr_par' dir='ltr' id='par_1_3' title="bbox 4450 370 4544 428">
     <span class='ocr_line' id='line_1_3' title="bbox 4450 370 4544 428; baseline -0.043 -1"><span class='ocrx_word' id='word_1_4' title='bbox 4450 370 4544 428; x_wconf 76' lang='lat'><strong>972</strong></span> 
     </span>
    </p>
   </div>
   <div class='ocr_carea' id='block_1_4' title="bbox 1297 485 4537 562">
    <p class='ocr_par' dir='ltr' id='par_1_4' title="bbox 1297 485 4537 562">
     <span class='ocr_line' id='line_1_4' title="bbox 1297 485 4537 562; baseline -0.001 -19"><span class='ocrx_word' id='word_1_5' title='bbox 1297 503 1546 560; x_wconf 79' lang='lat' dir='ltr'><strong>rumpere</strong></span> <span class='ocrx_word' id='word_1_6' title='bbox 1575 504 1588 541; x_wconf 73' lang='grc' dir='ltr'>ε</span> <span class='ocrx_word' id='word_1_7' title='bbox 1619 490 1744 556; x_wconf 86' lang='lat' dir='ltr'><strong>quia</strong></span> <span class='ocrx_word' id='word_1_8' title='bbox 1775 506 1880 545; x_wconf 92' lang='lat' dir='ltr'><strong>non</strong></span> <span class='ocrx_word' id='word_1_9' title='bbox 1926 493 1978 545; x_wconf 93' lang='lat' dir='ltr'><strong>in</strong></span> <span class='ocrx_word' id='word_1_10' title='bbox 2002 506 2125 546; x_wconf 88' lang='lat' dir='ltr'><strong>esca</strong></span> <span class='ocrx_word' id='word_1_11' title='bbox 2153 501 2210 546; x_wconf 89' lang='lat' dir='ltr'><strong>et</strong></span> <span class='ocrx_word' id='word_1_12' title='bbox 2233 501 2384 562; x_wconf 91' lang='lat' dir='ltr'><strong>potu,</strong></span> <span class='ocrx_word' id='word_1_13' title='bbox 2413 493 2505 547; x_wconf 90' lang='lat' dir='ltr'><strong>sed</strong></span> <span class='ocrx_word' id='word_1_14' title='bbox 2537 494 2590 546; x_wconf 92' lang='lat' dir='ltr'><strong>in</strong></span> <span class='ocrx_word' id='word_1_15' title='bbox 2618 500 2864 560; x_wconf 85' lang='lat' dir='ltr'><strong>aspectu,</strong></span> <span class='ocrx_word' id='word_1_16' title='bbox 2897 494 2946 554; x_wconf 74' lang='grc' dir='ltr'>Α</span> <span class='ocrx_word' id='word_1_17' title='bbox 2974 491 3204 552; x_wconf 87' lang='lat' dir='ltr'><strong>batibus,</strong></span> <span class='ocrx_word' id='word_1_18' title='bbox 3233 489 3312 543; x_wconf 92' lang='lat' dir='ltr'><strong>vel</strong></span> <span class='ocrx_word' id='word_1_19' title='bbox 3336 489 3630 559; x_wconf 79' lang='lat' dir='ltr'><strong>praepositis</strong></span> <span class='ocrx_word' id='word_1_20' title='bbox 3656 489 3708 542; x_wconf 92' lang='lat' dir='ltr'><strong>in</strong></span> <span class='ocrx_word' id='word_1_21' title='bbox 3739 489 4066 543; x_wconf 91' lang='lat' dir='ltr'><strong>monasterio</strong></span> <span class='ocrx_word' id='word_1_22' title='bbox 4097 489 4204 543; x_wconf 86' lang='lat' dir='ltr'><strong>hoc</strong></span> <span class='ocrx_word' id='word_1_23' title='bbox 4226 487 4362 542; x_wconf 88' lang='lat' dir='ltr'><strong>uixit</strong></span> <span class='ocrx_word' id='word_1_24' title='bbox 4386 485 4537 544; x_wconf 85' lang='lat' dir='ltr'><strong>Deus:</strong></span> 
     </span>
    </p>
   </div>
   <div class='ocr_carea' id='block_1_5' title="bbox 1295 579 2864 650">
    <p class='ocr_par' dir='ltr' id='par_1_5' title="bbox 1295 579 2864 650">
     <span class='ocr_line' id='line_1_5' title="bbox 1295 579 2864 650; baseline 0 -16"><span class='ocrx_word' id='word_1_25' title='bbox 1295 579 1546 645; x_wconf 90' lang='lat' dir='ltr'><strong>odoratu,</strong></span> <span class='ocrx_word' id='word_1_26' title='bbox 1578 589 1634 634; x_wconf 91' lang='lat' dir='ltr'><strong>et</strong></span> <span class='ocrx_word' id='word_1_27' title='bbox 1661 581 1842 635; x_wconf 88' lang='lat' dir='ltr'><strong>auditu</strong></span> <span class='ocrx_word' id='word_1_28' title='bbox 1879 590 2094 637; x_wconf 90' lang='lat' dir='ltr'><strong>constat</strong></span> <span class='ocrx_word' id='word_1_29' title='bbox 2140 583 2513 639; x_wconf 71' lang='lat' dir='ltr'><strong>delectationis</strong></span> <span class='ocrx_word' id='word_1_30' title='bbox 2559 583 2864 650; x_wconf 87' lang='lat' dir='ltr'><strong>saginatio;</strong></span> 
     </span>
    </p>
   </div>
   <div class='ocr_carea' id='block_1_6' title="bbox 1295 669 2870 744">
    <p class='ocr_par' dir='ltr' id='par_1_6' title="bbox 1295 669 2870 744">
     <span class='ocr_line' id='line_1_6' title="bbox 1295 669 2870 744; baseline 0.002 -19"><span class='ocrx_word' id='word_1_31' title='bbox 1295 669 1371 727; x_wconf 82' lang='lat' dir='ltr'><strong>ita</strong></span> <span class='ocrx_word' id='word_1_32' title='bbox 1402 670 1508 726; x_wconf 90' lang='lat' dir='ltr'><strong>illic</strong></span> <span class='ocrx_word' id='word_1_33' title='bbox 1535 672 1776 737; x_wconf 75' lang='lat' dir='ltr'><strong>refectio,</strong></span> <span class='ocrx_word' id='word_1_34' title='bbox 1806 687 1968 740; x_wconf 90' lang='lat' dir='ltr'><strong>quam</strong></span> <span class='ocrx_word' id='word_1_35' title='bbox 1993 676 2390 744; x_wconf 88' lang='lat' dir='ltr'><strong>ossusceperit,</strong></span> <span class='ocrx_word' id='word_1_36' title='bbox 2415 674 2662 730; x_wconf 86' lang='lat' dir='ltr'><strong>mellillua</strong></span> <span class='ocrx_word' id='word_1_37' title='bbox 2691 675 2743 728; x_wconf 93' lang='lat' dir='ltr'><strong>in</strong></span> <span class='ocrx_word' id='word_1_38' title='bbox 2770 689 2870 742; x_wconf 84' lang='lat' dir='ltr'><strong>gu-</strong></span> 
     </span>
    </p>
   </div>
   <div class='ocr_carea' id='block_1_7' title="bbox 1295 764 2868 835">
    <p class='ocr_par' dir='ltr' id='par_1_7' title="bbox 1295 764 2868 835">
     <span class='ocr_line' id='line_1_7' title="bbox 1295 764 2868 835; baseline 0 -16"><span class='ocrx_word' id='word_1_39' title='bbox 1295 772 1380 820; x_wconf 86' lang='lat' dir='ltr'><strong>stu</strong></span> <span class='ocrx_word' id='word_1_40' title='bbox 1410 764 1514 818; x_wconf 88' lang='lat' dir='ltr'><strong>hoc</strong></span> <span class='ocrx_word' id='word_1_41' title='bbox 1545 765 1831 832; x_wconf 87' lang='lat' dir='ltr'><strong>unicuique</strong></span> <span class='ocrx_word' id='word_1_42' title='bbox 1869 767 2010 835; x_wconf 81' lang='lat' dir='ltr'><strong>sapit</strong></span> <span class='ocrx_word' id='word_1_43' title='bbox 2042 768 2092 820; x_wconf 91' lang='lat' dir='ltr'><strong>in</strong></span> <span class='ocrx_word' id='word_1_44' title='bbox 2133 783 2215 831; x_wconf 87' lang='lat' dir='ltr'><strong>os,</strong></span> <span class='ocrx_word' id='word_1_45' title='bbox 2245 768 2388 835; x_wconf 88' lang='lat' dir='ltr'><strong>quod</strong></span> <span class='ocrx_word' id='word_1_46' title='bbox 2425 768 2586 823; x_wconf 90' lang='lat' dir='ltr'><strong>fuerit</strong></span> <span class='ocrx_word' id='word_1_47' title='bbox 2629 767 2868 821; x_wconf 87' lang='lat' dir='ltr'><strong>delecta-</strong></span> 
     </span>
    </p>
   </div>
   <div class='ocr_carea' id='block_1_8' title="bbox 1293 855 2867 927">
    <p class='ocr_par' dir='ltr' id='par_1_8' title="bbox 1293 855 2867 927">
     <span class='ocr_line' id='line_1_8' title="bbox 1293 855 2867 927; baseline 0.001 -19"><span class='ocrx_word' id='word_1_48' title='bbox 1293 861 1425 909; x_wconf 89' lang='lat' dir='ltr'><strong>tus:</strong></span> <span class='ocrx_word' id='word_1_49' title='bbox 1457 855 1637 909; x_wconf 81' lang='lat' dir='ltr'><strong>statim</strong></span> <span class='ocrx_word' id='word_1_50' title='bbox 1687 856 1917 924; x_wconf 91' lang='lat' dir='ltr'><strong>denique</strong></span> <span class='ocrx_word' id='word_1_51' title='bbox 1938 857 2082 925; x_wconf 90' lang='lat' dir='ltr'><strong>quod</strong></span> <span class='ocrx_word' id='word_1_52' title='bbox 2128 858 2460 927; x_wconf 86' lang='lat' dir='ltr'><strong>concupierit</strong></span> <span class='ocrx_word' id='word_1_53' title='bbox 2489 858 2691 924; x_wconf 90' lang='lat' dir='ltr'><strong>anima,</strong></span> <span class='ocrx_word' id='word_1_54' title='bbox 2733 872 2867 911; x_wconf 89' lang='lat' dir='ltr'><strong>con-</strong></span> 
     </span>
    </p>
   </div>
   <div class='ocr_carea' id='block_1_9' title="bbox 1291 945 2867 1017">
    <p class='ocr_par' dir='ltr' id='par_1_9' title="bbox 1291 945 2867 1017">
     <span class='ocr_line' id='line_1_9' title="bbox 1291 945 2867 1017; baseline 0 -17"><span class='ocrx_word' id='word_1_55' title='bbox 1291 945 1635 1010; x_wconf 65' lang='lat' dir='ltr'><strong>cupiscentiae</strong></span> <span class='ocrx_word' id='word_1_56' title='bbox 1681 945 1799 1014; x_wconf 90' lang='lat' dir='ltr'><strong>ejus</strong></span> <span class='ocrx_word' id='word_1_57' title='bbox 1829 949 2196 1017; x_wconf 67' lang='lat' dir='ltr'><strong>paratissimus</strong></span> <span class='ocrx_word' id='word_1_58' title='bbox 2217 949 2381 1002; x_wconf 91' lang='lat' dir='ltr'><strong>servit</strong></span> <span class='ocrx_word' id='word_1_59' title='bbox 2411 945 2651 1002; x_wconf 79' lang='lat' dir='ltr'><strong>elIectus.</strong></span> <span class='ocrx_word' id='word_1_60' title='bbox 2681 946 2735 1000; x_wconf 87' lang='grc' dir='ltr'><strong>ιιι</strong></span> <span class='ocrx_word' id='word_1_61' title='bbox 2764 960 2867 1014; x_wconf 89' lang='lat' dir='ltr'><strong>qua</strong></span> 
     </span>
    </p>
   </div>
   <div class='ocr_carea' id='block_1_10' title="bbox 1288 1037 2865 1106">
    <p class='ocr_par' dir='ltr' id='par_1_10' title="bbox 1288 1037 2865 1106">
     <span class='ocr_line' id='line_1_10' title="bbox 1288 1037 2865 1106; baseline -0.001 -14"><span class='ocrx_word' id='word_1_62' title='bbox 1288 1037 1654 1094; x_wconf 67' lang='lat' dir='ltr'><strong>dehctatione</strong></span> <span class='ocrx_word' id='word_1_63' title='bbox 1695 1055 1826 1094; x_wconf 90' lang='lat' dir='ltr'><strong>vero</strong></span> <span class='ocrx_word' id='word_1_64' title='bbox 1855 1040 1938 1093; x_wconf 85' lang='lat' dir='ltr'><strong>vel</strong></span> <span class='ocrx_word' id='word_1_65' title='bbox 1966 1039 2172 1106; x_wconf 74' lang='lat' dir='ltr'><strong>hctitia,</strong></span> <span class='ocrx_word' id='word_1_66' title='bbox 2205 1056 2303 1096; x_wconf 91' lang='lat' dir='ltr'><strong>nec</strong></span> <span class='ocrx_word' id='word_1_67' title='bbox 2336 1050 2469 1096; x_wconf 52' lang='lat' dir='ltr'><strong>nitas</strong></span> <span class='ocrx_word' id='word_1_68' title='bbox 2507 1049 2865 1105; x_wconf 89' lang='lat' dir='ltr'><strong>senectutem,</strong></span> 
     </span>
    </p>
   </div>
   <div class='ocr_carea' id='block_1_11' title="bbox 1290 1130 2865 1200">
    <p class='ocr_par' dir='ltr' id='par_1_11' title="bbox 1290 1130 2865 1200">
     <span class='ocr_line' id='line_1_11' title="bbox 1290 1130 2865 1200; baseline 0.001 -18"><span class='ocrx_word' id='word_1_69' title='bbox 1290 1145 1393 1184; x_wconf 88' lang='lat' dir='ltr'><strong>nec</strong></span> <span class='ocrx_word' id='word_1_70' title='bbox 1419 1130 1528 1183; x_wconf 86' lang='lat' dir='ltr'><strong>vita</strong></span> <span class='ocrx_word' id='word_1_71' title='bbox 1560 1132 1868 1196; x_wconf 90' lang='lat' dir='ltr'><strong>terminum,</strong></span> <span class='ocrx_word' id='word_1_72' title='bbox 1894 1145 1994 1185; x_wconf 92' lang='lat' dir='ltr'><strong>nec</strong></span> <span class='ocrx_word' id='word_1_73' title='bbox 2033 1142 2334 1200; x_wconf 83' lang='lat' dir='ltr'><strong>suspectam</strong></span> <span class='ocrx_word' id='word_1_74' title='bbox 2379 1133 2606 1188; x_wconf 85' lang='lat' dir='ltr'><strong>ulterius</strong></span> <span class='ocrx_word' id='word_1_75' title='bbox 2632 1140 2865 1185; x_wconf 89' lang='lat' dir='ltr'><strong>mortem</strong></span> 
     </span>
    </p>
   </div>
   <div class='ocr_carea' id='block_1_12' title="bbox 1292 1221 2867 1295">
    <p class='ocr_par' dir='ltr' id='par_1_12' title="bbox 1292 1221 2867 1295">
     <span class='ocr_line' id='line_1_12' title="bbox 1292 1221 2867 1295; baseline 0.001 -20"><span class='ocrx_word' id='word_1_76' title='bbox 1292 1221 1428 1276; x_wconf 81' lang='lat' dir='ltr'><strong>tales</strong></span> <span class='ocrx_word' id='word_1_77' title='bbox 1447 1221 1654 1276; x_wconf 78' lang='lat' dir='ltr'><strong>delicia:</strong></span> <span class='ocrx_word' id='word_1_78' title='bbox 1685 1223 2058 1279; x_wconf 78' lang='lat' dir='ltr'><strong>reformidant.</strong></span> <span class='ocrx_word' id='word_1_79' title='bbox 2087 1224 2194 1278; x_wconf 86' lang='lat' dir='ltr'><strong>Nec</strong></span> <span class='ocrx_word' id='word_1_80' title='bbox 2224 1225 2274 1278; x_wconf 93' lang='lat' dir='ltr'><strong>in</strong></span> <span class='ocrx_word' id='word_1_81' title='bbox 2308 1225 2390 1280; x_wconf 95' lang='lat' dir='ltr'><strong>his</strong></span> <span class='ocrx_word' id='word_1_82' title='bbox 2416 1226 2737 1295; x_wconf 85' lang='lat' dir='ltr'><strong>perennium</strong></span> <span class='ocrx_word' id='word_1_83' title='bbox 2787 1223 2867 1277; x_wconf 84' lang='lat' dir='ltr'><strong>di-</strong></span> 
     </span>
    </p>
   </div>
   <div class='ocr_carea' id='block_1_13' title="bbox 1292 1311 2862 1382">
    <p class='ocr_par' dir='ltr' id='par_1_13' title="bbox 1292 1311 2862 1382">
     <span class='ocr_line' id='line_1_13' title="bbox 1292 1311 2862 1382; baseline 0.001 -18"><span class='ocrx_word' id='word_1_84' title='bbox 1292 1311 1537 1367; x_wconf 88' lang='lat' dir='ltr'><strong>vitiarum</strong></span> <span class='ocrx_word' id='word_1_85' title='bbox 1566 1313 1751 1369; x_wconf 80' lang='lat' dir='ltr'><strong>usibus</strong></span> <span class='ocrx_word' id='word_1_86' title='bbox 1795 1329 2072 1382; x_wconf 85' lang='lat' dir='ltr'><strong>possessor</strong></span> <span class='ocrx_word' id='word_1_87' title='bbox 2112 1314 2329 1379; x_wconf 83' lang='lat' dir='ltr'><strong>desinit,</strong></span> <span class='ocrx_word' id='word_1_88' title='bbox 2360 1321 2418 1369; x_wconf 90' lang='lat' dir='ltr'><strong>et</strong></span> <span class='ocrx_word' id='word_1_89' title='bbox 2456 1315 2627 1369; x_wconf 65' lang='lat' dir='ltr'><strong>haeres</strong></span> <span class='ocrx_word' id='word_1_90' title='bbox 2672 1327 2862 1369; x_wconf 78' lang='lat' dir='ltr'><strong>succe-</strong></span> 
     </span>
    </p>
   </div>
   <div class='ocr_carea' id='block_1_14' title="bbox 1287 1407 2864 1480">
    <p class='ocr_par' dir='ltr' id='par_1_14' title="bbox 1287 1407 2864 1480">
     <span class='ocr_line' id='line_1_14' title="bbox 1287 1407 2864 1480; baseline 0.001 -20"><span class='ocrx_word' id='word_1_91' title='bbox 1287 1407 1410 1461; x_wconf 92' lang='lat' dir='ltr'><strong>dit:</strong></span> <span class='ocrx_word' id='word_1_92' title='bbox 1443 1423 1563 1462; x_wconf 90' lang='lat' dir='ltr'><strong>cum</strong></span> <span class='ocrx_word' id='word_1_93' title='bbox 1608 1410 1848 1464; x_wconf 86' lang='lat' dir='ltr'><strong>nesciant</strong></span> <span class='ocrx_word' id='word_1_94' title='bbox 1894 1411 2114 1465; x_wconf 89' lang='lat' dir='ltr'><strong>ulterius</strong></span> <span class='ocrx_word' id='word_1_95' title='bbox 2162 1425 2412 1477; x_wconf 90' lang='lat' dir='ltr'><strong>mortem,</strong></span> <span class='ocrx_word' id='word_1_96' title='bbox 2457 1412 2547 1480; x_wconf 87' lang='lat' dir='ltr'><strong>qui</strong></span> <span class='ocrx_word' id='word_1_97' title='bbox 2598 1409 2864 1466; x_wconf 70' lang='lat' dir='ltr'><strong>benefacti</strong></span> 
     </span>
    </p>
   </div>
   <div class='ocr_carea' id='block_1_15' title="bbox 1293 1501 2864 1569">
    <p class='ocr_par' dir='ltr' id='par_1_15' title="bbox 1293 1501 2864 1569">
     <span class='ocr_line' id='line_1_15' title="bbox 1293 1501 2864 1569; baseline 0.001 -15"><span class='ocrx_word' id='word_1_98' title='bbox 1293 1501 1468 1569; x_wconf 89' lang='lat' dir='ltr'><strong>pretio</strong></span> <span class='ocrx_word' id='word_1_99' title='bbox 1491 1501 1651 1555; x_wconf 90' lang='lat' dir='ltr'><strong>vitam</strong></span> <span class='ocrx_word' id='word_1_100' title='bbox 1672 1509 1926 1556; x_wconf 72' lang='lat' dir='ltr'><strong>mternam</strong></span> <span class='ocrx_word' id='word_1_101' title='bbox 1949 1503 2116 1556; x_wconf 89' lang='lat' dir='ltr'><strong>semel</strong></span> <span class='ocrx_word' id='word_1_102' title='bbox 2139 1502 2418 1557; x_wconf 89' lang='lat' dir='ltr'><strong>moriendo</strong></span> <span class='ocrx_word' id='word_1_103' title='bbox 2447 1513 2712 1556; x_wconf 88' lang='lat' dir='ltr'><strong>emerunt.</strong></span> <span class='ocrx_word' id='word_1_104' title='bbox 2740 1501 2864 1555; x_wconf 69' lang='lat' dir='ltr'><strong>Ilazc</strong></span> 
     </span>
    </p>
   </div>
   <div class='ocr_carea' id='block_1_16' title="bbox 1289 1593 2865 1663">
    <p class='ocr_par' dir='ltr' id='par_1_16' title="bbox 1289 1593 2865 1663">
     <span class='ocr_line' id='line_1_16' title="bbox 1289 1593 2865 1663; baseline -0.001 -19"><span class='ocrx_word' id='word_1_105' title='bbox 1289 1599 1371 1645; x_wconf 90' lang='lat' dir='ltr'><strong>est</strong></span> <span class='ocrx_word' id='word_1_106' title='bbox 1399 1600 1706 1646; x_wconf 91' lang='lat' dir='ltr'><strong>sanctorum</strong></span> <span class='ocrx_word' id='word_1_107' title='bbox 1734 1593 1970 1648; x_wconf 75' lang='lat' dir='ltr'><strong>cmlcstis</strong></span> <span class='ocrx_word' id='word_1_108' title='bbox 2019 1595 2209 1662; x_wconf 85' lang='lat' dir='ltr'><strong>patria.</strong></span> <span class='ocrx_word' id='word_1_109' title='bbox 2249 1593 2395 1647; x_wconf 86' lang='lat' dir='ltr'><strong>Beati</strong></span> <span class='ocrx_word' id='word_1_110' title='bbox 2423 1594 2512 1663; x_wconf 87' lang='lat' dir='ltr'><strong>qui</strong></span> <span class='ocrx_word' id='word_1_111' title='bbox 2557 1595 2608 1646; x_wconf 90' lang='lat' dir='ltr'><strong>in</strong></span> <span class='ocrx_word' id='word_1_112' title='bbox 2642 1594 2738 1646; x_wconf 84' lang='lat' dir='ltr'><strong>hac</strong></span> <span class='ocrx_word' id='word_1_113' title='bbox 2780 1607 2865 1644; x_wconf 87' lang='lat' dir='ltr'><strong>re-</strong></span> 
     </span>
    </p>
   </div>
   <div class='ocr_carea' id='block_1_17' title="bbox 1287 1685 2863 1757">
    <p class='ocr_par' dir='ltr' id='par_1_17' title="bbox 1287 1685 2863 1757">
     <span class='ocr_line' id='line_1_17' title="bbox 1287 1685 2863 1757; baseline 0 -18"><span class='ocrx_word' id='word_1_114' title='bbox 1287 1685 1447 1754; x_wconf 89' lang='lat' dir='ltr'><strong>gione</strong></span> <span class='ocrx_word' id='word_1_115' title='bbox 1475 1687 1717 1752; x_wconf 83' lang='lat' dir='ltr'><strong>perenni,</strong></span> <span class='ocrx_word' id='word_1_116' title='bbox 1748 1697 1803 1741; x_wconf 89' lang='lat' dir='ltr'><strong>et</strong></span> <span class='ocrx_word' id='word_1_117' title='bbox 1827 1703 1918 1753; x_wconf 83' lang='lat' dir='ltr'><strong>per</strong></span> <span class='ocrx_word' id='word_1_118' title='bbox 1947 1693 2146 1742; x_wconf 87' lang='lat' dir='ltr'><strong>scalam</strong></span> <span class='ocrx_word' id='word_1_119' title='bbox 2179 1690 2456 1757; x_wconf 68' lang='lat' dir='ltr'><strong>praesentis</strong></span> <span class='ocrx_word' id='word_1_120' title='bbox 2486 1689 2743 1757; x_wconf 82' lang='lat' dir='ltr'><strong>temporis</strong></span> <span class='ocrx_word' id='word_1_121' title='bbox 2768 1688 2863 1740; x_wconf 91' lang='lat' dir='ltr'><strong>ob-</strong></span> 
     </span>
    </p>
   </div>
   <div class='ocr_carea' id='block_1_18' title="bbox 1287 1777 2862 1844">
    <p class='ocr_par' dir='ltr' id='par_1_18' title="bbox 1287 1777 2862 1844">
     <span class='ocr_line' id='line_1_18' title="bbox 1287 1777 2862 1844; baseline 0.001 -15"><span class='ocrx_word' id='word_1_122' title='bbox 1287 1777 1570 1830; x_wconf 81' lang='lat' dir='ltr'><strong>servantia:</strong></span> <span class='ocrx_word' id='word_1_123' title='bbox 1618 1777 1870 1844; x_wconf 80' lang='lat' dir='ltr'><strong>gradibus</strong></span> <span class='ocrx_word' id='word_1_124' title='bbox 1916 1778 2234 1832; x_wconf 88' lang='lat' dir='ltr'><strong>humilitatis</strong></span> <span class='ocrx_word' id='word_1_125' title='bbox 2281 1780 2540 1843; x_wconf 82' lang='lat' dir='ltr'><strong>ascensis,</strong></span> <span class='ocrx_word' id='word_1_126' title='bbox 2589 1778 2862 1839; x_wconf 70' lang='lat' dir='ltr'><strong>potuerint</strong></span> 
     </span>
    </p>
   </div>
   <div class='ocr_carea' id='block_1_19' title="bbox 2975 581 4539 652">
    <p class='ocr_par' dir='ltr' id='par_1_19' title="bbox 2975 581 4539 652">
     <span class='ocr_line' id='line_1_19' title="bbox 2975 581 4539 652; baseline -0.003 -16"><span class='ocrx_word' id='word_1_127' title='bbox 2975 583 3074 647; x_wconf 80' lang='lat' dir='ltr'><strong>Qui</strong></span> <span class='ocrx_word' id='word_1_128' title='bbox 3104 600 3187 637; x_wconf 88' lang='lat' dir='ltr'><strong>vos</strong></span> <span class='ocrx_word' id='word_1_129' title='bbox 3218 581 3390 647; x_wconf 82' lang='lat' dir='ltr'><strong>audit,</strong></span> <span class='ocrx_word' id='word_1_130' title='bbox 3422 599 3502 634; x_wconf 89' lang='lat' dir='ltr'><strong>me</strong></span> <span class='ocrx_word' id='word_1_131' title='bbox 3531 583 3673 635; x_wconf 81' lang='lat' dir='ltr'><strong>audit</strong></span> <span class='ocrx_word' id='word_1_132' title='bbox 3700 597 3716 634; x_wconf 91' lang='lat'><em>:</em></span> <span class='ocrx_word' id='word_1_133' title='bbox 3748 591 3796 634; x_wconf 88' lang='lat' dir='ltr'><strong>et</strong></span> <span class='ocrx_word' id='word_1_134' title='bbox 3815 583 3900 652; x_wconf 88' lang='lat' dir='ltr'><strong>qui</strong></span> <span class='ocrx_word' id='word_1_135' title='bbox 3920 597 4007 635; x_wconf 77' lang='lat' dir='ltr'><strong>vos</strong></span> <span class='ocrx_word' id='word_1_136' title='bbox 4036 581 4256 651; x_wconf 71' lang='lat' dir='ltr'><strong>spernit,</strong></span> <span class='ocrx_word' id='word_1_137' title='bbox 4295 597 4374 633; x_wconf 78' lang='lat' dir='ltr'><strong>me</strong></span> <span class='ocrx_word' id='word_1_138' title='bbox 4396 596 4539 648; x_wconf 85' lang='lat' dir='ltr'><strong>sper-</strong></span> 
     </span>
    </p>
   </div>
   <div class='ocr_carea' id='block_1_20' title="bbox 2979 670 4539 742">
    <p class='ocr_par' dir='ltr' id='par_1_20' title="bbox 2979 670 4539 742">
     <span class='ocr_line' id='line_1_20' title="bbox 2979 670 4539 742; baseline -0.003 -15"><span class='ocrx_word' id='word_1_139' title='bbox 2979 676 3052 727; x_wconf 90' lang='lat' dir='ltr'><strong>nit</strong></span> <span class='ocrx_word' id='word_1_140' title='bbox 3086 674 3235 742; x_wconf 73' lang='lat' dir='ltr'><strong>(Luc.</strong></span> <span class='ocrx_word' id='word_1_141' title='bbox 3268 681 3346 741; x_wconf 86' lang='lat' dir='ltr'><strong>x).</strong></span> <span class='ocrx_word' id='word_1_142' title='bbox 3379 672 3443 726; x_wconf 85' lang='lat' dir='ltr'><strong>Et</strong></span> <span class='ocrx_word' id='word_1_143' title='bbox 3503 674 3693 727; x_wconf 88' lang='lat' dir='ltr'><strong>iterum</strong></span> <span class='ocrx_word' id='word_1_144' title='bbox 3743 671 3871 726; x_wconf 87' lang='lat' dir='ltr'><strong>dicit</strong></span> <span class='ocrx_word' id='word_1_145' title='bbox 3915 672 4070 726; x_wconf 89' lang='lat' dir='ltr'><strong>nobis</strong></span> <span class='ocrx_word' id='word_1_146' title='bbox 4115 686 4214 740; x_wconf 88' lang='lat' dir='ltr'><strong>per</strong></span> <span class='ocrx_word' id='word_1_147' title='bbox 4254 670 4539 726; x_wconf 73' lang='lat' dir='ltr'><strong>Jeremiazu</strong></span> 
     </span>
    </p>
   </div>
   <div class='ocr_carea' id='block_1_21' title="bbox 2974 763 4541 836">
    <p class='ocr_par' dir='ltr' id='par_1_21' title="bbox 2974 763 4541 836">
     <span class='ocr_line' id='line_1_21' title="bbox 2974 763 4541 836; baseline -0.001 -16"><span class='ocrx_word' id='word_1_148' title='bbox 2974 768 3288 836; x_wconf 83' lang='lat' dir='ltr'><strong>prophetam</strong></span> <span class='ocrx_word' id='word_1_149' title='bbox 3324 767 3578 820; x_wconf 79' lang='lat' dir='ltr'><strong>Dominus</strong></span> <span class='ocrx_word' id='word_1_150' title='bbox 3609 783 3622 818; x_wconf 90' lang='lat'><strong>:</strong></span> <span class='ocrx_word' id='word_1_151' title='bbox 3660 763 3800 818; x_wconf 85' lang='lat' dir='ltr'><strong>Dabo</strong></span> <span class='ocrx_word' id='word_1_152' title='bbox 3829 765 3966 818; x_wconf 82' lang='lat' dir='ltr'><strong>vobis</strong></span> <span class='ocrx_word' id='word_1_153' title='bbox 4004 771 4242 834; x_wconf 79' lang='lat' dir='ltr'><strong>pastores</strong></span> <span class='ocrx_word' id='word_1_154' title='bbox 4275 777 4324 815; x_wconf 69' lang='grc' dir='ltr'>ει</span> <span class='ocrx_word' id='word_1_155' title='bbox 4364 763 4541 818; x_wconf 73' lang='grc' dir='ltr'><strong>ἀθεω-</strong></span> 
     </span>
    </p>
   </div>
   <div class='ocr_carea' id='block_1_22' title="bbox 2971 858 4540 926">
    <p class='ocr_par' dir='ltr' id='par_1_22' title="bbox 2971 858 4540 926">
     <span class='ocr_line' id='line_1_22' title="bbox 2971 858 4540 926; baseline -0.002 -16"><span class='ocrx_word' id='word_1_156' title='bbox 2971 874 3052 910; x_wconf 73' lang='grc' dir='ltr'><strong>ηδ</strong></span> <span class='ocrx_word' id='word_1_157' title='bbox 3079 858 3354 912; x_wconf 76' lang='lat' dir='ltr'><strong>secundant</strong></span> <span class='ocrx_word' id='word_1_158' title='bbox 3383 874 3472 911; x_wconf 73' lang='grc' dir='ltr'><strong>εον</strong></span> <span class='ocrx_word' id='word_1_159' title='bbox 3498 873 3683 921; x_wconf 86' lang='lat' dir='ltr'><strong>meum,</strong></span> <span class='ocrx_word' id='word_1_160' title='bbox 3717 868 3766 910; x_wconf 88' lang='lat' dir='ltr'><strong>et</strong></span> <span class='ocrx_word' id='word_1_161' title='bbox 3786 865 3994 926; x_wconf 75' lang='lat' dir='ltr'><strong>poscent</strong></span> <span class='ocrx_word' id='word_1_162' title='bbox 4023 872 4110 909; x_wconf 70' lang='grc' dir='ltr'><strong>υοδ</strong></span> <span class='ocrx_word' id='word_1_163' title='bbox 4134 865 4408 925; x_wconf 79' lang='lat' dir='ltr'><strong>pascentes</strong></span> <span class='ocrx_word' id='word_1_164' title='bbox 4433 871 4540 907; x_wconf 69' lang='lat' dir='ltr'><strong>tum</strong></span> 
     </span>
    </p>
   </div>
   <div class='ocr_carea' id='block_1_23' title="bbox 2969 946 4538 1018">
    <p class='ocr_par' dir='ltr' id='par_1_23' title="bbox 2969 946 4538 1018">
     <span class='ocr_line' id='line_1_23' title="bbox 2969 946 4538 1018; baseline 0 -20"><span class='ocrx_word' id='word_1_165' title='bbox 2969 947 3242 1018; x_wconf 75' lang='lat' dir='ltr'><strong>disciplina</strong></span> <span class='ocrx_word' id='word_1_166' title='bbox 3275 948 3405 1014; x_wconf 86' lang='lat' dir='ltr'><strong>(Jer.</strong></span> <span class='ocrx_word' id='word_1_167' title='bbox 3441 951 3579 1016; x_wconf 92' lang='lat' dir='ltr'><strong>xm).</strong></span> <span class='ocrx_word' id='word_1_168' title='bbox 3614 947 3754 1015; x_wconf 78' lang='lat' dir='ltr'><strong>Ergo</strong></span> <span class='ocrx_word' id='word_1_169' title='bbox 3799 946 4090 1001; x_wconf 70' lang='lat' dir='ltr'><strong>secundum</strong></span> <span class='ocrx_word' id='word_1_170' title='bbox 4137 946 4284 1000; x_wconf 86' lang='lat' dir='ltr'><strong>illam</strong></span> <span class='ocrx_word' id='word_1_171' title='bbox 4318 947 4538 1016; x_wconf 79' lang='lat' dir='ltr'><strong>figuram</strong></span> 
     </span>
    </p>
   </div>
   <div class='ocr_carea' id='block_1_24' title="bbox 2969 1040 4540 1110">
    <p class='ocr_par' dir='ltr' id='par_1_24' title="bbox 2969 1040 4540 1110">
     <span class='ocr_line' id='line_1_24' title="bbox 2969 1040 4540 1110; baseline 0.001 -17"><span class='ocrx_word' id='word_1_172' title='bbox 2969 1042 3212 1094; x_wconf 59' lang='lat' dir='ltr'><strong>inuitante</strong></span> <span class='ocrx_word' id='word_1_173' title='bbox 3238 1042 3449 1106; x_wconf 88' lang='lat' dir='ltr'><strong>domus,</strong></span> <span class='ocrx_word' id='word_1_174' title='bbox 3479 1048 3680 1109; x_wconf 88' lang='lat' dir='ltr'><strong>quanto</strong></span> <span class='ocrx_word' id='word_1_175' title='bbox 3726 1041 3894 1106; x_wconf 90' lang='lat' dir='ltr'><strong>magis</strong></span> <span class='ocrx_word' id='word_1_176' title='bbox 3919 1040 3974 1094; x_wconf 91' lang='lat' dir='ltr'><strong>in</strong></span> <span class='ocrx_word' id='word_1_177' title='bbox 4005 1040 4183 1094; x_wconf 85' lang='lat' dir='ltr'><strong>divina</strong></span> <span class='ocrx_word' id='word_1_178' title='bbox 4217 1041 4385 1094; x_wconf 90' lang='lat' dir='ltr'><strong>domo</strong></span> <span class='ocrx_word' id='word_1_179' title='bbox 4445 1057 4540 1110; x_wconf 89' lang='lat' dir='ltr'><strong>pro</strong></span> 
     </span>
    </p>
   </div>
   <div class='ocr_carea' id='block_1_25' title="bbox 2969 1130 4544 1199">
    <p class='ocr_par' dir='ltr' id='par_1_25' title="bbox 2969 1130 4544 1199">
     <span class='ocr_line' id='line_1_25' title="bbox 2969 1130 4544 1199; baseline 0.001 -15"><span class='ocrx_word' id='word_1_180' title='bbox 2969 1146 3128 1186; x_wconf 89' lang='lat' dir='ltr'><strong>causa</strong></span> <span class='ocrx_word' id='word_1_181' title='bbox 3162 1130 3253 1185; x_wconf 90' lang='lat' dir='ltr'><strong>Dei</strong></span> <span class='ocrx_word' id='word_1_182' title='bbox 3290 1132 3486 1199; x_wconf 88' lang='lat' dir='ltr'><strong>gradus</strong></span> <span class='ocrx_word' id='word_1_183' title='bbox 3527 1131 3786 1185; x_wconf 72' lang='lat' dir='ltr'><strong>doctrina:</strong></span> <span class='ocrx_word' id='word_1_184' title='bbox 3817 1131 3898 1185; x_wconf 70' lang='lat' dir='ltr'><strong>vel</strong></span> <span class='ocrx_word' id='word_1_185' title='bbox 3947 1131 4151 1186; x_wconf 89' lang='lat' dir='ltr'><strong>timoris</strong></span> <span class='ocrx_word' id='word_1_186' title='bbox 4189 1132 4392 1186; x_wconf 88' lang='lat' dir='ltr'><strong>debent</strong></span> <span class='ocrx_word' id='word_1_187' title='bbox 4433 1147 4544 1186; x_wconf 75' lang='lat' dir='ltr'><strong>ser-</strong></span> 
     </span>
    </p>
   </div>
   <div class='ocr_carea' id='block_1_26' title="bbox 2972 1223 4540 1293">
    <p class='ocr_par' dir='ltr' id='par_1_26' title="bbox 2972 1223 4540 1293">
     <span class='ocr_line' id='line_1_26' title="bbox 2972 1223 4540 1293; baseline 0 -15"><span class='ocrx_word' id='word_1_188' title='bbox 2972 1226 3114 1278; x_wconf 78' lang='lat' dir='ltr'><strong>vari?</strong></span> <span class='ocrx_word' id='word_1_189' title='bbox 3149 1233 3205 1278; x_wconf 90' lang='lat' dir='ltr'><strong>ut</strong></span> <span class='ocrx_word' id='word_1_190' title='bbox 3234 1225 3298 1278; x_wconf 90' lang='lat' dir='ltr'><strong>ad</strong></span> <span class='ocrx_word' id='word_1_191' title='bbox 3325 1223 3596 1293; x_wconf 86' lang='lat' dir='ltr'><strong>purganda</strong></span> <span class='ocrx_word' id='word_1_192' title='bbox 3628 1224 3756 1277; x_wconf 87' lang='lat' dir='ltr'><strong>vitia</strong></span> <span class='ocrx_word' id='word_1_193' title='bbox 3787 1223 3868 1278; x_wconf 88' lang='lat' dir='ltr'><strong>vel</strong></span> <span class='ocrx_word' id='word_1_194' title='bbox 3894 1233 4113 1293; x_wconf 85' lang='lat' dir='ltr'><strong>peccata</strong></span> <span class='ocrx_word' id='word_1_195' title='bbox 4143 1223 4393 1291; x_wconf 80' lang='lat' dir='ltr'><strong>fratrum,</strong></span> <span class='ocrx_word' id='word_1_196' title='bbox 4422 1239 4540 1278; x_wconf 87' lang='lat' dir='ltr'><strong>cum</strong></span> 
     </span>
    </p>
   </div>
   <div class='ocr_carea' id='block_1_27' title="bbox 2971 1315 4544 1384">
    <p class='ocr_par' dir='ltr' id='par_1_27' title="bbox 2971 1315 4544 1384">
     <span class='ocr_line' id='line_1_27' title="bbox 2971 1315 4544 1384; baseline -0.001 -14"><span class='ocrx_word' id='word_1_197' title='bbox 2971 1334 2982 1384; x_wconf 68' lang='grc' dir='ltr'><strong>ε</strong></span> <span class='ocrx_word' id='word_1_198' title='bbox 3006 1317 3239 1384; x_wconf 68' lang='lat' dir='ltr'><strong>mpositi</strong></span> <span class='ocrx_word' id='word_1_199' title='bbox 3268 1316 3466 1370; x_wconf 90' lang='lat' dir='ltr'><strong>fuerint</strong></span> <span class='ocrx_word' id='word_1_200' title='bbox 3493 1316 3748 1378; x_wconf 86' lang='lat' dir='ltr'><strong>ordinati,</strong></span> <span class='ocrx_word' id='word_1_201' title='bbox 3783 1316 4116 1384; x_wconf 77' lang='lat' dir='ltr'><strong>aiiquantum</strong></span> <span class='ocrx_word' id='word_1_202' title='bbox 4149 1315 4321 1370; x_wconf 86' lang='lat' dir='ltr'><strong>abbas</strong></span> <span class='ocrx_word' id='word_1_203' title='bbox 4341 1316 4408 1370; x_wconf 93' lang='lat' dir='ltr'><strong>dc</strong></span> <span class='ocrx_word' id='word_1_204' title='bbox 4431 1317 4544 1369; x_wconf 86' lang='lat' dir='ltr'><strong>ani-</strong></span> 
     </span>
    </p>
   </div>
   <div class='ocr_carea' id='block_1_28' title="bbox 2969 1407 4542 1476">
    <p class='ocr_par' dir='ltr' id='par_1_28' title="bbox 2969 1407 4542 1476">
     <span class='ocr_line' id='line_1_28' title="bbox 2969 1407 4542 1476; baseline 0 -14"><span class='ocrx_word' id='word_1_205' title='bbox 2969 1425 3174 1462; x_wconf 81' lang='lat' dir='ltr'><strong>marum</strong></span> <span class='ocrx_word' id='word_1_206' title='bbox 3206 1409 3258 1462; x_wconf 93' lang='lat' dir='ltr'><strong>in</strong></span> <span class='ocrx_word' id='word_1_207' title='bbox 3287 1425 3346 1462; x_wconf 86' lang='lat' dir='ltr'><strong>se</strong></span> <span class='ocrx_word' id='word_1_208' title='bbox 3388 1407 3612 1462; x_wconf 92' lang='lat' dir='ltr'><strong>fratrutn</strong></span> <span class='ocrx_word' id='word_1_209' title='bbox 3639 1417 4011 1476; x_wconf 84' lang='lat' dir='ltr'><strong>susceptarum</strong></span> <span class='ocrx_word' id='word_1_210' title='bbox 4053 1409 4428 1464; x_wconf 85' lang='lat' dir='ltr'><strong>custodiendis</strong></span> <span class='ocrx_word' id='word_1_211' title='bbox 4456 1425 4542 1462; x_wconf 86' lang='lat' dir='ltr'><strong>ra-</strong></span> 
     </span>
    </p>
   </div>
   <div class='ocr_carea' id='block_1_29' title="bbox 2971 1498 4542 1568">
    <p class='ocr_par' dir='ltr' id='par_1_29' title="bbox 2971 1498 4542 1568">
     <span class='ocr_line' id='line_1_29' title="bbox 2971 1498 4542 1568; baseline 0.001 -16"><span class='ocrx_word' id='word_1_212' title='bbox 2971 1499 3202 1553; x_wconf 84' lang='lat' dir='ltr'><strong>tiociniis</strong></span> <span class='ocrx_word' id='word_1_213' title='bbox 3231 1498 3484 1552; x_wconf 52' lang='lat' dir='ltr'><strong>reddatur</strong></span> <span class='ocrx_word' id='word_1_214' title='bbox 3511 1513 3752 1553; x_wconf 89' lang='lat' dir='ltr'><strong>securus.</strong></span> <span class='ocrx_word' id='word_1_215' title='bbox 3785 1498 3954 1568; x_wconf 84' lang='lat' dir='ltr'><strong>Cujus</strong></span> <span class='ocrx_word' id='word_1_216' title='bbox 3981 1513 4112 1568; x_wconf 85' lang='lat' dir='ltr'><strong>ergo</strong></span> <span class='ocrx_word' id='word_1_217' title='bbox 4143 1501 4368 1554; x_wconf 82' lang='lat' dir='ltr'><strong>honoris</strong></span> <span class='ocrx_word' id='word_1_218' title='bbox 4397 1502 4542 1556; x_wconf 90' lang='lat' dir='ltr'><strong>ordi-</strong></span> 
     </span>
    </p>
   </div>
   <div class='ocr_carea' id='block_1_30' title="bbox 2970 1591 4543 1649">
    <p class='ocr_par' dir='ltr' id='par_1_30' title="bbox 2970 1591 4543 1649">
     <span class='ocr_line' id='line_1_30' title="bbox 2970 1591 4543 1649; baseline 0.003 -4"><span class='ocrx_word' id='word_1_219' title='bbox 2970 1608 3020 1645; x_wconf 85' lang='lat' dir='ltr'><strong>n:</strong></span> <span class='ocrx_word' id='word_1_220' title='bbox 3042 1594 3114 1646; x_wconf 86' lang='lat' dir='ltr'><strong>tio</strong></span> <span class='ocrx_word' id='word_1_221' title='bbox 3143 1592 3255 1646; x_wconf 68' lang='lat' dir='ltr'><strong>haec</strong></span> <span class='ocrx_word' id='word_1_222' title='bbox 3280 1594 3368 1645; x_wconf 89' lang='lat' dir='ltr'><strong>sit.</strong></span> <span class='ocrx_word' id='word_1_223' title='bbox 3398 1591 3723 1647; x_wconf 79' lang='lat' dir='ltr'><strong>Convocatis</strong></span> <span class='ocrx_word' id='word_1_224' title='bbox 3750 1591 3953 1646; x_wconf 88' lang='lat' dir='ltr'><strong>eisdem</strong></span> <span class='ocrx_word' id='word_1_225' title='bbox 3976 1591 4161 1648; x_wconf 89' lang='lat' dir='ltr'><strong>decem</strong></span> <span class='ocrx_word' id='word_1_226' title='bbox 4197 1595 4458 1648; x_wconf 78' lang='lat' dir='ltr'><strong>fratribus</strong></span> <span class='ocrx_word' id='word_1_227' title='bbox 4480 1598 4543 1649; x_wconf 91' lang='lat' dir='ltr'><strong>ab</strong></span> 
     </span>
    </p>
   </div>
   <div class='ocr_carea' id='block_1_31' title="bbox 2971 1685 4543 1754">
    <p class='ocr_par' dir='ltr' id='par_1_31' title="bbox 2971 1685 4543 1754">
     <span class='ocr_line' id='line_1_31' title="bbox 2971 1685 4543 1754; baseline 0.001 -17"><span class='ocrx_word' id='word_1_228' title='bbox 2971 1685 3185 1749; x_wconf 87' lang='lat' dir='ltr'><strong>abbate,</strong></span> <span class='ocrx_word' id='word_1_229' title='bbox 3220 1693 3482 1753; x_wconf 71' lang='lat' dir='ltr'><strong>prmseute</strong></span> <span class='ocrx_word' id='word_1_230' title='bbox 3520 1685 3664 1738; x_wconf 90' lang='lat' dir='ltr'><strong>omni</strong></span> <span class='ocrx_word' id='word_1_231' title='bbox 3710 1685 4152 1754; x_wconf 89' lang='lat' dir='ltr'><strong>congregatione,</strong></span> <span class='ocrx_word' id='word_1_232' title='bbox 4184 1686 4236 1738; x_wconf 92' lang='lat' dir='ltr'><strong>in</strong></span> <span class='ocrx_word' id='word_1_233' title='bbox 4283 1689 4543 1751; x_wconf 88' lang='lat' dir='ltr'><strong>oratorio,</strong></span> 
     </span>
    </p>
   </div>
   <div class='ocr_carea' id='block_1_32' title="bbox 2969 1777 4542 1846">
    <p class='ocr_par' dir='ltr' id='par_1_32' title="bbox 2969 1777 4542 1846">
     <span class='ocr_line' id='line_1_32' title="bbox 2969 1777 4542 1846; baseline -0.001 -17"><span class='ocrx_word' id='word_1_234' title='bbox 2969 1779 3310 1846; x_wconf 82' lang='lat' dir='ltr'><strong>susceptione</strong></span> <span class='ocrx_word' id='word_1_235' title='bbox 3342 1777 3500 1845; x_wconf 74' lang='lat' dir='ltr'><strong>virga:</strong></span> <span class='ocrx_word' id='word_1_236' title='bbox 3528 1779 3712 1832; x_wconf 89' lang='lat' dir='ltr'><strong>decem</strong></span> <span class='ocrx_word' id='word_1_237' title='bbox 3743 1778 3846 1831; x_wconf 87' lang='lat' dir='ltr'><strong>iliis</strong></span> <span class='ocrx_word' id='word_1_238' title='bbox 3879 1789 4258 1846; x_wconf 70' lang='lat' dir='ltr'><strong>praeponantur</strong></span> <span class='ocrx_word' id='word_1_239' title='bbox 4288 1794 4423 1833; x_wconf 87' lang='lat' dir='ltr'><strong>voce</strong></span> <span class='ocrx_word' id='word_1_240' title='bbox 4454 1782 4542 1831; x_wconf 64' lang='lat' dir='ltr'><strong>aii-</strong></span> 
     </span>
    </p>
   </div>
   <div class='ocr_carea' id='block_1_33' title="bbox 1287 1860 4540 1941">
    <p class='ocr_par' dir='ltr' id='par_1_33' title="bbox 1287 1860 4540 1941">
     <span class='ocr_line' id='line_1_33' title="bbox 1287 1860 4540 1941; baseline 0.001 -21"><span class='ocrx_word' id='word_1_241' title='bbox 1287 1867 1516 1934; x_wconf 83' lang='lat' dir='ltr'><strong>elevari;</strong></span> <span class='ocrx_word' id='word_1_242' title='bbox 1549 1869 1687 1922; x_wconf 91' lang='lat' dir='ltr'><strong>utin</strong></span> <span class='ocrx_word' id='word_1_243' title='bbox 1737 1877 1992 1936; x_wconf 87' lang='lat' dir='ltr'><strong>perpetua</strong></span> <span class='ocrx_word' id='word_1_244' title='bbox 2037 1884 2161 1923; x_wconf 92' lang='lat' dir='ltr'><strong>cum</strong></span> <span class='ocrx_word' id='word_1_245' title='bbox 2191 1869 2304 1922; x_wconf 88' lang='lat' dir='ltr'><strong>Deo</strong></span> <span class='ocrx_word' id='word_1_246' title='bbox 2354 1869 2719 1924; x_wconf 89' lang='lat' dir='ltr'><strong>exsultatione</strong></span> <span class='ocrx_word' id='word_1_247' title='bbox 2765 1869 2852 1923; x_wconf 64' lang='lat' dir='ltr'><strong>laa-</strong></span> <span class='ocrx_word' id='word_1_248' title='bbox 2888 1860 2937 1919; x_wconf 87' lang='grc' dir='ltr'><strong>Β</strong></span> <span class='ocrx_word' id='word_1_249' title='bbox 2967 1871 3121 1932; x_wconf 84' lang='lat' dir='ltr'><strong>hatis,</strong></span> <span class='ocrx_word' id='word_1_250' title='bbox 3163 1871 3470 1924; x_wconf 89' lang='lat' dir='ltr'><strong>testimonio</strong></span> <span class='ocrx_word' id='word_1_251' title='bbox 3499 1870 3790 1938; x_wconf 71' lang='lat' dir='ltr'><strong>Scriptura:</strong></span> <span class='ocrx_word' id='word_1_252' title='bbox 3834 1870 4104 1924; x_wconf 81' lang='lat' dir='ltr'><strong>dicentis:</strong></span> <span class='ocrx_word' id='word_1_253' title='bbox 4151 1869 4321 1941; x_wconf 80' lang='lat' dir='ltr'><strong>Reges</strong></span> <span class='ocrx_word' id='word_1_254' title='bbox 4367 1888 4454 1924; x_wconf 84' lang='lat' dir='ltr'><strong>eos</strong></span> <span class='ocrx_word' id='word_1_255' title='bbox 4486 1873 4540 1922; x_wconf 86' lang='lat' dir='ltr'><strong>in</strong></span> 
     </span>
    </p>
   </div>
   <div class='ocr_carea' id='block_1_34' title="bbox 1288 1961 2857 2028">
    <p class='ocr_par' dir='ltr' id='par_1_34' title="bbox 1288 1961 2857 2028">
     <span class='ocr_line' id='line_1_34' title="bbox 1288 1961 2857 2028; baseline 0.002 -18"><span class='ocrx_word' id='word_1_256' title='bbox 1288 1966 1466 2012; x_wconf 91' lang='lat' dir='ltr'><strong>tentur</strong></span> <span class='ocrx_word' id='word_1_257' title='bbox 1497 1976 1509 2010; x_wconf 92' lang='lat'>:</span> <span class='ocrx_word' id='word_1_258' title='bbox 1543 1973 1702 2027; x_wconf 88' lang='lat' dir='ltr'><strong>quam</strong></span> <span class='ocrx_word' id='word_1_259' title='bbox 1732 1961 2052 2028; x_wconf 65' lang='lat' dir='ltr'><strong>praeparavit</strong></span> <span class='ocrx_word' id='word_1_260' title='bbox 2084 1961 2223 2014; x_wconf 68' lang='lat' dir='ltr'><strong>Drus</strong></span> <span class='ocrx_word' id='word_1_261' title='bbox 2245 1961 2328 2014; x_wconf 92' lang='lat' dir='ltr'><strong>his</strong></span> <span class='ocrx_word' id='word_1_262' title='bbox 2351 1961 2441 2028; x_wconf 82' lang='lat' dir='ltr'><strong>qui</strong></span> <span class='ocrx_word' id='word_1_263' title='bbox 2466 1961 2694 2027; x_wconf 85' lang='lat' dir='ltr'><strong>diligunt</strong></span> <span class='ocrx_word' id='word_1_264' title='bbox 2715 1975 2857 2024; x_wconf 90' lang='lat' dir='ltr'><strong>eum,</strong></span> 
     </span>
    </p>
   </div>
   <div class='ocr_carea' id='block_1_35' title="bbox 1287 2050 2820 2120">
    <p class='ocr_par' dir='ltr' id='par_1_35' title="bbox 1287 2050 2820 2120">
     <span class='ocr_line' id='line_1_35' title="bbox 1287 2050 2820 2120; baseline -0.001 -16"><span class='ocrx_word' id='word_1_265' title='bbox 1287 2058 1341 2104; x_wconf 92' lang='lat' dir='ltr'><strong>et</strong></span> <span class='ocrx_word' id='word_1_266' title='bbox 1369 2050 1678 2104; x_wconf 78' lang='lat' dir='ltr'><strong>custodiunt</strong></span> <span class='ocrx_word' id='word_1_267' title='bbox 1707 2051 1960 2105; x_wconf 89' lang='lat' dir='ltr'><strong>mandata</strong></span> <span class='ocrx_word' id='word_1_268' title='bbox 1987 2051 2126 2120; x_wconf 87' lang='lat' dir='ltr'><strong>ejus,</strong></span> <span class='ocrx_word' id='word_1_269' title='bbox 2158 2061 2214 2105; x_wconf 84' lang='lat' dir='ltr'><strong>et</strong></span> <span class='ocrx_word' id='word_1_270' title='bbox 2254 2053 2454 2106; x_wconf 89' lang='lat' dir='ltr'><strong>mundo</strong></span> <span class='ocrx_word' id='word_1_271' title='bbox 2484 2061 2609 2106; x_wconf 91' lang='lat' dir='ltr'><strong>sunt</strong></span> <span class='ocrx_word' id='word_1_272' title='bbox 2638 2051 2820 2106; x_wconf 87' lang='lat' dir='ltr'><strong>corde.</strong></span> 
     </span>
    </p>
   </div>
   <div class='ocr_carea' id='block_1_36' title="bbox 1366 2142 2859 2214">
    <p class='ocr_par' dir='ltr' id='par_1_36' title="bbox 1366 2142 2859 2214">
     <span class='ocr_line' id='line_1_36' title="bbox 1366 2142 2859 2214; baseline 0.003 -19"><span class='ocrx_word' id='word_1_273' title='bbox 1366 2142 1788 2214; x_wconf 79' lang='lat' dir='ltr'><strong>[Explicitactus</strong></span> <span class='ocrx_word' id='word_1_274' title='bbox 1811 2144 2011 2198; x_wconf 82' lang='lat' dir='ltr'><strong>militi-.c</strong></span> <span class='ocrx_word' id='word_1_275' title='bbox 2036 2145 2213 2199; x_wconf 88' lang='lat' dir='ltr'><strong>cordis</strong></span> <span class='ocrx_word' id='word_1_276' title='bbox 2245 2161 2340 2212; x_wconf 88' lang='lat' dir='ltr'><strong>pro</strong></span> <span class='ocrx_word' id='word_1_277' title='bbox 2365 2145 2556 2199; x_wconf 87' lang='lat' dir='ltr'><strong>timore</strong></span> <span class='ocrx_word' id='word_1_278' title='bbox 2574 2145 2689 2211; x_wconf 90' lang='lat' dir='ltr'><strong>Dei,</strong></span> <span class='ocrx_word' id='word_1_279' title='bbox 2719 2159 2859 2214; x_wconf 86' lang='lat' dir='ltr'><strong>quo-</strong></span> 
     </span>
    </p>
   </div>
   <div class='ocr_carea' id='block_1_37' title="bbox 1287 2231 2862 2305">
    <p class='ocr_par' dir='ltr' id='par_1_37' title="bbox 1287 2231 2862 2305">
     <span class='ocr_line' id='line_1_37' title="bbox 1287 2231 2862 2305; baseline 0.003 -20"><span class='ocrx_word' id='word_1_280' title='bbox 1287 2232 1448 2286; x_wconf 91' lang='lat' dir='ltr'><strong>modo</strong></span> <span class='ocrx_word' id='word_1_281' title='bbox 1489 2231 1806 2301; x_wconf 75' lang='lat' dir='ltr'><strong>effugiantur</strong></span> <span class='ocrx_word' id='word_1_282' title='bbox 1843 2246 2080 2304; x_wconf 87' lang='lat' dir='ltr'><strong>peccata.</strong></span> <span class='ocrx_word' id='word_1_283' title='bbox 2125 2235 2320 2305; x_wconf 85' lang='lat' dir='ltr'><strong>incipit</strong></span> <span class='ocrx_word' id='word_1_284' title='bbox 2366 2237 2634 2292; x_wconf 88' lang='lat' dir='ltr'><strong>ordinatio</strong></span> <span class='ocrx_word' id='word_1_285' title='bbox 2674 2252 2862 2291; x_wconf 88' lang='lat' dir='ltr'><strong>mona-</strong></span> 
     </span>
    </p>
   </div>
   <div class='ocr_carea' id='block_1_38' title="bbox 1283 2328 2862 2395">
    <p class='ocr_par' dir='ltr' id='par_1_38' title="bbox 1283 2328 2862 2395">
     <span class='ocr_line' id='line_1_38' title="bbox 1283 2328 2862 2395; baseline 0.003 -17"><span class='ocrx_word' id='word_1_286' title='bbox 1283 2328 1453 2388; x_wconf 76' lang='lat' dir='ltr'><strong>sterii,</strong></span> <span class='ocrx_word' id='word_1_287' title='bbox 1489 2328 1697 2393; x_wconf 90' lang='lat' dir='ltr'><strong>modus,</strong></span> <span class='ocrx_word' id='word_1_288' title='bbox 1739 2330 2073 2390; x_wconf 70' lang='lat' dir='ltr'><strong>observato,</strong></span> <span class='ocrx_word' id='word_1_289' title='bbox 2109 2329 2326 2395; x_wconf 86' lang='lat' dir='ltr'><strong>gradus,</strong></span> <span class='ocrx_word' id='word_1_290' title='bbox 2371 2329 2729 2394; x_wconf 87' lang='lat' dir='ltr'><strong>continentia,</strong></span> <span class='ocrx_word' id='word_1_291' title='bbox 2768 2343 2862 2382; x_wconf 92' lang='lat' dir='ltr'><strong>cu-</strong></span> 
     </span>
    </p>
   </div>
   <div class='ocr_carea' id='block_1_39' title="bbox 1283 2420 2862 2488">
    <p class='ocr_par' dir='ltr' id='par_1_39' title="bbox 1283 2420 2862 2488">
     <span class='ocr_line' id='line_1_39' title="bbox 1283 2420 2862 2488; baseline 0 -16"><span class='ocrx_word' id='word_1_292' title='bbox 1283 2420 1482 2483; x_wconf 85' lang='lat' dir='ltr'><strong>stodia,</strong></span> <span class='ocrx_word' id='word_1_293' title='bbox 1513 2429 1570 2472; x_wconf 87' lang='lat' dir='ltr'><strong>et</strong></span> <span class='ocrx_word' id='word_1_294' title='bbox 1597 2435 1844 2473; x_wconf 54' lang='lat' dir='ltr'><strong>mensura</strong></span> <span class='ocrx_word' id='word_1_295' title='bbox 1881 2439 1891 2472; x_wconf 91' lang='lat'><strong>:</strong></span> <span class='ocrx_word' id='word_1_296' title='bbox 1925 2421 1978 2474; x_wconf 91' lang='lat' dir='ltr'><strong>in</strong></span> <span class='ocrx_word' id='word_1_297' title='bbox 2021 2421 2216 2488; x_wconf 85' lang='lat' dir='ltr'><strong>quibus</strong></span> <span class='ocrx_word' id='word_1_298' title='bbox 2244 2421 2471 2476; x_wconf 88' lang='lat' dir='ltr'><strong>diversis</strong></span> <span class='ocrx_word' id='word_1_299' title='bbox 2515 2423 2629 2475; x_wconf 62' lang='lat' dir='ltr'><strong>huic</strong></span> <span class='ocrx_word' id='word_1_300' title='bbox 2673 2435 2862 2474; x_wconf 89' lang='lat' dir='ltr'><strong>mona-</strong></span> 
     </span>
    </p>
   </div>
   <div class='ocr_carea' id='block_1_40' title="bbox 1283 2510 2862 2576">
    <p class='ocr_par' dir='ltr' id='par_1_40' title="bbox 1283 2510 2862 2576">
     <span class='ocr_line' id='line_1_40' title="bbox 1283 2510 2862 2576; baseline 0.002 -13"><span class='ocrx_word' id='word_1_301' title='bbox 1283 2510 1432 2563; x_wconf 72' lang='lat' dir='ltr'><strong>Stcrii</strong></span> <span class='ocrx_word' id='word_1_302' title='bbox 1463 2510 1648 2576; x_wconf 85' lang='lat' dir='ltr'><strong>regula</strong></span> <span class='ocrx_word' id='word_1_303' title='bbox 1678 2511 1915 2564; x_wconf 73' lang='lat' dir='ltr'><strong>dictante</strong></span> <span class='ocrx_word' id='word_1_304' title='bbox 1963 2512 2140 2572; x_wconf 87' lang='lat' dir='ltr'><strong>nobis.</strong></span> <span class='ocrx_word' id='word_1_305' title='bbox 2189 2520 2245 2567; x_wconf 90' lang='lat' dir='ltr'><strong>et</strong></span> <span class='ocrx_word' id='word_1_306' title='bbox 2290 2511 2489 2567; x_wconf 86' lang='lat' dir='ltr'><strong>dictata</strong></span> <span class='ocrx_word' id='word_1_307' title='bbox 2541 2511 2862 2567; x_wconf 82' lang='lat' dir='ltr'><strong>discutiente</strong></span> 
     </span>
    </p>
   </div>
   <div class='ocr_carea' id='block_1_41' title="bbox 1289 2602 1960 2672">
    <p class='ocr_par' dir='ltr' id='par_1_41' title="bbox 1289 2602 1960 2672">
     <span class='ocr_line' id='line_1_41' title="bbox 1289 2602 1960 2672; baseline 0.003 -18"><span class='ocrx_word' id='word_1_308' title='bbox 1289 2602 1536 2666; x_wconf 86' lang='lat' dir='ltr'><strong>Domino,</strong></span> <span class='ocrx_word' id='word_1_309' title='bbox 1570 2603 1960 2672; x_wconf 68' lang='lat' dir='ltr'><strong>nuncupatur.)</strong></span> 
     </span>
    </p>
   </div>
   <div class='ocr_carea' id='block_1_42' title="bbox 1895 2711 2246 2768">
    <p class='ocr_par' dir='ltr' id='par_1_42' title="bbox 1895 2711 2246 2768">
     <span class='ocr_line' id='line_1_42' title="bbox 1895 2711 2246 2768; baseline -0.003 0"><span class='ocrx_word' id='word_1_310' title='bbox 1895 2711 2120 2768; x_wconf 81' lang='lat' dir='ltr'><strong>CAPUT</strong></span> <span class='ocrx_word' id='word_1_311' title='bbox 2156 2713 2246 2768; x_wconf 81' lang='lat' dir='ltr'><strong>XI.</strong></span> 
     </span>
    </p>
   </div>
   <div class='ocr_carea' id='block_1_43' title="bbox 1713 2821 2426 2860">
    <p class='ocr_par' dir='ltr' id='par_1_43' title="bbox 1713 2821 2426 2860">
     <span class='ocr_line' id='line_1_43' title="bbox 1713 2821 2426 2860; baseline 0.003 -2"><span class='ocrx_word' id='word_1_312' title='bbox 1713 2821 2103 2860; x_wconf 73' lang='lat' dir='ltr'><strong>IN1EIlllflGA&#39;l‘lft</strong></span> <span class='ocrx_word' id='word_1_313' title='bbox 2151 2821 2426 2860; x_wconf 77' lang='lat' dir='ltr'><strong>DlSCll&#39;l‘Ll.</strong></span> 
     </span>
    </p>
   </div>
   <div class='ocr_carea' id='block_1_44' title="bbox 1678 2919 2467 2990">
    <p class='ocr_par' dir='ltr' id='par_1_44' title="bbox 1678 2919 2467 2990">
     <span class='ocr_line' id='line_1_44' title="bbox 1678 2919 2467 2990; baseline 0.005 -20"><span class='ocrx_word' id='word_1_314' title='bbox 1678 2919 1756 2972; x_wconf 87' lang='lat' dir='ltr'><strong>De</strong></span> <span class='ocrx_word' id='word_1_315' title='bbox 1812 2920 2099 2990; x_wconf 76' lang='lat' dir='ltr'><strong>pra-positis</strong></span> <span class='ocrx_word' id='word_1_316' title='bbox 2153 2922 2467 2974; x_wconf 80' lang='lat' dir='ltr'><strong>monasterii.</strong></span> 
     </span>
    </p>
   </div>
   <div class='ocr_carea' id='block_1_45' title="bbox 1531 3046 2601 3089">
    <p class='ocr_par' dir='ltr' id='par_1_45' title="bbox 1531 3046 2601 3089">
     <span class='ocr_line' id='line_1_45' title="bbox 1531 3046 2601 3089; baseline -0.001 -3"><span class='ocrx_word' id='word_1_317' title='bbox 1531 3046 1834 3089; x_wconf 70' lang='lat' dir='ltr'><strong>RESPONLET</strong></span> <span class='ocrx_word' id='word_1_318' title='bbox 1877 3047 2100 3086; x_wconf 68' lang='lat' dir='ltr'><strong>DOMINUS</strong></span> <span class='ocrx_word' id='word_1_319' title='bbox 2142 3049 2241 3086; x_wconf 75' lang='grc' dir='ltr'>ι».,ιι</span> <span class='ocrx_word' id='word_1_320' title='bbox 2281 3047 2601 3088; x_wconf 70' lang='grc' dir='ltr'>ιιΑῦιετιιυιι.</span> 
     </span>
    </p>
   </div>
   <div class='ocr_carea' id='block_1_46' title="bbox 1352 3144 2859 3215">
    <p class='ocr_par' dir='ltr' id='par_1_46' title="bbox 1352 3144 2859 3215">
     <span class='ocr_line' id='line_1_46' title="bbox 1352 3144 2859 3215; baseline -0.003 -15"><span class='ocrx_word' id='word_1_321' title='bbox 1352 3144 1728 3215; x_wconf 85' lang='lat' dir='ltr'><strong>Superioribus</strong></span> <span class='ocrx_word' id='word_1_322' title='bbox 1771 3144 1930 3212; x_wconf 88' lang='lat' dir='ltr'><strong>hujus</strong></span> <span class='ocrx_word' id='word_1_323' title='bbox 1959 3145 2156 3211; x_wconf 65' lang='lat' dir='ltr'><strong>regula:</strong></span> <span class='ocrx_word' id='word_1_324' title='bbox 2188 3145 2417 3214; x_wconf 80' lang='lat' dir='ltr'><strong>paginis,</strong></span> <span class='ocrx_word' id='word_1_325' title='bbox 2462 3146 2676 3208; x_wconf 90' lang='lat' dir='ltr'><strong>fratres,</strong></span> <span class='ocrx_word' id='word_1_326' title='bbox 2711 3150 2859 3197; x_wconf 88' lang='lat' dir='ltr'><strong>actus</strong></span> 
     </span>
    </p>
   </div>
   <div class='ocr_carea' id='block_1_47' title="bbox 2964 1961 4546 2031">
    <p class='ocr_par' dir='ltr' id='par_1_47' title="bbox 2964 1961 4546 2031">
     <span class='ocr_line' id='line_1_47' title="bbox 2964 1961 4546 2031; baseline 0.001 -16"><span class='ocrx_word' id='word_1_327' title='bbox 2964 1965 3108 2030; x_wconf 80' lang='lat' dir='ltr'><strong>virga</strong></span> <span class='ocrx_word' id='word_1_328' title='bbox 3138 1962 3310 2031; x_wconf 80' lang='lat' dir='ltr'><strong>(l’sal.</strong></span> <span class='ocrx_word' id='word_1_329' title='bbox 3345 1967 3405 2028; x_wconf 82' lang='lat' dir='ltr'><strong>tt)</strong></span> <span class='ocrx_word' id='word_1_330' title='bbox 3434 1978 3446 2014; x_wconf 92' lang='lat'><strong>:</strong></span> <span class='ocrx_word' id='word_1_331' title='bbox 3481 1961 3534 2016; x_wconf 88' lang='lat' dir='ltr'><strong>id</strong></span> <span class='ocrx_word' id='word_1_332' title='bbox 3563 1970 3666 2023; x_wconf 87' lang='lat' dir='ltr'><strong>est,</strong></span> <span class='ocrx_word' id='word_1_333' title='bbox 3701 1963 3753 2016; x_wconf 90' lang='lat' dir='ltr'><strong>in</strong></span> <span class='ocrx_word' id='word_1_334' title='bbox 3799 1962 4006 2016; x_wconf 89' lang='lat' dir='ltr'><strong>timoris</strong></span> <span class='ocrx_word' id='word_1_335' title='bbox 4041 1963 4248 2029; x_wconf 87' lang='lat' dir='ltr'><strong>vigore.</strong></span> <span class='ocrx_word' id='word_1_336' title='bbox 4288 1963 4419 2016; x_wconf 88' lang='lat' dir='ltr'><strong>ltctn</strong></span> <span class='ocrx_word' id='word_1_337' title='bbox 4466 1963 4546 2016; x_wconf 83' lang='lat' dir='ltr'><strong>di-</strong></span> 
     </span>
    </p>
   </div>
   <div class='ocr_carea' id='block_1_48' title="bbox 2963 2054 4541 2125">
    <p class='ocr_par' dir='ltr' id='par_1_48' title="bbox 2963 2054 4541 2125">
     <span class='ocr_line' id='line_1_48' title="bbox 2963 2054 4541 2125; baseline -0.001 -15"><span class='ocrx_word' id='word_1_338' title='bbox 2963 2064 3121 2110; x_wconf 75' lang='lat' dir='ltr'><strong>caute</strong></span> <span class='ocrx_word' id='word_1_339' title='bbox 3146 2054 3410 2124; x_wconf 76' lang='lat' dir='ltr'><strong>Apostolo</strong></span> <span class='ocrx_word' id='word_1_340' title='bbox 3445 2074 3460 2110; x_wconf 83' lang='lat'><strong>;</strong></span> <span class='ocrx_word' id='word_1_341' title='bbox 3493 2055 3629 2122; x_wconf 82' lang='lat' dir='ltr'><strong>Quid</strong></span> <span class='ocrx_word' id='word_1_342' title='bbox 3661 2057 3810 2108; x_wconf 78' lang='lat' dir='ltr'><strong>cultis</strong></span> <span class='ocrx_word' id='word_1_343' title='bbox 3833 2056 3855 2109; x_wconf 87' lang='lat'><em>?</em></span> <span class='ocrx_word' id='word_1_344' title='bbox 3881 2057 3932 2108; x_wconf 88' lang='lat' dir='ltr'><strong>in</strong></span> <span class='ocrx_word' id='word_1_345' title='bbox 3959 2056 4098 2125; x_wconf 80' lang='lat' dir='ltr'><strong>virga</strong></span> <span class='ocrx_word' id='word_1_346' title='bbox 4119 2055 4324 2109; x_wconf 83' lang='lat' dir='ltr'><strong>veniam</strong></span> <span class='ocrx_word' id='word_1_347' title='bbox 4345 2057 4416 2107; x_wconf 87' lang='lat' dir='ltr'><strong>ad</strong></span> <span class='ocrx_word' id='word_1_348' title='bbox 4438 2073 4541 2118; x_wconf 80' lang='lat' dir='ltr'><strong>ros,</strong></span> 
     </span>
    </p>
   </div>
   <div class='ocr_carea' id='block_1_49' title="bbox 2965 2144 4546 2216">
    <p class='ocr_par' dir='ltr' id='par_1_49' title="bbox 2965 2144 4546 2216">
     <span class='ocr_line' id='line_1_49' title="bbox 2965 2144 4546 2216; baseline 0.001 -18"><span class='ocrx_word' id='word_1_349' title='bbox 2965 2162 3034 2198; x_wconf 84' lang='lat' dir='ltr'><strong>an</strong></span> <span class='ocrx_word' id='word_1_350' title='bbox 3061 2145 3116 2199; x_wconf 70' lang='lat' dir='ltr'><strong>in</strong></span> <span class='ocrx_word' id='word_1_351' title='bbox 3166 2145 3458 2198; x_wconf 76' lang='lat' dir='ltr'><strong>cltnrt&#39;tate?</strong></span> <span class='ocrx_word' id='word_1_352' title='bbox 3503 2144 3553 2214; x_wconf 81' lang='grc' dir='ltr'><strong>(Ι</strong></span> <span class='ocrx_word' id='word_1_353' title='bbox 3586 2145 3707 2199; x_wconf 87' lang='lat' dir='ltr'><strong>Cor.</strong></span> <span class='ocrx_word' id='word_1_354' title='bbox 3757 2149 3866 2213; x_wconf 87' lang='lat' dir='ltr'><strong>iv.)</strong></span> <span class='ocrx_word' id='word_1_355' title='bbox 3899 2144 4028 2199; x_wconf 80' lang='lat' dir='ltr'><strong>Nam</strong></span> <span class='ocrx_word' id='word_1_356' title='bbox 4075 2155 4129 2199; x_wconf 91' lang='lat' dir='ltr'><strong>et</strong></span> <span class='ocrx_word' id='word_1_357' title='bbox 4166 2144 4382 2216; x_wconf 54' lang='lat' dir='ltr'><strong>Moyses</strong></span> <span class='ocrx_word' id='word_1_358' title='bbox 4412 2147 4546 2199; x_wconf 80' lang='lat' dir='ltr'><strong>divi-</strong></span> 
     </span>
    </p>
   </div>
   <div class='ocr_carea' id='block_1_50' title="bbox 2963 2230 4546 2305">
    <p class='ocr_par' dir='ltr' id='par_1_50' title="bbox 2963 2230 4546 2305">
     <span class='ocr_line' id='line_1_50' title="bbox 2963 2230 4546 2305; baseline -0.001 -14"><span class='ocrx_word' id='word_1_359' title='bbox 2963 2252 3046 2291; x_wconf 74' lang='lat' dir='ltr'><strong>na:</strong></span> <span class='ocrx_word' id='word_1_360' title='bbox 3073 2230 3220 2304; x_wconf 85' lang='lat' dir='ltr'><strong>virga</strong></span> <span class='ocrx_word' id='word_1_361' title='bbox 3266 2236 3474 2290; x_wconf 68' lang='lat' dir='ltr'><strong>virtutis</strong></span> <span class='ocrx_word' id='word_1_362' title='bbox 3503 2237 3787 2290; x_wconf 67' lang='lat' dir='ltr'><strong>commisso</strong></span> <span class='ocrx_word' id='word_1_363' title='bbox 3821 2237 3920 2290; x_wconf 86' lang='lat' dir='ltr'><strong>sibi</strong></span> <span class='ocrx_word' id='word_1_364' title='bbox 3961 2236 4161 2305; x_wconf 85' lang='lat' dir='ltr'><strong>populo</strong></span> <span class='ocrx_word' id='word_1_365' title='bbox 4198 2252 4295 2305; x_wconf 87' lang='lat' dir='ltr'><strong>per</strong></span> <span class='ocrx_word' id='word_1_366' title='bbox 4324 2237 4546 2305; x_wconf 82' lang='lat' dir='ltr'><strong>profun-</strong></span> 
     </span>
    </p>
   </div>
   <div class='ocr_carea' id='block_1_51' title="bbox 2963 2326 4540 2397">
    <p class='ocr_par' dir='ltr' id='par_1_51' title="bbox 2963 2326 4540 2397">
     <span class='ocr_line' id='line_1_51' title="bbox 2963 2326 4540 2397; baseline 0 -15"><span class='ocrx_word' id='word_1_367' title='bbox 2963 2329 3088 2382; x_wconf 92' lang='lat' dir='ltr'><strong>dum</strong></span> <span class='ocrx_word' id='word_1_368' title='bbox 3110 2327 3272 2382; x_wconf 90' lang='lat' dir='ltr'><strong>maris</strong></span> <span class='ocrx_word' id='word_1_369' title='bbox 3299 2327 3486 2381; x_wconf 74' lang='lat' dir='ltr'><strong>salutis</strong></span> <span class='ocrx_word' id='word_1_370' title='bbox 3509 2329 3646 2381; x_wconf 90' lang='lat' dir='ltr'><strong>viam</strong></span> <span class='ocrx_word' id='word_1_371' title='bbox 3667 2328 3900 2382; x_wconf 75' lang='lat' dir='ltr'><strong>Ostendit</strong></span> <span class='ocrx_word' id='word_1_372' title='bbox 3928 2326 4123 2394; x_wconf 61' lang='grc' dir='ltr'><strong>(Ελοά.</strong></span> <span class='ocrx_word' id='word_1_373' title='bbox 4157 2332 4269 2396; x_wconf 80' lang='lat' dir='ltr'><strong>xw)</strong></span> <span class='ocrx_word' id='word_1_374' title='bbox 4300 2348 4311 2379; x_wconf 90' lang='lat'>:</span> <span class='ocrx_word' id='word_1_375' title='bbox 4340 2331 4540 2397; x_wconf 88' lang='lat' dir='ltr'><strong>quoju-</strong></span> 
     </span>
    </p>
   </div>
   <div class='ocr_carea' id='block_1_52' title="bbox 2963 2417 4546 2486">
    <p class='ocr_par' dir='ltr' id='par_1_52' title="bbox 2963 2417 4546 2486">
     <span class='ocr_line' id='line_1_52' title="bbox 2963 2417 4546 2486; baseline 0.001 -16"><span class='ocrx_word' id='word_1_376' title='bbox 2963 2418 3103 2471; x_wconf 85' lang='lat' dir='ltr'><strong>dicio</strong></span> <span class='ocrx_word' id='word_1_377' title='bbox 3126 2418 3286 2486; x_wconf 73' lang='lat' dir='ltr'><strong>virga:</strong></span> <span class='ocrx_word' id='word_1_378' title='bbox 3314 2433 3532 2474; x_wconf 83' lang='lat' dir='ltr'><strong>causam</strong></span> <span class='ocrx_word' id='word_1_379' title='bbox 3557 2418 3650 2472; x_wconf 89' lang='lat' dir='ltr'><strong>Dei</strong></span> <span class='ocrx_word' id='word_1_380' title='bbox 3675 2428 3798 2472; x_wconf 90' lang='lat' dir='ltr'><strong>ante</strong></span> <span class='ocrx_word' id='word_1_381' title='bbox 3829 2417 4164 2472; x_wconf 80' lang='lat' dir='ltr'><strong>Pharaonem</strong></span> <span class='ocrx_word' id='word_1_382' title='bbox 4192 2420 4373 2484; x_wconf 74' lang='lat' dir='ltr'><strong>egisse</strong></span> <span class='ocrx_word' id='word_1_383' title='bbox 4398 2436 4546 2472; x_wconf 85' lang='lat' dir='ltr'><strong>mon-</strong></span> 
     </span>
    </p>
   </div>
   <div class='ocr_carea' id='block_1_53' title="bbox 2961 2509 4543 2577">
    <p class='ocr_par' dir='ltr' id='par_1_53' title="bbox 2961 2509 4543 2577">
     <span class='ocr_line' id='line_1_53' title="bbox 2961 2509 4543 2577; baseline 0.001 -14"><span class='ocrx_word' id='word_1_384' title='bbox 2961 2519 3196 2573; x_wconf 87' lang='lat' dir='ltr'><strong>stratur;</strong></span> <span class='ocrx_word' id='word_1_385' title='bbox 3231 2519 3286 2562; x_wconf 93' lang='lat' dir='ltr'><strong>ut</strong></span> <span class='ocrx_word' id='word_1_386' title='bbox 3316 2512 3553 2577; x_wconf 77' lang='lat' dir='ltr'><strong>projecta</strong></span> <span class='ocrx_word' id='word_1_387' title='bbox 3583 2509 3650 2563; x_wconf 89' lang='lat' dir='ltr'><strong>de</strong></span> <span class='ocrx_word' id='word_1_388' title='bbox 3680 2510 3921 2563; x_wconf 89' lang='lat' dir='ltr'><strong>manibus</strong></span> <span class='ocrx_word' id='word_1_389' title='bbox 3952 2509 4003 2562; x_wconf 91' lang='lat' dir='ltr'><strong>iu</strong></span> <span class='ocrx_word' id='word_1_390' title='bbox 4035 2519 4202 2576; x_wconf 88' lang='lat' dir='ltr'><strong>terra,</strong></span> <span class='ocrx_word' id='word_1_391' title='bbox 4247 2522 4303 2564; x_wconf 88' lang='lat' dir='ltr'><strong>et</strong></span> <span class='ocrx_word' id='word_1_392' title='bbox 4334 2521 4543 2564; x_wconf 76' lang='lat' dir='ltr'><strong>mutata</strong></span> 
     </span>
    </p>
   </div>
   <div class='ocr_carea' id='block_1_54' title="bbox 2964 2600 4542 2670">
    <p class='ocr_par' dir='ltr' id='par_1_54' title="bbox 2964 2600 4542 2670">
     <span class='ocr_line' id='line_1_54' title="bbox 2964 2600 4542 2670; baseline 0.001 -16"><span class='ocrx_word' id='word_1_393' title='bbox 2964 2601 3016 2655; x_wconf 91' lang='lat' dir='ltr'><strong>in</strong></span> <span class='ocrx_word' id='word_1_394' title='bbox 3045 2601 3305 2666; x_wconf 84' lang='lat' dir='ltr'><strong>bestiam;</strong></span> <span class='ocrx_word' id='word_1_395' title='bbox 3333 2602 3461 2654; x_wconf 89' lang='lat' dir='ltr'><strong>item</strong></span> <span class='ocrx_word' id='word_1_396' title='bbox 3488 2600 3554 2654; x_wconf 91' lang='lat' dir='ltr'><strong>de</strong></span> <span class='ocrx_word' id='word_1_397' title='bbox 3581 2600 3748 2655; x_wconf 87' lang='lat' dir='ltr'><strong>bestia</strong></span> <span class='ocrx_word' id='word_1_398' title='bbox 3779 2609 3836 2654; x_wconf 94' lang='lat' dir='ltr'><strong>ut</strong></span> <span class='ocrx_word' id='word_1_399' title='bbox 3877 2611 4150 2670; x_wconf 88' lang='lat' dir='ltr'><strong>assumpta</strong></span> <span class='ocrx_word' id='word_1_400' title='bbox 4181 2602 4362 2655; x_wconf 79' lang='lat' dir='ltr'><strong>sacris</strong></span> <span class='ocrx_word' id='word_1_401' title='bbox 4393 2603 4542 2670; x_wconf 81' lang='lat' dir='ltr'><strong>virga</strong></span> 
     </span>
    </p>
   </div>
   <div class='ocr_carea' id='block_1_55' title="bbox 2960 2691 4541 2760">
    <p class='ocr_par' dir='ltr' id='par_1_55' title="bbox 2960 2691 4541 2760">
     <span class='ocr_line' id='line_1_55' title="bbox 2960 2691 4541 2760; baseline -0.001 -13"><span class='ocrx_word' id='word_1_402' title='bbox 2960 2692 3211 2748; x_wconf 89' lang='lat' dir='ltr'><strong>manibus</strong></span> <span class='ocrx_word' id='word_1_403' title='bbox 3241 2691 3578 2747; x_wconf 88' lang='lat' dir='ltr'><strong>redderetur.</strong></span> <span class='ocrx_word' id='word_1_404' title='bbox 3615 2692 3754 2760; x_wconf 83' lang='lat' dir='ltr'><strong>Ergo</strong></span> <span class='ocrx_word' id='word_1_405' title='bbox 3781 2693 4070 2746; x_wconf 86' lang='lat' dir='ltr'><strong>secundum</strong></span> <span class='ocrx_word' id='word_1_406' title='bbox 4102 2692 4246 2746; x_wconf 88' lang='lat' dir='ltr'><strong>hanc</strong></span> <span class='ocrx_word' id='word_1_407' title='bbox 4271 2695 4541 2746; x_wconf 72' lang='lat' dir='ltr'><strong>COIlSlllll~</strong></span> 
     </span>
    </p>
   </div>
   <div class='ocr_carea' id='block_1_56' title="bbox 2963 2782 4543 2852">
    <p class='ocr_par' dir='ltr' id='par_1_56' title="bbox 2963 2782 4543 2852">
     <span class='ocr_line' id='line_1_56' title="bbox 2963 2782 4543 2852; baseline -0.001 -15"><span class='ocrx_word' id='word_1_408' title='bbox 2963 2783 3186 2848; x_wconf 87' lang='lat' dir='ltr'><strong>tionem,</strong></span> <span class='ocrx_word' id='word_1_409' title='bbox 3217 2785 3263 2837; x_wconf 92' lang='lat' dir='ltr'><strong>si</strong></span> <span class='ocrx_word' id='word_1_410' title='bbox 3306 2783 3524 2852; x_wconf 77' lang='lat' dir='ltr'><strong>grandis</strong></span> <span class='ocrx_word' id='word_1_411' title='bbox 3566 2782 3726 2837; x_wconf 90' lang='lat' dir='ltr'><strong>fuerit</strong></span> <span class='ocrx_word' id='word_1_412' title='bbox 3755 2792 4128 2850; x_wconf 82' lang='lat' dir='ltr'><strong>congregatio,</strong></span> <span class='ocrx_word' id='word_1_413' title='bbox 4175 2783 4334 2837; x_wconf 88' lang='lat' dir='ltr'><strong>denis</strong></span> <span class='ocrx_word' id='word_1_414' title='bbox 4366 2783 4543 2836; x_wconf 75' lang='lat' dir='ltr'><strong>fratri-</strong></span> 
     </span>
    </p>
   </div>
   <div class='ocr_carea' id='block_1_57' title="bbox 2959 2871 4546 2941">
    <p class='ocr_par' dir='ltr' id='par_1_57' title="bbox 2959 2871 4546 2941">
     <span class='ocr_line' id='line_1_57' title="bbox 2959 2871 4546 2941; baseline 0.001 -15"><span class='ocrx_word' id='word_1_415' title='bbox 2959 2872 3059 2927; x_wconf 89' lang='lat' dir='ltr'><strong>bus</strong></span> <span class='ocrx_word' id='word_1_416' title='bbox 3086 2872 3242 2928; x_wconf 84' lang='lat' dir='ltr'><strong>binus</strong></span> <span class='ocrx_word' id='word_1_417' title='bbox 3268 2871 3468 2927; x_wconf 91' lang='lat' dir='ltr'><strong>debere</strong></span> <span class='ocrx_word' id='word_1_418' title='bbox 3498 2872 3755 2941; x_wconf 61' lang='lat' dir='ltr'><strong>praeponi,</strong></span> <span class='ocrx_word' id='word_1_419' title='bbox 3799 2872 3955 2941; x_wconf 79' lang='lat' dir='ltr'><strong>hujus</strong></span> <span class='ocrx_word' id='word_1_420' title='bbox 3980 2872 4189 2926; x_wconf 82' lang='lat' dir='ltr'><strong>scilicet</strong></span> <span class='ocrx_word' id='word_1_421' title='bbox 4231 2873 4416 2926; x_wconf 91' lang='lat' dir='ltr'><strong>meriti</strong></span> <span class='ocrx_word' id='word_1_422' title='bbox 4455 2889 4546 2927; x_wconf 88' lang='lat' dir='ltr'><strong>or-</strong></span> 
     </span>
    </p>
   </div>
   <div class='ocr_carea' id='block_1_58' title="bbox 2959 2962 4545 3034">
    <p class='ocr_par' dir='ltr' id='par_1_58' title="bbox 2959 2962 4545 3034">
     <span class='ocr_line' id='line_1_58' title="bbox 2959 2962 4545 3034; baseline 0.002 -17"><span class='ocrx_word' id='word_1_423' title='bbox 2959 2962 3174 3027; x_wconf 87' lang='lat' dir='ltr'><strong>dinarii,</strong></span> <span class='ocrx_word' id='word_1_424' title='bbox 3203 2963 3362 3032; x_wconf 90' lang='lat' dir='ltr'><strong>cujus</strong></span> <span class='ocrx_word' id='word_1_425' title='bbox 3392 2980 3553 3034; x_wconf 88' lang='lat' dir='ltr'><strong>supra</strong></span> <span class='ocrx_word' id='word_1_426' title='bbox 3586 2965 3884 3018; x_wconf 85' lang='lat' dir='ltr'><strong>taxavimus</strong></span> <span class='ocrx_word' id='word_1_427' title='bbox 3918 2986 3930 3016; x_wconf 88' lang='grc'>;</span> <span class='ocrx_word' id='word_1_428' title='bbox 3964 2974 4016 3018; x_wconf 91' lang='lat' dir='ltr'><strong>et</strong></span> <span class='ocrx_word' id='word_1_429' title='bbox 4047 2964 4172 3019; x_wconf 90' lang='lat' dir='ltr'><strong>ideo</strong></span> <span class='ocrx_word' id='word_1_430' title='bbox 4201 2964 4398 3020; x_wconf 89' lang='lat' dir='ltr'><strong>decem</strong></span> <span class='ocrx_word' id='word_1_431' title='bbox 4440 2983 4545 3020; x_wconf 89' lang='lat' dir='ltr'><strong>non</strong></span> 
     </span>
    </p>
   </div>
   <div class='ocr_carea' id='block_1_59' title="bbox 2959 3054 4546 3125">
    <p class='ocr_par' dir='ltr' id='par_1_59' title="bbox 2959 3054 4546 3125">
     <span class='ocr_line' id='line_1_59' title="bbox 2959 3054 4546 3125; baseline 0.003 -19"><span class='ocrx_word' id='word_1_432' title='bbox 2959 3055 3188 3123; x_wconf 90' lang='lat' dir='ltr'><strong>amplius</strong></span> <span class='ocrx_word' id='word_1_433' title='bbox 3238 3054 3604 3110; x_wconf 89' lang='lat' dir='ltr'><strong>ordinavimus</strong></span> <span class='ocrx_word' id='word_1_434' title='bbox 3633 3055 3862 3109; x_wconf 86' lang='lat' dir='ltr'><strong>duorum</strong></span> <span class='ocrx_word' id='word_1_435' title='bbox 3903 3071 4086 3109; x_wconf 89' lang='lat' dir='ltr'><strong>curatn</strong></span> <span class='ocrx_word' id='word_1_436' title='bbox 4131 3059 4546 3125; x_wconf 49' lang='lat' dir='ltr'><strong>propositorum</strong></span> 
     </span>
    </p>
   </div>
   <div class='ocr_carea' id='block_1_60' title="bbox 2959 3147 4546 3217">
    <p class='ocr_par' dir='ltr' id='par_1_60' title="bbox 2959 3147 4546 3217">
     <span class='ocr_line' id='line_1_60' title="bbox 2959 3147 4546 3217; baseline -0.001 -14"><span class='ocrx_word' id='word_1_437' title='bbox 2959 3147 3158 3203; x_wconf 85' lang='lat' dir='ltr'><strong>debere</strong></span> <span class='ocrx_word' id='word_1_438' title='bbox 3201 3149 3606 3216; x_wconf 80' lang='lat' dir='ltr'><strong>susciperezut</strong></span> <span class='ocrx_word' id='word_1_439' title='bbox 3646 3149 3973 3217; x_wconf 87' lang='lat' dir='ltr'><strong>sequestrati</strong></span> <span class='ocrx_word' id='word_1_440' title='bbox 4025 3162 4125 3216; x_wconf 86' lang='lat' dir='ltr'><strong>per</strong></span> <span class='ocrx_word' id='word_1_441' title='bbox 4173 3147 4382 3203; x_wconf 89' lang='lat' dir='ltr'><strong>laboris</strong></span> <span class='ocrx_word' id='word_1_442' title='bbox 4433 3149 4546 3203; x_wconf 86' lang='lat' dir='ltr'><strong>loca</strong></span> 
     </span>
    </p>
   </div>
   <div class='ocr_carea' id='block_1_61' title="bbox 1279 3225 4546 3310">
    <p class='ocr_par' dir='ltr' id='par_1_61' title="bbox 1279 3225 4546 3310">
     <span class='ocr_line' id='line_1_61' title="bbox 1279 3225 4546 3310; baseline -0.001 -14"><span class='ocrx_word' id='word_1_443' title='bbox 1279 3239 1499 3309; x_wconf 73' lang='lat' dir='ltr'><strong>justitia-</strong></span> <span class='ocrx_word' id='word_1_444' title='bbox 1531 3238 1685 3294; x_wconf 81' lang='lat' dir='ltr'><strong>nobis</strong></span> <span class='ocrx_word' id='word_1_445' title='bbox 1719 3237 1978 3292; x_wconf 89' lang='lat' dir='ltr'><strong>Dominus</strong></span> <span class='ocrx_word' id='word_1_446' title='bbox 2025 3238 2294 3294; x_wconf 90' lang='lat' dir='ltr'><strong>ordinavit</strong></span> <span class='ocrx_word' id='word_1_447' title='bbox 2321 3257 2334 3303; x_wconf 91' lang='lat'><strong>;</strong></span> <span class='ocrx_word' id='word_1_448' title='bbox 2385 3239 2440 3293; x_wconf 90' lang='lat' dir='ltr'><strong>in</strong></span> <span class='ocrx_word' id='word_1_449' title='bbox 2489 3237 2682 3310; x_wconf 85' lang='lat' dir='ltr'><strong>quibus</strong></span> <span class='ocrx_word' id='word_1_450' title='bbox 2731 3252 2855 3306; x_wconf 90' lang='lat' dir='ltr'><strong>per-</strong></span> <span class='ocrx_word' id='word_1_451' title='bbox 2881 3225 2931 3289; x_wconf 84' lang='lat' dir='ltr'><strong>C</strong></span> <span class='ocrx_word' id='word_1_452' title='bbox 2963 3239 3157 3294; x_wconf 82' lang='lat' dir='ltr'><strong>fratres</strong></span> <span class='ocrx_word' id='word_1_453' title='bbox 3180 3239 3420 3308; x_wconf 87' lang='lat' dir='ltr'><strong>singulos</strong></span> <span class='ocrx_word' id='word_1_454' title='bbox 3443 3239 3764 3308; x_wconf 65' lang='lat' dir='ltr'><strong>praepositos</strong></span> <span class='ocrx_word' id='word_1_455' title='bbox 3785 3237 3852 3292; x_wconf 89' lang='lat' dir='ltr'><strong>ad</strong></span> <span class='ocrx_word' id='word_1_456' title='bbox 3875 3238 4231 3293; x_wconf 90' lang='lat' dir='ltr'><strong>custodienda</strong></span> <span class='ocrx_word' id='word_1_457' title='bbox 4256 3241 4388 3294; x_wconf 85' lang='lat' dir='ltr'><strong>vitia</strong></span> <span class='ocrx_word' id='word_1_458' title='bbox 4415 3256 4546 3310; x_wconf 79' lang='lat' dir='ltr'><strong>prae-</strong></span> 
     </span>
    </p>
   </div>
   <div class='ocr_carea' id='block_1_62' title="bbox 1286 3329 2861 3400">
    <p class='ocr_par' dir='ltr' id='par_1_62' title="bbox 1286 3329 2861 3400">
     <span class='ocr_line' id='line_1_62' title="bbox 1286 3329 2861 3400; baseline -0.001 -14"><span class='ocrx_word' id='word_1_459' title='bbox 1286 3330 1442 3386; x_wconf 90' lang='lat' dir='ltr'><strong>fectis</strong></span> <span class='ocrx_word' id='word_1_460' title='bbox 1469 3341 1522 3385; x_wconf 89' lang='lat' dir='ltr'><strong>et</strong></span> <span class='ocrx_word' id='word_1_461' title='bbox 1554 3330 1660 3384; x_wconf 87' lang='lat' dir='ltr'><strong>vita</strong></span> <span class='ocrx_word' id='word_1_462' title='bbox 1691 3329 2000 3399; x_wconf 87' lang='lat' dir='ltr'><strong>acquiratur</strong></span> <span class='ocrx_word' id='word_1_463' title='bbox 2019 3339 2243 3398; x_wconf 57' lang='lat' dir='ltr'><strong>aeterna,</strong></span> <span class='ocrx_word' id='word_1_464' title='bbox 2266 3339 2322 3385; x_wconf 92' lang='lat' dir='ltr'><strong>et</strong></span> <span class='ocrx_word' id='word_1_465' title='bbox 2341 3330 2599 3400; x_wconf 66' lang='lat' dir='ltr'><strong>gehennae</strong></span> <span class='ocrx_word' id='word_1_466' title='bbox 2621 3338 2780 3384; x_wconf 79' lang='lat' dir='ltr'><strong>astus</strong></span> <span class='ocrx_word' id='word_1_467' title='bbox 2803 3337 2861 3384; x_wconf 91' lang='lat' dir='ltr'><strong>et</strong></span> 
     </span>
    </p>
   </div>
   <div class='ocr_carea' id='block_1_63' title="bbox 1285 3423 2860 3492">
    <p class='ocr_par' dir='ltr' id='par_1_63' title="bbox 1285 3423 2860 3492">
     <span class='ocr_line' id='line_1_63' title="bbox 1285 3423 2860 3492; baseline -0.004 -10"><span class='ocrx_word' id='word_1_468' title='bbox 1285 3432 1344 3482; x_wconf 82' lang='lat' dir='ltr'><strong>et</strong></span> <span class='ocrx_word' id='word_1_469' title='bbox 1356 3424 1601 3481; x_wconf 89' lang='lat' dir='ltr'><strong>incendia</strong></span> <span class='ocrx_word' id='word_1_470' title='bbox 1627 3423 1916 3492; x_wconf 83' lang='lat' dir='ltr'><strong>fugiautur.</strong></span> <span class='ocrx_word' id='word_1_471' title='bbox 1938 3424 2044 3478; x_wconf 88' lang='lat' dir='ltr'><strong>Sed</strong></span> <span class='ocrx_word' id='word_1_472' title='bbox 2066 3424 2154 3479; x_wconf 91' lang='lat' dir='ltr'><strong>ille</strong></span> <span class='ocrx_word' id='word_1_473' title='bbox 2178 3425 2347 3478; x_wconf 87' lang='lat' dir='ltr'><strong>hostis</strong></span> <span class='ocrx_word' id='word_1_474' title='bbox 2364 3426 2625 3477; x_wconf 90' lang='lat' dir='ltr'><strong>bonorum</strong></span> <span class='ocrx_word' id='word_1_475' title='bbox 2639 3431 2860 3478; x_wconf 90' lang='lat' dir='ltr'><strong>actuum</strong></span> 
     </span>
    </p>
   </div>
   <div class='ocr_carea' id='block_1_64' title="bbox 1286 3514 2853 3584">
    <p class='ocr_par' dir='ltr' id='par_1_64' title="bbox 1286 3514 2853 3584">
     <span class='ocr_line' id='line_1_64' title="bbox 1286 3514 2853 3584; baseline -0.005 -12"><span class='ocrx_word' id='word_1_476' title='bbox 1286 3515 1552 3578; x_wconf 87' lang='lat' dir='ltr'><strong>diabolus,</strong></span> <span class='ocrx_word' id='word_1_477' title='bbox 1583 3514 1704 3569; x_wconf 89' lang='lat' dir='ltr'><strong>ideo</strong></span> <span class='ocrx_word' id='word_1_478' title='bbox 1725 3523 1808 3569; x_wconf 88' lang='lat' dir='ltr'><strong>est</strong></span> <span class='ocrx_word' id='word_1_479' title='bbox 1828 3515 2066 3569; x_wconf 88' lang='lat' dir='ltr'><strong>butnano</strong></span> <span class='ocrx_word' id='word_1_480' title='bbox 2095 3516 2278 3584; x_wconf 77' lang='lat' dir='ltr'><strong>generi</strong></span> <span class='ocrx_word' id='word_1_481' title='bbox 2303 3515 2568 3579; x_wconf 60' lang='lat' dir='ltr'><strong>inimicus,</strong></span> <span class='ocrx_word' id='word_1_482' title='bbox 2602 3529 2723 3568; x_wconf 90' lang='lat' dir='ltr'><strong>cum</strong></span> <span class='ocrx_word' id='word_1_483' title='bbox 2746 3529 2853 3566; x_wconf 91' lang='lat' dir='ltr'><strong>non</strong></span> 
     </span>
    </p>
   </div>
   <div class='ocr_carea' id='block_1_65' title="bbox 1285 3602 2856 3679">
    <p class='ocr_par' dir='ltr' id='par_1_65' title="bbox 1285 3602 2856 3679">
     <span class='ocr_line' id='line_1_65' title="bbox 1285 3602 2856 3679; baseline -0.003 -18"><span class='ocrx_word' id='word_1_484' title='bbox 1285 3609 1483 3679; x_wconf 81' lang='lat' dir='ltr'><strong>patitur</strong></span> <span class='ocrx_word' id='word_1_485' title='bbox 1513 3606 1583 3660; x_wconf 92' lang='lat' dir='ltr'><strong>ibi</strong></span> <span class='ocrx_word' id='word_1_486' title='bbox 1626 3606 1917 3662; x_wconf 84' lang='lat' dir='ltr'><strong>ascendere</strong></span> <span class='ocrx_word' id='word_1_487' title='bbox 1960 3606 2230 3660; x_wconf 89' lang='lat' dir='ltr'><strong>hominem</strong></span> <span class='ocrx_word' id='word_1_488' title='bbox 2272 3607 2409 3659; x_wconf 89' lang='lat' dir='ltr'><strong>bene</strong></span> <span class='ocrx_word' id='word_1_489' title='bbox 2449 3604 2681 3672; x_wconf 84' lang='lat' dir='ltr'><strong>agendo,</strong></span> <span class='ocrx_word' id='word_1_490' title='bbox 2715 3602 2856 3656; x_wconf 89' lang='lat' dir='ltr'><strong>unde</strong></span> 
     </span>
    </p>
   </div>
   <div class='ocr_carea' id='block_1_66' title="bbox 1285 3696 2862 3770">
    <p class='ocr_par' dir='ltr' id='par_1_66' title="bbox 1285 3696 2862 3770">
     <span class='ocr_line' id='line_1_66' title="bbox 1285 3696 2862 3770; baseline -0.004 -16"><span class='ocrx_word' id='word_1_491' title='bbox 1285 3699 1404 3770; x_wconf 88' lang='lat' dir='ltr'><strong>ipse</strong></span> <span class='ocrx_word' id='word_1_492' title='bbox 1433 3714 1522 3766; x_wconf 80' lang='lat' dir='ltr'><strong>per</strong></span> <span class='ocrx_word' id='word_1_493' title='bbox 1548 3699 1854 3766; x_wconf 88' lang='lat' dir='ltr'><strong>superbiam</strong></span> <span class='ocrx_word' id='word_1_494' title='bbox 1884 3713 2036 3751; x_wconf 81' lang='lat' dir='ltr'><strong>suam</strong></span> <span class='ocrx_word' id='word_1_495' title='bbox 2068 3696 2339 3766; x_wconf 87' lang='lat' dir='ltr'><strong>projectus</strong></span> <span class='ocrx_word' id='word_1_496' title='bbox 2369 3707 2449 3750; x_wconf 89' lang='lat' dir='ltr'><strong>est</strong></span> <span class='ocrx_word' id='word_1_497' title='bbox 2476 3715 2486 3746; x_wconf 92' lang='lat'>:</span> <span class='ocrx_word' id='word_1_498' title='bbox 2524 3712 2592 3750; x_wconf 89' lang='lat' dir='ltr'><strong>ne</strong></span> <span class='ocrx_word' id='word_1_499' title='bbox 2619 3709 2862 3750; x_wconf 86' lang='lat' dir='ltr'><strong>veneno-</strong></span> 
     </span>
    </p>
   </div>
   <div class='ocr_carea' id='block_1_67' title="bbox 1285 3786 2860 3853">
    <p class='ocr_par' dir='ltr' id='par_1_67' title="bbox 1285 3786 2860 3853">
     <span class='ocr_line' id='line_1_67' title="bbox 1285 3786 2860 3853; baseline -0.006 -2"><span class='ocrx_word' id='word_1_500' title='bbox 1285 3795 1362 3852; x_wconf 86' lang='lat' dir='ltr'><strong>sis</strong></span> <span class='ocrx_word' id='word_1_501' title='bbox 1389 3794 1600 3850; x_wconf 88' lang='lat' dir='ltr'><strong>actibus</strong></span> <span class='ocrx_word' id='word_1_502' title='bbox 1625 3792 1737 3848; x_wconf 83' lang='lat' dir='ltr'><strong>suis</strong></span> <span class='ocrx_word' id='word_1_503' title='bbox 1764 3793 1901 3847; x_wconf 87' lang='lat' dir='ltr'><strong>bene</strong></span> <span class='ocrx_word' id='word_1_504' title='bbox 1924 3791 2216 3847; x_wconf 89' lang='lat' dir='ltr'><strong>viventium</strong></span> <span class='ocrx_word' id='word_1_505' title='bbox 2245 3805 2425 3845; x_wconf 88' lang='lat' dir='ltr'><strong>mores</strong></span> <span class='ocrx_word' id='word_1_506' title='bbox 2452 3789 2670 3853; x_wconf 89' lang='lat' dir='ltr'><strong>inliciat,</strong></span> <span class='ocrx_word' id='word_1_507' title='bbox 2699 3795 2756 3842; x_wconf 87' lang='lat' dir='ltr'><strong>et</strong></span> <span class='ocrx_word' id='word_1_508' title='bbox 2776 3786 2860 3842; x_wconf 90' lang='lat' dir='ltr'><strong>di-</strong></span> 
     </span>
    </p>
   </div>
   <div class='ocr_carea' id='block_1_68' title="bbox 1285 3883 2864 3956">
    <p class='ocr_par' dir='ltr' id='par_1_68' title="bbox 1285 3883 2864 3956">
     <span class='ocr_line' id='line_1_68' title="bbox 1285 3883 2864 3956; baseline 0 -16"><span class='ocrx_word' id='word_1_509' title='bbox 1285 3888 1456 3944; x_wconf 84' lang='lat' dir='ltr'><strong>versis</strong></span> <span class='ocrx_word' id='word_1_510' title='bbox 1481 3887 1856 3945; x_wconf 72' lang='lat' dir='ltr'><strong>occaSionibus</strong></span> <span class='ocrx_word' id='word_1_511' title='bbox 1877 3886 1990 3942; x_wconf 90' lang='lat' dir='ltr'><strong>suis</strong></span> <span class='ocrx_word' id='word_1_512' title='bbox 2013 3901 2108 3956; x_wconf 89' lang='lat' dir='ltr'><strong>per</strong></span> <span class='ocrx_word' id='word_1_513' title='bbox 2128 3886 2453 3941; x_wconf 63' lang='lat' dir='ltr'><strong>oblivionem</strong></span> <span class='ocrx_word' id='word_1_514' title='bbox 2480 3893 2694 3940; x_wconf 88' lang='lat' dir='ltr'><strong>nostros</strong></span> <span class='ocrx_word' id='word_1_515' title='bbox 2724 3883 2864 3940; x_wconf 86' lang='lat' dir='ltr'><strong>forte</strong></span> 
     </span>
    </p>
   </div>
   <div class='ocr_carea' id='block_1_69' title="bbox 1289 3976 2862 4052">
    <p class='ocr_par' dir='ltr' id='par_1_69' title="bbox 1289 3976 2862 4052">
     <span class='ocr_line' id='line_1_69' title="bbox 1289 3976 2862 4052; baseline -0.004 -14"><span class='ocrx_word' id='word_1_516' title='bbox 1289 3990 1520 4052; x_wconf 87' lang='lat' dir='ltr'><strong>occupet</strong></span> <span class='ocrx_word' id='word_1_517' title='bbox 1565 3996 1774 4044; x_wconf 81' lang='lat' dir='ltr'><strong>sensus,</strong></span> <span class='ocrx_word' id='word_1_518' title='bbox 1809 3990 1866 4034; x_wconf 94' lang='lat' dir='ltr'><strong>ut</strong></span> <span class='ocrx_word' id='word_1_519' title='bbox 1908 3995 1938 4032; x_wconf 93' lang='lat' dir='ltr'><strong>a</strong></span> <span class='ocrx_word' id='word_1_520' title='bbox 1987 3977 2097 4033; x_wconf 84' lang='lat' dir='ltr'><strong>Deo</strong></span> <span class='ocrx_word' id='word_1_521' title='bbox 2145 3978 2308 4032; x_wconf 71' lang='lat' dir='ltr'><strong>faciat</strong></span> <span class='ocrx_word' id='word_1_522' title='bbox 2349 3978 2588 4043; x_wconf 90' lang='lat' dir='ltr'><strong>alienos;</strong></span> <span class='ocrx_word' id='word_1_523' title='bbox 2631 3976 2862 4044; x_wconf 85' lang='lat' dir='ltr'><strong>ideoque</strong></span> 
     </span>
    </p>
   </div>
   <div class='ocr_carea' id='block_1_70' title="bbox 1287 4067 2862 4141">
    <p class='ocr_par' dir='ltr' id='par_1_70' title="bbox 1287 4067 2862 4141">
     <span class='ocr_line' id='line_1_70' title="bbox 1287 4067 2862 4141; baseline -0.004 -13"><span class='ocrx_word' id='word_1_524' title='bbox 1287 4073 1556 4141; x_wconf 88' lang='lat' dir='ltr'><strong>adjutorio</strong></span> <span class='ocrx_word' id='word_1_525' title='bbox 1585 4071 1796 4126; x_wconf 88' lang='lat' dir='ltr'><strong>Domini</strong></span> <span class='ocrx_word' id='word_1_526' title='bbox 1826 4078 2162 4140; x_wconf 77' lang='lat' dir='ltr'><strong>procuratur,</strong></span> <span class='ocrx_word' id='word_1_527' title='bbox 2196 4077 2248 4122; x_wconf 90' lang='lat' dir='ltr'><strong>et</strong></span> <span class='ocrx_word' id='word_1_528' title='bbox 2276 4068 2638 4134; x_wconf 53' lang='lat' dir='ltr'><strong>constituitur,</strong></span> <span class='ocrx_word' id='word_1_529' title='bbox 2667 4077 2727 4122; x_wconf 94' lang='lat' dir='ltr'><strong>ut</strong></span> <span class='ocrx_word' id='word_1_530' title='bbox 2752 4067 2862 4122; x_wconf 93' lang='lat' dir='ltr'><strong>duo</strong></span> 
     </span>
    </p>
   </div>
   <div class='ocr_carea' id='block_1_71' title="bbox 1291 4156 2860 4229">
    <p class='ocr_par' dir='ltr' id='par_1_71' title="bbox 1291 4156 2860 4229">
     <span class='ocr_line' id='line_1_71' title="bbox 1291 4156 2860 4229; baseline -0.005 -10"><span class='ocrx_word' id='word_1_531' title='bbox 1291 4163 1451 4219; x_wconf 83' lang='lat' dir='ltr'><strong>electi</strong></span> <span class='ocrx_word' id='word_1_532' title='bbox 1480 4162 1696 4226; x_wconf 87' lang='lat' dir='ltr'><strong>fratres,</strong></span> <span class='ocrx_word' id='word_1_533' title='bbox 1729 4177 1958 4229; x_wconf 82' lang='lat' dir='ltr'><strong>quorum</strong></span> <span class='ocrx_word' id='word_1_534' title='bbox 1995 4160 2255 4229; x_wconf 78' lang='lat' dir='ltr'><strong>gravitas,</strong></span> <span class='ocrx_word' id='word_1_535' title='bbox 2299 4159 2579 4228; x_wconf 81' lang='lat' dir='ltr'><strong>sapientia,</strong></span> <span class='ocrx_word' id='word_1_536' title='bbox 2611 4156 2860 4212; x_wconf 85' lang='lat' dir='ltr'><strong>modera-</strong></span> 
     </span>
    </p>
   </div>
   <div class='ocr_carea' id='block_1_72' title="bbox 1292 4250 2861 4325">
    <p class='ocr_par' dir='ltr' id='par_1_72' title="bbox 1292 4250 2861 4325">
     <span class='ocr_line' id='line_1_72' title="bbox 1292 4250 2861 4325; baseline -0.003 -13"><span class='ocrx_word' id='word_1_537' title='bbox 1292 4258 1391 4322; x_wconf 85' lang='lat' dir='ltr'><strong>tio,</strong></span> <span class='ocrx_word' id='word_1_538' title='bbox 1422 4256 1718 4325; x_wconf 85' lang='lat' dir='ltr'><strong>vigilantia,</strong></span> <span class='ocrx_word' id='word_1_539' title='bbox 1751 4270 1846 4308; x_wconf 90' lang='lat' dir='ltr'><strong>seu</strong></span> <span class='ocrx_word' id='word_1_540' title='bbox 1873 4254 2164 4316; x_wconf 75' lang='lat' dir='ltr'><strong>humilitas,</strong></span> <span class='ocrx_word' id='word_1_541' title='bbox 2199 4253 2284 4307; x_wconf 85' lang='lat' dir='ltr'><strong>vel</strong></span> <span class='ocrx_word' id='word_1_542' title='bbox 2328 4263 2544 4307; x_wconf 87' lang='lat' dir='ltr'><strong>actuum</strong></span> <span class='ocrx_word' id='word_1_543' title='bbox 2592 4250 2861 4319; x_wconf 67' lang='lat' dir='ltr'><strong>terfecto-</strong></span> 
     </span>
    </p>
   </div>
   <div class='ocr_carea' id='block_1_73' title="bbox 1286 4343 2864 4415">
    <p class='ocr_par' dir='ltr' id='par_1_73' title="bbox 1286 4343 2864 4415">
     <span class='ocr_line' id='line_1_73' title="bbox 1286 4343 2864 4415; baseline -0.005 -12"><span class='ocrx_word' id='word_1_544' title='bbox 1286 4366 1405 4404; x_wconf 93' lang='lat' dir='ltr'><strong>rum</strong></span> <span class='ocrx_word' id='word_1_545' title='bbox 1437 4347 1596 4402; x_wconf 89' lang='lat' dir='ltr'><strong>luerit</strong></span> <span class='ocrx_word' id='word_1_546' title='bbox 1620 4346 1936 4401; x_wconf 77' lang='lat' dir='ltr'><strong>exercitatio</strong></span> <span class='ocrx_word' id='word_1_547' title='bbox 1956 4344 2272 4415; x_wconf 83' lang='lat' dir='ltr'><strong>approbata,</strong></span> <span class='ocrx_word' id='word_1_548' title='bbox 2299 4344 2485 4398; x_wconf 87' lang='lat' dir='ltr'><strong>decem</strong></span> <span class='ocrx_word' id='word_1_549' title='bbox 2518 4343 2740 4397; x_wconf 90' lang='lat' dir='ltr'><strong>fratrum</strong></span> <span class='ocrx_word' id='word_1_550' title='bbox 2770 4357 2864 4396; x_wconf 87' lang='lat' dir='ltr'><strong>cu-</strong></span> 
     </span>
    </p>
   </div>
   <div class='ocr_carea' id='block_1_74' title="bbox 1291 4435 2862 4508">
    <p class='ocr_par' dir='ltr' id='par_1_74' title="bbox 1291 4435 2862 4508">
     <span class='ocr_line' id='line_1_74' title="bbox 1291 4435 2862 4508; baseline -0.006 -14"><span class='ocrx_word' id='word_1_551' title='bbox 1291 4457 1361 4494; x_wconf 53' lang='lat' dir='ltr'><strong>ra»</strong></span> <span class='ocrx_word' id='word_1_552' title='bbox 1404 4438 1672 4508; x_wconf 69' lang='lat' dir='ltr'><strong>praepositi</strong></span> <span class='ocrx_word' id='word_1_553' title='bbox 1721 4435 2055 4490; x_wconf 86' lang='lat' dir='ltr'><strong>ordinentur.</strong></span> <span class='ocrx_word' id='word_1_554' title='bbox 2088 4435 2240 4500; x_wconf 81' lang='lat' dir='ltr'><strong>Nam,</strong></span> <span class='ocrx_word' id='word_1_555' title='bbox 2273 4437 2408 4490; x_wconf 59' lang='lat' dir='ltr'><strong>sicut</strong></span> <span class='ocrx_word' id='word_1_556' title='bbox 2453 4435 2711 4504; x_wconf 82' lang='lat' dir='ltr'><strong>scriptum</strong></span> <span class='ocrx_word' id='word_1_557' title='bbox 2763 4442 2862 4498; x_wconf 89' lang='lat' dir='ltr'><strong>est,</strong></span> 
     </span>
    </p>
   </div>
   <div class='ocr_carea' id='block_1_75' title="bbox 1288 4525 2864 4596">
    <p class='ocr_par' dir='ltr' id='par_1_75' title="bbox 1288 4525 2864 4596">
     <span class='ocr_line' id='line_1_75' title="bbox 1288 4525 2864 4596; baseline -0.005 -8"><span class='ocrx_word' id='word_1_558' title='bbox 1288 4534 1522 4588; x_wconf 84' lang='lat' dir='ltr'><strong>doceant</strong></span> <span class='ocrx_word' id='word_1_559' title='bbox 1538 4547 1630 4586; x_wconf 86' lang='lat' dir='ltr'><strong>vos</strong></span> <span class='ocrx_word' id='word_1_560' title='bbox 1659 4539 1891 4595; x_wconf 88' lang='lat' dir='ltr'><strong>terrena,</strong></span> <span class='ocrx_word' id='word_1_561' title='bbox 1919 4538 1976 4584; x_wconf 89' lang='lat' dir='ltr'><strong>et</strong></span> <span class='ocrx_word' id='word_1_562' title='bbox 2001 4543 2118 4596; x_wconf 72' lang='lat' dir='ltr'><strong>quae</strong></span> <span class='ocrx_word' id='word_1_563' title='bbox 2149 4538 2271 4581; x_wconf 62' lang='lat' dir='ltr'><strong>sunt</strong></span> <span class='ocrx_word' id='word_1_564' title='bbox 2299 4528 2560 4583; x_wconf 82' lang='lat' dir='ltr'><strong>coelestia.</strong></span> <span class='ocrx_word' id='word_1_565' title='bbox 2593 4525 2728 4594; x_wconf 85' lang='lat' dir='ltr'><strong>Quia</strong></span> <span class='ocrx_word' id='word_1_566' title='bbox 2759 4527 2864 4580; x_wconf 91' lang='lat' dir='ltr'><strong>sic-</strong></span> 
     </span>
    </p>
   </div>
   <div class='ocr_carea' id='block_1_76' title="bbox 1291 4616 2865 4682">
    <p class='ocr_par' dir='ltr' id='par_1_76' title="bbox 1291 4616 2865 4682">
     <span class='ocr_line' id='line_1_76' title="bbox 1291 4616 2865 4682; baseline -0.004 -5"><span class='ocrx_word' id='word_1_567' title='bbox 1291 4633 1347 4678; x_wconf 93' lang='lat' dir='ltr'><strong>ut</strong></span> <span class='ocrx_word' id='word_1_568' title='bbox 1382 4624 1434 4677; x_wconf 92' lang='lat' dir='ltr'><strong>in</strong></span> <span class='ocrx_word' id='word_1_569' title='bbox 1489 4622 1720 4676; x_wconf 85' lang='lat' dir='ltr'><strong>hominis</strong></span> <span class='ocrx_word' id='word_1_570' title='bbox 1766 4620 1962 4682; x_wconf 88' lang='lat' dir='ltr'><strong>domo,</strong></span> <span class='ocrx_word' id='word_1_571' title='bbox 2015 4627 2075 4674; x_wconf 87' lang='lat' dir='ltr'><strong>ut</strong></span> <span class='ocrx_word' id='word_1_572' title='bbox 2121 4633 2340 4672; x_wconf 89' lang='lat' dir='ltr'><strong>securus</strong></span> <span class='ocrx_word' id='word_1_573' title='bbox 2387 4619 2458 4672; x_wconf 88' lang='lat' dir='ltr'><strong>sit</strong></span> <span class='ocrx_word' id='word_1_574' title='bbox 2502 4617 2569 4671; x_wconf 90' lang='lat' dir='ltr'><strong>de</strong></span> <span class='ocrx_word' id='word_1_575' title='bbox 2617 4616 2865 4672; x_wconf 90' lang='lat' dir='ltr'><strong>omnibus</strong></span> 
     </span>
    </p>
   </div>
   <div class='ocr_carea' id='block_1_77' title="bbox 1287 4706 2861 4785">
    <p class='ocr_par' dir='ltr' id='par_1_77' title="bbox 1287 4706 2861 4785">
     <span class='ocr_line' id='line_1_77' title="bbox 1287 4706 2861 4785; baseline -0.004 -17"><span class='ocrx_word' id='word_1_576' title='bbox 1287 4712 1672 4785; x_wconf 71' lang='lat' dir='ltr'><strong>praeparandis.</strong></span> <span class='ocrx_word' id='word_1_577' title='bbox 1705 4712 1954 4765; x_wconf 89' lang='lat' dir='ltr'><strong>dominus</strong></span> <span class='ocrx_word' id='word_1_578' title='bbox 1985 4710 2060 4763; x_wconf 86' lang='lat' dir='ltr'><strong>rei</strong></span> <span class='ocrx_word' id='word_1_579' title='bbox 2106 4709 2320 4763; x_wconf 86' lang='lat' dir='ltr'><strong>ordinat</strong></span> <span class='ocrx_word' id='word_1_580' title='bbox 2351 4707 2586 4776; x_wconf 85' lang='lat' dir='ltr'><strong>majores</strong></span> <span class='ocrx_word' id='word_1_581' title='bbox 2625 4706 2861 4774; x_wconf 74' lang='lat' dir='ltr'><strong>familizc,</strong></span> 
     </span>
    </p>
   </div>
   <div class='ocr_carea' id='block_1_78' title="bbox 1286 4799 2867 4874">
    <p class='ocr_par' dir='ltr' id='par_1_78' title="bbox 1286 4799 2867 4874">
     <span class='ocr_line' id='line_1_78' title="bbox 1286 4799 2867 4874; baseline -0.003 -16"><span class='ocrx_word' id='word_1_582' title='bbox 1286 4820 1422 4874; x_wconf 91' lang='lat' dir='ltr'><strong>quos</strong></span> <span class='ocrx_word' id='word_1_583' title='bbox 1461 4805 1577 4860; x_wconf 89' lang='lat' dir='ltr'><strong>vice</strong></span> <span class='ocrx_word' id='word_1_584' title='bbox 1603 4803 1802 4858; x_wconf 89' lang='lat' dir='ltr'><strong>domini</strong></span> <span class='ocrx_word' id='word_1_585' title='bbox 1834 4803 2069 4856; x_wconf 90' lang='lat' dir='ltr'><strong>minores</strong></span> <span class='ocrx_word' id='word_1_586' title='bbox 2099 4803 2358 4864; x_wconf 85' lang='lat' dir='ltr'><strong>timeant;</strong></span> <span class='ocrx_word' id='word_1_587' title='bbox 2397 4803 2442 4852; x_wconf 82' lang='lat' dir='ltr'><strong>i.l</strong></span> <span class='ocrx_word' id='word_1_588' title='bbox 2485 4809 2586 4861; x_wconf 86' lang='lat' dir='ltr'><strong>est,</strong></span> <span class='ocrx_word' id='word_1_589' title='bbox 2621 4801 2737 4854; x_wconf 85' lang='lat' dir='ltr'><strong>vice</strong></span> <span class='ocrx_word' id='word_1_590' title='bbox 2766 4799 2867 4853; x_wconf 90' lang='lat' dir='ltr'><strong>do-</strong></span> 
     </span>
    </p>
   </div>
   <div class='ocr_carea' id='block_1_79' title="bbox 1287 4893 2860 4964">
    <p class='ocr_par' dir='ltr' id='par_1_79' title="bbox 1287 4893 2860 4964">
     <span class='ocr_line' id='line_1_79' title="bbox 1287 4893 2860 4964; baseline -0.003 -11"><span class='ocrx_word' id='word_1_591' title='bbox 1287 4901 1514 4963; x_wconf 88' lang='lat' dir='ltr'><strong>ntiuutn,</strong></span> <span class='ocrx_word' id='word_1_592' title='bbox 1539 4897 1793 4963; x_wconf 86' lang='lat' dir='ltr'><strong>villicum,</strong></span> <span class='ocrx_word' id='word_1_593' title='bbox 1819 4894 2126 4950; x_wconf 87' lang='lat' dir='ltr'><strong>saltuarium</strong></span> <span class='ocrx_word' id='word_1_594' title='bbox 2157 4904 2211 4948; x_wconf 91' lang='lat' dir='ltr'><strong>et</strong></span> <span class='ocrx_word' id='word_1_595' title='bbox 2235 4895 2494 4964; x_wconf 89' lang='lat' dir='ltr'><strong>majorem</strong></span> <span class='ocrx_word' id='word_1_596' title='bbox 2521 4893 2733 4959; x_wconf 86' lang='lat' dir='ltr'><strong>domus,</strong></span> <span class='ocrx_word' id='word_1_597' title='bbox 2780 4895 2860 4949; x_wconf 90' lang='lat' dir='ltr'><strong>sic</strong></span> 
     </span>
    </p>
   </div>
   <div class='ocr_carea' id='block_1_80' title="bbox 1289 4985 2867 5049">
    <p class='ocr_par' dir='ltr' id='par_1_80' title="bbox 1289 4985 2867 5049">
     <span class='ocr_line' id='line_1_80' title="bbox 1289 4985 2867 5049; baseline -0.005 -3"><span class='ocrx_word' id='word_1_598' title='bbox 1289 4998 1344 5046; x_wconf 85' lang='lat' dir='ltr'><strong>et</strong></span> <span class='ocrx_word' id='word_1_599' title='bbox 1372 4991 1424 5044; x_wconf 88' lang='lat' dir='ltr'><strong>in</strong></span> <span class='ocrx_word' id='word_1_600' title='bbox 1452 4988 1704 5044; x_wconf 89' lang='lat' dir='ltr'><strong>domibus</strong></span> <span class='ocrx_word' id='word_1_601' title='bbox 1747 4986 1962 5047; x_wconf 89' lang='lat' dir='ltr'><strong>divinis.</strong></span> <span class='ocrx_word' id='word_1_602' title='bbox 1997 4985 2048 5039; x_wconf 92' lang='lat' dir='ltr'><strong>id</strong></span> <span class='ocrx_word' id='word_1_603' title='bbox 2075 4995 2180 5049; x_wconf 87' lang='lat' dir='ltr'><strong>est,</strong></span> <span class='ocrx_word' id='word_1_604' title='bbox 2215 4985 2265 5038; x_wconf 92' lang='lat' dir='ltr'><strong>in</strong></span> <span class='ocrx_word' id='word_1_605' title='bbox 2314 4985 2556 5040; x_wconf 89' lang='lat' dir='ltr'><strong>ecclesiis</strong></span> <span class='ocrx_word' id='word_1_606' title='bbox 2586 4993 2642 5039; x_wconf 89' lang='lat' dir='ltr'><strong>et</strong></span> <span class='ocrx_word' id='word_1_607' title='bbox 2675 5000 2867 5040; x_wconf 88' lang='lat' dir='ltr'><strong>mona-</strong></span> 
     </span>
    </p>
   </div>
   <div class='ocr_carea' id='block_1_81' title="bbox 1289 5075 2869 5145">
    <p class='ocr_par' dir='ltr' id='par_1_81' title="bbox 1289 5075 2869 5145">
     <span class='ocr_line' id='line_1_81' title="bbox 1289 5075 2869 5145; baseline -0.002 -10"><span class='ocrx_word' id='word_1_608' title='bbox 1289 5081 1486 5144; x_wconf 89' lang='lat' dir='ltr'><strong>steriis,</strong></span> <span class='ocrx_word' id='word_1_609' title='bbox 1529 5079 1672 5134; x_wconf 88' lang='lat' dir='ltr'><strong>Deus</strong></span> <span class='ocrx_word' id='word_1_610' title='bbox 1712 5078 2008 5132; x_wconf 90' lang='lat' dir='ltr'><strong>minoribus</strong></span> <span class='ocrx_word' id='word_1_611' title='bbox 2051 5076 2280 5145; x_wconf 89' lang='lat' dir='ltr'><strong>majores</strong></span> <span class='ocrx_word' id='word_1_612' title='bbox 2323 5078 2632 5145; x_wconf 63' lang='lat' dir='ltr'><strong>praeposuit,</strong></span> <span class='ocrx_word' id='word_1_613' title='bbox 2666 5075 2869 5144; x_wconf 83' lang='lat' dir='ltr'><strong>ignaris</strong></span> 
     </span>
    </p>
   </div>
   <div class='ocr_carea' id='block_1_82' title="bbox 1294 5165 2871 5244">
    <p class='ocr_par' dir='ltr' id='par_1_82' title="bbox 1294 5165 2871 5244">
     <span class='ocr_line' id='line_1_82' title="bbox 1294 5165 2871 5244; baseline -0.004 -17"><span class='ocrx_word' id='word_1_614' title='bbox 1294 5173 1516 5244; x_wconf 89' lang='lat' dir='ltr'><strong>peritos,</strong></span> <span class='ocrx_word' id='word_1_615' title='bbox 1550 5179 1756 5224; x_wconf 87' lang='lat' dir='ltr'><strong>astutos</strong></span> <span class='ocrx_word' id='word_1_616' title='bbox 1785 5167 2134 5238; x_wconf 87' lang='lat' dir='ltr'><strong>simplicibus,</strong></span> <span class='ocrx_word' id='word_1_617' title='bbox 2167 5177 2221 5222; x_wconf 89' lang='lat' dir='ltr'><strong>et</strong></span> <span class='ocrx_word' id='word_1_618' title='bbox 2249 5166 2444 5221; x_wconf 57' lang='lat' dir='ltr'><strong>divina:</strong></span> <span class='ocrx_word' id='word_1_619' title='bbox 2475 5167 2605 5220; x_wconf 90' lang='lat' dir='ltr'><strong>artis</strong></span> <span class='ocrx_word' id='word_1_620' title='bbox 2628 5165 2871 5235; x_wconf 81' lang='lat' dir='ltr'><strong>discipu-</strong></span> 
     </span>
    </p>
   </div>
   <div class='ocr_carea' id='block_1_83' title="bbox 1293 5256 2869 5326">
    <p class='ocr_par' dir='ltr' id='par_1_83' title="bbox 1293 5256 2869 5326">
     <span class='ocr_line' id='line_1_83' title="bbox 1293 5256 2869 5326; baseline -0.003 -10"><span class='ocrx_word' id='word_1_621' title='bbox 1293 5263 1358 5319; x_wconf 92' lang='lat' dir='ltr'><strong>lis</strong></span> <span class='ocrx_word' id='word_1_622' title='bbox 1386 5260 1655 5318; x_wconf 87' lang='lat' dir='ltr'><strong>ordinavit</strong></span> <span class='ocrx_word' id='word_1_623' title='bbox 1702 5259 1984 5326; x_wconf 86' lang='lat' dir='ltr'><strong>magistros</strong></span> <span class='ocrx_word' id='word_1_624' title='bbox 2009 5275 2022 5311; x_wconf 89' lang='lat'><strong>:</strong></span> <span class='ocrx_word' id='word_1_625' title='bbox 2053 5256 2108 5312; x_wconf 90' lang='lat' dir='ltr'><strong>id</strong></span> <span class='ocrx_word' id='word_1_626' title='bbox 2151 5264 2252 5322; x_wconf 89' lang='lat' dir='ltr'><strong>est,</strong></span> <span class='ocrx_word' id='word_1_627' title='bbox 2298 5257 2352 5310; x_wconf 93' lang='lat' dir='ltr'><strong>in</strong></span> <span class='ocrx_word' id='word_1_628' title='bbox 2382 5256 2624 5312; x_wconf 87' lang='lat' dir='ltr'><strong>ccclesiis</strong></span> <span class='ocrx_word' id='word_1_629' title='bbox 2654 5257 2869 5326; x_wconf 84' lang='lat' dir='ltr'><strong>episco-</strong></span> 
     </span>
    </p>
   </div>
   <div class='ocr_carea' id='block_1_84' title="bbox 1296 5346 2866 5425">
    <p class='ocr_par' dir='ltr' id='par_1_84' title="bbox 1296 5346 2866 5425">
     <span class='ocr_line' id='line_1_84' title="bbox 1296 5346 2866 5425; baseline -0.006 -14"><span class='ocrx_word' id='word_1_630' title='bbox 1296 5369 1416 5425; x_wconf 86' lang='lat' dir='ltr'><strong>pos,</strong></span> <span class='ocrx_word' id='word_1_631' title='bbox 1462 5351 1823 5424; x_wconf 86' lang='lat' dir='ltr'><strong>presbyteros,</strong></span> <span class='ocrx_word' id='word_1_632' title='bbox 1874 5349 2149 5410; x_wconf 88' lang='lat' dir='ltr'><strong>diaconos,</strong></span> <span class='ocrx_word' id='word_1_633' title='bbox 2200 5346 2284 5400; x_wconf 77' lang='lat' dir='ltr'><strong>vel</strong></span> <span class='ocrx_word' id='word_1_634' title='bbox 2339 5348 2584 5402; x_wconf 89' lang='lat' dir='ltr'><strong>clerum:</strong></span> <span class='ocrx_word' id='word_1_635' title='bbox 2635 5363 2866 5416; x_wconf 90' lang='lat' dir='ltr'><strong>quorum</strong></span> 
     </span>
    </p>
   </div>
   <div class='ocr_carea' id='block_1_85' title="bbox 1293 5433 2867 5509">
    <p class='ocr_par' dir='ltr' id='par_1_85' title="bbox 1293 5433 2867 5509">
     <span class='ocr_line' id='line_1_85' title="bbox 1293 5433 2867 5509; baseline -0.001 -12"><span class='ocrx_word' id='word_1_636' title='bbox 1293 5447 1413 5500; x_wconf 88' lang='lat' dir='ltr'><strong>vice</strong></span> <span class='ocrx_word' id='word_1_637' title='bbox 1445 5443 1539 5498; x_wconf 88' lang='lat' dir='ltr'><strong>Dei</strong></span> <span class='ocrx_word' id='word_1_638' title='bbox 1565 5442 1788 5509; x_wconf 88' lang='lat' dir='ltr'><strong>imperia</strong></span> <span class='ocrx_word' id='word_1_639' title='bbox 1819 5439 2001 5492; x_wconf 91' lang='lat' dir='ltr'><strong>audiat</strong></span> <span class='ocrx_word' id='word_1_640' title='bbox 2045 5449 2096 5492; x_wconf 88' lang='lat' dir='ltr'><strong>et</strong></span> <span class='ocrx_word' id='word_1_641' title='bbox 2128 5433 2314 5492; x_wconf 84' lang='lat' dir='ltr'><strong>timeat</strong></span> <span class='ocrx_word' id='word_1_642' title='bbox 2343 5439 2510 5507; x_wconf 89' lang='lat' dir='ltr'><strong>plebs,</strong></span> <span class='ocrx_word' id='word_1_643' title='bbox 2536 5446 2592 5493; x_wconf 90' lang='lat' dir='ltr'><strong>et</strong></span> <span class='ocrx_word' id='word_1_644' title='bbox 2621 5439 2867 5496; x_wconf 91' lang='lat' dir='ltr'><strong>notitiam</strong></span> 
     </span>
    </p>
   </div>
   <div class='ocr_carea' id='block_1_86' title="bbox 1295 5528 2867 5597">
    <p class='ocr_par' dir='ltr' id='par_1_86' title="bbox 1295 5528 2867 5597">
     <span class='ocr_line' id='line_1_86' title="bbox 1295 5528 2867 5597; baseline -0.002 -10"><span class='ocrx_word' id='word_1_645' title='bbox 1295 5532 1582 5590; x_wconf 60' lang='lat' dir='ltr'><strong>salutifene</strong></span> <span class='ocrx_word' id='word_1_646' title='bbox 1612 5532 1740 5597; x_wconf 85' lang='lat' dir='ltr'><strong>legis</strong></span> <span class='ocrx_word' id='word_1_647' title='bbox 1782 5531 1850 5586; x_wconf 93' lang='lat' dir='ltr'><strong>ab</strong></span> <span class='ocrx_word' id='word_1_648' title='bbox 1877 5532 1954 5585; x_wconf 89' lang='lat' dir='ltr'><strong>eis</strong></span> <span class='ocrx_word' id='word_1_649' title='bbox 1981 5529 2236 5584; x_wconf 89' lang='lat' dir='ltr'><strong>addiscat.</strong></span> <span class='ocrx_word' id='word_1_650' title='bbox 2269 5528 2325 5582; x_wconf 94' lang='lat' dir='ltr'><strong>In</strong></span> <span class='ocrx_word' id='word_1_651' title='bbox 2360 5531 2703 5585; x_wconf 83' lang='lat' dir='ltr'><strong>monasteriis</strong></span> <span class='ocrx_word' id='word_1_652' title='bbox 2738 5545 2867 5585; x_wconf 90' lang='lat' dir='ltr'><strong>vero</strong></span> 
     </span>
    </p>
   </div>
   <div class='ocr_carea' id='block_1_87' title="bbox 1295 5622 2867 5693">
    <p class='ocr_par' dir='ltr' id='par_1_87' title="bbox 1295 5622 2867 5693">
     <span class='ocr_line' id='line_1_87' title="bbox 1295 5622 2867 5693; baseline -0.004 -10"><span class='ocrx_word' id='word_1_653' title='bbox 1295 5629 1516 5683; x_wconf 89' lang='lat' dir='ltr'><strong>abbates</strong></span> <span class='ocrx_word' id='word_1_654' title='bbox 1555 5634 1610 5679; x_wconf 91' lang='lat' dir='ltr'><strong>et</strong></span> <span class='ocrx_word' id='word_1_655' title='bbox 1639 5626 1968 5693; x_wconf 64' lang='lat' dir='ltr'><strong>praepositis,</strong></span> <span class='ocrx_word' id='word_1_656' title='bbox 2014 5639 2148 5689; x_wconf 86' lang='lat' dir='ltr'><strong>quos</strong></span> <span class='ocrx_word' id='word_1_657' title='bbox 2179 5639 2274 5689; x_wconf 82' lang='lat' dir='ltr'><strong>pro</strong></span> <span class='ocrx_word' id='word_1_658' title='bbox 2302 5622 2472 5677; x_wconf 63' lang='lat' dir='ltr'><strong>salute</strong></span> <span class='ocrx_word' id='word_1_659' title='bbox 2516 5624 2707 5675; x_wconf 75' lang='lat' dir='ltr'><strong>anime</strong></span> <span class='ocrx_word' id='word_1_660' title='bbox 2757 5637 2867 5676; x_wconf 68' lang='lat' dir='ltr'><strong>suae</strong></span> 
     </span>
    </p>
   </div>
   <div class='ocr_carea' id='block_1_88' title="bbox 1297 5714 2867 5784">
    <p class='ocr_par' dir='ltr' id='par_1_88' title="bbox 1297 5714 2867 5784">
     <span class='ocr_line' id='line_1_88' title="bbox 1297 5714 2867 5784; baseline -0.003 -12"><span class='ocrx_word' id='word_1_661' title='bbox 1297 5718 1519 5772; x_wconf 86' lang='lat' dir='ltr'><strong>audiant</strong></span> <span class='ocrx_word' id='word_1_662' title='bbox 1549 5715 1802 5784; x_wconf 80' lang='lat' dir='ltr'><strong>majores,</strong></span> <span class='ocrx_word' id='word_1_663' title='bbox 1835 5725 1888 5767; x_wconf 89' lang='lat' dir='ltr'><strong>et</strong></span> <span class='ocrx_word' id='word_1_664' title='bbox 1919 5716 2032 5766; x_wconf 81' lang='lat' dir='ltr'><strong>vice</strong></span> <span class='ocrx_word' id='word_1_665' title='bbox 2063 5714 2152 5766; x_wconf 86' lang='lat' dir='ltr'><strong>Dei</strong></span> <span class='ocrx_word' id='word_1_666' title='bbox 2196 5715 2465 5784; x_wconf 59' lang='lat' dir='ltr'><strong>praepositi</strong></span> <span class='ocrx_word' id='word_1_667' title='bbox 2515 5715 2756 5768; x_wconf 86' lang='lat' dir='ltr'><strong>militiam</strong></span> <span class='ocrx_word' id='word_1_668' title='bbox 2799 5715 2867 5768; x_wconf 87' lang='lat' dir='ltr'><strong>ti-</strong></span> 
     </span>
    </p>
   </div>
   <div class='ocr_carea' id='block_1_89' title="bbox 1302 5805 2866 5877">
    <p class='ocr_par' dir='ltr' id='par_1_89' title="bbox 1302 5805 2866 5877">
     <span class='ocr_line' id='line_1_89' title="bbox 1302 5805 2866 5877; baseline -0.004 -11"><span class='ocrx_word' id='word_1_669' title='bbox 1302 5819 1503 5866; x_wconf 87' lang='lat' dir='ltr'><strong>meant.</strong></span> <span class='ocrx_word' id='word_1_670' title='bbox 1531 5809 1667 5877; x_wconf 80' lang='lat' dir='ltr'><strong>Quia</strong></span> <span class='ocrx_word' id='word_1_671' title='bbox 1694 5809 1806 5863; x_wconf 89' lang='lat' dir='ltr'><strong>sive</strong></span> <span class='ocrx_word' id='word_1_672' title='bbox 1835 5805 2203 5862; x_wconf 75' lang='lat' dir='ltr'><strong>sacerdotibus</strong></span> <span class='ocrx_word' id='word_1_673' title='bbox 2235 5808 2287 5860; x_wconf 90' lang='lat' dir='ltr'><strong>in</strong></span> <span class='ocrx_word' id='word_1_674' title='bbox 2318 5807 2571 5874; x_wconf 89' lang='lat' dir='ltr'><strong>ecclesia,</strong></span> <span class='ocrx_word' id='word_1_675' title='bbox 2613 5807 2725 5860; x_wconf 90' lang='lat' dir='ltr'><strong>sive</strong></span> <span class='ocrx_word' id='word_1_676' title='bbox 2775 5807 2866 5861; x_wconf 88' lang='lat' dir='ltr'><strong>ab-</strong></span> 
     </span>
    </p>
   </div>
   <div class='ocr_carea' id='block_1_90' title="bbox 2961 3328 4546 3396">
    <p class='ocr_par' dir='ltr' id='par_1_90' title="bbox 2961 3328 4546 3396">
     <span class='ocr_line' id='line_1_90' title="bbox 2961 3328 4546 3396; baseline 0 -11"><span class='ocrx_word' id='word_1_677' title='bbox 2961 3339 3146 3386; x_wconf 88' lang='lat' dir='ltr'><strong>sentes</strong></span> <span class='ocrx_word' id='word_1_678' title='bbox 3174 3329 3411 3384; x_wconf 87' lang='lat' dir='ltr'><strong>babeant</strong></span> <span class='ocrx_word' id='word_1_679' title='bbox 3433 3343 3654 3394; x_wconf 88' lang='lat' dir='ltr'><strong>secum;</strong></span> <span class='ocrx_word' id='word_1_680' title='bbox 3687 3337 3741 3382; x_wconf 90' lang='lat' dir='ltr'><strong>et</strong></span> <span class='ocrx_word' id='word_1_681' title='bbox 3771 3328 3822 3382; x_wconf 92' lang='lat' dir='ltr'><strong>in</strong></span> <span class='ocrx_word' id='word_1_682' title='bbox 3857 3328 4040 3396; x_wconf 90' lang='lat' dir='ltr'><strong>paucis</strong></span> <span class='ocrx_word' id='word_1_683' title='bbox 4063 3329 4288 3384; x_wconf 90' lang='lat' dir='ltr'><strong>creditis</strong></span> <span class='ocrx_word' id='word_1_684' title='bbox 4321 3331 4546 3385; x_wconf 88' lang='lat' dir='ltr'><strong>idoneor</strong></span> 
     </span>
    </p>
   </div>
   <div class='ocr_carea' id='block_1_91' title="bbox 2910 3418 4542 3490">
    <p class='ocr_par' dir='ltr' id='par_1_91' title="bbox 2910 3418 4542 3490">
     <span class='ocr_line' id='line_1_91' title="bbox 2910 3418 4542 3490; baseline -0.001 -14"><span class='ocrx_word' id='word_1_685' title='bbox 2910 3418 2912 3420; x_wconf 66' lang='grc'>’</span> <span class='ocrx_word' id='word_1_686' title='bbox 2962 3423 3030 3476; x_wconf 92' lang='lat' dir='ltr'><strong>sit</strong></span> <span class='ocrx_word' id='word_1_687' title='bbox 3057 3420 3331 3489; x_wconf 87' lang='lat' dir='ltr'><strong>diligentia</strong></span> <span class='ocrx_word' id='word_1_688' title='bbox 3359 3420 3730 3475; x_wconf 83' lang='lat' dir='ltr'><strong>custodientis.</strong></span> <span class='ocrx_word' id='word_1_689' title='bbox 3766 3418 3898 3474; x_wconf 86' lang='lat' dir='ltr'><strong>Nam</strong></span> <span class='ocrx_word' id='word_1_690' title='bbox 3945 3419 3997 3474; x_wconf 92' lang='lat' dir='ltr'><strong>in</strong></span> <span class='ocrx_word' id='word_1_691' title='bbox 4029 3420 4215 3474; x_wconf 91' lang='lat' dir='ltr'><strong>multis</strong></span> <span class='ocrx_word' id='word_1_692' title='bbox 4251 3422 4400 3490; x_wconf 90' lang='lat' dir='ltr'><strong>quod</strong></span> <span class='ocrx_word' id='word_1_693' title='bbox 4439 3438 4542 3475; x_wconf 86' lang='lat' dir='ltr'><strong>non</strong></span> 
     </span>
    </p>
   </div>
   <div class='ocr_carea' id='block_1_92' title="bbox 2963 3510 4540 3582">
    <p class='ocr_par' dir='ltr' id='par_1_92' title="bbox 2963 3510 4540 3582">
     <span class='ocr_line' id='line_1_92' title="bbox 2963 3510 4540 3582; baseline -0.001 -14"><span class='ocrx_word' id='word_1_694' title='bbox 2963 3512 3285 3576; x_wconf 88' lang='lat' dir='ltr'><strong>occurritur,</strong></span> <span class='ocrx_word' id='word_1_695' title='bbox 3308 3511 3735 3581; x_wconf 53' lang='lat' dir='ltr'><strong>praetermittitur</strong></span> <span class='ocrx_word' id='word_1_696' title='bbox 3763 3510 4096 3580; x_wconf 84' lang='lat' dir='ltr'><strong>negligenter</strong></span> <span class='ocrx_word' id='word_1_697' title='bbox 4127 3529 4139 3564; x_wconf 90' lang='lat'><strong>:</strong></span> <span class='ocrx_word' id='word_1_698' title='bbox 4173 3513 4305 3581; x_wconf 90' lang='lat' dir='ltr'><strong>quia</strong></span> <span class='ocrx_word' id='word_1_699' title='bbox 4333 3513 4386 3566; x_wconf 90' lang='lat' dir='ltr'><strong>in</strong></span> <span class='ocrx_word' id='word_1_700' title='bbox 4414 3530 4540 3582; x_wconf 86' lang='lat' dir='ltr'><strong>pau-</strong></span> 
     </span>
    </p>
   </div>
   <div class='ocr_carea' id='block_1_93' title="bbox 2963 3601 4543 3675">
    <p class='ocr_par' dir='ltr' id='par_1_93' title="bbox 2963 3601 4543 3675">
     <span class='ocr_line' id='line_1_93' title="bbox 2963 3601 4543 3675; baseline 0.001 -17"><span class='ocrx_word' id='word_1_701' title='bbox 2963 3603 3042 3658; x_wconf 88' lang='lat' dir='ltr'><strong>cis</strong></span> <span class='ocrx_word' id='word_1_702' title='bbox 3072 3601 3324 3656; x_wconf 87' lang='lat' dir='ltr'><strong>fratribus</strong></span> <span class='ocrx_word' id='word_1_703' title='bbox 3365 3602 3667 3657; x_wconf 86' lang='lat' dir='ltr'><strong>eommissis</strong></span> <span class='ocrx_word' id='word_1_704' title='bbox 3695 3602 3901 3657; x_wconf 89' lang='lat' dir='ltr'><strong>alterna</strong></span> <span class='ocrx_word' id='word_1_705' title='bbox 3947 3602 4175 3658; x_wconf 89' lang='lat' dir='ltr'><strong>duorum</strong></span> <span class='ocrx_word' id='word_1_706' title='bbox 4228 3606 4543 3675; x_wconf 67' lang='lat' dir='ltr'><strong>prasposito-</strong></span> 
     </span>
    </p>
   </div>
   <div class='ocr_carea' id='block_1_94' title="bbox 2962 3692 4545 3764">
    <p class='ocr_par' dir='ltr' id='par_1_94' title="bbox 2962 3692 4545 3764">
     <span class='ocr_line' id='line_1_94' title="bbox 2962 3692 4545 3764; baseline 0.003 -16"><span class='ocrx_word' id='word_1_707' title='bbox 2962 3709 3080 3748; x_wconf 88' lang='lat' dir='ltr'><strong>rum</strong></span> <span class='ocrx_word' id='word_1_708' title='bbox 3108 3699 3286 3749; x_wconf 87' lang='lat' dir='ltr'><strong>exstat</strong></span> <span class='ocrx_word' id='word_1_709' title='bbox 3323 3692 3632 3763; x_wconf 87' lang='lat' dir='ltr'><strong>diligentior</strong></span> <span class='ocrx_word' id='word_1_710' title='bbox 3659 3709 3811 3761; x_wconf 88' lang='lat' dir='ltr'><strong>cura,</strong></span> <span class='ocrx_word' id='word_1_711' title='bbox 3870 3701 3928 3748; x_wconf 90' lang='lat' dir='ltr'><strong>et</strong></span> <span class='ocrx_word' id='word_1_712' title='bbox 3955 3694 4095 3764; x_wconf 90' lang='lat' dir='ltr'><strong>apud</strong></span> <span class='ocrx_word' id='word_1_713' title='bbox 4125 3695 4383 3752; x_wconf 80' lang='lat' dir='ltr'><strong>abbatem</strong></span> <span class='ocrx_word' id='word_1_714' title='bbox 4417 3695 4545 3752; x_wconf 83' lang='lat' dir='ltr'><strong>faci-</strong></span> 
     </span>
    </p>
   </div>
   <div class='ocr_carea' id='block_1_95' title="bbox 2961 3785 4544 3858">
    <p class='ocr_par' dir='ltr' id='par_1_95' title="bbox 2961 3785 4544 3858">
     <span class='ocr_line' id='line_1_95' title="bbox 2961 3785 4544 3858; baseline 0.004 -18"><span class='ocrx_word' id='word_1_715' title='bbox 2961 3785 3027 3841; x_wconf 86' lang='lat' dir='ltr'><strong>lis</strong></span> <span class='ocrx_word' id='word_1_716' title='bbox 3053 3785 3126 3842; x_wconf 88' lang='lat' dir='ltr'><strong>sit</strong></span> <span class='ocrx_word' id='word_1_717' title='bbox 3152 3785 3291 3841; x_wconf 90' lang='lat' dir='ltr'><strong>ratio</strong></span> <span class='ocrx_word' id='word_1_718' title='bbox 3313 3785 3384 3841; x_wconf 90' lang='lat' dir='ltr'><strong>de</strong></span> <span class='ocrx_word' id='word_1_719' title='bbox 3411 3786 3599 3856; x_wconf 82' lang='lat' dir='ltr'><strong>paucis</strong></span> <span class='ocrx_word' id='word_1_720' title='bbox 3624 3795 3836 3842; x_wconf 85' lang='lat' dir='ltr'><strong>exacta.</strong></span> <span class='ocrx_word' id='word_1_721' title='bbox 3879 3786 4047 3856; x_wconf 80' lang='lat' dir='ltr'><strong>Cujus</strong></span> <span class='ocrx_word' id='word_1_722' title='bbox 4093 3789 4383 3858; x_wconf 85' lang='lat' dir='ltr'><strong>paucitatis</strong></span> <span class='ocrx_word' id='word_1_723' title='bbox 4433 3791 4544 3846; x_wconf 92' lang='lat' dir='ltr'><strong>ido-</strong></span> 
     </span>
    </p>
   </div>
   <div class='ocr_carea' id='block_1_96' title="bbox 2963 3877 4544 3950">
    <p class='ocr_par' dir='ltr' id='par_1_96' title="bbox 2963 3877 4544 3950">
     <span class='ocr_line' id='line_1_96' title="bbox 2963 3877 4544 3950; baseline 0.003 -19"><span class='ocrx_word' id='word_1_724' title='bbox 2963 3892 3124 3932; x_wconf 87' lang='lat' dir='ltr'><strong>neum</strong></span> <span class='ocrx_word' id='word_1_725' title='bbox 3142 3877 3390 3946; x_wconf 87' lang='lat' dir='ltr'><strong>designat</strong></span> <span class='ocrx_word' id='word_1_726' title='bbox 3408 3877 3670 3933; x_wconf 85' lang='lat' dir='ltr'><strong>Dominus</strong></span> <span class='ocrx_word' id='word_1_727' title='bbox 3693 3887 4054 3945; x_wconf 81' lang='lat' dir='ltr'><strong>servatorem,</strong></span> <span class='ocrx_word' id='word_1_728' title='bbox 4084 3887 4141 3933; x_wconf 89' lang='lat' dir='ltr'><strong>et</strong></span> <span class='ocrx_word' id='word_1_729' title='bbox 4160 3879 4281 3948; x_wconf 89' lang='lat' dir='ltr'><strong>ejus</strong></span> <span class='ocrx_word' id='word_1_730' title='bbox 4305 3881 4544 3950; x_wconf 87' lang='lat' dir='ltr'><strong>diligenti</strong></span> 
     </span>
    </p>
   </div>
   <div class='ocr_carea' id='block_1_97' title="bbox 2963 3968 4546 4040">
    <p class='ocr_par' dir='ltr' id='par_1_97' title="bbox 2963 3968 4546 4040">
     <span class='ocr_line' id='line_1_97' title="bbox 2963 3968 4546 4040; baseline 0.001 -18"><span class='ocrx_word' id='word_1_731' title='bbox 2963 3981 3107 4023; x_wconf 69' lang='lat' dir='ltr'><strong>curae</strong></span> <span class='ocrx_word' id='word_1_732' title='bbox 3131 3969 3353 4038; x_wconf 84' lang='lat' dir='ltr'><strong>ampliat</strong></span> <span class='ocrx_word' id='word_1_733' title='bbox 3387 3968 3674 4035; x_wconf 88' lang='lat' dir='ltr'><strong>creditum,</strong></span> <span class='ocrx_word' id='word_1_734' title='bbox 3709 3969 3897 4024; x_wconf 80' lang='lat' dir='ltr'><strong>dicens</strong></span> <span class='ocrx_word' id='word_1_735' title='bbox 3926 3987 3938 4022; x_wconf 93' lang='lat'><strong>:</strong></span> <span class='ocrx_word' id='word_1_736' title='bbox 3975 3968 4143 4040; x_wconf 82' lang='lat' dir='ltr'><strong>Euge,</strong></span> <span class='ocrx_word' id='word_1_737' title='bbox 4171 3988 4316 4025; x_wconf 80' lang='lat' dir='ltr'><strong>serve</strong></span> <span class='ocrx_word' id='word_1_738' title='bbox 4342 3972 4473 4028; x_wconf 82' lang='lat' dir='ltr'><strong>bone</strong></span> <span class='ocrx_word' id='word_1_739' title='bbox 4501 3984 4546 4026; x_wconf 84' lang='lat' dir='ltr'><strong>et</strong></span> 
     </span>
    </p>
   </div>
   <div class='ocr_carea' id='block_1_98' title="bbox 2963 4059 4548 4132">
    <p class='ocr_par' dir='ltr' id='par_1_98' title="bbox 2963 4059 4548 4132">
     <span class='ocr_line' id='line_1_98' title="bbox 2963 4059 4548 4132; baseline 0.003 -19"><span class='ocrx_word' id='word_1_740' title='bbox 2963 4059 3156 4128; x_wconf 80' lang='lat' dir='ltr'><strong>ﬁdelis,</strong></span> <span class='ocrx_word' id='word_1_741' title='bbox 3185 4060 3306 4131; x_wconf 81' lang='lat' dir='ltr'><strong>quia</strong></span> <span class='ocrx_word' id='word_1_742' title='bbox 3332 4063 3390 4114; x_wconf 75' lang='lat' dir='ltr'><strong>iis</strong></span> <span class='ocrx_word' id='word_1_743' title='bbox 3419 4077 3588 4130; x_wconf 71' lang='lat' dir='ltr'><strong>pauca</strong></span> <span class='ocrx_word' id='word_1_744' title='bbox 3607 4061 3752 4132; x_wconf 72' lang='lat' dir='ltr'><strong>fuisti</strong></span> <span class='ocrx_word' id='word_1_745' title='bbox 3771 4059 3961 4130; x_wconf 73' lang='lat' dir='ltr'><strong>ﬁdelis,</strong></span> <span class='ocrx_word' id='word_1_746' title='bbox 3985 4078 4135 4130; x_wconf 82' lang='lat' dir='ltr'><strong>super</strong></span> <span class='ocrx_word' id='word_1_747' title='bbox 4157 4065 4323 4117; x_wconf 84' lang='lat' dir='ltr'><strong>multa</strong></span> <span class='ocrx_word' id='word_1_748' title='bbox 4353 4073 4404 4117; x_wconf 83' lang='lat' dir='ltr'><strong>te</strong></span> <span class='ocrx_word' id='word_1_749' title='bbox 4426 4081 4548 4118; x_wconf 86' lang='lat' dir='ltr'><strong>con-</strong></span> 
     </span>
    </p>
   </div>
   <div class='ocr_carea' id='block_1_99' title="bbox 2964 4152 4544 4225">
    <p class='ocr_par' dir='ltr' id='par_1_99' title="bbox 2964 4152 4544 4225">
     <span class='ocr_line' id='line_1_99' title="bbox 2964 4152 4544 4225; baseline 0 -17"><span class='ocrx_word' id='word_1_750' title='bbox 2964 4157 3174 4208; x_wconf 84' lang='lat' dir='ltr'><strong>stituam</strong></span> <span class='ocrx_word' id='word_1_751' title='bbox 3201 4153 3416 4225; x_wconf 74' lang='lat' dir='ltr'><strong>(Hattlt.</strong></span> <span class='ocrx_word' id='word_1_752' title='bbox 3448 4154 3600 4222; x_wconf 83' lang='lat' dir='ltr'><strong>xxv).</strong></span> <span class='ocrx_word' id='word_1_753' title='bbox 3630 4152 3772 4224; x_wconf 79' lang='lat' dir='ltr'><strong>Ergo</strong></span> <span class='ocrx_word' id='word_1_754' title='bbox 3797 4153 3853 4208; x_wconf 85' lang='lat' dir='ltr'><strong>hi</strong></span> <span class='ocrx_word' id='word_1_755' title='bbox 3882 4155 4173 4224; x_wconf 68' lang='lat' dir='ltr'><strong>prmpositi,</strong></span> <span class='ocrx_word' id='word_1_756' title='bbox 4207 4173 4332 4211; x_wconf 91' lang='lat' dir='ltr'><strong>cum</strong></span> <span class='ocrx_word' id='word_1_757' title='bbox 4358 4157 4544 4212; x_wconf 84' lang='lat' dir='ltr'><strong>decem</strong></span> 
     </span>
    </p>
   </div>
   <div class='ocr_carea' id='block_1_100' title="bbox 2964 4244 4547 4318">
    <p class='ocr_par' dir='ltr' id='par_1_100' title="bbox 2964 4244 4547 4318">
     <span class='ocr_line' id='line_1_100' title="bbox 2964 4244 4547 4318; baseline 0 -17"><span class='ocrx_word' id='word_1_758' title='bbox 2964 4261 3190 4301; x_wconf 88' lang='lat' dir='ltr'><strong>numero</strong></span> <span class='ocrx_word' id='word_1_759' title='bbox 3218 4244 3412 4302; x_wconf 84' lang='lat' dir='ltr'><strong>fratres</strong></span> <span class='ocrx_word' id='word_1_760' title='bbox 3437 4246 3539 4304; x_wconf 91' lang='lat' dir='ltr'><strong>sub</strong></span> <span class='ocrx_word' id='word_1_761' title='bbox 3563 4262 3663 4302; x_wconf 87' lang='lat' dir='ltr'><strong>sua</strong></span> <span class='ocrx_word' id='word_1_762' title='bbox 3693 4262 3824 4300; x_wconf 91' lang='lat' dir='ltr'><strong>cura</strong></span> <span class='ocrx_word' id='word_1_763' title='bbox 3851 4248 4168 4318; x_wconf 87' lang='lat' dir='ltr'><strong>suscipiunt,</strong></span> <span class='ocrx_word' id='word_1_764' title='bbox 4201 4247 4344 4304; x_wconf 87' lang='lat' dir='ltr'><strong>hanc</strong></span> <span class='ocrx_word' id='word_1_765' title='bbox 4390 4250 4445 4306; x_wconf 90' lang='lat' dir='ltr'><strong>in</strong></span> <span class='ocrx_word' id='word_1_766' title='bbox 4473 4251 4547 4303; x_wconf 81' lang='lat' dir='ltr'><strong>eis</strong></span> 
     </span>
    </p>
   </div>
   <div class='ocr_carea' id='block_1_101' title="bbox 2965 4338 4546 4405">
    <p class='ocr_par' dir='ltr' id='par_1_101' title="bbox 2965 4338 4546 4405">
     <span class='ocr_line' id='line_1_101' title="bbox 2965 4338 4546 4405; baseline 0 -11"><span class='ocrx_word' id='word_1_767' title='bbox 2965 4338 3165 4395; x_wconf 90' lang='lat' dir='ltr'><strong>debent</strong></span> <span class='ocrx_word' id='word_1_768' title='bbox 3190 4339 3606 4398; x_wconf 90' lang='lat' dir='ltr'><strong>sollicitudinem</strong></span> <span class='ocrx_word' id='word_1_769' title='bbox 3636 4354 3912 4405; x_wconf 85' lang='lat' dir='ltr'><strong>exercere,</strong></span> <span class='ocrx_word' id='word_1_770' title='bbox 3958 4340 4072 4394; x_wconf 89' lang='lat' dir='ltr'><strong>sive</strong></span> <span class='ocrx_word' id='word_1_771' title='bbox 4102 4340 4156 4394; x_wconf 88' lang='lat' dir='ltr'><strong>in</strong></span> <span class='ocrx_word' id='word_1_772' title='bbox 4199 4340 4309 4404; x_wconf 89' lang='lat' dir='ltr'><strong>die,</strong></span> <span class='ocrx_word' id='word_1_773' title='bbox 4351 4342 4466 4396; x_wconf 84' lang='lat' dir='ltr'><strong>sive</strong></span> <span class='ocrx_word' id='word_1_774' title='bbox 4496 4343 4546 4395; x_wconf 88' lang='lat' dir='ltr'><strong>in</strong></span> 
     </span>
    </p>
   </div>
   <div class='ocr_carea' id='block_1_102' title="bbox 2969 4429 4546 4502">
    <p class='ocr_par' dir='ltr' id='par_1_102' title="bbox 2969 4429 4546 4502">
     <span class='ocr_line' id='line_1_102' title="bbox 2969 4429 4546 4502; baseline 0.001 -18"><span class='ocrx_word' id='word_1_775' title='bbox 2969 4440 3152 4496; x_wconf 88' lang='lat' dir='ltr'><strong>nocte,</strong></span> <span class='ocrx_word' id='word_1_776' title='bbox 3183 4429 3298 4486; x_wconf 85' lang='lat' dir='ltr'><strong>sive</strong></span> <span class='ocrx_word' id='word_1_777' title='bbox 3328 4433 3381 4486; x_wconf 88' lang='lat' dir='ltr'><strong>in</strong></span> <span class='ocrx_word' id='word_1_778' title='bbox 3410 4431 3606 4502; x_wconf 85' lang='lat' dir='ltr'><strong>quovis</strong></span> <span class='ocrx_word' id='word_1_779' title='bbox 3634 4445 3801 4502; x_wconf 88' lang='lat' dir='ltr'><strong>opere</strong></span> <span class='ocrx_word' id='word_1_780' title='bbox 3843 4446 3968 4486; x_wconf 92' lang='lat' dir='ltr'><strong>cum</strong></span> <span class='ocrx_word' id='word_1_781' title='bbox 3995 4432 4096 4498; x_wconf 89' lang='lat' dir='ltr'><strong>eis,</strong></span> <span class='ocrx_word' id='word_1_782' title='bbox 4123 4439 4183 4485; x_wconf 93' lang='lat' dir='ltr'><strong>ut</strong></span> <span class='ocrx_word' id='word_1_783' title='bbox 4217 4433 4329 4486; x_wconf 86' lang='lat' dir='ltr'><strong>sint</strong></span> <span class='ocrx_word' id='word_1_784' title='bbox 4374 4434 4546 4502; x_wconf 91' lang='lat' dir='ltr'><strong>primo</strong></span> 
     </span>
    </p>
   </div>
   <div class='ocr_carea' id='block_1_103' title="bbox 2970 4522 4544 4592">
    <p class='ocr_par' dir='ltr' id='par_1_103' title="bbox 2970 4522 4544 4592">
     <span class='ocr_line' id='line_1_103' title="bbox 2970 4522 4544 4592; baseline -0.001 -16"><span class='ocrx_word' id='word_1_785' title='bbox 2970 4531 3286 4590; x_wconf 63' lang='lat' dir='ltr'><strong>praesentes,</strong></span> <span class='ocrx_word' id='word_1_786' title='bbox 3314 4531 3373 4577; x_wconf 87' lang='lat' dir='ltr'><strong>et</strong></span> <span class='ocrx_word' id='word_1_787' title='bbox 3419 4537 3542 4577; x_wconf 84' lang='lat' dir='ltr'><strong>cum</strong></span> <span class='ocrx_word' id='word_1_788' title='bbox 3568 4522 3650 4575; x_wconf 87' lang='lat' dir='ltr'><strong>eis</strong></span> <span class='ocrx_word' id='word_1_789' title='bbox 3691 4530 3979 4591; x_wconf 85' lang='lat' dir='ltr'><strong>operantes</strong></span> <span class='ocrx_word' id='word_1_790' title='bbox 4025 4522 4076 4574; x_wconf 90' lang='lat' dir='ltr'><strong>in</strong></span> <span class='ocrx_word' id='word_1_791' title='bbox 4108 4523 4304 4590; x_wconf 89' lang='lat' dir='ltr'><strong>quovis</strong></span> <span class='ocrx_word' id='word_1_792' title='bbox 4333 4537 4499 4592; x_wconf 72' lang='lat' dir='ltr'><strong>Opere.</strong></span> <span class='ocrx_word' id='word_1_793' title='bbox 4533 4539 4544 4574; x_wconf 93' lang='lat'>:</span> 
     </span>
    </p>
   </div>
   <div class='ocr_carea' id='block_1_104' title="bbox 2972 4611 4547 4681">
    <p class='ocr_par' dir='ltr' id='par_1_104' title="bbox 2972 4611 4547 4681">
     <span class='ocr_line' id='line_1_104' title="bbox 2972 4611 4547 4681; baseline -0.001 -15"><span class='ocrx_word' id='word_1_794' title='bbox 2972 4621 3029 4667; x_wconf 92' lang='lat' dir='ltr'><strong>ut</strong></span> <span class='ocrx_word' id='word_1_795' title='bbox 3055 4628 3180 4667; x_wconf 92' lang='lat' dir='ltr'><strong>cum</strong></span> <span class='ocrx_word' id='word_1_796' title='bbox 3226 4614 3440 4680; x_wconf 87' lang='lat' dir='ltr'><strong>sedent,</strong></span> <span class='ocrx_word' id='word_1_797' title='bbox 3481 4611 3783 4680; x_wconf 78' lang='lat' dir='ltr'><strong>ambulant,</strong></span> <span class='ocrx_word' id='word_1_798' title='bbox 3819 4612 3906 4668; x_wconf 86' lang='lat' dir='ltr'><strong>vel</strong></span> <span class='ocrx_word' id='word_1_799' title='bbox 3951 4619 4116 4674; x_wconf 85' lang='lat' dir='ltr'><strong>stant,</strong></span> <span class='ocrx_word' id='word_1_800' title='bbox 4165 4611 4415 4681; x_wconf 84' lang='lat' dir='ltr'><strong>diligenti</strong></span> <span class='ocrx_word' id='word_1_801' title='bbox 4455 4628 4547 4667; x_wconf 91' lang='lat' dir='ltr'><strong>sua</strong></span> 
     </span>
    </p>
   </div>
   <div class='ocr_carea' id='block_1_105' title="bbox 2978 4701 4549 4773">
    <p class='ocr_par' dir='ltr' id='par_1_105' title="bbox 2978 4701 4549 4773">
     <span class='ocr_line' id='line_1_105' title="bbox 2978 4701 4549 4773; baseline -0.001 -15"><span class='ocrx_word' id='word_1_802' title='bbox 2978 4703 3348 4773; x_wconf 89' lang='lat' dir='ltr'><strong>observantia,</strong></span> <span class='ocrx_word' id='word_1_803' title='bbox 3379 4702 3464 4759; x_wconf 91' lang='lat' dir='ltr'><strong>vel</strong></span> <span class='ocrx_word' id='word_1_804' title='bbox 3493 4703 3705 4757; x_wconf 89' lang='lat' dir='ltr'><strong>curioso</strong></span> <span class='ocrx_word' id='word_1_805' title='bbox 3750 4703 3946 4757; x_wconf 84' lang='lat' dir='ltr'><strong>intuitu</strong></span> <span class='ocrx_word' id='word_1_806' title='bbox 3991 4701 4188 4756; x_wconf 87' lang='lat' dir='ltr'><strong>diaboli</strong></span> <span class='ocrx_word' id='word_1_807' title='bbox 4235 4701 4306 4756; x_wconf 88' lang='lat' dir='ltr'><strong>ab</strong></span> <span class='ocrx_word' id='word_1_808' title='bbox 4348 4703 4430 4757; x_wconf 90' lang='lat' dir='ltr'><strong>eis</strong></span> <span class='ocrx_word' id='word_1_809' title='bbox 4458 4705 4549 4757; x_wconf 83' lang='lat' dir='ltr'><strong>de-</strong></span> 
     </span>
    </p>
   </div>
   <div class='ocr_carea' id='block_1_106' title="bbox 2971 4794 4548 4864">
    <p class='ocr_par' dir='ltr' id='par_1_106' title="bbox 2971 4794 4548 4864">
     <span class='ocr_line' id='line_1_106' title="bbox 2971 4794 4548 4864; baseline -0.003 -12"><span class='ocrx_word' id='word_1_810' title='bbox 2971 4798 3099 4852; x_wconf 92' lang='lat' dir='ltr'><strong>bent</strong></span> <span class='ocrx_word' id='word_1_811' title='bbox 3123 4806 3273 4850; x_wconf 86' lang='lat' dir='ltr'><strong>actus</strong></span> <span class='ocrx_word' id='word_1_812' title='bbox 3301 4810 3652 4864; x_wconf 82' lang='lat' dir='ltr'><strong>compescere</strong></span> <span class='ocrx_word' id='word_1_813' title='bbox 3683 4813 3697 4846; x_wconf 92' lang='lat'>:</span> <span class='ocrx_word' id='word_1_814' title='bbox 3723 4794 3840 4849; x_wconf 88' lang='lat' dir='ltr'><strong>sive</strong></span> <span class='ocrx_word' id='word_1_815' title='bbox 3869 4794 4018 4858; x_wconf 90' lang='lat' dir='ltr'><strong>vitia,</strong></span> <span class='ocrx_word' id='word_1_816' title='bbox 4050 4794 4136 4848; x_wconf 86' lang='lat' dir='ltr'><strong>vel</strong></span> <span class='ocrx_word' id='word_1_817' title='bbox 4180 4804 4410 4862; x_wconf 85' lang='lat' dir='ltr'><strong>peccata</strong></span> <span class='ocrx_word' id='word_1_818' title='bbox 4443 4796 4548 4848; x_wconf 91' lang='lat' dir='ltr'><strong>oris</strong></span> 
     </span>
    </p>
   </div>
   <div class='ocr_carea' id='block_1_107' title="bbox 2970 4883 4548 4950">
    <p class='ocr_par' dir='ltr' id='par_1_107' title="bbox 2970 4883 4548 4950">
     <span class='ocr_line' id='line_1_107' title="bbox 2970 4883 4548 4950; baseline -0.004 -8"><span class='ocrx_word' id='word_1_819' title='bbox 2970 4901 3093 4942; x_wconf 89' lang='lat' dir='ltr'><strong>cum</strong></span> <span class='ocrx_word' id='word_1_820' title='bbox 3136 4885 3406 4940; x_wconf 83' lang='lat' dir='ltr'><strong>voluerint</strong></span> <span class='ocrx_word' id='word_1_821' title='bbox 3445 4899 3724 4950; x_wconf 73' lang='lat' dir='ltr'><strong>exercere,</strong></span> <span class='ocrx_word' id='word_1_822' title='bbox 3768 4899 3899 4938; x_wconf 84' lang='lat' dir='ltr'><strong>mox</strong></span> <span class='ocrx_word' id='word_1_823' title='bbox 3943 4883 3996 4937; x_wconf 94' lang='lat' dir='ltr'><strong>in</strong></span> <span class='ocrx_word' id='word_1_824' title='bbox 4043 4883 4121 4937; x_wconf 89' lang='lat' dir='ltr'><strong>eis</strong></span> <span class='ocrx_word' id='word_1_825' title='bbox 4166 4883 4548 4939; x_wconf 90' lang='lat' dir='ltr'><strong>monitionibus</strong></span> 
     </span>
    </p>
   </div>
   <div class='ocr_carea' id='block_1_108' title="bbox 2971 4975 4547 5046">
    <p class='ocr_par' dir='ltr' id='par_1_108' title="bbox 2971 4975 4547 5046">
     <span class='ocr_line' id='line_1_108' title="bbox 2971 4975 4547 5046; baseline -0.003 -13"><span class='ocrx_word' id='word_1_826' title='bbox 2971 4977 3260 5033; x_wconf 86' lang='lat' dir='ltr'><strong>emendare</strong></span> <span class='ocrx_word' id='word_1_827' title='bbox 3286 4995 3300 5042; x_wconf 91' lang='lat'><strong>;</strong></span> <span class='ocrx_word' id='word_1_828' title='bbox 3331 4985 3389 5032; x_wconf 91' lang='lat' dir='ltr'><strong>et</strong></span> <span class='ocrx_word' id='word_1_829' title='bbox 3411 4991 3572 5032; x_wconf 89' lang='lat' dir='ltr'><strong>omne</strong></span> <span class='ocrx_word' id='word_1_830' title='bbox 3600 4977 3654 5031; x_wconf 91' lang='lat' dir='ltr'><strong>in</strong></span> <span class='ocrx_word' id='word_1_831' title='bbox 3693 4977 3794 5045; x_wconf 88' lang='lat' dir='ltr'><strong>eis,</strong></span> <span class='ocrx_word' id='word_1_832' title='bbox 3821 4975 3966 5046; x_wconf 88' lang='lat' dir='ltr'><strong>quod</strong></span> <span class='ocrx_word' id='word_1_833' title='bbox 3993 4983 4182 5031; x_wconf 90' lang='lat' dir='ltr'><strong>contra</strong></span> <span class='ocrx_word' id='word_1_834' title='bbox 4218 4989 4547 5045; x_wconf 69' lang='lat' dir='ltr'><strong>praeceptum</strong></span> 
     </span>
    </p>
   </div>
   <div class='ocr_carea' id='block_1_109' title="bbox 2973 5065 4547 5137">
    <p class='ocr_par' dir='ltr' id='par_1_109' title="bbox 2973 5065 4547 5137">
     <span class='ocr_line' id='line_1_109' title="bbox 2973 5065 4547 5137; baseline -0.001 -15"><span class='ocrx_word' id='word_1_835' title='bbox 2973 5068 3213 5122; x_wconf 87' lang='lat' dir='ltr'><strong>divinum</strong></span> <span class='ocrx_word' id='word_1_836' title='bbox 3261 5075 3365 5132; x_wconf 90' lang='lat' dir='ltr'><strong>est,</strong></span> <span class='ocrx_word' id='word_1_837' title='bbox 3405 5083 3686 5122; x_wconf 88' lang='lat' dir='ltr'><strong>removere</strong></span> <span class='ocrx_word' id='word_1_838' title='bbox 3715 5084 3730 5121; x_wconf 91' lang='lat'>:</span> <span class='ocrx_word' id='word_1_839' title='bbox 3760 5075 3981 5136; x_wconf 86' lang='lat' dir='ltr'><strong>agentes</strong></span> <span class='ocrx_word' id='word_1_840' title='bbox 4011 5065 4160 5131; x_wconf 90' lang='lat' dir='ltr'><strong>illud,</strong></span> <span class='ocrx_word' id='word_1_841' title='bbox 4190 5067 4335 5137; x_wconf 90' lang='lat' dir='ltr'><strong>quod</strong></span> <span class='ocrx_word' id='word_1_842' title='bbox 4363 5077 4547 5122; x_wconf 81' lang='lat' dir='ltr'><strong>sancta</strong></span> 
     </span>
    </p>
   </div>
   <div class='ocr_carea' id='block_1_110' title="bbox 2977 5157 4548 5230">
    <p class='ocr_par' dir='ltr' id='par_1_110' title="bbox 2977 5157 4548 5230">
     <span class='ocr_line' id='line_1_110' title="bbox 2977 5157 4548 5230; baseline -0.001 -16"><span class='ocrx_word' id='word_1_843' title='bbox 2977 5157 3237 5228; x_wconf 85' lang='lat' dir='ltr'><strong>Eugenia,</strong></span> <span class='ocrx_word' id='word_1_844' title='bbox 3274 5173 3393 5230; x_wconf 67' lang='lat' dir='ltr'><strong>qua:</strong></span> <span class='ocrx_word' id='word_1_845' title='bbox 3437 5161 3511 5214; x_wconf 88' lang='lat' dir='ltr'><strong>ita</strong></span> <span class='ocrx_word' id='word_1_846' title='bbox 3559 5159 3671 5214; x_wconf 87' lang='lat' dir='ltr'><strong>suis</strong></span> <span class='ocrx_word' id='word_1_847' title='bbox 3715 5159 4010 5213; x_wconf 87' lang='lat' dir='ltr'><strong>minoribus</strong></span> <span class='ocrx_word' id='word_1_848' title='bbox 4059 5159 4288 5227; x_wconf 67' lang='lat' dir='ltr'><strong>praefuit,</strong></span> <span class='ocrx_word' id='word_1_849' title='bbox 4333 5160 4548 5214; x_wconf 88' lang='lat' dir='ltr'><strong>dicente</strong></span> 
     </span>
    </p>
   </div>
   <div class='ocr_carea' id='block_1_111' title="bbox 2971 5249 4550 5319">
    <p class='ocr_par' dir='ltr' id='par_1_111' title="bbox 2971 5249 4550 5319">
     <span class='ocr_line' id='line_1_111' title="bbox 2971 5249 4550 5319; baseline -0.003 -12"><span class='ocrx_word' id='word_1_850' title='bbox 2971 5249 3254 5319; x_wconf 84' lang='lat' dir='ltr'><strong>Scriptura</strong></span> <span class='ocrx_word' id='word_1_851' title='bbox 3284 5250 3478 5319; x_wconf 80' lang='lat' dir='ltr'><strong>ipsius,</strong></span> <span class='ocrx_word' id='word_1_852' title='bbox 3521 5250 3594 5304; x_wconf 84' lang='lat' dir='ltr'><strong>ita</strong></span> <span class='ocrx_word' id='word_1_853' title='bbox 3622 5249 3768 5304; x_wconf 86' lang='lat' dir='ltr'><strong>circa</strong></span> <span class='ocrx_word' id='word_1_854' title='bbox 3810 5263 3873 5304; x_wconf 90' lang='lat' dir='ltr'><strong>os</strong></span> <span class='ocrx_word' id='word_1_855' title='bbox 3898 5249 4138 5304; x_wconf 88' lang='lat' dir='ltr'><strong>omnium</strong></span> <span class='ocrx_word' id='word_1_856' title='bbox 4169 5251 4392 5305; x_wconf 89' lang='lat' dir='ltr'><strong>auribus</strong></span> <span class='ocrx_word' id='word_1_857' title='bbox 4435 5259 4550 5304; x_wconf 87' lang='lat' dir='ltr'><strong>erat</strong></span> 
     </span>
    </p>
   </div>
   <div class='ocr_carea' id='block_1_112' title="bbox 2972 5341 4549 5412">
    <p class='ocr_par' dir='ltr' id='par_1_112' title="bbox 2972 5341 4549 5412">
     <span class='ocr_line' id='line_1_112' title="bbox 2972 5341 4549 5412; baseline -0.003 -13"><span class='ocrx_word' id='word_1_858' title='bbox 2972 5344 3224 5409; x_wconf 86' lang='lat' dir='ltr'><strong>sollicita,</strong></span> <span class='ocrx_word' id='word_1_859' title='bbox 3276 5351 3335 5397; x_wconf 92' lang='lat' dir='ltr'><strong>ut</strong></span> <span class='ocrx_word' id='word_1_860' title='bbox 3384 5341 3588 5398; x_wconf 87' lang='lat' dir='ltr'><strong>nullum</strong></span> <span class='ocrx_word' id='word_1_861' title='bbox 3628 5348 3907 5412; x_wconf 84' lang='lat' dir='ltr'><strong>pateretur</strong></span> <span class='ocrx_word' id='word_1_862' title='bbox 3955 5342 4009 5396; x_wconf 90' lang='lat' dir='ltr'><strong>in</strong></span> <span class='ocrx_word' id='word_1_863' title='bbox 4050 5342 4340 5410; x_wconf 89' lang='lat' dir='ltr'><strong>juramenti</strong></span> <span class='ocrx_word' id='word_1_864' title='bbox 4389 5343 4549 5397; x_wconf 88' lang='lat' dir='ltr'><strong>verba</strong></span> 
     </span>
    </p>
   </div>
   <div class='ocr_carea' id='block_1_113' title="bbox 2977 5433 4545 5505">
    <p class='ocr_par' dir='ltr' id='par_1_113' title="bbox 2977 5433 4545 5505">
     <span class='ocr_line' id='line_1_113' title="bbox 2977 5433 4545 5505; baseline 0.001 -18"><span class='ocrx_word' id='word_1_865' title='bbox 2977 5449 3350 5505; x_wconf 86' lang='lat' dir='ltr'><strong>prorumpere,</strong></span> <span class='ocrx_word' id='word_1_866' title='bbox 3378 5434 3462 5489; x_wconf 87' lang='lat' dir='ltr'><strong>vel</strong></span> <span class='ocrx_word' id='word_1_867' title='bbox 3485 5433 3555 5488; x_wconf 90' lang='lat' dir='ltr'><strong>de</strong></span> <span class='ocrx_word' id='word_1_868' title='bbox 3579 5448 3832 5489; x_wconf 82' lang='lat' dir='ltr'><strong>sermone</strong></span> <span class='ocrx_word' id='word_1_869' title='bbox 3865 5433 4044 5502; x_wconf 88' lang='lat' dir='ltr'><strong>aliquo</strong></span> <span class='ocrx_word' id='word_1_870' title='bbox 4084 5433 4263 5488; x_wconf 87' lang='lat' dir='ltr'><strong>otioso</strong></span> <span class='ocrx_word' id='word_1_871' title='bbox 4299 5435 4509 5502; x_wconf 85' lang='lat' dir='ltr'><strong>garrire</strong></span> <span class='ocrx_word' id='word_1_872' title='bbox 4535 5453 4545 5496; x_wconf 89' lang='lat'><strong>;</strong></span> 
     </span>
    </p>
   </div>
   <div class='ocr_carea' id='block_1_114' title="bbox 2975 5525 4548 5594">
    <p class='ocr_par' dir='ltr' id='par_1_114' title="bbox 2975 5525 4548 5594">
     <span class='ocr_line' id='line_1_114' title="bbox 2975 5525 4548 5594; baseline -0.003 -11"><span class='ocrx_word' id='word_1_873' title='bbox 2975 5529 3069 5583; x_wconf 87' lang='lat' dir='ltr'><strong>sed</strong></span> <span class='ocrx_word' id='word_1_874' title='bbox 3095 5527 3350 5581; x_wconf 84' lang='lat' dir='ltr'><strong>monebat</strong></span> <span class='ocrx_word' id='word_1_875' title='bbox 3375 5535 3562 5582; x_wconf 86' lang='lat' dir='ltr'><strong>sancta</strong></span> <span class='ocrx_word' id='word_1_876' title='bbox 3605 5525 3841 5594; x_wconf 87' lang='lat' dir='ltr'><strong>Eugenia</strong></span> <span class='ocrx_word' id='word_1_877' title='bbox 3873 5536 4152 5594; x_wconf 85' lang='lat' dir='ltr'><strong>susceptos</strong></span> <span class='ocrx_word' id='word_1_878' title='bbox 4182 5543 4330 5590; x_wconf 82' lang='lat' dir='ltr'><strong>suos,</strong></span> <span class='ocrx_word' id='word_1_879' title='bbox 4385 5535 4436 5580; x_wconf 90' lang='lat' dir='ltr'><strong>et</strong></span> <span class='ocrx_word' id='word_1_880' title='bbox 4467 5526 4548 5580; x_wconf 87' lang='lat' dir='ltr'><strong>di-</strong></span> 
     </span>
    </p>
   </div>
   <div class='ocr_carea' id='block_1_115' title="bbox 2974 5616 4548 5686">
    <p class='ocr_par' dir='ltr' id='par_1_115' title="bbox 2974 5616 4548 5686">
     <span class='ocr_line' id='line_1_115' title="bbox 2974 5616 4548 5686; baseline -0.003 -12"><span class='ocrx_word' id='word_1_881' title='bbox 2974 5621 3131 5674; x_wconf 88' lang='lat' dir='ltr'><strong>cebat</strong></span> <span class='ocrx_word' id='word_1_882' title='bbox 3162 5637 3173 5671; x_wconf 92' lang='lat'>:</span> <span class='ocrx_word' id='word_1_883' title='bbox 3205 5621 3415 5686; x_wconf 80' lang='lat' dir='ltr'><strong>Quanta</strong></span> <span class='ocrx_word' id='word_1_884' title='bbox 3442 5617 3748 5672; x_wconf 84' lang='lat' dir='ltr'><strong>reverentia</strong></span> <span class='ocrx_word' id='word_1_885' title='bbox 3775 5616 4068 5671; x_wconf 85' lang='lat' dir='ltr'><strong>debeamus</strong></span> <span class='ocrx_word' id='word_1_886' title='bbox 4091 5617 4320 5672; x_wconf 88' lang='lat' dir='ltr'><strong>Domino</strong></span> <span class='ocrx_word' id='word_1_887' title='bbox 4343 5618 4548 5671; x_wconf 75' lang='lat' dir='ltr'><strong>servire</strong></span> 
     </span>
    </p>
   </div>
   <div class='ocr_carea' id='block_1_116' title="bbox 2975 5709 4550 5781">
    <p class='ocr_par' dir='ltr' id='par_1_116' title="bbox 2975 5709 4550 5781">
     <span class='ocr_line' id='line_1_116' title="bbox 2975 5709 4550 5781; baseline -0.001 -15"><span class='ocrx_word' id='word_1_888' title='bbox 2975 5727 3042 5766; x_wconf 83' lang='lat' dir='ltr'><strong>ex</strong></span> <span class='ocrx_word' id='word_1_889' title='bbox 3071 5711 3352 5781; x_wconf 60' lang='lat' dir='ltr'><strong>[inceptis</strong></span> <span class='ocrx_word' id='word_1_890' title='bbox 3396 5710 3513 5780; x_wconf 93' lang='lat' dir='ltr'><strong>ejus</strong></span> <span class='ocrx_word' id='word_1_891' title='bbox 3565 5709 3896 5775; x_wconf 89' lang='lat' dir='ltr'><strong>ostenditur;</strong></span> <span class='ocrx_word' id='word_1_892' title='bbox 3923 5710 3970 5764; x_wconf 89' lang='lat' dir='ltr'><strong>si</strong></span> <span class='ocrx_word' id='word_1_893' title='bbox 4018 5711 4182 5765; x_wconf 85' lang='lat' dir='ltr'><strong>talem</strong></span> <span class='ocrx_word' id='word_1_894' title='bbox 4226 5713 4378 5768; x_wconf 86' lang='lat' dir='ltr'><strong>nobis</strong></span> <span class='ocrx_word' id='word_1_895' title='bbox 4426 5720 4550 5765; x_wconf 88' lang='lat' dir='ltr'><strong>ante</strong></span> 
     </span>
    </p>
   </div>
   <div class='ocr_carea' id='block_1_117' title="bbox 2975 5801 4549 5872">
    <p class='ocr_par' dir='ltr' id='par_1_117' title="bbox 2975 5801 4549 5872">
     <span class='ocr_line' id='line_1_117' title="bbox 2975 5801 4549 5872; baseline -0.003 -13"><span class='ocrx_word' id='word_1_896' title='bbox 2975 5804 3162 5859; x_wconf 87' lang='lat' dir='ltr'><strong>oculos</strong></span> <span class='ocrx_word' id='word_1_897' title='bbox 3207 5818 3492 5872; x_wconf 84' lang='lat' dir='ltr'><strong>personam</strong></span> <span class='ocrx_word' id='word_1_898' title='bbox 3535 5801 3944 5868; x_wconf 85' lang='lat' dir='ltr'><strong>constituamus,</strong></span> <span class='ocrx_word' id='word_1_899' title='bbox 3973 5817 4094 5872; x_wconf 67' lang='lat' dir='ltr'><strong>qua</strong></span> <span class='ocrx_word' id='word_1_900' title='bbox 4122 5819 4230 5858; x_wconf 89' lang='lat' dir='ltr'><strong>non</strong></span> <span class='ocrx_word' id='word_1_901' title='bbox 4259 5805 4452 5859; x_wconf 86' lang='lat' dir='ltr'><strong>debeat</strong></span> <span class='ocrx_word' id='word_1_902' title='bbox 4503 5803 4549 5855; x_wconf 88' lang='lat' dir='ltr'><strong>in</strong></span> 
     </span>
    </p>
   </div>
  </div>
