5174 6534
630 381 735 437 973

2107 377 2239 434 ΒΕΘ
2252 377 2409 434 ιιιΑ.

3820 373 3914 430 974

628 502 781 557 nullo
810 509 1078 573 praecepto
1108 504 1405 559 contemni.
1460 502 1586 556 Ideo
1618 499 1761 555 enim
1811 497 1946 553 duos
1986 496 2220 550 diximus
2248 502 2302 560 Α
2326 492 2593 559 mentiris,
2626 493 2811 557 frater,
2839 508 2961 548 cum
2989 494 3127 548 scias
3153 495 3413 563 scriptum
3442 513 3454 548 :
3489 494 3681 549 Perdes
3710 512 3800 551 eos
3828 500 3910 567 qui

629 592 717 649 uni
751 592 969 647 decadte
992 594 1313 663 pnepositos
1334 590 1595 649 ordinari.
1616 597 1671 644 ut
1691 591 1733 642 si
1757 587 1897 644 forte
1918 586 2080 654 aliqui
2107 585 2215 639 fra-

628 692 739 737 tres
772 698 839 737 ex
868 682 1056 738 eadem
1099 684 1302 739 decada
1326 682 1393 736 ab
1422 683 1616 737 abbate
1655 682 1705 733 in
1739 679 1847 734 alio
1876 684 2215 747 sequestrato

627 773 831 828 laboris
861 788 1027 841 Opere
1056 773 1401 843 deputentur,
1434 772 1525 825 uni
1559 770 1971 826 committantur
2006 784 2217 837 praepo-

625 865 756 933 sito,
786 864 1140 933 sequestratis
1163 879 1193 918 a
1216 879 1277 920 se
1304 866 1415 919 suis
1440 864 1694 918 fratribus
1718 862 1882 916 alium
1909 862 2219 931 relinquen-

627 968 725 1013 tes.
763 957 819 1011 Si
864 971 994 1013 vero
1035 958 1088 1010 in
1118 957 1201 1010 via
1248 972 1383 1010 unus
1433 954 1725 1009 mittendus
1766 955 1839 1009 sit
1875 954 2062 1018 frater,
2096 968 2219 1008 cuin

626 1048 994 1116 praeceptione
1027 1047 1255 1101 diversa:
1288 1048 1539 1101 vitiorum
1578 1046 1838 1101 custodiae
1868 1062 1895 1098 a
1926 1045 2219 1114 praeposito

628 1154 728 1193 suo
763 1139 1002 1193 monitus
1049 1138 1241 1193 itinere
1272 1139 1552 1207 dirigatur.
1583 1138 1689 1192 Sed
1722 1138 1843 1191 talis
1880 1136 2124 1190 mittatur
2153 1134 2219 1188 de

628 1232 819 1285 eadem
852 1229 1075 1295 decada,
1125 1231 1192 1284 de
1240 1245 1348 1298 quo
1390 1240 1569 1284 certus
1613 1230 1682 1283 sit
1722 1229 2045 1298 przepositus
2090 1241 2219 1279 suus

630 1340 721 1380 sua
774 1324 903 1377 vitia
954 1338 1112 1392 posse
1159 1322 1442 1390 diligenter
1498 1330 1818 1385 cavere;et
1872 1328 1923 1375 in
1975 1318 2215 1372 absentia

629 1416 906 1486 praepositi
936 1416 1017 1470 sui
1046 1415 1137 1469 Dei
1162 1415 1331 1483 magis
1361 1414 1704 1483 przesentiam
1729 1414 2011 1482 deputare,
2039 1418 2091 1464 et
2114 1426 2219 1463 am-

628 1508 769 1579 plius
800 1506 1003 1563 debere
1034 1508 1209 1563 timeri
1238 1522 1266 1560 a
1298 1505 1465 1560 fratre
1504 1522 1603 1575 pro
1642 1505 1822 1558 anima
1846 1519 1944 1558 sua
1985 1502 2218 1556 sollicito

629 1601 977 1669 prmsentiam
1008 1598 1125 1663 Dei,
1174 1598 1265 1668 qui
1294 1598 1568 1652 discussor
1599 1606 1785 1652 noster
1814 1597 1919 1651 erit
1947 1604 2003 1649 et
2027 1597 2215 1665 judex,

630 1706 790 1762 quam
841 1692 1096 1747 hominis.
1148 1691 1249 1757 Qui
1296 1706 1423 1760 ergo
1473 1692 1769 1761 praepositi,
1811 1700 2034 1760 propter
2078 1689 2219 1758 quod

632 1784 776 1839 omni
822 1784 955 1839 hora
1000 1783 1254 1839 fratribus
1288 1794 1581 1853 prementes
1620 1791 1763 1847 sunt,
1796 1798 1858 1837 os
1898 1796 2087 1836 eorum
2134 1780 2218 1835 vel

2323 586 2601 656 loquuntur
2621 585 2946 639 mendacium
2966 586 2991 638 ?
3012 584 3187 655 (Psal.
3224 588 3299 654 v.)
3338 585 3402 640 Et
3433 587 3560 641 item
3600 603 3723 643 cum
3751 590 3913 657 scias,

2321 678 2446 747 quia
2477 680 2722 732 universa:
2750 688 2866 732 sunt
2898 679 2991 733 via:
3018 677 3227 733 Domini
3254 680 3613 735 misericordia
3642 688 3693 733 et
3724 683 3912 736 veritas

2324 767 2499 840 (Psal.
2532 771 2703 839 xxnv).
2736 770 2795 825 Si
2826 786 2953 826 vero
2979 771 3211 827 audierit
3235 772 3460 827 multum
3483 773 3705 829 fratrem
3722 774 3908 843 juran-

2330 868 2459 925 tem,
2497 870 2718 916 moneat
2748 876 2870 915 eum
2898 877 3132 931 prtesens
3175 867 3511 935 praepositus,
3544 864 3732 920 dicens
3763 884 3775 917 :
3809 866 3914 919 lte-

2324 951 2454 1017 tine,
2491 954 2675 1016 frater,
2707 951 2942 1023 linguam
2974 962 3119 1007 tuam
3147 971 3159 1006 :
3184 953 3310 1022 quid
3343 962 3550 1008 tantum
3576 956 3766 1025 jnras?
3789 973 3911 1013 cum

2324 1045 2597 1113 pra‘cipiat
2626 1044 2903 1115 Scriptura
2946 1062 3047 1098 non
3080 1047 3265 1116 jurare
3304 1048 3513 1099 omnino
3567 1045 3783 1117 (Matth.
3818 1051 3907 1122 v);

2328 1150 2394 1188 ne
2447 1134 2723 1206 perjurare
2766 1146 3019 1191 nascatur
3047 1154 3207 1191 causa
3257 1138 3511 1207 pnrjurii.
3545 1140 3589 1192 is
3620 1139 3691 1194 sit
3730 1156 3912 1196 sermo

2323 1235 2447 1281 tuus
2472 1247 2481 1279 :
2517 1236 2620 1294 est,
2652 1237 2757 1295 est,
2789 1245 2916 1291 no.1,
2945 1246 3050 1283 non
3081 1247 3094 1294 ;
3124 1230 3307 1297 crede,
3328 1231 3488 1286 crede
3518 1250 3530 1285 :
3562 1242 3619 1287 et
3647 1249 3775 1288 mox
3795 1250 3914 1288 cre-

2322 1316 2498 1372 dimus
2527 1319 2623 1373 tibi
2654 1320 2796 1389 quod
2826 1320 3045 1375 dixeris.
3081 1320 3136 1373 Si
3171 1338 3295 1376 tero
3329 1322 3520 1378 viderit
3552 1324 3773 1379 fratrem
3811 1325 3916 1379 ira-

2322 1421 2565 1467 scentem
2595 1412 2768 1479 fratri,
2806 1425 3024 1469 moneat
3051 1430 3172 1468 eum
3205 1432 3323 1485 pra).
3344 1431 3440 1470 ens
3484 1417 3802 1486 praepositus
3828 1419 3913 1473 di-

2325 1520 2453 1560 cens
2476 1504 2644 1571 :Qnid
2676 1507 2811 1575 agis,
2844 1508 3054 1561 frater?
3085 1509 3134 1561 in
3162 1510 3575 1564 mansuetudine
3604 1520 3658 1565 et
3684 1511 3911 1566 tacitur-

2326 1595 2515 1661 nitate,
2542 1608 2596 1651 et
2619 1598 2901 1663 cbaritate,
2933 1614 3097 1666 opera
3127 1609 3214 1652 tua
3246 1600 3477 1670 perfice;
3505 1603 3629 1670 quia
3653 1604 3913 1671 scriptum

2322 1696 2448 1741 est:
2493 1686 2685 1741 Desine
2731 1694 2793 1743 ah
2839 1692 2939 1757 ira,
2991 1702 3035 1744 et
3086 1692 3381 1762 dere.’inqne
3437 1700 3665 1763 furorem
3708 1696 3727 1768 (
3763 1696 3907 1750 Psal.

2324 1781 2530 1849 xxxw).
2559 1781 2627 1834 Et
2654 1784 2779 1838 item
2812 1801 2825 1835 :
2862 1781 2961 1847 Qui
2994 1787 3209 1855 [νηιινκηι
3235 1804 3383 1840 suum
3405 1790 3533 1856 odit,
3559 1789 3819 1843 homicida
3841 1802 3916 1844 est

632 1888 842 1946 gestum
872 1892 902 1929 a
935 1884 1156 1944 peccato
1186 1862 1508 1939 custodiant,
1540 1884 1595 1929 et
1634 1875 1844 1929 diversa
1886 1874 1939 1927 ιιι
1984 1876 2062 1927 eis
2090 1872 2220 1926 vitia
2252 1864 2298 1924 Β
2333 1870 2385 1940 (Ι
2416 1871 2574 1925 Joan.
2609 1874 2709 1941 ιιι).
2760 1882 2818 1926 ιιι
2849 1875 2974 1927 ιιυω
3008 1893 3020 1927 ;
3054 1873 3153 1940 Qui
3191 1878 3377 1931 dixerit
3416 1883 3567 1949 {rami
3608 1898 3699 1934 suo
3730 1883 3915 1949 racha,

632 1966 717 2022 vel
745 1982 911 2038 prava
934 1974 1285 2038 compescant
1318 1985 1330 2019 :
1365 1967 1416 2021 id
1444 1976 1546 2033 est,
1577 1968 1623 2022 si
1648 1966 1875 2021 audierit
1901 1964 2223 2035 praepositus

636 2062 856 2118 fratrem
880 2080 987 2119 non
1012 2065 1401 2133 interrogatum
1424 2063 1592 2132 loqui,
1618 2071 1839 2118 moneat
1859 2078 1981 2116 eum
2004 2062 2219 2115 dicens:

638 2159 770 2224 Quit
804 2162 943 2229 agis,
968 2161 1151 2225 frater,
1177 2162 1320 2230 quod
1350 2161 1532 2230 regula
1548 2161 1837 2231 prohibet?
1865 2161 2062 2214 habeto
2094 2160 2224 2212 taci-

640 2252 950 2307 turnitatem
977 2267 1146 2322 usque
1176 2253 1242 2307 ad
1275 2254 1775 2321 interrOgationem.
1814 2252 1908 2306 Dic
1939 2267 2060 2306 cum
2088 2249 2222 2305 Pro-

636 2346 797 2415 pheta
832 2348 1062 2401 Domino
1094 2365 1106 2399 :
1141 2346 1309 2409 Pone,
1345 2346 1583 2412 Domine,
1629 2346 1917 2399 custodiam
1960 2347 2038 2398 ori
2085 2361 2219 2408 meo,

634 2449 681 2493 et
710 2443 901 2495 ostium
926 2444 1327 2496 circumstantia:
1356 2442 1509 2496 labiis
1538 2445 1683 2497 meis.
1715 2440 1845 2496 Esto
1871 2454 2133 2512 promptus
2156 2440 2224 2493 ad

640 2533 977 2603 audiendum,
1027 2536 1207 2587 tardus
1250 2551 1366 2588 vero
1406 2535 1473 2587 ad
1518 2534 1824 2602 loquendum
1875 2533 2045 2602 (i‘sal.
2081 2549 2219 2596 CXL;

635 2624 750 2680 Jac.
785 2629 849 2695 ι).
888 2626 1039 2693 Quod
1071 2628 1115 2682 si
1148 2628 1305 2680 datus
1350 2627 1512 2681 fuerit
1540 2626 1689 2681 locus
1734 2626 2011 2695 loquendi,
2041 2634 2222 2678 custo-

637 2720 745 2775 diat
774 2738 900 2776 eum
947 2723 1289 2793 pra-positus,
1322 2738 1389 2778 ne
1419 2724 1549 2778 satis
1592 2724 1831 2777 clamosa
1866 2737 1998 2777 voce
2030 2722 2221 2789 loqua-

640 2822 741 2875 tur,
774 2813 922 2882 quod
953 2816 1226 2883 sapientes
1250 2829 1356 2869 non
1387 2813 1543 2867 decet
1570 2832 1581 2865 :
1612 2824 1665 2867 et
1698 2830 1819 2866 mox
1853 2822 2069 2866 moneat
2100 2828 2221 2866 eum

639 2908 978 2976 prrepositus,
1014 2906 1196 2961 dicens
1231 2926 1241 2959 :
1277 2907 1464 2972 Cessa,
1498 2906 1688 2974 frater,
1722 2907 1893 2961 nescit
1933 2907 2009 2960 sic
2041 2907 2217 2960 humi-

636 2997 756 3051 litas
802 2999 947 3066 loqui
986 3017 997 3049 :
1033 3000 1157 3065 quia
1204 2998 1461 3065 scriptum
1510 3008 1633 3052 est:
1676 2998 1768 3051 Vir
1814 3000 2079 3068 linguosus
2118 3015 2221 3050 non

638 3090 892 3160 dirigetur
916 3106 1073 3160 super
1098 3099 1287 3143 terram
1315 3090 1487 3158 (Psal.
1522 3092 1763 3149 cxxxnx).
1800 3091 1951 3156 Quod
1983 3090 2143 3145 etiam
2178 3090 2221 3143 si

640 3181 779 3235 lente
808 3182 971 3235 fuerit
1002 3181 1108 3235 alio
1137 3180 1275 3235 forte
1301 3180 1536 3243 locutus,
1570 3181 1837 3236 custodiat
1861 3196 1982 3235 eum
2013 3196 2219 3249 praepo-

640 3275 794 3339 situs,
830 3289 898 3328 ue
928 3274 1154 3328 verbum
1194 3274 1411 3342 aliquod
1460 3290 1655 3327 vanum
1703 3282 1797 3329 aut
1840 3274 1968 3329 risui
2014 3283 2217 3344 aptum,

641 3368 719 3419 vel
753 3366 897 3433 quod
927 3366 991 3419 ad
1020 3364 1431 3419 aedificationem
1457 3372 1511 3418 et
1538 3366 1878 3420 sanctitatem
1912 3380 2018 3419 non
2053 3366 2223 3434 perti-

644 3468 751 3526 net,
782 3460 849 3514 de
882 3474 978 3514 ore
1019 3475 1121 3514 suo
1166 3460 1379 3514 emittat
1413 3476 1425 3511 :
1458 3460 1603 3527 quod
1648 3474 1767 3515 cum
1817 3460 2065 3524 audierit,
2110 3476 2225 3514 mo-

641 3560 766 3606 neat
794 3567 921 3605 eum
955 3551 1271 3620 prtepositus
1299 3551 1482 3605 dicens
1516 3570 1526 3602 ε
1560 3550 1695 3616 Quid
1746 3552 2003 3621 loqueris,
2039 3554 2225 3623 frater,

641 3660 707 3714 qu
736 3645 780 3697 .d
808 3644 993 3709 tegula
1019 3644 1203 3697 vetat?
1234 3644 1366 3708 Quia
1388 3644 1647 3714 scriptum
1671 3654 1754 3699 est
1789 3663 1798 3695 :
1827 3642 1903 3698 De
1920 3646 2070 3699 verba
2097 3662 2227 3699 vano

641 3736 864 3789 reddetis
894 3736 1151 3789 rationem
1179 3734 1395 3807 (Matth.
1428 3740 1546 3803 xu).
1579 3734 1643 3789 Et
1674 3736 1804 3791 item
1834 3736 1965 3791 dicit
1995 3739 2228 3806 Aposto-

642 3828 765 3883 lus-:
803 3829 992 3883 Omnis
1024 3845 1193 3883 sermo
1223 3831 1391 3883 malus
1426 3830 1488 3883 de
1509 3847 1598 3883 ore
1627 3840 1790 3885 vestro
1822 3847 1924 3884 non
1956 3831 2224 3899 procedat,

643 3922 727 3973 sed
754 3928 795 3975 si
829 3924 944 3992 quis
966 3933 1041 3975 est
1086 3922 1156 3975 ad
1185 3923 1602 3992 atdi/icationem,
1644 3931 1697 3975 ut
1742 3924 1824 3975 det
1864 3925 2086 3993 gratiam
2134 3941 2227 3977 au-

645 4014 901 4067 dientibus
940 4012 1159 4083 (Ep/tes.
1193 4016 1285 4085 tv).
1316 4016 1446 4067 Nam
1479 4015 1587 4084 ipsa
1621 4006 1906 4068 mdiﬁcatiti
1937 4016 2003 4068 ab
2036 4015 2229 4069 abbate

643 4109 931 4177 praebenda
961 4115 1043 4160 est
1072 4125 1081 4158 :
1117 4118 1172 4161 ut
1202 4107 1442 4173 magistri
1473 4108 1785 4161 ministrata:
1812 4107 2068 4161 doctrinae
2101 4107 2229 4160 taci-

647 4207 729 4255 tus
760 4200 980 4254 auditus
1006 4198 1253 4267 discipuli
1283 4197 1435 4251 factis
1468 4197 1811 4267 respondeat.
1846 4195 1986 4265 Ergo
2013 4206 2231 4251 moneat

646 4307 805 4361 prava
856 4292 1169 4361 loquentem
1212 4289 1533 4358 discipulum
1581 4290 1935 4358 prmpOsitus,
2000 4288 2224 4342 dicens:

646 4384 846 4440 Claude
869 4400 930 4442 os
957 4393 1129 4447 tuum,
1168 4382 1355 4446 frater,
1383 4398 1411 4435 a
1443 4382 1586 4436 malo
1612 4382 1829 4449 eloquio
1860 4397 1873 4436 :
1907 4381 2103 4435 bonum
2130 4379 2228 4433 ali-

648 4479 769 4547 quid
798 4478 924 4533 inde
960 4476 1123 4531 debet
1164 4476 1333 4539 exire,
1369 4474 1511 4529 unde
1555 4472 1763 4543 profers
1790 4473 1986 4527 malum
2008 4515 2020 4537 ,
2052 4481 2113 4525 ut
2136 4472 2231 4525 bo-

2328 1981 2443 2017 reus
2460 1965 2764 2035 eritjndicio
2781 1964 2994 2033 (Manli.
3016 1972 3091 2033 v).
3110 1967 3188 2034 Et,
3205 1973 3324 2039 quia
3341 1971 3493 2025 homo
3514 1973 3815 2041 irai-undas,
3830 1978 3918 2047 ju-

2327 2056 2522 2109 stitiam
2547 2055 2645 2109 Dei
2669 2073 2769 2110 non
2796 2070 3038 2125 aperatur
3064 2060 3204 2129 (Jac.
3226 2062 3288 2130 ι).
3324 2061 3390 2116 Ει
3418 2081 3525 2119 non
3550 2065 3674 2119 licet
3704 2068 3913 2122 unicui-

2328 2163 2433 2217 que
2461 2148 2560 2201 nisi
2592 2159 2715 2202 ante
2762 2150 2891 2203 solis
2920 2168 3171 2206 occasum
3217 2169 3337 2208 eum
3380 2156 3597 2211 inimico
3644 2159 3824 2215 redire
3863 2163 3915 2216 in

2326 2239 2587 2309 gratiam;
2619 2241 2830 2294 dicente
2880 2240 3107 2296 Dotttitm
3141 2262 3237 2314 per
3275 2248 3588 2316 Apostolun
3626 2268 3637 2301 :
3671 2252 3768 2306 Sol
3807 2268 3913 2310 non

2327 2334 2523 2385 accidat
2552 2350 2706 2401 super
2734 2335 3060 2389 iracundiam
3095 2337 3323 2393 Vestram
3356 2340 3573 2411 (Ep/tes.
3603 2347 3703 2413 tv).
3732 2345 3785 2397 Si
3818 2360 3915 2400 au-

2328 2431 2435 2477 tem
2469 2425 2660 2478 viderit
2700 2423 2922 2479 faatretn
2952 2430 3081 2483 satis
3125 2443 3430 2499 promptum
3480 2436 3533 2489 in
3566 2436 3753 2502 risum,
3792 2453 3907 2492 mo-

2328 2526 2455 2572 neat
2506 2534 2629 2572 eum
2677 2533 2914 2589 praesens
2960 2523 3298 2591 praepositus,
3349 2526 3572 2579 dicens:
3606 2528 3736 2596 quid
3780 2530 3911 2597 agis,

2325 2611 2535 2665 frater?
2565 2629 2686 2666 cum
2715 2614 2978 2683 gravitate
3008 2613 3092 2669 fac
3121 2616 3262 2682 quod
3311 2615 3442 2671 facis
3476 2638 3485 2669 :
3520 2620 3645 2689 quia
3683 2636 3916 2675 conver—

2324 2706 2494 2760 sionis
2519 2722 2731 2775 tempus
2758 2723 2867 2761 non
2901 2715 2983 2760 est
3013 2707 3210 2761 laetitia:
3240 2708 3305 2761 ad
3330 2710 3643 2779 ridendum;
3674 2714 3767 2767 sed
3801 2731 3912 2783 pte-

2326 2799 2567 2853 nitentite
2594 2809 2807 2871 tempus
2835 2812 2915 2855 est
2948 2801 3013 2854 ad
3054 2802 3282 2870 lugenda
3325 2816 3565 2871 peccata,
3598 2806 3735 2859 sicut
3783 2809 3915 2862 scri-

2325 2903 2475 2962 ptum
2502 2903 2584 2947 est
2618 2912 2629 2946 :
2663 2893 3004 2948 Proridamus
3034 2905 3152 2947 ante
3179 2894 3477 2961 Dominum,
3505 2900 3762 2967 plorcmus
3791 2912 3913 2953 ante

2325 2984 2492 3040 Deum
2521 2988 2607 3058 qui
2637 2989 2754 3057 fecit
2787 3004 2879 3042 nos
2909 2986 3083 3058 (Psal.
3117 2994 3278 3052 xciv).
3312 2987 3380 3042 Et
3406 2991 3534 3045 item
3564 3005 3578 3043 :
3609 2988 3709 3055 Qui
3753 2995 3907 3047 semi—

2327 3092 2453 3133 nant
2474 3081 2527 3133 in
2555 3080 2820 3151 lacrymis,
2868 3082 2921 3135 in
2963 3081 3154 3153 gmdio
3204 3092 3386 3136 metenl
3417 3082 3590 3147 (Psal.
3622 3102 3808 3155 CXXV).
3844 3086 3912 3140 Et

2330 3173 2459 3227 item
2491 3172 2769 3241 Scriptura
2815 3173 2944 3227 dicit
2976 3189 2990 3227 :
3018 3173 3164 3229 Beati
3190 3176 3280 3244 qui
3329 3179 3703 3246 temporalitcr
3750 3178 3909 3241 ﬂetis,

2328 3264 2453 3333 quia
2483 3264 2582 3336 ipsi
2626 3264 2873 3321 ridebitis
2919 3266 2972 3320 in
3019 3277 3303 3339 aeternum,
3333 3284 3455 3323 nam
3488 3272 3673 3325 stultus
3711 3274 3765 3326 in
3804 3273 3908 3327 risu

2327 3362 2527 3415 exaltat
2554 3376 2725 3416 vocem
2753 3377 2897 3415 suam
2931 3360 3159 3429 (Eccles.
3196 3368 3328 3425 XXI).
3371 3364 3427 3418 Si
3458 3365 3652 3419 viderit
3691 3366 3911 3422 fratrem

2329 3457 2496 3512 alium
2521 3457 2958 3525 maledicentem,
2990 3469 3211 3515 moneat
3236 3476 3359 3516 eum
3394 3479 3627 3531 praesens
3651 3465 3913 3534 praeposi-

2331 3557 2418 3603 tus
2465 3548 2648 3604 dicens
2674 3568 2693 3629 :1
2720 3548 3019 3620 Compesce
3064 3567 3125 3607 os
3170 3563 3339 3619 tutnn,
3387 3553 3569 3622 frater,
3614 3572 3643 3609 a
3689 3557 3915 3612 maledi-

2330 3642 2545 3705 ctione;
2580 3658 2882 3698 memorare
2914 3645 3079 3699 Deum
3103 3647 3195 3714 qui
3225 3648 3360 3702 dixit
3389 3651 3544 3704 nobis
3566 3666 3663 3718 per
3684 3651 3914 3720 Aposto-

2332 3735 2438 3788 lum
2474 3750 2487 3787 :
2520 3733 2837 3801 Benedicite,
2868 3748 2916 3790 et
2947 3739 3105 3792 nolite
3142 3741 3450 3794 maledicere
3487 3741 3665 3805 (Rom.
3699 3744 3817 3811 xu).
3846 3743 3914 3799 Et

2332 3828 2471 3881 sicut
2496 3843 2605 3881 non
2637 3836 2815 3896 potest
2858 3826 2980 3884 fons
3017 3845 3085 3885 ex
3116 3847 3222 3885 uno
3251 3830 3515 3888 foramine
3545 3849 3742 3902 aquam
3788 3851 3914 3906 pro-

2333 3919 2475 3974 ferre
2506 3919 2663 3974 simul
2704 3935 2941 3974 amaram
2975 3930 3028 3975 et
3071 3922 3316 3987 dulcem;
3348 3925 3426 3978 sic
3465 3942 3605 3979 nunc
3655 3942 3754 3981 nos
3792 3943 3913 3982 cum

2333 4013 2401 4067 de
2431 4013 2610 4082 lingua
2641 4022 2823 4067 nostra
2854 4014 3216 4070 llClledlCllllUS
3262 4017 3447 4082 Deum,
3478 4022 3749 4087 quomodo
3792 4037 3918 4093 pos-

2332 4118 2521 4158 sumus
2566 4119 2661 4172 per
2702 4104 2945 4158 eamdem
2995 4104 3229 4173 linguam
3276 4109 3600 4163 maledicere
3655 4112 3922 4179 homines,

2334 4197 2424 4265 qui
2450 4197 2515 4250 ad
2540 4198 2827 4265 imaginem
2853 4206 2907 4253 et
2929 4199 3333 4255 similitudinem
3363 4203 3455 4256 Dei
3486 4206 3729 4272 plastnati
3756 4210 3916 4260 sunt?

2334 4288 2467 4345 Item
2496 4290 2541 4343 si
2572 4291 2764 4344 viderit
2791 4289 2985 4346 fratres
3018 4292 3173 4347 ﬂuxis
3200 4298 3536 4363 corporibus,
3562 4298 3649 4351 vel
3680 4301 3917 4354 resoluto

2336 4398 2499 4437 sensu
2532 4384 2713 4452 aliqua
2746 4384 2968 4439 lexitate
2994 4400 3053 4439 se
3076 4388 3361 4451 exultare,
3396 4400 3613 4444 tttotteat
3644 4406 3739 4444 eos
3782 4408 3916 4460 prte-

2337 4492 2463 4533 sens
2493 4479 2835 4548 pra-positus,
2866 4480 2933 4534 dit
2957 4496 3052 4535 ens
3087 4497 3099 4534 :
3133 4498 3253 4537 eum
3286 4487 3548 4553 gravitate
3579 4487 3787 4552 sedete,
3811 4504 3925 4542 am-

650 4586 771 4625 num
816 4571 924 4625 oris
956 4569 1032 4622 tui
1065 4567 1341 4637 eloquium
1372 4566 1651 4619 audientes
1694 4565 2040 4629 admiremur,
2071 4579 2229 4633 quam
2268 4613 2309 4670 ὓ
2341 4570 2543 4633 bulate,
2588 4582 2642 4625 et
2685 4580 2844 4637 state,
2888 4574 3123 4628 fratres:
3157 4576 3280 4642 quia
3312 4578 3453 4629 oculi
3507 4578 3713 4632 Domini
3756 4581 3924 4648 respi-

652 4666 846 4719 malum
874 4676 1048 4717 tecum
1070 4661 1270 4730 pariter
1288 4661 1464 4729 potius
1481 4659 1769 4714 rideamus.
1786 4657 1900 4712 Non
1928 4659 2068 4711 enim
2091 4657 2234 4711 utilis

652 4767 730 4811 est
757 4757 822 4811 de
852 4772 963 4825 quo
1007 4753 1235 4809 ridetur.
1269 4753 1465 4807 Sedeat
1489 4753 1630 4806 enim
1682 4768 1843 4821 super
1873 4768 1931 4805 os
1965 4762 2109 4805 tuum
2142 4766 2230 4805 sa-

653 4849 848 4916 pientia
881 4862 1005 4901 cum
1035 4845 1173 4899 clavi
1200 4844 1423 4912 justitia:
1451 4859 1514 4897 ac
1545 4844 1752 4897 timoris
1778 4844 1889 4907 Dei,
1924 4852 1977 4895 et
2002 4844 2113 4911 ipsa
2138 4842 2233 4897 bo—

657 4943 733 4995 nis
762 4941 995 5010 eloquiis
1025 4940 1241 4994 claudat
1267 4937 1406 4991 labia
1433 4946 1537 4991 tua.
1574 4937 1705 4991 Nam
1739 4952 1861 4991 cum
1888 4936 2106 4990 verbum
2136 4951 2230 4989 va—

658 5051 801 5103 num,
836 5034 1028 5102 frater,
1058 5033 1127 5087 de
1156 5047 1252 5087 ore
1282 5041 1375 5086 tuo
1407 5031 1621 5098 exierit,
1653 5030 1895 5100 quamvis
1920 5045 2014 5098 per
2045 5031 2229 5092 risum,

658 5132 829 5179 tamen
860 5131 1051 5181 nostro
1078 5122 1218 5194 perit
1244 5121 1484 5185 auditui;
1518 5122 1642 5192 quia
1695 5122 1884 5175 exiens
1915 5136 2009 5190 per
2038 5138 2099 5173 os
2144 5134 2231 5173 re-

660 5218 769 5274 dire
800 5235 906 5275 non
947 5225 1175 5289 potest:
1211 5216 1304 5271 sed
1334 5216 1471 5271 ratio
1521 5217 1635 5283 ejus
1676 5225 1921 5271 servatur
1967 5231 2137 5286 usque
2169 5216 2235 5270 ad

661 5315 991 5383 prtesentiam
1021 5311 1361 5379 discusseris,
1394 5320 1447 5365 et
1473 5326 1592 5366 cum
1620 5327 1726 5364 non
1755 5310 1989 5365 :edificet
2032 5322 2233 5377 actum,

663 5415 1178 5475 aggravatcausam,
1233 5411 1286 5459 et
1340 5402 1588 5459 vulnerat
1639 5403 1906 5469 animam;
1956 5412 2011 5457 et
2057 5418 2125 5456 ne
2171 5402 2238 5457 de

666 5500 884 5569 eloquiis
932 5498 1132 5553 nostris
1174 5497 1225 5551 in
1253 5496 1338 5551 die
1374 5496 1555 5565 judicii
1600 5496 1848 5550 dicatur:
1892 5495 2037 5548 Vana
2082 5494 2241 5548 locuti

667 5600 776 5644 sunt
804 5592 1148 5661 unusquisque
1177 5588 1244 5641 ad
1273 5589 1563 5658 proximum
1593 5604 1738 5641 suum
1764 5586 1937 5659 (Psal.
1972 5590 2071 5657 χι).
2105 5586 2235 5639 Nam

668 5693 719 5739 et
742 5684 997 5755 Origenes
1025 5684 1241 5753 sapiens
1285 5683 1452 5739 dicit:
1481 5682 1665 5737 Melms
1708 5692 1781 5736 est
1812 5683 2033 5753 ltpidem
2068 5682 2119 5736 in
2152 5698 2237 5736 va-

670 5791 784 5829 num
803 5779 1027 5847 jactare,
1062 5792 1215 5845 quem
1245 5774 1469 5829 verbum.
1513 5774 1567 5827 Si
1599 5789 1723 5829 vero
1762 5773 1978 5829 fratrem
2010 5772 2240 5827 audierit

674 5871 1041 5936 mentientem,
1093 5874 1309 5923 moneat
1359 5866 1423 5921 ad
1476 5867 1781 5927 veritatem,
1816 5864 2043 5920 dicens:
2098 5864 2235 5930 Quid

2342 4660 2493 4714 ciunt
2518 4676 2614 4715 nos
2644 4660 2711 4715 de
2741 4662 2880 4717 coelo
2910 4662 3055 4715 omni
3089 4664 3243 4727 hora,
3277 4665 3327 4717 in
3356 4666 3546 4733 quovis
3574 4667 3721 4731 loco,
3753 4667 3924 4721 bonos

2343 4759 2399 4807 et
2427 4753 2616 4820 malos,
2648 4755 2784 4808 sicut
2811 4754 2939 4807 dicit
2974 4754 3135 4808 David
3162 4770 3175 4807 :
3202 4754 3455 4809 Dominus
3503 4757 3566 4811 de
3607 4760 3731 4812 cwlo
3761 4760 3922 4826 respi-

2345 4845 2410 4898 rit
2441 4862 2595 4915 super
2623 4847 2761 4915 ﬁlios
2790 4848 3083 4910 hominum;
3114 4858 3168 4899 ut
3195 4849 3380 4913 videat,
3406 4851 3448 4901 si
3480 4863 3593 4903 sunt
3630 4854 3921 4923 in:elligen-

2344 4945 2417 4990 tes
2442 4949 2488 4989 et
2518 4938 2829 5005 requirentes
2850 4936 3019 4991 Deum
3060 4938 3232 5009 (Psal.
3264 4948 3399 5009 xm).
3436 4941 3742 4998 'l'itnean‘tus
3774 4961 3923 5015 ergo,

2345 5026 2555 5092 fratres,
2588 5043 2654 5082 ne
2697 5043 2802 5096 qua
2835 5044 2933 5084 nos
2963 5031 3095 5084 liora
3137 5031 3469 5086 declinantes
3502 5035 3553 5087 in
3601 5035 3825 5100 malum,
3870 5047 3925 5090 et

2343 5120 2559 5175 inutiles
2581 5122 2750 5175 factos
2778 5124 3020 5191 aspiciat,
3056 5132 3110 5177 et
3132 5140 3238 5177 non
3276 5125 3345 5177 sit
3369 5127 3461 5192 qui
3512 5124 3671 5180 faciat
3696 5128 3920 5195 bonum,

2344 5227 2453 5266 non
2502 5212 2572 5266 sit
2623 5228 2793 5282 usque
2825 5214 2890 5267 ad
2918 5230 3102 5268 unum.
3134 5214 3199 5269 Et
3253 5217 3379 5286 quia
3429 5218 3557 5272 dicit
3609 5218 3920 5289 Proiilteta:

2348 5305 2517 5359 Odisti
2559 5307 2885 5362 observantes
2920 5308 3195 5361 vanitatem
3223 5326 3535 5378 supervacue
3578 5311 3749 5383 (Psal.
3777 5315 3925 5383 xxx).

2344 5396 2475 5451 Nam
2520 5397 2778 5467 quidquid
2828 5414 2933 5452 non
2978 5408 3149 5453 estex
3185 5399 3319 5468 Deo,
3350 5416 3418 5455 ex
3448 5413 3671 5468 peccato
3718 5413 3819 5469 est,
3871 5414 3925 5460 et

2347 5491 2489 5561 quod
2518 5506 2625 5545 non
2655 5490 2903 5557 aedificat,
2938 5492 3186 5547 destruit.
3219 5494 3317 5559 Qui
3348 5497 3618 5565 praepositi
3648 5496 3772 5551 dum
3812 5500 3923 5552 haec

2348 5585 2589 5656 quotidie
2633 5586 2721 5641 die
2764 5594 3035 5656 noctuque
3064 5587 3208 5641 omni
3256 5588 3387 5641 hora
3429 5589 3657 5644 sollicite
3688 5589 3739 5644 in
3771 5606 3918 5645 com—

2350 5679 2522 5734 missis
2562 5679 2660 5733 sibi
2709 5678 2961 5734 fratribus
3003 5689 3331 5748 scrutantur,
3380 5689 3433 5735 et
3481 5682 3581 5751 ipsi
3622 5670 3924 5756 proficiant,

2352 5788 2472 5826 cum
2503 5772 2637 5827 alios
2690 5772 2991 5827 custodiunt
3031 5788 3042 5825 ε
3077 5782 3131 5827 et
3178 5774 3309 5829 alios
3357 5773 3710 5829 custodiendo
3743 5790 3863 5829 cum
3898 5794 3925 5830 a

2354 5864 2505 5918 malis
2536 5874 2822 5931 evacuant,
2869 5882 2926 5919 te
2970 5870 3115 5921 omni
3154 5864 3283 5921 hora
3316 5876 3579 5934 occupent
3622 5864 3687 5919 de
3733 5866 3925 5931 bonis,
