5174 6534
1287 388 1390 442 975

2589 374 2928 431 AUC'I‘ORIS
2966 371 3236 429 INCER'I'I

4439 367 4541 424 εκ

1288 499 1412 570 quia
1443 498 1659 551 beatum
1686 509 1747 550 os
1776 494 2005 550 reddunt
2027 493 2165 547 bona
2190 507 2286 561 per
2311 506 2430 546 eum
2463 492 2606 545 dicta
2651 494 2701 545 in
2733 493 2860 544 alie-
2884 491 2939 551 Δ
2964 489 3126 544 beant
3157 485 3424 558 praepositi
3455 499 3641 557 prope,
3673 493 3891 554 propter
3921 483 4178 552 aliquam,
4211 488 4272 535 ut
4295 479 4545 548 diximus,

1289 602 1414 642 num
1462 585 1700 640 auditum
1742 584 2012 640 intrantia.
2042 583 2182 652 Ergo
2200 584 2324 636 dum
2358 583 2412 637 in
2454 582 2709 636 fratribus
2740 582 2860 636 dili-

1284 690 1474 750 genter
1499 679 1730 735 custodit
1774 679 2111 748 praepositus,
2147 678 2198 731 in
2225 677 2502 745 assignato
2538 674 2640 729 sibi
2680 675 2860 742 aliquo

1285 772 1487 826 la‘bori,
1510 787 1675 840 opere
1703 770 1770 824 ab
1817 771 2031 836 abbate,
2083 769 2360 824 remissius
2406 769 2678 834 exigatur.
2729 768 2860 832 Quia

1285 864 1429 933 quod
1459 863 1634 918 minus
1681 863 2037 933 corporaliter
2080 862 2434 927 inmanibus,
2469 862 2589 930 plus
2627 860 2860 915 sollicito

1284 972 1444 1012 sensu
1491 956 1837 1025 spiritualiter
1864 954 1930 1009 ad
1977 953 2374 1023 correptionem
2415 968 2514 1021 pro
2565 966 2724 1007 causa
2753 949 2860 1004 Dei

1279 1048 1528 1116 laborat;
1559 1058 1614 1104 et
1641 1048 1788 1117 quod
1809 1049 1982 1102 mimts
2004 1048 2214 1103 laborat
2243 1045 2511 1107 manibus,
2547 1045 2667 1113 plus
2711 1061 2861 1098 men-

1281 1141 1425 1196 tibus
1445 1146 1719 1210 operatur.
1750 1137 1878 1194 Ideo
1917 1139 2119 1193 etenim
2161 1153 2299 1206 opus
2335 1135 2626 1205 cujuslibet
2664 1134 2862 1189 laboris

1275 1232 1560 1290 missius
1587 1231 1728 1299 exigi
1768 1230 2094 1300 prmpositos
2129 1228 2386 1292 diximus,
2421 1243 2489 1281 ne
2529 1240 2728 1296 urgens
2767 1237 2861 1278 eos

1278 1321 1644 1392 consignamla
1670 1320 1900 1376 carnalis
1931 1335 2094 1390 opera
2126 1320 2176 1374 in
2228 1317 2558 1388 Spiritalibus
2603 1315 2862 1372 custodiis

1279 1415 1529 1484 occupati
1559 1413 1835 1482 prtepositi
1877 1413 2260 1480 negligentiam
2301 1417 2575 1479 cperetur,
2621 1416 2676 1463 et
2698 1420 2860 1462 causa

1276 1506 1374 1562 Dei
1414 1506 1916 1576 prtcvalescentibus
1944 1506 2090 1559 vitiis
2129 1504 2438 1568 abolescat;
2471 1502 2693 1574 quando
2741 1501 2859 1569 plus

1278 1597 1456 1652 carnis
1467 1597 1704 1666 sumptui
1723 1597 1977 1658 curritur,
1994 1610 2157 1664 quam
2181 1610 2357 1648 causae
2378 1594 2542 1663 ipsius
2559 1593 2856 1646 laboratur.

1277 1687 1388 1744 Sed
1419 1687 1578 1742 ﬁdem
1607 1703 1702 1756 spe
1727 1695 2028 1750 sumentes,
2055 1686 2339 1740 Dominum
2379 1683 2544 1736 Deum
2577 1681 2862 1736 credamus

1279 1781 1462 1837 usibus
1485 1782 1684 1834 nostris
1710 1779 1890 1833 omnia
1915 1776 2218 1831 necessaria
2242 1775 2566 1838 ministrare,
2587 1773 2731 1841 quod
2758 1771 2859 1826 tui-

2963 582 3214 636 vitiorum
3243 579 3456 650 culpam
3485 578 3537 631 in
3561 577 3641 632 eis
3671 574 4060 631 emendandam
4081 616 4096 640 ,
4128 582 4185 628 et
4206 581 4268 627 ut
4297 587 4543 626 reveren-

2963 677 3068 730 tius
3087 681 3350 746 pr.csente
3372 671 3584 741 majore
3628 670 3915 726 dormiant.
3947 667 4140 724 Mensa:
4177 682 4370 722 eorum
4411 681 4544 734 pra--

2961 776 3140 822 sentes
3159 767 3284 832 sint,
3308 774 3369 822 ut
3394 765 3555 820 tacite
3577 780 3698 820 cum
3721 765 3801 819 eis
3821 773 3877 818 et
3895 762 4177 818 moderate
4199 759 4546 814 manducent.

2962 857 3077 913 Hoc
3116 859 3182 913 de
3205 873 3428 913 numero
3454 858 3507 911 in
3537 857 3726 926 quovis
3767 855 3887 912 loco
3920 855 3962 911 si
3991 855 4111 910 sine
4139 862 4416 922 praecepto
4445 859 4547 903 tam

2963 953 3172 1006 abbati;
3199 965 3358 1020 quam
3391 950 3686 1021 pitepositi,
3714 949 3881 1006 frater
3927 949 4072 1005 foras
4101 948 4339 1014 exierit,
4377 945 4446 1000 ab
4475 945 4548 1000 eis

2963 1042 3199 1099 sollicite
3221 1044 3548 1112 requiratur.

3557 1150 3785 1208 CAPUT
3822 1150 3936 1206 XII.

3408 1261 3797 1299 ικτιίιςιιοολτιο
3829 1259 4110 1300 υιεειιιυιι.

3283 1361 3359 1416 De
3388 1367 3912 1419 et‘communicatione
3941 1365 4210 1428 culparum

3227 1491 3532 1531 RESI‘ONDET
3567 1492 3788 1532 DONINUS
3819 1494 3918 1534 PER
3950 1494 4274 1534 κιῦιδτιιῑμ.

3033 1588 3088 1644 In
3122 1589 3202 1644 his
3240 1591 3490 1646 omnibus
3534 1591 3860 1662 supradictis
3906 1593 3952 1647 si
3980 1592 4100 1661 quis
4153 1595 4328 1646 frater
4360 1601 4549 1647 contu-

2961 1697 3107 1745 max,
3141 1691 3234 1736 aut
3261 1683 3541 1750 superbus,
3585 1691 3679 1737 aut
3709 1699 4072 1747 murmurans,
4103 1693 4199 1738 aut
4229 1683 4552 1739 inubediens

2962 1772 3264 1842 praepositis
3312 1773 3422 1828 suis
3468 1773 3779 1842 frequenter
3807 1775 4108 1841 exstiterit;
4159 1784 4215 1828 et
4257 1775 4551 1830 secundum

1277 1888 1380 1926 nus
1406 1871 1561 1926 nobis
1583 1871 1861 1940 potuerint
1882 1885 2071 1924 manus
2094 1877 2291 1923 nostra
2315 1866 2574 1935 perlicere
2603 1883 2615 1918 :
2642 1867 2856 1919 conl'or-
2889 1872 2936 1933 Β
2962 1862 3196 1917 divinam
3225 1863 3644 1934 prteceptionem
3675 1866 3866 1934 semel,
3896 1875 3953 1922 et
3980 1867 4227 1922 secundo
4258 1867 4345 1921 vel
4373 1867 4550 1929 tertio,

1277 1973 1434 2019 tante
1465 1977 1564 2017 nos
1593 1963 1661 2016 de
1691 1962 1772 2014 Itis
1798 1961 2052 2014 on'tnihus
2081 1961 2351 2025 scriptura
2381 1957 2556 2011 sant-ti
2585 1955 2860 2024 Evangelii

1275 2053 1506 2108 dicentis
1541 2069 1554 2105 :
1613 2052 1783 2106 Nolite
1819 2053 2047 2120 cogitare
2074 2049 2198 2114 quid
2228 2049 2566 2111 manducetis,
2607 2059 2696 2100 aut
2740 2046 2861 2117 quid

1276 2142 1486 2208 bibatis,
1525 2128 1614 2195 aut
1648 2143 1770 2211 quid
1798 2141 2118 2206 induamini,
2151 2143 2271 2210 quia
2325 2141 2434 2194 harc
2474 2141 2650 2193 omnia
2686 2149 2860 2210 gentes

1273 2236 1529 2305 cogitant,
1559 2250 1676 2302 quae
1721 2234 1884 2288 Deum
1924 2250 2030 2288 non
2080 2241 2470 2302 cognoverunt.
2509 2233 2617 2286 Sed
2644 2233 2862 2304 qua'rite

1272 2344 1491 2399 regnum
1518 2325 1637 2390 Dei,
1675 2335 1722 2380 et
1738 2327 2001 2396 justitiam
2029 2330 2161 2398 ejus,
2185 2339 2234 2378 et
2263 2327 2370 2379 hwc
2396 2327 2569 2380 omnia
2597 2342 2862 2395 apponan-

1277 2429 1360 2472 ων
1390 2419 1549 2472 vobis.
1579 2419 1690 2471 Scit
1721 2421 1857 2472 enim
1893 2420 2048 2471 l’ater
2076 2428 2238 2471 vester
2258 2421 2342 2487 qui
2371 2420 2423 2470 in
2452 2421 2589 2471 caelis
2611 2427 2704 2481 est,
2740 2419 2861 2488 quia

1274 2511 1383 2565 Itwc
1402 2511 1576 2564 omnia
1596 2511 1858 2578 indigetis.
1879 2508 2217 2564 Considerate
2228 2511 2458 2564 volatilia
2479 2512 2612 2576 cazli,
2635 2527 2750 2580 qua:
2771 2527 2861 2565 nc-

1271 2619 1370 2673 que
1390 2609 1566 2662 arant,
1584 2617 1744 2670 neque
1765 2601 2023 2654 seminant
2046 2619 2058 2655 :
2084 2611 2132 2654 et
2158 2601 2314 2655 l'ater
2333 2613 2494 2656 vester
2506 2603 2725 2656 cwt'estis
2741 2618 2860 2671 pas-

1271 2697 1342 2750 cit
1358 2711 1420 2748 ea
1439 2710 1452 2744 .'
1473 2702 1666 2765 quanto
1679 2695 1847 2762 magis
1868 2709 1956 2748 vos
1969 2697 1992 2746 Ζ)
2005 2691 2080 2759 (Ι
2089 2697 2222 2746 atth.
2241 2693 2338 2762 v1.)
2357 2693 2616 2748 Vestiaria
2632 2691 2861 2747 fratrum

1273 2787 1376 2842 sub
1396 2803 1492 2840 sua
1521 2801 1648 2840 cura
1674 2785 1946 2854 prazpositi
1972 2785 2292 2840 contineant
2315 2806 2328 2838 ;
2359 2785 2515 2840 lectis
2539 2800 2728 2839 eorum
2757 2785 2860 2840 lec-

1274 2889 1364 2932 tos
1391 2877 1663 2946 prmpOalli
1693 2878 1928 2930 habeant
1958 2891 2150 2946 prope,
2177 2890 2396 2944 pr0pter
2425 2876 2663 2944 aliquam
2697 2877 2751 2928 in
2782 2876 2861 2930 eis

1278 2968 1534 3023 vitio'rmn
1587 2973 1798 3036 culpam
1848 2967 1902 3020 in
1950 2979 2110 3020 nocte
2150 2965 2559 3020 emendandam.
2611 2966 2862 3034 Singulos

1284 3061 1626 3131 praecipimus
1649 3077 1758 3114 non
1783 3060 1942 3115 binos
1965 3075 2059 3129 per
2084 3058 2281 3113 lectum
2302 3058 2558 3113 dormire.
2586 3057 2655 3112 Et
2674 3059 2861 3112 levans

1274 3171 1342 3212 se
1375 3156 1543 3209 frater
1590 3154 1634 3209 si
1666 3155 1864 3209 lectum
1912 3169 2066 3208 suum
2107 3152 2244 3206 bene
2272 3167 2380 3206 non
2416 3153 2816 3221 recoopernerit
2841 3193 2856 3218 ,

2965 1957 3050 2010 vel
3081 1957 3273 2025 quovis
3302 1957 3433 2011 vitio
3463 1957 3702 2012 monitus
3732 1967 3786 2012 et
3819 1969 4101 2027 correptus
4131 1974 4240 2013 non
4295 1958 4551 2013 emenda-

2961 2049 3120 2111 verit,
3141 2047 3405 2102 referatur
3428 2047 3528 2102 hoc
3549 2063 3578 2100 a
3605 2048 3904 2116 prteposilis
3924 2049 4104 2103 abbati
4135 2069 4145 2100 :
4171 2059 4226 2104 et
4247 2050 4340 2118 qui
4365 2060 4552 2118 prmest

2960 2137 3254 2209 secundum
3285 2139 3603 2208 qualitatem
3635 2139 3718 2193 vel
3750 2140 4002 2194 meritum
4035 2139 4206 2209 culpa:
4238 2149 4551 2210 perpenset,

2961 2238 3016 2284 et
3043 2230 3138 2284 tali
3169 2245 3292 2286 eum
3319 2231 3883 2287 excommunicatione
3911 2231 4260 2298 condemnet,
4308 2241 4370 2287 ut
4397 2234 4551 2298 sciat,

2961 2323 3052 2393 qui
3081 2322 3248 2378 Deum
3295 2324 3613 2390 Contemnit,
3646 2323 3918 2392 quomodo
3959 2323 4150 2391 dignus
4198 2333 4281 2378 est
4324 2321 4553 2392 judicari

2962 2431 3059 2484 per
3103 2424 3474 2486 contemptum
3535 2414 3727 2485 majori
3772 2415 4112 2482 exbibitum;
4162 2415 4380 2470 dicente
4440 2415 4552 2484 ipso

2961 2508 3190 2565 Domino
3219 2509 3532 2566 doctoribus
3561 2510 3758 2565 nostris
3783 2528 3794 2562 :
3829 2509 3929 2573 Qui
3966 2525 4053 2564 vos
4082 2509 4229 2563 audit
4269 2525 4352 2564 me
4370 2508 4553 2570 audit;

2961 2608 3008 2653 et
3036 2602 3118 2669 qui
3153 2617 3240 2656 uos
3288 2604 3506 2672 spernit,
3535 2618 3615 2656 me
3641 2603 3838 2671 spernit
3869 2601 4018 2670 (Luc.
4056 2603 4132 2672 χ).
4166 2603 4297 2667 Qua-
4329 2617 4554 2656 excom-

2963 2696 3258 2751 municatio
3290 2697 3398 2752 tale
3427 2697 3626 2752 habeat
3653 2698 3924 2752 meritum.

3550 2808 3778 2865 CAPUT
3819 2808 3950 2864 Xlll.

3393 2920 3788 2960 INTEIROGATIO
3838 2920 4116 2960 DISCIPULI.

3039 3019 3305 3086 Quomodo
3335 3020 3515 3074 debeat
3544 3022 3705 3090 frater
3735 3020 4206 3074 excommunicatus
4241 3019 4485 3073 tractari.

3235 3152 3544 3192 ιΒςΡοιωετ
3577 3152 3802 3191 υοιικυε
3829 3152 3930 3191 PER
3959 3151 4279 3192 MAGIS'I'RUI.

1268 3262 1449 3318 paula:
1475 3246 1693 3302 nomine
1722 3247 1776 3300 in
1797 3245 2047 3313 sequenti
2074 3245 2368 3298 refectione
2391 3257 2606 3298 nerunt
2629 3258 2735 3297 non
2763 3257 2856 3298 ac-
2885 3254 2935 3320 ε
3035 3249 3168 3304 Cum
3216 3258 3525 3319 suggestum
3556 3250 3718 3304 fuerit
3744 3264 3777 3304 a
3806 3249 4109 3320 praepositis
4147 3249 4334 3304 abbati
4384 3250 4552 3304 meri-

1271 3339 1457 3408 cipiat.
1493 3339 1625 3392 (Lum
1653 3337 1949 3402 dormiunt,
1981 3335 2158 3389 vestiti
2185 3334 2457 3389 dormiant
2485 3343 2540 3388 et
2568 3334 2769 3398 cincti;
2805 3331 2858 3388 id

1270 3439 1376 3494 est,
1402 3439 1496 3484 aut
1534 3429 1793 3496 cingulis,
1825 3436 1920 3481 aut
1963 3427 2221 3492 testibus,
2249 3438 2340 3480 aut
2368 3427 2621 3494 corrigia.
2651 3425 2860 3480 Bracile

1269 3523 1494 3580 fratrem
1524 3525 1578 3578 in
1607 3533 1769 3578 nocte
1795 3522 1870 3576 uti
1898 3523 2020 3576 ideo
2043 3522 2415 3591 prohibemus,
2443 3537 2513 3576 ne
2541 3522 2670 3576 dum
2694 3537 2753 3577 se
2775 3538 2858 3576 re-

1269 3617 1411 3686 girat
1451 3630 1549 3685 per
1593 3630 1842 3670 somnum
1899 3629 2224 3682 oppressus,
2278 3613 2466 3668 exiens
2513 3630 2608 3682 per
2649 3615 2859 3669 thecam

1269 3723 1462 3763 mucro
1485 3705 1685 3762 cultelli
1709 3707 1856 3760 carni
1884 3705 2002 3773 ejus
2030 3714 2241 3773 ugatur.
2271 3705 2330 3759 In
2359 3705 2448 3760 die
2477 3721 2608 3760 vero
2637 3706 2862 3773 cingan-

1271 3808 1359 3853 tur
1387 3799 1704 3863 bracilibus,
1736 3797 1967 3853 docente
1994 3797 2062 3852 de
2090 3805 2278 3851 sancto
2305 3796 2512 3852 Joanne
2538 3799 2816 3866 Scriptura
2843 3815 2857 3850 :

1272 3889 1342 3945 Et
1371 3893 1513 3944 circa
1555 3891 1756 3946 lumbos
1802 3900 1914 3944 erat
1959 3892 2156 3945 cinctus
2191 3907 2324 3945 zona
2351 3892 2565 3961 pellicea
2597 3890 2748 3958 (Luc.
2781 3893 2856 3961 ν).

1273 3981 1339 4037 Et
1364 3983 1486 4038 ideo
1525 3984 1751 4036 vestitos
1791 3992 1846 4037 et
1875 3984 2081 4036 cimrtos
2107 3983 2344 4037 dormire
2371 3982 2604 4038 diximus
2633 3985 2856 4048 fratres;

1272 4081 1332 4128 ut
1371 4089 1494 4128 cum
1525 4073 1657 4126 hora
1701 4074 1881 4142 operis
1910 4072 2004 4126 Dei
2032 4074 2339 4139 advenerit,
2367 4083 2424 4127 et
2449 4073 2670 4128 oratorii
2701 4074 2858 4128 index

1271 4168 1550 4224 sonaverit
1579 4177 1762 4231 noctu,
1795 4183 1922 4219 mox
1950 4166 2120 4234 parati
2141 4177 2470 4234 consurgant
2501 4185 2512 4218 :
2547 4166 2764 4222 dicente
2791 4165 2860 4222 de

1273 4261 1378 4316 huc
1408 4259 1688 4328 Scriptura
1719 4277 1729 4310 :
1760 4257 1827 4310 Et
1865 4258 2024 4310 index
2067 4273 2206 4310 meus
2243 4259 2295 4310 in
2325 4259 2620 4324 matutinis,
2650 4259 2694 4311 si
2723 4257 2862 4312 dice-

1273 4353 1391 4408 bam
1416 4351 1642 4406 narrabo
1667 4351 1739 4404 sic
1771 4353 1787 4419 (
1823 4349 1967 4403 Psal.
2002 4366 2121 4404 txxi
2148 4353 2187 4420 ).
2219 4350 2353 4404 Nam
2393 4351 2512 4406 ideo
2550 4351 2710 4406 iudex
2763 4365 2863 4405 no-

1274 4461 1398 4502 men
1427 4446 1639 4514 accepit
1677 4446 1743 4498 ab
1771 4460 1860 4511 eo,
1891 4443 2039 4511 quod
2068 4458 2204 4497 sono
2234 4458 2331 4497 suo
2370 4443 2631 4512 psallendi
2671 4444 2860 4498 horam

1275 4540 1480 4595 indicet
1507 4539 1808 4592 advenisse.
1844 4537 1966 4588 lueo
1995 4536 2062 4588 de
2091 4550 2157 4589 eo
2185 4533 2454 4604 Propheta
2482 4535 2613 4588 dicit
2644 4552 2653 4585 :
2689 4533 2751 4588 Si
2781 4535 2862 4587 di-

2963 3350 3078 3396 tmn
3109 3341 3490 3406 inobedientis,
3515 3341 3626 3411 jam
3659 3357 3768 3397 non
3798 3340 4057 3398 dicendus
4084 3340 4272 3406 frater,
4307 3339 4407 3396 sed
4445 3339 4554 3393 bae-

2963 3435 3164 3491 reticus
3191 3434 3363 3504 legis;
3405 3434 3518 3504 jam
3547 3450 3654 3489 non
3679 3434 3940 3489 dicendus
3970 3433 4112 3489 lilius
4135 3434 4253 3500 Dei,
4283 3433 4381 3489 sed
4424 3449 4553 3503 ope-

2963 3526 3138 3580 rarius
3187 3525 3463 3589 damonis,
3515 3525 3608 3593 qui
3659 3507 3973 3595 dissipando
4024 3533 4338 3580 sanctorum
4396 3528 4552 3586 laeta.

2965 3617 3114 3672 velut
3139 3616 3383 3686 quasdam
3413 3616 3624 3673 scabies
3651 3625 3738 3671 est
3763 3631 4049 3686 procreata
4097 3616 4152 3670 in
4197 3629 4384 3684 grege.
4418 3614 4552 3671 Con-

2964 3718 3125 3764 vocet
3163 3723 3286 3764 eum
3332 3708 3499 3764 abbas
3525 3708 3879 3777 praesentibus
3923 3707 4035 3762 suis
4084 3707 4422 3777 prtepositis,
4473 3708 4553 3760 vel

2967 3816 3161 3861 caatera
3193 3803 3610 3872 congregatione
3653 3801 4074 3867 circumstante;
4129 3808 4186 3855 et
4232 3800 4554 3870 interrogati

2965 3901 3034 3954 ab
3064 3899 3259 3953 abbate
3288 3896 3564 3968 prapositi
3590 3895 3726 3964 ejus,
3755 3894 3884 3964 quid
3931 3895 4264 3965 peccaverit,
4297 3895 4386 3948 vel
4416 3911 4553 3963 qun-

2965 3991 3070 4046 ties
3100 3990 3336 4044 monitus
3361 3989 3431 4046 de
3459 3991 3576 4058 ipso
3599 3988 3733 4043 vitio
3763 4003 3871 4042 non
3897 3986 4304 4052 emendaverit;
4329 4001 4554 4056 respon-

2963 4081 3129 4136 deant
3155 4081 3285 4151 quid
3315 4095 3436 4136 eum
3491 4087 3764 4135 accusant.
3817 4079 3937 4144 Quo
3982 4078 4342 4133 audito.vitio
4395 4078 4554 4132 talem

2965 4175 3180 4231 abbatis
3200 4182 3391 4231 contra
3429 4189 3490 4230 se
3543 4173 3728 4228 audiat
3754 4164 3942 4229 vocem
3987 4192 3999 4226 :
4052 4171 4098 4227 0
4124 4173 4321 4228 misera
4351 4175 4554 4238 anima,

2963 4268 3107 4338 quod
3135 4283 3195 4324 es
3222 4282 3546 4338 responsum
3595 4268 3789 4322 datura
3839 4265 3970 4332 Deo,
4017 4281 4179 4335 quem
4217 4280 4316 4336 per
4361 4265 4553 4320 inobo-

2964 4357 3224 4414 dientiam
3262 4357 3508 4428 quotidie
3556 4357 3756 4426 irritas,
3803 4372 3926 4414 cum
3983 4358 4278 4413 accesseris
4325 4359 4557 4414 adorare

2966 4449 3128 4505 eum?
3165 4464 3335 4519 quare
3363 4450 3462 4505 sub
3487 4449 3731 4504 dominio
3761 4449 3858 4504 Dei
3879 4449 4052 4518 servis
4081 4449 4262 4519 potius
4287 4464 4553 4504 mammo-

2971 4543 3090 4599 nae?
3131 4534 3260 4614 quid
3300 4543 3542 4599 mentiris
3583 4542 3799 4598 Christo
3842 4543 3981 4598 alter
4019 4541 4210 4598 ludas?
4257 4543 4351 4597 Ille
4391 4541 4556 4597 Judas

1272 4636 1449 4690 cebam
1496 4632 1722 4687 narrabo
1762 4633 1835 4685 sic
1867 4647 1885 4684 :
1909 4632 2013 4685 hoc
2051 4641 2135 4686 est
2179 4644 2302 4683 cum
2343 4629 2538 4683 indica!
2578 4629 2859 4684 advenisse
2887 4618 2939 4678 Ῑ)
2963 4635 3261 4704 iniquitatis
3289 4635 3464 4706 pretio
3489 4634 3759 4705 justitiam
3789 4633 4060 4701 vendidit,
4095 4642 4154 4688 tn
4187 4633 4552 4690 Christianum

1273 4731 1461 4783 horam
1510 4724 1788 4795 psallendi,
1838 4725 1915 4777 sic
1964 4721 2195 4776 narrabo
2244 4721 2427 4775 laudes
2465 4721 2694 4776 Domini.
2730 4720 2858 4775 Inde

1271 4837 1402 4890 ergo
1453 4819 1631 4873 vestiti
1679 4826 1732 4870 et
1778 4815 1939 4870 cincti
1982 4814 2181 4869 debent
2209 4811 2403 4867 fratres
2435 4813 2670 4867 dormire
2697 4830 2706 4865 ε
2733 4813 2856 4880 quia

1273 4931 1380 4970 non
1415 4914 1540 4968 licet
1560 4909 1780 4964 fratrem
1804 4908 1943 4964 nuda
1967 4908 2205 4961 membra
2228 4922 2323 4961 sua
2343 4907 2654 4974 contingere
2688 4924 2700 4958 :
2730 4921 2855 4960 nam

1271 5005 1469 5062 exinde
1503 5003 1848 5057 immunditiae
1879 5003 2156 5058 libidinum
2180 5004 2232 5057 in
2263 5003 2494 5056 animam
2518 5002 2853 5069 ingeruntur.

1272 5095 1407 5150 Cum
1446 5095 1811 5148 membrorum
1853 5094 2063 5148 auditas
2115 5103 2262 5147 tactu
2306 5093 2655 5159 contingitur,
2705 5092 2858 5145 femi-

1274 5202 1464 5241 narum
1515 5186 1659 5240 illico
1704 5185 1852 5240 cordi
1899 5185 2162 5239 desideria
2217 5183 2499 5237 titillantur
2533 5204 2542 5236 :
2576 5186 2713 5237 unde
2763 5198 2860 5252 per

1275 5279 1949 5347 somnutncoinquinantur
1974 5278 2208 5331 membra
2228 5279 2508 5331 surditate.
2532 5278 2597 5328 lit
2626 5277 2859 5329 maxime

1275 5371 1400 5429 ideo
1425 5373 1603 5426 vestiti
1635 5380 1689 5424 et
1708 5372 1869 5425 cincti
1891 5369 2090 5424 debent
2118 5370 2314 5426 fratres
2343 5369 2602 5434 dormire,
2633 5385 2699 5422 ne
2720 5383 2860 5439 qua:-

1278 5477 1462 5524 rentes
1494 5469 1545 5520 in
1577 5467 1802 5520 obscuro
1827 5483 1914 5520 res
1939 5481 2064 5520 suas
2092 5465 2175 5519 vel
2203 5467 2436 5534 cingula,
2459 5468 2526 5519 ab
2558 5467 2857 5534 ingredien-

1279 5561 1418 5614 tibus
1461 5559 1754 5614 oratorium
1805 5558 2044 5612 sollicitis
2085 5558 2167 5612 vel
2196 5560 2396 5627 paratis
2425 5558 2708 5623 fratribus,
2737 5571 2858 5611 cum

1280 5656 1451 5707 adhuc
1497 5652 1568 5704 illi
1615 5654 1782 5704 lectos
1812 5669 1936 5706 suos
1974 5669 2068 5721 per
2099 5654 2477 5719 negligentiam
2530 5654 2582 5706 in
2629 5654 2860 5707 obscuro

1281 5745 1661 5806 sttbvcrtendo,
1689 5755 1741 5798 et
1767 5745 2074 5814 dissipando
2097 5747 2401 5809 revolvunt,
2427 5747 2630 5814 aliquot
2662 5747 2863 5801 oratio-

1283 5853 1376 5893 nes
1407 5839 1662 5908 perdant,
1692 5851 1780 5893 aut
1813 5839 2065 5908 psalmos.
2112 5839 2287 5895 Lectis
2318 5857 2503 5895 eorum
2553 5842 2724 5897 lectos
2761 5843 2863 5898 lia-

2967 4744 3162 4784 nonten
3195 4728 3400 4783 laceras
3429 4726 3747 4784 malefactis.
3781 4726 3879 4781 Ille
3903 4724 4070 4781 Judas
4107 4740 4203 4796 per
4228 4739 4422 4794 pacem
4453 4723 4550 4777 fal-

2965 4836 3080 4877 sam
3114 4820 3342 4874 Domino
3383 4819 3695 4874 scandalum
3731 4819 4030 4888 generavit,
4088 4825 4143 4872 tu
4188 4817 4288 4872 sub
4336 4816 4552 4870 nomine

2965 4914 3138 4970 sancti
3165 4913 3370 4968 servitii
3415 4912 3526 4968 Deo
3573 4911 3746 4980 magis
3775 4911 3992 4967 rebellis
4021 4910 4231 4966 existis.
4271 4909 4364 4963 Ille
4391 4906 4552 4962 ludas

2966 5007 3132 5063 falsus
3162 5007 3381 5062 tradidit
3410 5007 3724 5076 magistrum
3748 5006 4066 5076 discipulus,
4123 5015 4179 5059 tu
4206 5004 4305 5059 sub
4333 5005 4550 5058 nomine

2969 5109 3159 5156 sancto
3190 5101 3362 5169 magis
3408 5099 3684 5154 diabolum
3713 5098 3870 5152 factis
3914 5097 4159 5166 sequeris
4192 5095 4549 5150 Christianus.

2971 5193 3197 5246 Adstaae
3218 5194 3361 5246 enim
3394 5201 3447 5246 te
3474 5192 3638 5246 habet
3665 5191 3718 5245 in
3742 5191 3946 5258 judicio
3977 5197 4158 5244 nostra
4184 5188 4433 5251 monitio,
4468 5185 4549 5240 vel

2970 5295 3091 5341 tuus
3121 5285 3362 5354 spiritus,
3406 5284 3488 5338 cui
3521 5299 3643 5338 cum
3672 5297 3834 5338 carne
3862 5297 3958 5352 per
3991 5285 4262 5351 propriam
4305 5280 4549 5333 volunlav

2971 5389 3076 5433 tem
3120 5391 3409 5448 repugnas,
3451 5376 3562 5429 Deo
3614 5384 3740 5429 ante
3783 5372 4018 5428 tribunal
4059 5370 4320 5426 tremendi
4369 5369 4549 5438 judicii

2969 5470 3152 5524 dicens
3183 5485 3196 5522 :
3227 5469 3466 5532 Domine,
3515 5467 3678 5520 noluit
3721 5465 4028 5536 intelligere,
4077 5472 4132 5516 ut
4181 5463 4304 5516 bene
4343 5472 4550 5532 ageret:

2963 5561 3285 5632 iniquitatem
3310 5559 3584 5613 meditatus
3613 5567 3713 5625 est,
3759 5557 3961 5610 adstitit
3988 5558 4129 5610 omni
4158 5555 4252 5608 via:
4274 5570 4379 5608 non
4407 5552 4551 5607 bona

2969 5651 3138 5720 (Psal.
3178 5652 3386 5719 xxxvr).
3441 5650 3693 5704 Malitiam
3725 5657 3905 5703 autem
3940 5665 4047 5702 non
4080 5647 4266 5713 odivit,
4299 5645 4394 5701 sed
4434 5660 4550 5700 ma-

2967 5747 3046 5816 gis
3081 5747 3342 5816 gloriatus
3386 5754 3470 5800 est
3521 5745 3570 5798 in
3611 5759 3672 5798 ea
3727 5761 3738 5797 :
3772 5750 3965 5812 potens
4006 5740 4196 5795 fuit'in
4250 5738 4548 5808 iniquitate.

2969 5841 3104 5896 Cum
3151 5841 3264 5895 haec
3312 5848 3598 5896 accusatus
3624 5836 3790 5894 fueris
3833 5837 3885 5891 in
3909 5835 4132 5905 judicio,
4161 5841 4280 5904 post
4311 5839 4550 5889 nostram
