5174 6534
658 422 752 476 οη

2130 417 2420 476 REGULA.

3839 427 3943 486 978

656 539 813 593 simul
854 545 905 590 et
953 538 1118 605 ipsius
1161 535 1427 592 tremendi
1456 534 1648 601 jttdicis
1690 535 1875 588 audias
1904 550 2108 594 vocem,
2163 537 2246 590 di-
2277 542 2322 598 Α
2355 535 2494 590 milis
2541 535 2842 592 satisfactio
2877 537 2947 591 ab
2990 535 3072 591 eis
3116 537 3403 608 aequaliter
3447 539 3608 595 fuerit
3658 553 3879 610 operata
3925 565 3938 600 :

654 629 822 686 sentis
855 629 947 682 tibi
980 647 990 680 :
1031 627 1102 681 'l'u
1134 643 1192 682 es
1219 629 1310 696 qui
1343 627 1496 681 odisti
1522 632 1871 700 disciplinam,
1905 642 1953 683 et
1981 632 2247 701 projecisti

656 736 914 775 sermones
941 737 1077 774 meos
1108 730 1223 790 post
1254 734 1323 774 te.
1364 722 1424 774 Si
1457 722 1660 776 videbas
1707 725 1893 792 furem,
1932 725 2088 778 simul
2127 741 2244 778 cur-

655 813 800 868 rebas
821 831 936 867 cum
963 831 1044 880 eo,
1075 825 1125 867 et
1152 831 1266 866 cum
1294 815 1545 867 adulteris
1576 817 1861 884 portionem
1906 826 2045 870 tuam
2084 833 2244 888 pone-

654 905 761 960 bas.
795 906 870 958 Us
895 917 1035 959 tuum
1065 906 1344 958 abundavit
1383 908 1604 970 malitia,
1639 917 1686 960 et
1717 908 1898 979 lingua
1926 919 2011 961 tua
2036 911 2245 962 concin-

654 1004 791 1054 navit
819 1001 1016 1054 dolum.
1053 999 1251 1054 Sedens
1295 1001 1539 1054 adversus
1587 1004 1801 1070 fratrem
1831 1013 1973 1056 tuum
2003 1003 2246 1056 detrahe-

656 1096 763 1154 bas,
797 1104 847 1146 et
875 1093 1100 1161 ponebas
1130 1094 1452 1146 scandalum.
1490 1092 1620 1146 Tota
1651 1094 1735 1148 die
1761 1097 2071 1158 iniustitiam
2099 1096 2245 1166 cogi-

657 1190 769 1239 tavi'
807 1188 989 1256 lingua
1015 1197 1140 1249 tua;
1183 1189 1314 1239 sicut
1340 1187 1592 1240 novacula
1645 1196 1798 1238 acuta
1842 1189 2005 1257 fecisti
2047 1186 2242 1250 dolum,

654 1284 878 1336 dilexisti
934 1285 1191 1335 malitiam
1245 1301 1397 1351 super
1447 1284 1811 1352 benignitatem
1858 1302 1874 1336 :
1926 1282 2248 1351 iniquitatem

652 1379 812 1446 magis
861 1392 1012 1443 quam
1057 1379 1192 1446 loqui
1242 1380 1554 1446 atquitatem.
1605 1375 1849 1429 Dilexisti
1888 1380 2064 1430 omnia
2093 1374 2246 1428 verba

651 1471 1080 1538 pra’cipitationis
1104 1474 1154 1523 in
1187 1474 1361 1538 (inqua
1394 1472 1595 1526 dolosa.
1629 1471 1751 1522 Ilcec
1783 1472 1972 1537 ft‘t‘isll,
2002 1479 2048 1523 et
2075 1473 2244 1522 tacui:

650 1567 961 1619 existimasti
987 1567 1305 1636 iniquitatem
1335 1570 1455 1637 quia
1477 1584 1619 1620 eram
1652 1565 1742 1618 tibi
1771 1568 1956 1618 similis
1983 1584 1998 1619 :
2029 1582 2246 1635 arguam

650 1669 712 1712 te.
749 1668 794 1711 et
824 1669 1051 1712 statuam
1080 1661 1223 1712 illam
1272 1671 1453 1713 contra
1497 1662 1679 1725 {aciem
1711 1670 1866 1720 tuam.
1917 1669 1972 1712 ut
2015 1662 2248 1712 destruat

649 1762 694 1804 te
723 1750 863 1805 Deus
900 1753 951 1805 in
977 1754 1134 1821 ﬁnem
1173 1774 1175 1777 ί
1203 1755 1376 1807 (τι-ιἸΙίνι
1408 1763 1471 1814 te,
1504 1767 1549 1805 et
1586 1756 1756 1822 emiqr.
1788 1754 1853 1804 bit
1900 1764 1944 1804 τιν
1979 1755 2040 1806 (le
2074 1753 2243 1806 taber-

648 1846 832 1898 naculo
853 1855 957 1908 tuo,
988 1858 1035 1898 et
1058 1848 1280 1899 radicem
1310 1857 1447 1898 tuam
1473 1848 1532 1897 de
1559 1856 1693 1898 terra
1721 1848 1988 1899 virentium
2017 1846 2242 1900 lPsa/m.

2354 628 2492 682 illius
2521 637 2747 700 propter
2795 629 2938 699 quod
2983 628 3193 685 exstitit
3239 631 3557 687 inobediens
3597 633 3649 687 in
3679 634 3810 690 vitio
3851 637 3938 692 vel

2350 730 2576 792 peccato
2618 723 2792 787 istius,
2837 725 2928 792 qui
2971 725 3274 781 mercedem
3318 727 3706 784 consolationis
3750 730 3939 788 tribuit

2349 814 2614 870 malorum
2642 817 2856 871 artifici.
2883 816 3073 873 Frater
3097 819 3188 888 qui
3221 818 3395 873 levem
3421 821 3634 892 culpam
3665 823 3938 894 habuerit,

2349 919 2398 963 et
2430 917 2555 980 post
2589 911 2840 978 primam,
2887 920 2941 965 et
2967 912 3279 979 secundam,
3333 919 3388 967 et
3438 915 3650 969 tertiam
3687 917 3944 974 monitio-

2349 1015 2472 1055 nem
2520 1000 2586 1055 de
2635 1015 3070 1072 unoquocunque
3120 1003 3253 1057 vitio
3303 1017 3415 1059 non
3470 1005 3856 1074 emendaverit,
3903 1023 3934 1064 a

2349 1107 2534 1147 mensa
2555 1129 2558 1131 ›
2583 1094 3101 1159 excommunicetur,
3135 1111 3240 1151 non
3271 1097 3338 1151 ab
3369 1098 3629 1152 oratorio.
3683 1097 3814 1166 Quae
3839 1115 3938 1156 ex-

2348 1187 2768 1242 communicatio
2801 1189 2983 1243 tandiu
3026 1188 3287 1246 inoffensa
3335 1201 3671 1262 permaneat,
3706 1195 3941 1264 quandiu

2348 1298 2376 1334 a
2421 1297 2516 1335 reo
2563 1281 2752 1351 majori
2806 1283 3123 1338 humilitatis
3175 1283 3492 1350 satisfactio,
3545 1286 3826 1342 humiliato
3870 1287 3940 1343 ad

2347 1389 2523 1445 genua
2563 1377 2761 1447 capite,
2810 1393 2868 1432 se
2912 1377 2980 1433 de
3024 1386 3225 1433 caetero
3271 1381 3582 1447 promiserit
3625 1381 3938 1437 emendare.

2349 1471 2449 1536 Qui
2479 1485 2610 1524 vero
2653 1469 2817 1526 frater
2864 1486 3081 1539 gravem
3106 1472 3320 1543 culpam
3359 1471 3660 1537 admiserit,
3710 1476 3827 1545 ipse
3871 1475 3942 1532 ab

2348 1572 2580 1634 utroque
2615 1564 3113 1620 excommunicetur
3157 1584 3169 1618 :
3217 1565 3268 1619 id
3299 1573 3403 1634 est,
3435 1566 3502 1620 ab
3531 1567 3792 1631 oratorio,
3825 1576 3882 1624 et
3905 1582 3940 1625 ι

2350 1673 2533 1713 mensa
2570 1677 2579 1710 :
2607 1665 2665 1713 et
2695 1674 2800 1712 non
2830 1658 2945 1728 ipse
2974 1660 3040 1712 ad
3073 1657 3459 1727 indulgentiam
3487 1661 3710 1730 majoris
3740 1678 3936 1733 perve-

2349 1751 2482 1817 hiat,
2515 1752 2613 1805 nisi
2647 1760 2772 1806 ante
2796 1751 2958 1805 limen
2987 1753 3209 1807 oratorii
3241 1763 3544 1824 prostratus
3575 1756 3936 1825 lacrvmabilis

2349 1856 2481 1895 voce
2526 1843 2808 1896 intervallo
2857 1845 3182 1899 cessantium
3215 1859 3243 1897 a
3272 1844 3492 1914 psalmis
3523 1846 3778 1900 horarum
3824 1848 3936 1904 Deo

647 1952 792 2002 xttx,
830 1947 923 1998 ιι).
961 1937 1108 1990 Tune
1146 1940 1304 1990 etiam
1338 1947 1392 1990 et
1442 1954 1628 1991 Otttttes
1658 1939 1782 2004 juin
1836 1939 1901 1990 de
1943 1954 2036 1990 sua
2071 1938 2237 2005 gloria
2272 1918 2320 1978 Β
2347 1942 2402 1988 et
2430 1935 2682 1989 onmibus
2717 1937 3099 1991 emendatione
3135 1935 3458 1994 satisfecerit
3484 1941 3832 2008 repromissa.
3877 1942 3937 1997 Si

651 2029 700 2080 in
727 2027 940 2095 judicio
970 2029 1227 2082 videbunt
1258 2038 1330 2084 te.
1367 2045 1483 2083 cum
1521 2030 1585 2081 ab
1618 2029 1692 2080 eis
1729 2027 1889 2080 fueris
1935 2037 2239 2096 sequestra-

650 2136 730 2177 tus
760 2125 826 2178 ad
874 2125 1146 2178 sinistram
1199 2127 1337 2177 inter
1368 2126 1567 2188 haedos,
1602 2135 1654 2178 et
1688 2140 1850 2190 super
1885 2133 1935 2176 te
1990 2124 2030 2175 ri
2058 2123 2240 2176 'ebunt

647 2218 760 2286 ipsi,
795 2219 1078 2272 dicentes:
1118 2217 1248 2270 Εεσιξ
1280 2221 1446 2278 homo,
1479 2220 1564 2282 qui
1607 2236 1705 2271 non
1732 2220 1900 2288 posuit
1941 2216 2101 2269 Deum
2145 2215 2241 2268 ad-

640 2313 860 2379 iutorem
885 2310 1005 2372 sibi,
1037 2311 1128 2363 sed
1149 2311 1416 2378 prtevaluit
1445 2315 1493 2363 in
1527 2312 1750 2364 vanitate
1789 2327 1906 2375 sua,
1931 2318 1978 2362 et
2007 2326 2105 2361 nan
2142 2310 2238 2376 fuit

644 2403 791 2453 timor
833 2400 932 2453 Dei
975 2411 1098 2453 ante
1138 2402 1311 2454 oculos
1364 2407 1472 2471 ejus
1521 2402 1536 2467 (
1578 2400 1718 2453 l'sal.
1763 2417 1811 2452 LI
1848 2404 1864 2469 )
1917 2418 1927 2451 :
1981 2401 2233 2467 quoniam

641 2497 826 2549 dolose
856 2496 962 2563 egit
999 2495 1054 2550 in
1091 2504 1386 2559 consueclu
1431 2496 1567 2559 eius,
1607 2502 1660 2545 et
1702 2494 1835 2546 (li\‘it
1877 2502 1931 2545 ut
1981 2494 2236 2560 insipiens

643 2588 689 2638 in
723 2587 891 2639 corde
917 2601 1016 2640 suo
1045 2609 1051 2636 :
1085 2587 1204 2640 Non
1233 2588 1451 2654 requiret
1481 2585 1643 2647 Deus;
1671 2586 1852 2637 avertit
1881 2586 2061 2653 facient
2087 2600 2234 2636 suam

638 2695 699 2731 ne
727 2680 900 2732 videat
932 2697 1088 2747 usque
1132 2683 1186 2732 in
1217 2681 1374 2748 ﬁnem
1423 2682 1439 2749 (
1477 2680 1621 2732 Psut.
1657 2695 1705 2731 ix
1744 2682 1778 2744 }.
1836 2678 1899 2731 Et
1947 2679 2230 2744 ignoravit,

636 2772 759 2838 quia
813 2772 1019 2826 inimici
1055 2773 1147 2841 qui
1194 2775 1528 2826 mentiuntur
1578 2772 1824 2828 Domino,
1875 2771 1970 2823 erit
2022 2779 2234 2836 tempus

635 2879 826 2919 eorum
855 2867 904 2920 in
936 2881 1152 2936 poenam
1183 2874 1462 2919 :eternam.
1489 2865 1623 2929 Quid
1656 2863 1720 2917 ad
1755 2865 1864 2916 haec
1891 2863 2128 2916 dicturus
2151 2878 2229 2926 es,

637 2956 785 3014 Deo?
817 2976 952 3028 quas
1004 2960 1196 3014 afferre
1225 2961 1271 3013 ei
1315 2959 1499 3024 habes,
1535 2959 1717 3021 miser,
1761 2958 2142 3012 excusationes
2179 2958 2230 3010 in

635 3055 912 3123 peccatis?
941 3069 1061 3106 cum
1097 3063 1183 3107 tua
1219 3063 1270 3106 te
1301 3055 1476 3122 primo
1510 3051 1944 3120 impugnaverint
1986 3050 2144 3111 mala,
2177 3058 2233 3101 et

634 3150 880 3217 gehenna
912 3149 1318 3217 exspectaverit
1342 3156 1400 3201 ut
1429 3147 1700 3200 incendat.
1740 3145 1866 3199 Post
1895 3145 2031 3197 hanc
2057 3144 2230 3197 inere-

635 3241 809 3308 pantis
843 3256 1033 3293 vocem
1087 3248 1214 3294 ante
1262 3239 1738 3307 congregationem
1791 3237 2002 3290 abbatis
2047 3235 2229 3290 statim

631 3335 772 3401 exigi
801 3333 1062 3402 jubeatur
1108 3333 1174 3384 ab
1204 3332 1446 3386 oratorio
1498 3340 1553 3386 et
1595 3330 1870 3385 communi
1925 3344 2133 3395 mensa,
2176 3335 2232 3382 et

629 3435 925 3482 extraneus
954 3425 1246 3496 deputetur
1276 3444 1286 3478 :
1320 3434 1376 3479 et
1403 3441 1528 3479 cum
1558 3426 1805 3478 inimicus
1846 3423 1936 3476 Dei
1984 3423 2231 3491 designac

630 3529 732 3584 tur,
774 3535 882 3574 non
917 3519 1076 3572 debet
1105 3534 1170 3572 ex
1205 3520 1290 3572 illa
1341 3518 1471 3572 hora
1497 3518 1607 3586 jam
1640 3517 1895 3570 fratribus
1949 3532 2066 3569 esse
2096 3516 2230 3568 ami-

629 3628 743 3667 cus.
779 3611 1021 3680 Ideoque
1051 3612 1120 3664 ab
1165 3610 1267 3664 hac
1313 3609 1888 3665 excommunicationis
1921 3609 2076 3668 hora,
2128 3605 2229 3660 soli

628 3710 806 3780 posito
837 3716 893 3763 et
922 3715 1268 3777 sequestrato
1295 3706 1344 3760 ei
1374 3707 1554 3774 aliqua
1585 3705 1786 3759 laboris
1808 3718 1974 3772 opera
2007 3709 2231 3772 propter

633 3805 972 3857 otiositalem
1002 3818 1030 3854 a
1061 3801 1354 3872 prteposito
1384 3815 1482 3856 suo
1513 3799 1896 3865 consignatur;
1932 3797 1984 3849 in
2011 3811 2119 3863 quo
2145 3794 2227 3848 la-

632 3898 764 3950 bore
792 3895 947 3949 nullo
976 3895 1204 3948 fratrum
1231 3893 1594 3961 conjungatur
1621 3892 1838 3952 solatio,
1875 3889 2072 3943 nullius
2107 3889 2228 3946 elo-

631 3989 756 4054 quio
797 3987 1139 4053 consoletur,
1191 3986 1356 4040 tacito
1394 3985 1636 4040 omnium
1686 3990 2094 4053 pertranseatur
2142 3997 2226 4034 as-

631 4089 836 4149 pectu;
888 4081 1095 4148 petenti
1157 4078 1586 4132 benedictionem
1641 4077 1818 4128 nullus
1874 4072 2224 4143 respondeat,

628 4173 768 4229 Deus
795 4190 811 4229 :
837 4171 1107 4244 quidquid
1137 4172 1184 4225 ei
1212 4172 1504 4241 porrigitur
1524 4185 1553 4222 a
1583 4170 1729 4224 nullo
1759 4169 1999 4234 signetur
2024 4185 2037 4228 ;
2065 4166 2224 4234 quid-

625 4268 750 4335 quid
793 4282 930 4322 vero
983 4274 1134 4320 extra
1190 4279 1327 4334 opus
1376 4263 1708 4331 assignatum
1758 4260 2110 4331 peculiariter
2138 4258 2228 4311 vel

628 4358 768 4413 ultro
791 4356 1059 4418 effecerit,
1095 4354 1458 4424 dispergatur,
1511 4353 1596 4408 vel
1637 4352 1926 4420 dissipetur
1962 4370 1970 4402 :
2002 4351 2072 4404 sit
2101 4349 2214 4403 ubi-

627 4465 724 4516 que
756 4449 935 4513 solus,
978 4457 1032 4500 et
1073 4447 1123 4500 ei
1165 4447 1279 4500 sola
1313 4447 1468 4516 culpa
1509 4444 1782 4499 solatium.
1830 4442 1981 4510 Quod
2014 4445 2055 4495 si
2089 4442 2226 4495 forte.

627 4551 850 4610 propter
883 4540 1160 4594 levitatem
1204 4539 1374 4606 culpa:
1408 4554 1514 4592 non
1545 4538 1592 4591 ei
1629 4535 1858 4590 voluerit
1909 4535 2074 4587 abbas
2120 4533 2219 4586 du-

625 4634 824 4698 plicare
866 4632 1098 4701 jejunia,
1156 4632 1197 4684 si
1251 4632 1443 4685 fratres
1484 4638 1636 4684 sexta
1690 4627 1959 4692 reficiunt,
2012 4625 2103 4681 ille
2153 4625 2222 4681 ad

625 4744 822 4782 nonam
875 4728 1064 4780 horam
1111 4725 1179 4780 de
1211 4741 1320 4779 uno
1370 4724 1684 4794 pulmento;
1731 4729 1784 4775 et
1831 4722 1986 4792 panis
2032 4720 2219 4774 cibarii

621 4821 719 4874 sibi
754 4821 1143 4888 fragmentum,
1179 4828 1231 4869 et
1260 4834 1400 4888 aqua
1429 4833 1455 4870 a
1489 4817 1780 4886 prmposito
1812 4831 1908 4870 suo
1937 4829 2036 4884 pro
2059 4816 2220 4867 mise-

623 4916 851 4969 ricordia
880 4914 1202 4984 porrigatur.
1235 4912 1289 4966 Si
1323 4911 1677 4981 inculpabiles
1702 4909 1896 4964 fratres
1923 4911 2052 4962 hora
2079 4923 2217 4963 nona

623 5011 894 5073 reﬁciunt,
944 5008 1082 5060 illius
1130 5007 1436 5076 supradicta
1494 5004 1718 5060 refectio
1772 5005 2121 5074 protrahatur
2165 5005 2219 5058 in

623 5118 910 5171 veSperum
935 5119 948 5166 ;
983 5110 1043 5154 ut
1071 5101 1291 5164 sentiat,
1314 5099 1437 5168 quid
1468 5099 1517 5152 ei
1543 5099 1808 5152 malorum
1837 5099 1992 5167 culpa
2027 5107 2218 5152 contu-

626 5192 700 5254 lit,
734 5191 863 5259 quid
897 5206 996 5260 per
1022 5190 1397 5259 negligentiam
1447 5188 1715 5242 bonorum
1763 5189 1962 5242 amisit.
2013 5187 2069 5240 Si
2100 5187 2221 5255 quis

625 5301 748 5338 vero
782 5284 956 5338 frater
984 5290 1078 5336 aut
1107 5285 1310 5352 palam,
1340 5291 1432 5336 aut
1461 5281 1742 5344 absconse,
1785 5295 1905 5334 cum
1955 5294 2019 5333 eo
2062 5279 2222 5333 fuerit

627 5378 930 5432 collocutus
965 5384 1056 5430 aut
1100 5375 1338 5446 junctus,
1379 5389 1720 5430 communem
1761 5374 1946 5430 statim
1983 5387 2104 5426 cum
2154 5387 2222 5428 eo

627 5469 1207 5523 («communicationis
1229 5468 1511 5539 protrahat
1537 5482 1773 5536 poenam,
1807 5476 1856 5520 et
1885 5467 1950 5519 ab
1973 5465 2223 5519 omnibus

628 5562 738 5629 ipse
782 5577 913 5616 reus
943 5561 1048 5626 sit;
1098 5569 1259 5630 atque
1310 5560 1360 5614 in
1405 5560 1510 5613 alio
1549 5561 1749 5614 laboris
1797 5559 1910 5627 ipse
1941 5573 2106 5627 opere
2137 5574 2222 5612 se-

628 5661 942 5723 questretur
971 5667 1001 5706 a
1034 5653 1323 5721 praeposito
1352 5668 1449 5706 suo
1485 5671 1496 5704 :
1528 5660 1582 5705 et
1627 5653 1697 5705 sit
1745 5651 1859 5720 ipse
1891 5659 1996 5704 tam
2031 5650 2098 5703 ab
2131 5649 2222 5703 illo

627 5761 740 5812 reo,
773 5761 942 5816 quam
967 5746 1036 5801 ab
1060 5746 1310 5800 omnibus
1336 5753 1618 5814 separatus
1645 5754 1699 5798 et
1727 5745 1894 5808 solus,
1923 5751 1977 5794 et
1999 5758 2125 5796 mox
2155 5742 2223 5798 ab

624 5839 866 5893 omnium
903 5847 958 5890 et
988 5838 1102 5907 ipse
1153 5838 1359 5894 alienus
1402 5839 1655 5906 alloquio.
1705 5838 1836 5892 Nam
1885 5837 2086 5890 nonad
2118 5852 2215 5891 ve—

626 5936 764 5988 niam
811 5933 1040 6000 majoris
1071 5946 1125 5990 et
1158 5937 1269 6000 ipse
1299 5938 1589 5998 pertineat.
1638 5937 1734 5991 nisi
1770 5938 1950 6002 pa-ulr
1975 5938 2097 5989 otiae.
2141 5937 2214 5985 si—

2252 4672 2305 4734 D

2348 2033 2526 2080 tamen
2562 2036 2784 2096 propter
2814 2028 3126 2083 inanitatem
3157 2029 3410 2099 ponderis
3439 2030 3614 2100 culpae
3648 2031 3808 2086 citius
3837 2047 3937 2088 vo-

2347 2118 2504 2171 luerit
2527 2119 2692 2174 abbas
2722 2123 2890 2174 veuim
2921 2123 3230 2177 consentire
3253 2123 3395 2193 quod
3422 2123 3661 2180 dictante
3683 2125 3937 2194 Domino,

2344 2227 2576 2282 sequers
2630 2215 2827 2286 pagina
2880 2216 3292 2271 demonstrabit.
3338 2216 3431 2270 Ille
3467 2232 3600 2272 vero
3641 2217 3806 2272 frater
3843 2218 3937 2288 qui

2343 2308 2843 2363 excommunicatus
2885 2324 2915 2362 a
2967 2325 3173 2374 mensa,
3211 2325 3318 2364 non
3363 2311 3430 2364 ab
3479 2312 3722 2365 oratorio
3751 2312 3935 2382 fuerit,

2345 2397 2525 2450 tandiu
2586 2398 2938 2468 antiphonam
2997 2408 3090 2452 aut
3142 2400 3432 2456 lectionem
3496 2417 3602 2456 non
3663 2401 3928 2472 imponat,

2340 2476 2587 2557 quandiu
2609 2491 2675 2545 de
2705 2493 2862 2561 culpa
2903 2492 2992 2547 illa
3025 2493 3406 2549 emendatione
3456 2495 3722 2562 promissa
3772 2497 3931 2552 satis-

2340 2581 2550 2644 fecerit,
2582 2591 2676 2635 aut
2703 2582 2916 2637 abbatis
2957 2585 3260 2652 praesentis,
3304 2593 3400 2639 aut
3436 2585 3709 2655 praepesiti
3740 2586 3825 2640 sui
3870 2587 3941 2643 ad

2337 2687 2511 2741 genua
2548 2676 2874 2730 ‘ncurvatus.
2909 2675 3376 2732 Excommunicati
3405 2692 3535 2733 vero
3565 2678 3760 2735 fratres
3785 2680 3828 2734 si
3858 2681 3932 2734 ita

2337 2766 2554 2836 superbi
2584 2769 2913 2834 exstiterint,
2966 2779 3026 2824 ut
3056 2771 3109 2824 in
3149 2771 3402 2842 superbia
3450 2771 3629 2826 cordis
3675 2787 3934 2842 perseve-

2337 2871 2537 2924 rantes,
2573 2862 2626 2915 in
2659 2863 2816 2916 tertia
2867 2863 2957 2918 die
3005 2863 3140 2919 hora
3193 2881 3334 2921 nona
3383 2866 3698 2922 satisfacere
3750 2868 3934 2923 abbati

2338 2953 2630 3018 noluerint,
2657 2955 2914 3010 custoditi
2941 2973 3113 3027 usque
3137 2957 3204 3012 ad
3232 2973 3419 3014 necem
3441 2961 3706 3016 cedantur
3738 2962 3932 3031 virgis:

2335 3056 2388 3100 et
2433 3047 2477 3102 si
2528 3051 2794 3117 placuerit
2823 3051 3026 3115 abbati,
3077 3052 3146 3106 de
3187 3054 3523 3108 monasterio
3567 3055 3931 3125 expellantur,

2337 3145 2462 3214 quia
2490 3146 2621 3199 talis
2648 3144 2758 3198 vita
2790 3143 3128 3199 necessarios
3160 3160 3272 3200 non
3302 3146 3463 3200 habet
3491 3148 3805 3218 corporales
3851 3149 3937 3204 vel

2335 3239 2566 3293 societas
2607 3237 2856 3304 fratrum,
2903 3252 3040 3306 quos
3091 3237 3143 3292 in
3185 3239 3363 3292 anima
3410 3241 3642 3309 superba
3692 3241 3937 3312 possidet

2259 3300 2305 3362 (εἶ
2337 3346 2503 3386 mors.
2538 3331 2669 3385 Nam
2715 3332 2908 3385 merito
2937 3344 3068 3399 ergo
3097 3331 3234 3385 tales
3261 3300 3666 3402 debent-plagis
3693 3300 3934 3391 .mactati

2335 3423 2553 3492 expelli,
2601 3423 2693 3491 qui
2743 3437 2864 3477 esse
2893 3438 3016 3477 cum
3061 3421 3280 3478 Christo
3334 3424 3654 3482 humilitatis
3704 3427 3935 3484 Domino

2335 3531 2441 3570 non
2473 3523 2751 3568 merentur
2798 3534 2809 3567 :
2853 3516 2952 3570 sed
2981 3516 3089 3570 sint
3118 3530 3148 3569 a
3192 3518 3466 3586 perpetuis
3504 3520 3786 3588 promissis
3835 3521 3936 3578 Dei

2334 3623 2455 3661 cum
2499 3616 2722 3661 auctore
2764 3621 2865 3662 suo
2894 3607 3112 3663 diabolo
3143 3611 3376 3678 separati
3404 3628 3418 3676 ;
3450 3611 3543 3680 qui
3573 3611 3642 3668 de
3668 3614 3930 3669 cmlorum

2332 3701 2512 3769 regnis
2539 3708 2766 3771 propter
2791 3702 3102 3771 superbiam
3132 3718 3284 3757 suam
3324 3703 3602 3774 projectus
3644 3715 3748 3761 est.
3783 3706 3928 3780 Ergo

2332 3794 2399 3848 ad
2426 3794 2761 3863 superiorem
2805 3795 3427 3852 excommunicationum
3476 3798 3562 3852 vel
3605 3799 3932 3856 satisfactio.

2330 3888 2414 3941 nis
2442 3901 2686 3952 sensum,
2718 3896 2779 3942 ut
2807 3889 3095 3959 cmpimus,
3126 3905 3538 3960 prosequamur.
3594 3893 3736 3963 Ergo
3765 3894 3930 3964 hujus

2331 3981 2662 4049 miniter-tite
2704 3983 2923 4036 modum
2968 3999 3032 4037 ac
3060 3982 3487 4040 satisfactionem
3516 3985 3688 4042 Deum
3733 3997 3791 4044 et
3825 3987 3928 4044 ab-

2329 4073 2510 4128 batem
2539 4073 2807 4128 credimus
2835 4085 3141 4144 acceptare.

2922 4187 3151 4242 CAPUT
3189 4187 3329 4244 XIV.

2778 4298 3171 4338 INTERROGATIO
3201 4301 3483 4343 DlSClPULl.

2504 4396 2772 4461 Quomodo
2798 4399 3277 4453 exrommunieatus
3309 4401 3458 4457 debet
3483 4405 3748 4475 paenitere.

2605 4526 2912 4566 RESPONDILT
2946 4527 3170 4567 DOIINUS
3195 4529 3294 4567 PFB
3324 4530 3650 4574 IAGISTRUI.

2399 4623 2533 4679 Cum
2563 4624 2694 4679 hora
2729 4624 2894 4680 officii
2953 4625 3005 4678 in
3057 4627 3302 4683 oratorio
3341 4638 3671 4693 exercetur;
3719 4629 3771 4684 id
3821 4640 3926 4698 est,

2329 4736 2450 4774 cum
2481 4720 2702 4790 expleto
2731 4721 2942 4790 psalmo
2990 4719 3058 4773 ab
3103 4721 3356 4778 omnibus
3400 4723 3630 4778 orationi
3663 4725 3929 4780 incumbi-

2329 4822 2434 4878 tur,
2489 4815 2564 4868 sic
2620 4823 2745 4868 tunc
2803 4814 3387 4870 excommunicationis
3441 4832 3566 4872 reus
3619 4827 3928 4888 prostratus

2329 4915 2452 4961 ante
2477 4906 2639 4961 limen
2671 4907 2893 4960 oratorii
2928 4906 3042 4962 haec
3073 4922 3195 4961 cum
3227 4909 3482 4980 lacrymis
3509 4910 3708 4967 clamet
3743 4931 3755 4966 :
3788 4911 3925 4970 Pec-

2327 5001 2462 5064 cavi,
2493 5009 2546 5052 et
2577 5009 2859 5067 peccatum
2883 5013 3063 5054 meum
3087 5014 3188 5068 ego
3210 5013 3447 5069 agnosco
3473 5023 3484 5058 :
3513 5006 3709 5070 erravi,
3735 5021 3924 5063 emen-

2327 5095 2453 5146 dare
2483 5092 2748 5160 polliceor
2784 5111 2796 5144 :
2825 5092 2937 5157 jam
2969 5107 3073 5146 non
3098 5095 3338 5162 peccabo
3366 5095 3434 5150 de
3463 5106 3684 5156 cretero.
3717 5098 3926 5169 Rogato

2331 5199 2564 5253 prome,
2604 5201 2772 5238 sat-rm
2811 5188 3279 5252 eongregationes,
3332 5204 3362 5241 a
3408 5189 3605 5257 quibus
3647 5191 3918 5260 quondam

2330 5292 2424 5345 per
2454 5292 2627 5332 meam
2661 5277 3038 5344 negligentiam
3079 5286 3135 5331 et
3161 5279 3360 5333 diaboli
3410 5282 3719 5336 suasionem
3757 5297 3922 5353 sepa-

2329 5369 2434 5424 rari
2458 5370 2648 5424 merui.
2684 5368 2890 5436 Rogate
2916 5385 3017 5440 pro
3043 5385 3149 5434 me,
3184 5374 3288 5426 mei
3315 5373 3589 5440 quondam
3619 5376 3916 5444 prxepositi.

2328 5463 2550 5530 Ignosce
2581 5474 2657 5528 tu,
2692 5471 2879 5532 pastor
2908 5465 3069 5528 bone,
3098 5475 3153 5519 et
3181 5465 3269 5534 pie
3298 5475 3487 5536 pastor
3511 5469 3698 5524 abbas.
3733 5468 3920 5527 Relin-

2335 5573 2439 5628 que
2469 5558 2754 5621 nonaainta
2785 5573 2977 5612 n0vem
3009 5567 3229 5629 propter
3257 5575 3440 5615 unam.
3468 5561 3622 5624 Veni,
3644 5565 3919 5634 recollige,

2334 5659 2387 5704 et
2413 5659 2568 5720 porta
2601 5651 2839 5705 humeris
2865 5651 2969 5705 tuis
2994 5665 3080 5706 me
3120 5653 3383 5721 perditam
3413 5668 3567 5707 ovem
3596 5673 3609 5720 ;
3644 5657 3781 5710 sicut
3812 5657 3922 5712 Do-

2333 5743 2508 5797 minus
2542 5755 2726 5799 noster
2760 5743 2956 5798 indicio
2988 5746 3255 5814 passionis
3281 5761 3391 5800 sua!
3421 5747 3514 5802 tibi
3548 5750 3868 5804 monstravit
3901 5767 3918 5806 :

2329 5839 2454 5906 quia
2483 5853 2588 5892 non
2620 5854 2716 5908 pro
2744 5837 2920 5903 iustis,
2951 5838 3044 5892 sed
3076 5839 3452 5909 peccatoribus
3475 5840 3642 5906 venit,
3680 5848 3733 5894 et
3775 5856 3921 5895 mor-

2330 5942 2451 5985 tuus
2493 5941 2572 5986 est
2613 5931 2827 5994 (Μαιιιι.
2879 5933 3050 5994 ςνιιι).
3104 5931 3169 5985 Et
3215 5947 3337 5988 cum
3383 5935 3502 6003 ipso
3532 5933 3919 6000 periustitiatn
