5174 6554
1176 415 1284 474 979

2520 409 2867 468 Αυιηυιιιε
2910 407 3175 465 ΙΝΩΙιΒΤΙ

4368 413 4471 469 980

1182 531 1300 601 ejus
1328 542 1695 599 resurgemus,
1743 527 1833 597 qui
1878 526 2151 582 fueramus
2199 541 2297 596 per
2335 535 2517 581 nostra
2550 537 2768 597 peccata
2797 534 2846 592 Α
2874 536 2922 580 et
2953 529 3006 580 in
3032 528 3145 596 ipso
3183 527 3389 597 paravit
3428 543 3551 583 vasa
3590 529 3771 583 mortis
3804 528 3984 597 (Rom.
4018 545 4069 595 ις
4108 527 4309 584 Psalm.
4354 534 4472 603 vn).

1182 622 1345 686 allisi,
1377 621 1591 677 dicente
1641 621 1760 689 ipso
1806 619 2036 675 Domino
2073 638 2085 672 :
2134 617 2258 674 Non
2286 623 2401 674 ιοεηὶ
2431 621 2533 674 nisi
2562 630 2771 689 propter

1181 733 1301 771 oves
1329 715 1555 784 perditas
1604 711 1773 768 Israel
1818 711 2035 784 (Matth.
2093 714 2205 783 xv).
2254 709 2337 778 Et,
2387 731 2492 768 non
2539 724 2615 767 est
2644 730 2771 786 opus

1182 811 1332 865 sanis
1374 808 1603 862 medicus
1628 848 1643 874 ,
1672 807 1765 861 sed
1794 806 1874 859 his
1902 808 1988 877 qui
2017 805 2152 859 male
2197 804 2388 859 habent
2425 802 2640 875 (Matth.
2672 805 2768 876 Ix).

1182 901 1404 956 imitare
1447 900 1595 970 pium
1643 899 1958 967 magistrmn
2001 897 2391 968 apostolorum,
2434 896 2588 967 cujus
2628 897 2774 953 vices

1182 1010 1283 1067 per
1310 993 1614 1049 doctrinam
1662 993 1776 1059 agis
1817 992 1870 1047 in
1915 990 2244 1047 mozzasterio
2279 1010 2290 1044 :
2321 990 2447 1060 quia
2492 991 2605 1062 ipse
2654 1000 2776 1060 post

1192 1089 1489 1159 prophetas
1512 1095 1569 1141 et
1593 1086 1870 1156 apostolos
1899 1086 2080 1154 posuit
2101 1100 2196 1141 vos
2224 1092 2491 1156 pastores,
2534 1093 2589 1140 et
2609 1085 2773 1139 disci-

1185 1181 1348 1251 plin-.e
1376 1181 1647 1235 doctores.
1679 1178 1816 1245 Quia
1848 1188 1903 1233 et
1932 1192 2029 1248 per
2053 1177 2272 1233 beatum
2294 1177 2513 1233 Petrum
2552 1186 2773 1250 aposto-
2802 1210 2805 1213 -

1188 1273 1300 1329 lum
1330 1270 1725 1326 demonstravit
1749 1271 1922 1337 vobis,
1971 1272 2156 1327 dicens
2198 1289 2212 1326 :
2263 1287 2370 1327 no?»
2414 1274 2638 1344 septies,
2683 1273 2776 1329 sed

1190 1366 1501 1436 septuagies
1540 1361 1740 1436 septies
1793 1375 2073 1437 peceatum
2113 1364 2269 1421 fratri
2313 1366 2510 1423 dimitti
2559 1368 2770 1431 (Matth.

1194 1460 1367 1525 xvin).
1412 1458 1645 1513 Subleva
1673 1472 1803 1527 ergo
1830 1458 2043 1513 allisum
2087 1457 2313 1512 salutari
2361 1467 2454 1516 tuo
2488 1461 2716 1516 consilio
2760 1479 2775 1516 :

1192 1550 1343 1605 solve
1401 1550 1792 1605 intercessione
1845 1560 1935 1605 tua
1981 1550 2126 1622 apud
2170 1551 2491 1620 Dominum,
2536 1554 2680 1623 quod
2725 1554 2779 1610 in

1194 1661 1284 1699 me
1308 1644 1632 1715 negligentia
1657 1646 1931 1714 obligavit.
1954 1645 2089 1713 Quia
2112 1649 2326 1718 peccavi
2350 1664 2586 1718 agnosco
2604 1667 2617 1715 ;
2637 1652 2781 1720 quod

1200 1739 1526 1805 emendem,
1568 1739 1730 1795 credo
1776 1740 1901 1809 quia
1956 1756 2052 1811 per
2100 1751 2244 1797 tuam
2295 1744 2649 1801 munitionem
2698 1746 2783 1801 in-

1193 1833 1374 1888 venio.
1418 1830 1547 1887 Post
1578 1832 1720 1889 hanc
1756 1848 1949 1888 vocem
1973 1835 2313 1891 cessantibus
2353 1853 2385 1892 a
2424 1837 2644 1906 psalmis
2688 1853 2784 1908 per

2874 618 3004 685 Quae
3057 632 3225 685 vasa,
3285 618 3552 686 Domine,
3623 621 3913 689 timemus;
3974 621 4097 679 ideo
4154 622 4474 682 festinanter

2874 711 3168 767 emendare
3194 710 3579 782 promittimus.
3640 711 3710 767 Et
3737 713 3865 783 quia
3893 713 4137 770 dicturus
4162 730 4224 771 es
4251 714 4305 769 in
4332 716 4476 784 judi-

2876 805 2962 859 cio
2985 804 3257 875 peccatori
3285 821 3299 859 :
3337 802 3467 859 Htec
3490 806 3681 874 fecisti,
3712 815 3760 860 et
3794 806 3952 862 tacui.
3982 805 4244 877 Nunquid
4272 825 4475 876 semper

2877 897 3098 955 tacebo!
3151 896 3324 971 (Psal.
3356 898 3527 964 χιιι.)
3580 899 3716 967 Quia
3762 908 3967 957 statues
4006 899 4348 971 iniquitatem
4377 916 4478 956 no-

2876 1003 3045 1049 stram
3098 1009 3290 1054 contra
3337 1000 3529 1057 faciem
3572 1010 3837 1070 nostram,
3892 1008 3953 1056 ut
4017 1009 4478 1070 recognoscentes

2877 1102 2996 1141 eam
3044 1088 3099 1144 in
3143 1092 3380 1149 rentibus
3419 1096 3641 1161 nostris,
3681 1093 3828 1165 juste
3866 1108 3968 1150 nos
4001 1092 4103 1165 Ipsi
4146 1092 4481 1149 condemne-

2878 1196 3016 1236 mus.
3052 1180 3133 1237 Tu
3175 1184 3341 1250 enim,
3395 1184 3641 1251 Domine,
3693 1186 3979 1255 ntertiﬁcas
4025 1194 4076 1241 et
4123 1186 4373 1255 uiuiﬁcus,
4425 1194 4479 1237 tu

2879 1271 3092 1329 deducis
3118 1274 3191 1329 ad
3211 1276 3431 1347 inferos,
3471 1288 3517 1332 et
3560 1276 3763 1331 reducis
3791 1275 3841 1347 (Ι
3876 1274 4008 1348 Reg.
4054 1276 4137 1347 tt).
4188 1274 4268 1330 Tu
4299 1275 4482 1330 elevas

2881 1366 3067 1422 allisos
3097 1384 3111 1433 ;
3140 1375 3199 1422 tu
3229 1368 3285 1423 in
3316 1369 3458 1425 cmlo
3488 1370 3657 1425 solvis
3678 1370 4016 1439 compeditos
4045 1370 4098 1425 in
4131 1379 4310 1435 terra;
4336 1378 4393 1423 tu
4415 1369 4481 1423 ad

2882 1460 3275 1515 emendandum
3303 1462 3494 1519 oculos
3523 1461 3701 1519 cordis
3730 1464 3899 1520 nostri
3927 1463 4201 1519 illuminas
4227 1471 4320 1517 tua
4355 1477 4483 1532 gra-

2887 1554 2981 1617 tia,
3011 1552 3098 1609 vel
3130 1554 3400 1622 adjutorio
3445 1563 3539 1610 tuo
3582 1554 3854 1624 justorum
3895 1554 4081 1624 dirigis
4126 1569 4370 1624 gressus,
4402 1552 4483 1608 di-

2886 1653 3043 1702 cente
3071 1646 3347 1716 Scriptura
3382 1666 3393 1702 :
3422 1648 3466 1700 Α
3497 1646 3723 1704 Domino
3751 1665 3958 1720 gressus
3980 1648 4204 1703 hominis
4232 1648 4485 1718 dirigetur

2889 1744 3070 1815 (Prov.
3108 1744 3222 1816 xx).
3267 1743 3335 1798 Et
3388 1745 3491 1799 nisi
3535 1744 3877 1809 custodieris,
3904 1754 3960 1801 et
3998 1745 4354 1800 teditlcaveris
4382 1744 4483 1799 do-

2888 1852 3057 1903 mum,
3078 1836 3129 1891 iu
3155 1853 3352 1892 vanum
3377 1838 3627 1893 laborant
3646 1838 3740 1907 qui
3759 1838 4052 1906 nidificant,
4068 1836 4153 1891 vel
4173 1836 4487 1893 custodiunt

1196 1939 1387 1979 omnes
1416 1925 1695 1981 orationes
1725 1941 1755 1978 a
1794 1942 1889 1981 reo
1914 1925 2130 1996 jacente
2177 1926 2423 1996 effusam,
2465 1946 2586 1984 cum
2629 1946 2781 1986 com-
2812 1925 2861 1987 Β
2889 1947 3012 1988 eam
3045 1932 3222 1997 (Psal.
3250 1932 3456 2003 cxxvr).
3501 1932 3637 1999 Quia
3665 1933 3806 1989 velle
3859 1932 4074 2002 adjacet
4103 1932 4282 1995 nobis,
4318 1930 4482 2004 perﬁ-

1197 2016 1403 2085 pletum
1436 2015 1598 2070 fuerit
1624 2027 1869 2071 sanctum
1899 2018 2125 2072 oratorii
2154 2035 2310 2089 opus,
2358 2028 2413 2075 et
2443 2020 2534 2074 illo
2564 2036 2659 2076 reo
2689 2021 2787 2077 ad-

1198 2109 1306 2163 huc
1330 2107 1549 2183 jacente
1581 2116 1706 2162 ante
1730 2110 1892 2163 liutcu
1917 2109 2136 2163 exeunti
2166 2109 2349 2164 abbati
2389 2112 2627 2165 omnium
2673 2111 2786 2167 frao

1197 2214 1340 2257 trum
1372 2204 1721 2272 congwgalio
1765 2202 2075 2259 butuilietur
2117 2205 2167 2260 ci
2222 2221 2320 2275 pro
2360 2220 2428 2261 eo
2475 2206 2544 2260 ad
2591 2221 2785 2275 genua,

1196 2294 1357 2349 simul
1402 2305 1457 2349 et
1484 2293 1752 2365 prtupositi
1801 2293 1938 2363 ejus.
1972 2294 2126 2363 Quod
2156 2311 2278 2351 eum
2318 2296 2482 2353 fuerit
2525 2296 2789 2368 adimple-

1197 2396 1340 2455 tum,
1386 2388 1430 2443 si
1469 2396 1649 2442 tamen
1680 2400 1900 2457 propter
1926 2387 2202 2444 levitatem
2234 2390 2408 2460 culpae
2436 2391 2625 2445 eadem
2656 2391 2790 2446 hora

1197 2483 1435 2537 voluerit
1459 2482 1628 2536 abbas
1659 2483 1828 2536 veniae
1858 2483 2187 2549 consentire,
2218 2483 2402 2537 Statim
2431 2484 2567 2553 erigi
2604 2498 2728 2538 eum
2758 2500 2790 2538 a

1199 2576 1508 2647 pnepositis
1544 2577 1658 2633 suis
1702 2576 2005 2646 prtecipiat,
2052 2585 2107 2651 et
2154 2586 2508 2648 reproperata
2552 2577 2604 2632 ei
2631 2579 2790 2650 culpa

1199 2686 1321 2734 sua,
1371 2670 1614 2726 camille
1646 2670 1985 2740 responderit
2022 2686 2082 2726 se
2130 2670 2198 2725 de
2240 2680 2439 2727 caetero
2478 2673 2789 2739 emendare,

1199 2764 1382 2818 statim
1414 2762 1581 2818 abbas
1609 2761 1756 2816 dicat
1786 2762 1933 2816 ornni
1961 2761 2367 2834 cmgregationi
2407 2780 2418 2815 :
2462 2761 2654 2818 Venite
2682 2762 2794 2819 fra-

1198 2866 1314 2915 tres
1356 2857 1681 2913 unanimiter
1705 2871 1830 2912 cum
1881 2856 2132 2927 lacrymis
2179 2872 2277 2926 pro
2324 2857 2429 2913 hac
2473 2873 2575 2913 ove
2614 2859 2793 2928 gregis

1199 2951 1387 3016 vestri,
1423 2966 1558 3021 qum,
1594 2957 1879 3020 peccatum
1908 2965 2062 3004 suum
2085 2962 2404 3017 agnoscens,
2443 2951 2794 3020 promittitse

1200 3047 1270 3099 de
1300 3052 1497 3099 castero
1524 3041 1846 3112 emendare};
1875 3053 2095 3097 orantes
2126 3042 2178 3097 in
2205 3042 2448 3096 oratorio
2470 3042 2793 3097 reconcilie-

1201 3153 1323 3192 mus
1351 3152 1475 3193 eum
1504 3146 1630 3192 ante
1654 3136 1848 3204 Deum,
1877 3151 2039 3205 quem
2070 3151 2167 3206 per
2202 3134 2622 3190 inobedientiam
2668 3134 2792 3189 irri-

1200 3233 1354 3286 tavit.
1384 3230 1451 3286 Et
1479 3247 1607 3287 tuo:
1632 3231 1904 3299 ingressus
1942 3230 2109 3285 abbas
2137 3245 2257 3285 cum
2288 3228 2543 3283 fratribus
2580 3229 2635 3282 in
2665 3242 2791 3283 ora-

2893 2039 3018 2080 cere
3052 2034 3233 2079 autem
3263 2033 3412 2078 [11:91]]
3453 2032 3554 2080 est.
3588 2023 3657 2077 Et
3688 2042 3791 2080 non
3817 2026 4052 2091 volentis,
4082 2041 4244 2097 neque
4274 2040 4487 2078 curren-

2893 2120 2959 2173 tis
2987 2119 3077 2173 sed
3107 2120 3394 2173 miserenis
3436 2129 3510 2172 est
3544 2117 3643 2172 Dei
3675 2117 3852 2187 (liam.
3888 2118 3986 2189 Ix).
4025 2117 4133 2173 Sed
4172 2127 4353 2172 tamen
4393 2116 4489 2172 das

2894 2212 3149 2267 fiduciam
3174 2212 3428 2282 sperandi
3461 2212 3530 2267 de
3558 2213 3838 2281 te,dit;ens
3864 2231 3875 2266 :
3916 2212 4101 2275 l'etite,
4119 2222 4165 2265 et
4188 2213 4487 2283 accipietis;

2893 2304 3129 2375 quazrite,
3166 2316 3224 2356 et
3274 2302 3585 2367 invenietis;
3632 2303 3855 2372 pulsate,
3898 2312 3947 2355 et
3991 2302 4253 2371 aperietur
4300 2298 4445 2355 vobis
4470 2316 4491 2355 :

2894 2394 3014 2463 quia
3043 2394 3130 2464 qui
3159 2394 3306 2462 petit,
3336 2395 3557 2463 accipit;
3612 2394 3695 2465 qui
3725 2393 3928 2466 quierit,
3955 2393 4162 2454 invenit,
4188 2401 4237 2445 et
4261 2392 4493 2462 pulsanti

2895 2486 3156 2555 aperietur
3179 2484 3335 2553 (Luc.
3368 2484 3465 2552 χι).
3499 2483 3564 2537 Ει
3592 2485 3716 2554 quia
3761 2484 3991 2546 dixidi;
4024 2482 4396 2539 Convertimini
4425 2483 4495 2537 ad

2894 2592 2993 2637 me,
3020 2586 3066 2628 et
3087 2591 3180 2645 ego
3207 2588 3477 2629 convertar
3500 2574 3570 2628 ad
3598 2591 3683 2629 eos
3714 2573 3923 2641 (Zach.,
3946 2560 4127 2641 t)."Et,
4151 2591 4268 2626 cum
4290 2574 4494 2627 clama-

2896 2670 3069 2723 ceritis
3093 2670 3149 2723 di
3179 2687 3264 2723 am
3292 2687 3303 2722 :
3331 2668 3467 2724 Ecce
3501 2669 3685 2724 adsum
3707 2670 3864 2739 (lsai.
3890 2670 4067 2739 LVIII).
4090 2668 4159 2723 Et
4186 2671 4319 2725 item
4340 2671 4496 2740 quasi

2896 2762 3015 2833 pius
3047 2771 3103 2817 et
3132 2762 3444 2818 misericors
3470 2763 3522 2817 in
3549 2761 3757 2818 factura
3788 2770 3904 2830 tua,
3933 2776 4096 2817 vocas
4124 2776 4227 2818 nos
4270 2762 4342 2816 ad
4370 2777 4497 2831 gra-

2897 2856 3027 2909 tiam
3060 2862 3230 2920 tuam,
3262 2856 3390 2910 licet
3437 2854 3686 2925 indignos
3706 2868 3894 2910 servos
3925 2863 4068 2921 tuos,
4098 2854 4287 2911 dicens
4334 2874 4347 2909 :
4401 2855 4500 2911 Ve-

2898 2948 3004 3001 nite
3030 2947 3100 3000 ad
3127 2963 3226 3008 me,
3262 2947 3351 3019 qui
3378 2945 3627 3003 laboratis
3674 2958 3724 3003 et
3769 2949 3971 3003 onerati
4000 2950 4144 3016 estis,
4186 2962 4235 3004 et
4274 2967 4371 3021 ego
4414 2967 4500 3005 vos

2898 3040 3131 3107 reﬁciant
3161 3037 3375 3108 (Matth.
3425 3040 3527 3111 ιιι).
3578 3037 3730 3096 Unde
3777 3054 3886 3095 non
3929 3040 4218 3110 despicias,
4246 3040 4498 3103 Domine.

2897 3144 3115 3187 servum
3149 3141 3319 3195 tuum,
3367 3147 3526 3188 suum
3557 3142 3941 3203 agnoscentem
3978 3142 4259 3203 peccatum
4304 3151 4318 3185 ;
4363 3134 4505 3188 sicut

2900 3224 2967 3279 de
2996 3224 3202 3295 pietate
3232 3233 3322 3280 tua
3366 3225 3638 3296 promittit
3673 3226 3849 3281 reatui
3890 3233 4077 3281 nostro
4099 3223 4378 3295 Propheta
4418 3224 4502 3280 di-

1202 3325 1364 3390 torio,
1425 3333 1714 3394 antequam
1765 3332 1923 3382 orent
1970 3331 2219 3378 tenentes
2261 3323 2312 3378 ei
2368 3335 2562 3376 manus
2604 3320 2793 3377 dextra
2823 3302 2870 3365 C
2903 3330 3034 3372 cens
3063 3334 3077 3370 :
3109 3316 3211 3372 Cor
3236 3317 3515 3371 contritum
3541 3326 3594 3371 et
3619 3315 3945 3372 humiliation
3984 3315 4127 3371 Deus
4165 3332 4271 3371 non
4305 3317 4505 3388 spernit

1202 3418 1448 3487 lasvaque
1495 3418 1646 3484 foris,
1694 3417 1966 3488 prmpositi
2013 3416 2132 3487 ejus
2178 3415 2531 3472 introducant
2573 3429 2696 3469 eum
2746 3413 2804 3469 in

1205 3511 1506 3566 Oratorium
1529 3528 1544 3577 ;
1574 3511 1626 3565 di
1665 3520 1819 3565 entes
1843 3510 2003 3564 ambo
2031 3509 2174 3563 hunc
2192 3524 2407 3564 versum
2435 3528 2447 3561 :
2474 3506 2805 3578 Confitemini

1210 3602 1439 3659 Domino
1468 3605 1713 3675 quoniam
1740 3602 1927 3657 bonum
1957 3612 2033 3657 est
2063 3604 2079 3672 (
2114 3601 2265 3657 Psal.
2297 3616 2437 3656 tzxvu
2468 3600 2508 3669 ).
2557 3598 2627 3654 Et
2672 3600 2801 3654 sub-

1205 3704 1467 3765 sequatur
1490 3712 1551 3751 ει.
1569 3706 1684 3750 tera
1714 3696 2085 3764 congregatio,
2127 3694 2464 3763 respondens
2501 3711 2516 3747 :
2560 3693 2805 3761 quoniam

1203 3787 1261 3841 in
1288 3787 1531 3841 sarculum
1560 3787 1922 3842 misericordia
1948 3789 2080 3861 ejus.
2132 3788 2199 3841 L‘t
2221 3804 2341 3842 eum
2370 3788 2644 3857 praepositi
2672 3787 2805 3844 foris

1204 3879 1493 3950 ptenitenti
1525 3893 1624 3948 per
1661 3878 1807 3935 bunc
1848 3894 2064 3935 versum
2096 3879 2492 3935 confessionem
2533 3880 2802 3955 ingerunt,

1208 3972 1358 4028 intus
1379 3972 1447 4028 de
1476 3972 1720 4027 oratorio
1744 3987 1840 4043 per
1868 3987 1933 4028 os
1959 3972 2402 4042 re-pondentium
2427 3972 2652 4028 fratrum
2678 3989 2808 4029 mox

1208 4066 1331 4136 pius
1363 4067 1504 4121 Deus
1535 4064 1960 4121 miscricordiam
1989 4066 2349 4135 repromittat.
2376 4063 2518 4136 Ergo
2538 4081 2658 4121 cum
2679 4080 2807 4121 eum

1210 4158 1455 4214 oratorio
1504 4156 1910 4212 introduxerint
1954 4157 2229 4228 praepositi
2276 4156 2412 4227 ejus,
2458 4166 2808 4229 prosternant

1212 4266 1336 4305 eum
1374 4248 1603 4319 pedibus
1631 4249 1861 4316 altaris;
1893 4251 2073 4304 statim
2119 4252 2308 4306 omnes
2339 4250 2443 4306 una
2466 4266 2589 4307 cum
2614 4250 2810 4305 abbate

1211 4356 1275 4398 se
1304 4340 1556 4397 oratione
1584 4354 1684 4410 pro
1713 4354 1780 4396 eo
1809 4349 2175 4410 prosternant.
2206 4340 2358 4399 Tunc
2392 4342 2500 4407 ille,
2524 4356 2623 4412 pro
2650 4340 2807 4411 culpa

1214 4440 1544 4505 prostratus,
1587 4446 1711 4486 cum
1759 4426 2029 4504 lacrytnis,
2074 4432 2160 4489 his
2190 4434 2413 4489 vocibus
2463 4442 2711 4505 precetur
2741 4433 2809 4488 ad

1217 4523 1530 4591 Dominum,
1584 4524 1771 4578 dicens
1812 4542 1825 4578 :
1879 4522 2125 4590 Peccavi,
2178 4525 2426 4595 Domine,
2472 4527 2715 4598 peccavi,
2756 4536 2813 4581 et

1217 4615 1559 4685 iniquitatem
1610 4631 1786 4669 meam
1818 4628 1919 4684 ego
1965 4630 2270 4685 cognosco;
2322 4632 2476 4688 rogi,
2518 4628 2645 4688 peto
2673 4633 2702 4672 a
2733 4626 2807 4685 te,

1218 4706 1433 4762 dimitte
1459 4707 1613 4771 mihi,
1646 4707 1895 4773 Domine,
1920 4708 2133 4762 dimitte
2153 4710 2284 4763 mibi
2312 4728 2325 4762 :
2357 4726 2426 4764 ne
2448 4710 2606 4765 simul
2627 4710 2810 4766 trahas

1218 4815 1309 4854 me
1340 4815 1462 4854 cum
1495 4801 1727 4869 peccatis
1770 4803 1927 4865 meis,
1969 4818 2146 4874 neque
2171 4804 2501 4860 condemnes
2529 4820 2617 4859 me
2646 4806 2697 4859 in
2728 4806 2811 4859 in-

1219 4891 1511 4947 ferioribus
1549 4901 1738 4957 terrai;
1782 4909 1956 4963 neque
1998 4895 2052 4949 in
2099 4906 2359 4951 aeternum
2408 4898 2639 4969 imputes
2684 4900 2812 4953 miizi

1222 4982 1364 5037 mala
1402 4984 1699 5052 :quoniam
1736 4994 1790 5039 tu
1838 5001 1896 5040 es
1930 4987 2067 5041 Deus
2117 4989 2468 5058 pteniteatire,
2520 4999 2575 5044 et
2624 4994 2676 5044 in
2728 5007 2814 5047 me

1224 5074 1456 5131 ostende
1484 5077 1779 5132 bonitatem
1813 5086 1979 5140 tuam,
2007 5080 2301 5135 secundum
2328 5096 2574 5149 magnam
2604 5084 2815 5138 miseri-

1225 5170 1465 5224 cordiam
1527 5180 1713 5232 tuam,
1767 5172 1891 5240 quia
1935 5182 1992 5226 tu
2048 5173 2259 5239 dixisti,
2319 5175 2545 5231 Domine
2606 5194 2616 5229 :
2674 5176 2817 5234 Nolo

1225 5274 1444 5320 martem
1475 5267 1781 5335 peccatoris,
1823 5268 1914 5320 sed
1939 5276 1992 5318 ut
2015 5278 2339 5322 convertatur
2359 5280 2408 5322 et
2437 5271 2568 5323 vivat
2596 5268 2815 5340 (Escclt.

1227 5359 1445 5416 xxxut).
1474 5357 1606 5422 Quia
1638 5359 1794 5413 malis
1823 5362 2022 5415 nostris
2068 5362 2133 5414 ad
2166 5364 2619 5429 emendationem,
2653 5366 2818 5418 vitam

1229 5455 1401 5513 magis
1428 5450 1636 5517 largiris
1658 5452 1930 5519 quotidie;
1963 5445 2301 5509 monstrante
2334 5457 2486 5510 nobis
2515 5455 2818 5525 St'riptnra,

1231 5556 1351 5609 qtm:
1381 5541 1447 5594 de
1479 5542 1677 5610 pietate
1709 5553 1796 5596 tua
1842 5545 1913 5597 ita
1960 5547 2089 5601 dicit
2119 5564 2133 5600 :
2162 5546 2415 5620 Nunquid
2444 5550 2554 5602 iras
2577 5562 2701 5603 'etur
2729 5567 2820 5621 per

1231 5636 1462 5704 singulos
1493 5636 1625 5698 dies,
1648 5638 1747 5690 nisi
1777 5642 2179 5693 convertamini?
2208 5644 2224 5709 (
2264 5642 2409 5696 l’sal.
2440 5660 2525 5697 vn.
2559 5648 2573 5711 )
2600 5644 2662 5697 Et
2691 5660 2819 5715 apo-

1233 5729 1405 5780 stoius
1435 5737 1557 5781 tuns
1583 5726 1780 5782 Paulus
1808 5731 1937 5784 dixit
1962 5749 1973 5784 :
2006 5731 2084 5785 An
2114 5734 2278 5787 nescis
2300 5736 2419 5805 quia
2441 5736 2690 5803 patientia
2723 5736 2823 5791 Dei

1236 5819 1306 5871 ad
1328 5819 1674 5887 pwnitentiam
1724 5831 1771 5873 lc
1812 5822 2062 5876 adducit?
2091 5822 2334 5877 Gladium
2364 5843 2484 5895 ergo
2532 5844 2679 5880 suam
2710 5827 2821 5881 Do-

1234 5913 1408 5968 minus
1437 5912 1672 5981 uibrauit,
1697 5931 1877 5969 arcam
1904 5932 2050 5970 suum
2087 5919 2318 5982 tetendit,
2348 5928 2395 5973 et
2424 5922 2622 5989 pararit
2643 5921 2820 5977 illum:

2836 4676 2889 4736 D

2907 3407 3088 3478 (Psal.
3112 3410 3189 3475 ι).
3216 3408 3353 3475 Quia
3384 3418 3581 3479 potens
3607 3424 3669 3464 es
3693 3408 3763 3465 de
3785 3408 4056 3480 lapidibus
4075 3416 4341 3463 susc;tare
4363 3407 4504 3464 filios

2906 3502 3137 3579 Abrahae
3165 3520 3179 3556 :
3212 3502 3339 3571 quia
3364 3501 3511 3573 quod
3554 3501 3609 3557 in
3640 3501 3796 3558 nobis
3830 3500 4212 3572 desperatione
4249 3501 4505 3572 impossi-

2905 3586 3013 3650 bile
3060 3604 3232 3664 putat,
3266 3603 3357 3649 tua
3400 3594 3575 3665 gratia
3620 3593 3879 3665 possibile
3924 3593 4145 3649 indicat.
4190 3590 4327 3649 Post
4366 3594 4505 3648 banc

2907 3703 3098 3745 vocem
3128 3672 3253 3743 cum
3278 3688 3536 3762 lacrymis
3561 3689 3910 3759 adimpletam
3955 3690 4138 3744 statim
4176 3703 4304 3745 eum
4338 3704 4505 3744 manu

2907 3797 3003 3838 sua
3031 3782 3202 3839 abbas
3223 3783 3419 3852 erigat,
3457 3782 3648 3839 dicens
3675 3781 3727 3838 ei
3758 3801 3771 3834 :
3796 3781 3921 3838 vide
3952 3780 4123 3837 frater
4146 3781 4263 3852 jam
4299 3782 4375 3837 de
4402 3797 4506 3838 ca:-

2909 3883 3051 3944 tero,
3081 3875 3203 3931 vide
3232 3890 3301 3931 ne
3331 3890 3551 3948 pecces,
3577 3884 3636 3932 et
3661 3874 3957 3932 secundum
3983 3890 4115 3946 agas
4140 3874 4210 3931 de
4231 3875 4341 3932 hoc
4375 3876 4507 3931 vitio

2909 3970 3286 4042 pa-nitentiam
3348 3984 3609 4026 exercere
3656 3987 3673 4025 :
3712 3984 3833 4040 quas
3872 3983 3997 4026 cum
4046 3969 4289 4025 secundo
4343 3968 4509 4024 fuerit

2910 4069 3031 4117 acta
3054 4102 3070 4130 ,
3114 4061 3169 4115 in
3215 4060 3594 4117 hazreticorum
3633 4062 3839 4118 incides
3862 4070 4093 4118 sectam.
4128 4061 4325 4116 Statim
4365 4061 4507 4115 hunc

2910 4169 3127 4210 versum
3167 4154 3440 4224 quondam
3478 4168 3608 4210 reus
3634 4154 3881 4224 imponat
3928 4172 3942 4208 :
3996 4152 4183 4209 Errasti
4227 4155 4360 4208 sicut
4400 4155 4508 4208 onis

2910 4262 3026 4317 qua
3052 4247 3297 4317 perierat,
3343 4246 3588 4318 recollige
3637 4261 3841 4300 struunt
3871 4254 4016 4299 tuum
4064 4245 4286 4298 Domine
4312 4244 4333 4315 (
4357 4244 4503 4297 Psal.

2912 4338 3100 4405 omn)
3135 4357 3149 4393 :
3179 4338 3637 4409 respondentibus
3675 4352 3860 4393 secum
3910 4335 4142 4393 cunctis.
4188 4332 4320 4391 Post
4366 4335 4510 4391 hunc

2911 4449 3128 4490 versum
3182 4434 3391 4489 vocatis
3433 4432 3555 4503 ejus
3612 4431 3916 4502 przepositis
3968 4428 4381 4498 reconsignetur
4440 4427 4509 4482 ab

2914 4530 3111 4586 abbate
3136 4528 3215 4585 eis
3244 4529 3298 4583 in
3318 4542 3507 4594 manu,
3524 4526 3774 4583 dicente:
3796 4525 4043 4596 Recipite
4065 4537 4224 4580 ovem
4247 4533 4508 4589 vestram,

2915 4621 3246 4691 reintegrate
3292 4634 3599 4687 numerum,
3651 4617 3922 4674 restituite
3964 4631 4168 4673 mensae
4205 4635 4219 4669 :
4271 4613 4509 4669 Mortuus

2915 4715 3054 4768 enim
3081 4716 3271 4785 fuerat,
3293 4727 3340 4767 et
3361 4713 3566 4777 revixit;
3592 4713 3835 4783 perierat,
3878 4718 3929 4764 et
3974 4710 4209 4763 inuentus
4248 4717 4326 4762 est
4356 4708 4457 4777 ίΙιιι
4493 4747 4506 4760 .

2916 4806 3034 4875 xv).
3064 4802 3267 4858 Eadem
3296 4818 3534 4872 namque
3573 4802 3682 4869 die,
3734 4818 3833 4872 pro
3879 4800 4196 4856 humilitatis
4244 4808 4512 4867 reparata:

2917 4894 3141 4963 indicio,
3167 4907 3366 4963 aquam
3387 4893 3640 4948 manibus
3668 4892 3898 4947 fratrum
3919 4890 4246 4945 intrantibus
4266 4890 4337 4942 ad
4365 4904 4511 4943 eom-

2917 4990 3228 5045 munionem
3288 4988 3406 5058 ipse
3449 4988 3740 5043 ministret.
3786 4984 3852 5039 Et
3901 5000 4027 5041 cum
4074 4985 4186 5047 dat,
4237 4983 4512 5037 osculetur

2920 5084 3097 5154 primo
3126 5081 3362 5150 abbatis,
3400 5079 3599 5135 deinde
3624 5077 3960 5147 singulorum
4002 5076 4230 5131 fratrum
4271 5086 4509 5128 manus:

2924 5187 2980 5234 et
3008 5186 3160 5247 petat
3185 5176 3447 5244 singulos,
3470 5190 3595 5230 cum
3625 5174 3915 5239 ministrat,
3939 5173 4083 5242 ipsos
4105 5186 4204 5241 pro
4233 5184 4292 5223 se
4312 5169 4511 5223 debere

2924 5284 3100 5326 orare.
3127 5269 3229 5335 Qui
3255 5274 3311 5323 et
3340 5268 3475 5336 ipse,
3506 5282 3633 5321 mox
3668 5273 3725 5320 ut
3768 5265 4040 5334 ingressus
4064 5262 4364 5318 oratorimn
4403 5260 4513 5314 fu:-

2923 5366 3013 5429 rit,
3057 5377 3247 5416 onmes
3291 5361 3436 5415 clara
3485 5374 3622 5415 voce
3660 5358 4019 5414 readmoneat
4058 5370 4160 5425 pro
4208 5368 4269 5408 se
4317 5352 4514 5407 debere

2924 5471 3084 5510 orare
3114 5470 3129 5509 :
3162 5464 3218 5509 et
3244 5454 3324 5508 sic
3371 5454 3560 5508 exiens
3597 5466 3722 5506 cum
3772 5449 4028 5505 fratribus
4055 5455 4377 5503 consuetam
4426 5460 4517 5497 ae-

2930 5550 3091 5606 cedat
3117 5549 3182 5603 ad
3209 5563 3475 5604 mensam.
3505 5545 3803 5601 lnfantulos
3832 5561 3980 5609 vero,
4012 5560 4185 5615 usque
4209 5540 4512 5611 quindecim

2934 5658 3225 5705 armorum,
3258 5658 3369 5697 non
3398 5639 3880 5704 excommunicari,
3931 5637 4026 5693 sed
4057 5637 4394 5708 prmeipimus
4425 5648 4515 5686 va-

2929 5736 3122 5809 pulare
3152 5751 3252 5806 pro
3278 5734 3471 5805 culpis.
3502 5734 3636 5788 Post
3659 5730 3967 5802 quindecim
3996 5746 4128 5785 vero
4173 5744 4366 5796 annos,
4404 5727 4515 5797 jam

2933 5846 3039 5884 non
3079 5829 3368 5898 vapulare,
3419 5826 3517 5883 sed
3550 5825 4000 5882 excommunicari
4047 5822 4311 5879 condecet
4360 5837 4375 5876 :
4423 5821 4517 5893 qui

2929 5924 3042 5991 jam
3070 5921 3376 5989 intelligunt
3405 5917 3680 5989 quomodo
3707 5916 3971 5988 paenitere
3997 5923 4055 5972 et
4080 5914 4373 5972 emendare
4410 5910 4515 5974 d3-
