5174 6540
651 362 744 422 981
2119 368 2414 458 aecum.

3819 387 3925 445 989

648 479 808 537 be'ant
864 483 929 532 de
989 486 1200 535 matura
1251 486 1431 546 astate,
1487 482 1633 551 quod
1679 483 1820 538 male
1861 485 2226 540 committunt.
2257 483 2312 544 A
2338 501 2406 540 ne
2447 493 2502 539 et
2545 494 2600 541 tu
2645 488 2910 556 tenteris;
2949 498 3022 556 et,
3055 491 3130 546 Tu
3175 495 3262 566 qui
3307 504 3457 562 stas,
3507 499 3623 563 vide
3659 518 3722 557 ne
3761 506 3922 562 cadas

649 573 780 640 Quia
820 574 1014 628 merito
1067 573 1230 628 corde
1273 575 1431 629 debet
1459 576 1743 644 pmnitere,
1785 569 1873 646 qui
1906 587 2132 648 peccat;
2181 587 2233 632 et

648 680 752 720 non
802 679 900 734 pro
937 679 1004 718 eo
1045 678 1240 733 corpus
1284 665 1557 734 vapulare,
1614 668 1738 736 quia
1789 670 1952 722 animi
1993 671 2228 740 intpmio,

646 756 876 826 corporis
906 756 1110 811 servitio
1141 757 1305 828 magis
1336 759 1554 811 utimur.
1588 756 1728 827 Ergo
1753 775 1874 815 cum
1905 760 2083 814 anima
2129 760 2232 814 im-

645 861 819 921 perat,
850 857 903 903 et
928 864 1125 920 corpus
1146 849 1331 914 servit,
1353 851 1666 918 agnoscitur
1692 851 1919 920 amplior
1941 861 2060 906 esse
2079 852 2232 923 culpa

646 940 983 1011 imperantis,
1014 955 1178 1009 quam
1211 939 1514 994 servientis.
1558 941 1682 995 ideo
1724 949 1944 1012 propter
1989 943 2234 998 intellec-

646 1040 757 1085 tum
788 1029 1216 1092 emendationis.
1267 1031 1419 1084 radix
1446 1029 1625 1085 cordis
1663 1030 1730 1085 de
1776 1031 1944 1102 spinis
1981 1042 2234 1101 peccato-

645 1139 760 1179 rum
810 1119 1373 1177 excommunicatione
1424 1119 1585 1176 debet
1635 1123 1880 1191 purgari;
1929 1123 2051 1190 quia
2098 1121 2234 1177 rami

647 1213 914 1285 corporis,
944 1212 1141 1284 quibus
1175 1213 1242 1268 ab
1273 1212 1441 1267 invito
1489 1227 1519 1266 a
1554 1212 1798 1281 jussione
1828 1213 2005 1267 cordis
2044 1227 2235 1284 pecca-

645 1317 756 1364 tum
785 1307 1096 1378 impositum
1127 1316 1209 1363 est
1231 1307 1426 1377 injuste
1449 1323 1545 1377 pro
1573 1307 1747 1362 aliena
1779 1307 1934 1376 culpa
1966 1307 2104 1362 alter
2122 1324 2230 1363 non

645 1397 803 1453 debet
831 1413 1045 1467 ptenam
1075 1398 1295 1453 sentire.
1338 1396 1419 1453 llli
1457 1413 1586 1453 vero
1615 1397 1807 1453 fratres
1854 1408 1977 1468 post
2007 1400 2234 1468 quinde-

647 1492 746 1545 cim
799 1506 974 1544 annos
1022 1491 1196 1545 (etatis
1243 1491 1518 1561 vapulent,
1573 1492 1663 1559 qui
1713 1492 1844 1545 satis
1883 1507 2100 1561 gravem
2143 1502 2236 1548 aut

650 1581 769 1635 furti
793 1582 996 1651 fugacis
1024 1590 1118 1637 aut
1141 1581 1471 1637 criminalem
1500 1581 1732 1652 aliquam
1762 1582 1974 1654 culpam
2008 1584 2233 1639 commi-

650 1674 834 1727 scrint.

1256 1787 1481 1843 CAPUT
1519 1788 1634 1843 XV.

1091 1919 1488 1958 lNTEllllOCATlO
1519 1919 1800 1958 DISCIPULI.

684 2015 762 2073 De
787 2018 1054 2089 prodendo
1080 2020 1305 2088 cogiia'o
1339 2017 1476 2089 malo
1504 2019 1790 2085 praepositis
1832 2020 1910 2072 uel
1949 2017 2126 2074 abbati
2165 2035 2198 2073 a

1155 2087 1436 2142 minoribus
1469 2090 1736 2159 fraribus.

926 2214 1231 2255 lil-JSPONDE'I’
1265 2216 1491 2255 D‘JMINUS
1519 2216 1615 2253 PER
1646 2217 1962 2258 ιιΑυιδτιιωι.

719 2315 940 2370 Fratres
975 2322 1099 2370 tunc
1129 2315 1262 2369 rami
1295 2315 1504 2369 arboris
1534 2314 1718 2369 mundi
1756 2325 1899 2383 sunt,
1943 2317 1990 2370 si
2034 2317 2232 2385 lignum

647 2409 761 2476 ejus
794 2423 822 2460 a
851 2406 1034 2462 radice
1064 2414 1345 2476 purgetur.
1393 2405 1502 2460 Nec
1533 2406 1676 2460 enim
1707 2406 1923 2476 dignum
1953 2415 2031 2460 est
2083 2423 2234 2462 ιιιυηο

647 2505 783 2559 datis
815 2505 947 2558 foris
971 2503 1155 2570 regiis,
1186 2501 1490 2557 cubiculum
1523 2503 1667 2557 intus
1711 2502 1975 2573 inquinari
2009 2501 2075 2556 de
2119 2518 2234 2558 sor-

645 2595 797 2652 dibus
823 2609 838 2648 :
868 2594 964 2649 sed
994 2595 1252 2650 decenter
1279 2593 1533 2661 efﬁcitur,
1565 2596 1608 2648 si
1646 2595 1713 2649 de
1741 2596 2062 2650 intrinsecus
2093 2599 2236 2650 foras

644 2688 819 2756 ejecta
852 2687 1097 2751 sorditie,
1126 2685 1237 2755 jam
1272 2695 1382 2740 tum
1419 2687 1630 2741 demum
1660 2695 1714 2742 et
1742 2687 1888 2742 foras
1912 2689 2056 2756 juste
2085 2704 2234 2742 mun-

643 2779 820 2834 detur.
859 2780 974 2834 ‘Non
1023 2779 1166 2832 enim
1214 2792 1402 2832 secura
1444 2786 1671 2846 possunt
1709 2793 1829 2833 esse
1877 2777 2097 2842 fossata,
2146 2780 2234 2834 ubi

644 2872 788 2927 intus
819 2880 906 2928 est
937 2872 1127 2926 hostis.
1159 2870 1328 2924 SEnml
1360 2878 1414 2924 et
1443 2878 1598 2940 porta
1628 2871 1876 2926 clausura
1904 2885 1998 2925 sua
2026 2870 2235 2939 captiva

643 2973 743 3030 est,
774 2965 871 3020 ubi
900 2965 1038 3019 muri
1067 2978 1172 3017 non
1200 2961 1492 3033 repellunt,
1523 2963 1616 3018 sed
1646 2962 1908 3018 inclusum
1959 2965 2235 3018 continent

643 3057 944 3112 inimicum.
989 3054 1120 3109 Nam
1167 3062 1221 3108 et
1261 3053 1454 3108 vulnus
1502 3054 1729 3110 ebullire
1778 3056 1926 3109 novit
1969 3056 2232 3124 repletum

642 3150 963 3220 putredine;
992 3156 1046 3202 et
1087 3148 1186 3203 nisi
1218 3149 1572 3219 exprimatur,
1606 3157 1661 3202 et
1689 3149 1754 3205 de
1781 3164 1848 3205 eo
1872 3149 2029 3204 fuerit
2056 3151 2234 3206 sanies

643 3244 812 3314 ejecta
846 3244 1204 3308 extrinsecus,
1241 3251 1294 3298 et
1323 3243 1390 3298 de
1420 3244 1534 3313 ipsa
1565 3244 1952 3314 suppuratione
1977 3259 2230 3314 expressa
2260 3210 2306 3274 ο

642 3343 924 3407 purgetur,
956 3336 1120 3390 altius
1148 3343 1328 3404 potest
1359 3350 1509 3389 suam
1538 3349 1734 3390 cavare
1787 3336 2067 3390 malitiam.
2119 3335 2233 3392 Hoc

641 3447 771 3501 esgo
804 3439 865 3486 et‘
894 3446 991 3485 nos
1037 3430 1105 3484 de
1145 3432 1323 3485 anima
1373 3437 1556 3485 nostra
1605 3430 1902 3486 sentiamus
1935 3443 1947 3483 :
1986 3431 2088 3485 hoc
2130 3439 2228 3494 est,

642 3527 789 3596 prius
816 3524 1083 3579 debemus
1111 3523 1178 3578 de
1221 3522 1384 3578 corde
1416 3523 1679 3593 projicere
1711 3524 1851 3595 quod
1902 3523 1954 3578 in
2005 3537 2235 3591 corpore

642 3619 894 3673 nolumus
948 3616 1228 3687 bajulare,
1291 3616 1532 3693 dicentes
1583 3616 1986 3684 nobismetipsis
2034 3631 2046 3667 :
2098 3614 2234 3680 Quid

641 3720 810 3772 taces,
848 3709 1051 3772 anima,
1086 3715 1264 3762 etnon
1290 3691 1533 3778 'erumpis
1563 3707 1615 3762 in
1646 3721 1799 3773 voce,
1819 3712 1872 3760 et
1903 3707 2097 3760 mentis
2131 3713 2234 3760 tua:

643 3807 871 3874 exponis
902 3802 1183 3867 ardorem,
1238 3810 1288 3855 et
1334 3800 1511 3870 ejecto
1554 3800 1622 3856 de
1676 3801 1818 3856 intus
1866 3801 1981 3869 ipso
2025 3799 2234 3854 fervore

642 3896 867 3950 malitiae
902 3900 1124 3964 prtestes
1157 3893 1388 3963 fatigata:
1419 3892 1756 3962 refrigerium
1795 3891 2066 3962 passioni?
2094 3889 2234 3957 Ergo

642 4001 760 4042 cum
791 3985 959 4041 alicui
992 3984 1142 4039 fratri
1164 3984 1459 4054 cogitatum
1491 3983 1690 4037 malum
1717 3983 1769 4037 in
1799 3981 1964 4037 corde
1993 3981 2233 4036 advene-

642 4079 728 4142 rit,
764 4086 818 4133 et
853 4076 1090 4132 senserit
1118 4091 1180 4131 se
1224 4075 1419 4130 exinde
1449 4074 1714 4137 fluctuari,
1761 4074 1942 4128 statim
1978 4073 2090 4127 suis
2132 4073 2234 4128 hoc

641 4171 947 4244 praepositis
978 4169 1229 4236 fateatur,
1252 4178 1308 4225 et
1335 4185 1482 4237 mox,
1515 4169 1760 4224 oratione
1791 4169 1954 4236 facta,
1986 4169 2236 4224 nuntient

641 4266 744 4321 hoc
795 4267 974 4337 ipsum
1018 4264 1220 4319 abbati.
1254 4264 1384 4318 Nam
1439 4262 1537 4333 ipsi
1580 4263 1850 4333 praepositi
1907 4263 2010 4317 hoc
2061 4263 2233 4331 ipsum

643 4358 782 4414 ultro
812 4371 1036 4426 semper
1060 4357 1258 4411 debent
1288 4372 1314 4408 a
1347 4356 1610 4422 susceptis
1654 4355 1764 4410 suis
1803 4355 2085 4422 exquirere
2122 4369 2135 4406 :
2170 4369 2236 4408 ne

642 4451 780 4506 forte
827 4457 923 4504 aut
968 4449 1313 4513 simplicitate
1358 4447 1731 4518 quorumdam,
1781 4456 1873 4500 aut
1918 4455 2067 4502 certe
2119 4448 2230 4515 ipsa

641 4541 968 4598 verecundia
993 4541 1256 4594 malorum
1288 4538 1539 4603 hciente,
1582 4551 1670 4592 res
1710 4551 1902 4607 pravas
1932 4545 2024 4591 aut
2053 4545 2236 4607 turpes

643 4636 862 4691 fratrem
893 4634 1102 4706 pudeat
1133 4632 1398 4688 confiteri.
1425 4631 1529 4687 Sed
1556 4647 1676 4686 cum
1706 4632 1847 4686 ultro
1877 4645 2038 4686 ausus
2065 4632 2234 4701 magis

643 4741 668 4778 a
692 4727 902 4795 majore
933 4722 1263 4794 acceperint,
1287 4721 1396 4789 jam
1429 4721 1744 4778 fiducialiter
1763 4722 1882 4776 sine
1907 4723 2229 4777 verecundia

643 4818 876 4872 indicent
904 4815 1141 4884 cogitata
1166 4822 1383 4884 peccata
1411 4827 1424 4866 :
1448 4813 1591 4880 quod
1620 4823 1676 4868 et
1707 4815 1806 4883 ipsi
1844 4814 2134 4884 prazpositi,
2188 4816 2232 4868 si

643 4917 696 4964 et
726 4909 823 4976 ipsi
853 4905 1003 4974 quod
1024 4903 1313 4971 senserint,
1345 4903 1581 4959 referant
1601 4911 1658 4958 et
1683 4905 1752 4959 de
1780 4920 1840 4961 se
1868 4907 2069 4960 abbati.
2099 4905 2229 4960 Nam

642 5011 694 5056 et
721 5003 835 5072 ipse
863 4999 1045 5070 major
1069 5014 1190 5053 cum
1224 4999 1274 5052 in
1302 5012 1360 5052 se
1383 4999 1487 5052 hoc
1515 4999 1764 5063 senserit,
1792 5006 1941 5067 petat
1970 4999 2023 5052 in
2050 5007 2232 5052 orato-

642 5093 720 5147 rio
751 5107 779 5147 a
821 5092 1246 5162 congregatione
1281 5091 1525 5145 universa
1578 5106 1675 5161 pro
1713 5106 1772 5146 se
1818 5091 2018 5147 debere
2064 5094 2227 5148 orari.

643 5182 780 5253 Ergo
803 5200 930 5240 cum
961 5184 1028 5238 de
1057 5183 1239 5252 aliquo
1268 5182 1433 5238 fratre
1461 5184 1764 5236 nuntiatum
1787 5181 1949 5238 fuerit
1969 5199 1996 5237 a
2023 5199 2231 5255 praepo-

642 5279 754 5332 sitis
785 5279 991 5345 abbati,
1027 5284 1288 5332 convocet
1333 5291 1455 5329 mox
1503 5277 1808 5330 universam
1855 5280 2234 5347 congregatio-

643 5387 784 5437 nem,
832 5380 890 5424 et
914 5369 1060 5424 dicat
1087 5369 1336 5423 omnibus
1365 5369 1531 5423 abbas
1574 5380 1588 5420 :
1618 5366 1830 5432 Venite,
1865 5369 2076 5432 fratres,
2109 5371 2233 5423 sub-

641 5465 921 5518 veniamus
952 5477 1050 5533 per
1071 5460 1413 5516 dilectionem
1444 5460 1672 5515 invicem
1706 5460 1860 5515 nobis
1882 5459 2022 5529 apud
2050 5460 2229 5516 Domi-

642 5568 785 5619 nutu,
811 5555 1030 5609 dicente
1058 5551 1318 5621 Apostole
1367 5566 1380 5604 :
1422 5550 1653 5615 Fratres,
1705 5552 1798 5604 etsi
1843 5561 2230 5622 prwoccupatus

646 5650 793 5716 fuerit
823 5649 939 5719 quis
967 5649 1022 5700 in
1057 5647 1232 5714 aliqua
1261 5646 1470 5710 delicto,
1513 5661 1599 5699 vos
1648 5646 1732 5714 qui
1781 5646 2040 5711 spiritales
2086 5649 2227 5708 estis,

645 5742 882 5807 corripite
907 5739 1166 5810 ejusmodi
1194 5739 1246 5791 in
1285 5739 1468 5808 spiritu
1498 5737 1940 5797 mansuetudinis;
1989 5738 2246 5810 consola-_

645 5831 768 5884 mini
816 5830 1180 5900 pusillanimes
1211 5827 1407 5887 (Galat.
1439 5829 1512 5891 vr}
1545 5846 1556 5880 :
1589 5829 1936 5884 considerans
1981 5830 2229 5898 teipsum,

2265 4588 2314 4653 D

2340 575 2394 647 (Ι
2423 575 2545 632 Cor.
2575 579 2653 645 χ).
2681 578 2822 649 Ergo
2848 584 3127 640 unanimes
3148 601 3244 654 pro
3265 588 3369 644 hoc
3392 589 3560 648 fratre
3584 604 3771 653 nostro
3801 613 3922 655 ore-

2336 683 2456 722 mus
2482 668 2547 723 ad
2575 669 2890 739 Dominum,
2925 683 2982 729 ut
3002 675 3252 745 dignetur
3274 679 3326 733 in
3349 697 3414 736 eo
3434 682 3714 752 signaculo
3745 690 3920 744 crucis

2335 774 2469 828 suae,
2512 760 2596 816 vel
2620 761 2866 831 jussione
2888 767 3144 835 potentiae
3188 784 3320 838 suae,
3365 771 3561 828 diaboli
3594 779 3922 837 tentationes

2335 865 2702 920 compescere.
2717 849 2849 906 Cum
2868 867 2996 922 ergo
3015 863 3230 912 oratum"
3245 873 3343 928 pro
3361 875 3426 915 eo
3443 862 3507 916 ab
3525 865 3774 922 omnibus
3801 867 3922 923 diu-

2336 941 2542 997 tissime
2571 941 2750 1009 fuerit,
2779 958 3004 1013 surgens
3031 948 3196 1004 abbas
3227 966 3348 1004 cum
3378 954 3642 1022 omnibus,
3681 966 3736 1011 et
3762 971 3926 1014 'com-

2337 1033 2508 1104 piens,
2538 1049 2666 1089 mox
2693 1047 2957 1092 exeuntes
2979 1039 3170 1108 singuli
3199 1057 3334 1112 opus
3373 1045 3516 1113 quod
3539 1047 3811 1117 faciebant
3836 1068 3926 1108 re-

2335 1125 2707 1195 prehendant;
2751 1137 2810 1183 et
2841 1136 3058 1185 retento
3087 1134 3226 1202 apud
3268 1150 3328 1190 se
3368 1137 3465 1192 illo
3489 1138 3610 1194 solo
3631 1141 3803 1197 fratre
3831 1143 3928 1213 qui

2335 1221 2480 1276 malo
2522 1222 2866 1291 cogitationis
2903 1225 3135 1294 laborat,
3181 1228 3419 1298 proferat
3450 1231 3686 1297 codices,
3730 1243 3785 1290 et
3828 1235 3926 1291 ad-

2335 1327 2524 1367 versus
2552 1316 2932 1370 necessitatem
2957 1318 3194 1373 vulneris
3226 1318 3344 1388 ejus
3369 1320 3557 1377 similis
3591 1322 3768 1378 divina
3804 1340 3920 1380 me-

2335 1404 2508 1462 dicina
2540 1406 2769 1476 legatur.
2823 1410 2954 1464 Nam
2986 1418 3041 1466 et
3079 1427 3177 1481 per
3205 1413 3338 1480 dies,
3368 1416 3564 1485 quibus
3609 1417 3723 1488 ipse
3759 1419 3926 1476 frater

2336 1499 2700 1568 interrogatus
2721 1502 2787 1556 ab
2813 1502 3026 1569 abbate,
3053 1503 3193 1561 forte
3215 1508 3581 1578 responderit,
3615 1527 3722 1567 non
3755 1521 3924 1568 trans-

2336 1588 2462 1646 iisse
2493 1591 2595 1646 illis
2623 1593 2791 1658 horis,
2822 1593 3014 1664 quibus
3056 1597 3316 1666 contingit
3345 1599 3472 1668 legi,
3510 1602 3622 1656 sive
3663 1618 3761 1672 per
3805 1605 3925 1659 hie-

2335 1701 2497 1752 mem,
2548 1688 2661 1743 sive
2717 1704 2814 1758 per
2861 1697 3123 1757 aestatem,
3173 1694 3498 1763 pertinentia
3554 1697 3798 1752 codicum
3860 1700 3926 1754 ad

2338 1781 2510 1850 ipsam
2531 1782 2874 1851 cogitationis
2903 1773 3300 1850 necessitatem,
3330 1787 3542 1856 legatur
3566 1790 3678 1859 ipsa
3702 1791 3924 1858 det-aria,

2263 1845 2309 1906 Β
2339 1845 2406 1927 de
2431 1888 2536 1942 qua
2562 1882 2644 1928 cst
2670 1873 2785 1944 ipse
2813 1875 2996 1931 frater.
3029 1876 3192 1932 Verbi
3214 1845 3414 1948 gratia:
3436 1880 3480 1936 si
3511 1845 3739 1937 suaserit
3761 1845 3927 1938 ferai:

2335 1965 2623 2030 cationem,
2652 1965 2863 2034 legatur
2884 1967 2959 2022 illi
2989 1983 3052 2022 ex
3085 1969 3310 2025 diversis
3347 1971 3621 2028 codicibus
3650 1975 3740 2029 ubi
3767 1975 3927 2030 casti-

2338 2063 2504 2109 tatem
2529 2055 2699 2125 diligit
2722 2058 2862 2114 Deus
2888 2075 2901 2113 :
2924 2062 2969 2117 si
2998 2063 3327 2118 mentionem
3358 2065 3551 2122 suadet
3589 2067 3921 2138 frequenter,

2334 2146 2545 2217 legatur
2573 2142 2658 2201 illi
2690 2149 2741 2202 in
2779 2149 3020 2217 diversis,
3071 2152 3162 2208 ubi
3202 2156 3444 2226 praecipit
3484 2159 3767 2214 veritatem
3816 2175 3830 2213 :
3875 2160 3926 2216 si

2334 2236 2658 2292 desiderium
2689 2239 2901 2309 aliquod
2925 2243 3128 2309 saeculi,
3158 2244 3370 2314 legatur
3395 2247 3519 2316 ipsi,
3546 2247 3633 2302 ubi
3662 2249 3766 2305 hoc
3789 2260 3924 2305 tem-

2333 2329 2522 2398 porale
2551 2331 2790 2401 praecipit
2821 2331 3080 2391 Dominus
3110 2340 3405 2405 contemni,
3433 2349 3488 2394 et
3517 2350 3719 2396 :eterna
3756 2344 3926 2414 quaeri

2335 2436 2498 2492 regna
2525 2424 2809 2481 caelorum.
2839 2427 2990 2484 Unde
3016 2438 3230 2499 oportet
3259 2433 3505 2488 abbatem
3542 2435 3766 2489 multum
3805 2450 3926 2493 esse

2337 2513 2403 2567 de
2433 2514 2549 2582 lege
2576 2515 2934 2582 instructum;
2962 2528 3019 2573 ut
3039 2529 3132 2574 aut
3157 2523 3478 2578 testimoniis
3503 2527 3684 2580 omnia
3707 2527 3922 2594 doceat,

2337 2611 2429 2657 aut
2466 2606 2784 2673 pertinentia
2835 2607 2899 2662 ad
2931 2608 3108 2665 locum
3149 2611 3372 2682 leg-unda
3402 2617 3702 2686 consignet.
3730 2619 3924 2678 Nonne

2338 2707 2465 2763 ergo
2495 2710 2616 2750 cum
2649 2696 2738 2750 tali
2769 2708 3004 2767 aegrotus
3034 2699 3196 2756 fuerit
3226 2705 3458 2760 refectus
3488 2722 3654 2763 succo
3683 2703 3936 2780 discipui

2336 2783 2437 2852 lus,
2472 2802 2579 2841 non
2623 2789 2798 2843 solum
2839 2792 3092 2859 pristinas
3123 2794 3317 2865 recipit
3355 2797 3528 2862 vires,
3557 2799 3650 2854 sed
3678 2811 3729 2854 et
3756 2817 3924 2856 novas

2335 2879 2591 2936 adversus
2635 2881 2912 2937 inimicum
2956 2885 3220 2953 acquirit;
3253 2895 3308 2941 et.
3351 2888 3694 2946 adversarius
3726 2893 3920 2961 perdit,

2335 2986 2453 3041 qum
2480 2987 2539 3027 se
2569 2982 2852 3041 putaverat
2895 2976 3190 3045 possidere.
3230 2978 3376 3035 Unde
3402 2982 3504 3036 alia
3534 2984 3621 3038 die
3651 3000 3808 3040 mane
3838 2987 3921 3040 in-

2338 3070 2638 3132 terrogetur
2667 3067 2733 3119 ab
2762 3066 2955 3123 abbate
2983 3069 3095 3139 ipse
3125 3071 3436 3141 discipulus,
3461 3076 3505 3129 si
3536 3077 3792 3145 cogitatio
3823 3079 3919 3133 ini-

2336 3156 2473 3211 mica
2531 3159 2785 3221 cessavit,
2838 3168 2931 3213 aut
2977 3177 3102 3217 non.
3151 3164 3302 3231 Quod
3345 3166 3388 3220 si
3435 3170 3772 3238 responderit
3814 3185 3922 3226 non

2339 3261 2600 3312 cessasse,
2653 3259 2990 3319 supponatur
3037 3252 3298 3321 jejunium
3349 3255 3417 3309 ab
3456 3259 3724 3314 omnibus.
3769 3261 3921 3328 Quod

2336 3337 2463 3391 item
2481 3338 2525 3391 si
2547 3339 2648 3392 alia
2672 3340 2759 3394 die
2784 3342 3208 3413 reinterrogatus
3235 3347 3591 3415 responderit,
3619 3365 3726 3405 non
3751 3360 3927 3406 trans-

2336 3431 2493 3496 iisse,
2539 3432 2899 3489 relieieutibus
2941 3438 3189 3491 onmibus
3233 3439 3432 3494 mensis
3459 3441 3806 3496 subtrahatur
3848 3446 3926 3498 vi-

2337 3537 2484 3575 num.
2517 3521 2652 3576 Nam
2673 3525 2718 3576 si
2742 3526 2919 3590 tertia,
2953 3527 3100 3593 quod
3129 3528 3288 3596 absit,
3309 3529 3421 3598 jam
3448 3531 3686 3587 dictione
3709 3533 3918 3601 judice-

2334 3629 2455 3667 nmr
2502 3615 2727 3669 modicae
2759 3617 2911 3681 Iidei,
2948 3634 3012 3670 nc
3041 3618 3322 3674 videamur
3369 3626 3521 3677 tarde
3549 3623 3796 3692 credere,
3832 3625 3924 3682 Dei

2335 3719 2494 3774 posse
2524 3707 2681 3760 nobis
2710 3708 2969 3762 auxilium
3001 3709 3305 3765 subvenire.
3340 3710 3605 3768 Praeterea
3636 3729 3756 3768 cum
3787 3703 3924 3772 scia-

2335 3811 2455 3850 mus
2480 3812 2602 3851 eum
2650 3799 2810 3852 nimis
2835 3814 2954 3854 esse
2997 3801 3424 3865 misericordem,
3450 3805 3535 3859 vel
3565 3807 3709 3874 pium
3732 3844 3748 3872 ,
3773 3816 3829 3862 et
3855 3809 3924 3862 ad

2337 3889 2693 3957 praestandum
2725 3900 2962 3958 pactum,
2994 3892 3118 3959 quia
3169 3909 3270 3947 non
3319 3894 3635 3950 obliviscitur
3687 3899 3927 3954 misereri

2335 3977 2498 4044 Itetts,
2522 3995 2614 4032 nec
2642 3981 2919 4034 contineJt
2952 3983 3006 4034 in
3046 3983 3124 4035 ira
3169 3986 3553 4040 misericordias
3581 4004 3704 4042 suas
3744 3987 3922 4059 (Psal.

2335 4071 2547 4138 Lxxvt}.
2578 4069 2720 4139 Ergo
2761 4072 2906 4140 quod
2935 4074 3363 4142 :.Uill‘adiXilllll§‘
3394 4078 3440 4132 si
3471 4080 3630 4133 tertio
3659 4080 3746 4143 die
3778 4082 3924 4136 rein-

2336 4172 2644 4231 terrogatus
2688 4167 3045 4235 responderit,
3099 4184 3206 4224 non
3234 4171 3540 4237 transiisse,
3581 4173 3709 4226 item
3737 4173 3921 4228 oleum

2328 4255 2535 4308 mensis
2575 4256 2924 4310 subtrahatur
2963 4272 3084 4311 cum
3126 4259 3272 4320 vino,
3305 4269 3363 4313 ut
3393 4262 3682 4320 multorum
3714 4265 3924 4334 labore,

2335 4349 2420 4404 vel
2449 4351 2784 4405 abstinentiae
2829 4367 2875 4406 Cl
2894 4352 3196 4418 uciatione,
3233 4355 3412 4411 nullus
3442 4366 3658 4426 pereat,
3687 4359 3784 4413 sed
3810 4374 3925 4413 om-

2335 4461 2428 4500 nes
2457 4447 2688 4502 evadant
2719 4467 2728 4500 :
2765 4457 2823 4501 ut
2856 4449 2906 4502 in
2935 4446 3314 4504 afﬂictionibus
3339 4452 3577 4506 omnium
3602 4452 3799 4508 divina:
3827 4455 3926 4508 iiii-

2339 4537 2644 4592 sericordix
2673 4539 2970 4594 remedium
2995 4549 3272 4607 speretur,
3309 4549 3363 4594 ut
3388 4542 3746 4612 apostolicum
3774 4559 3924 4599 com-

2341 4632 2550 4700 pleatur
2576 4640 2901 4701 praeceptum
2932 4631 3150 4697 dicens;
3183 4633 3408 4688 Invicem
3435 4651 3593 4689 onera
3613 4646 3782 4692 uestra
3805 4655 3926 4706 por-

2341 4731 2475 4785 tate,
2507 4733 2554 4777 et
2582 4723 2656 4776 sic
2686 4723 3033 4792 adimplebitis
3075 4726 3230 4794 legem
3266 4725 3455 4780 Christi
3488 4725 3630 4795 (Gal.
3663 4733 3757 4797 γι).
3791 4728 3924 4785 Nam

2339 4819 2396 4866 et
2418 4813 2450 4864 l'i
2464 4821 2582 4867 ater
2607 4812 2897 4866 mittendus
2926 4813 2976 4865 in
3005 4813 3090 4866 via
3118 4814 3221 4867 huc
3242 4831 3271 4868 a
3299 4833 3310 4882 ι
3333 4817 3596 4882 Repositis
3624 4819 3736 4873 suis
3765 4819 3927 4874 debet

2338 4905 2565 4969 moneri,
2619 4913 2675 4958 ut
2720 4904 2862 4958 omni
2903 4903 3037 4958 hora
3076 4905 3128 4958 in
3171 4908 3362 4975 quovis
3395 4908 3516 4963 loco
3563 4909 3634 4965 sit
3660 4910 3926 4968 sollicitus

2338 4995 2598 5050 adversus
2622 4995 2915 5062 diabolum,
2948 4997 3038 5065 qui
3064 4997 3116 5053 in
3149 4998 3227 5051 via
3259 4999 3407 5052 ducit
3435 5000 3501 5056 de
3545 5002 3719 5065 nobis,
3745 5011 3805 5068 et
3833 5020 3921 5058 so-

2340 5088 2468 5143 latio
2496 5103 2678 5143 secum
2705 5105 2800 5142 nos
2828 5089 2939 5142 vult
2969 5091 3180 5145 trahere
3209 5091 3260 5144 in
3287 5093 3588 5160 gehennam
3623 5113 3633 5148 :
3667 5110 3790 5150 cum
3813 5112 3925 5152 non

2342 5180 2541 5247 patitur
2580 5181 2718 5235 bene
2764 5181 2974 5247 agendo
3019 5182 3069 5234 in
3111 5182 3261 5238 caelis
3290 5184 3584 5240 ascendere
3616 5187 3921 5255 hominem,

2339 5273 2483 5328 unde
2506 5273 2621 5341 ipse
2651 5288 2745 5342 per
2769 5275 3032 5343 superbiae
3056 5290 3276 5330 causam
3300 5277 3538 5346 jactatus
3563 5287 3666 5334 est.
3689 5278 3924 5350 Ideoque

2340 5365 2499 5419 debet
2525 5379 2712 5418 servus
2737 5362 2928 5419 Christi
2962 5366 3012 5419 in
3043 5368 3235 5437 quovis
3266 5369 3418 5433 loco,
3450 5370 3612 5426 etiam
3639 5371 3755 5426 sine
3780 5388 3922 5442 pra:-

2339 5459 2509 5512 sentia
2557 5458 2796 5524 majoris,
2844 5467 3031 5513 cautus
3075 5461 3409 5526 consistere;
3459 5470 3513 5516 ct
3553 5462 3838 5531 diligenter
3866 5481 3924 5520 se

2341 5557 2447 5603 tum
2481 5563 2512 5602 a
2535 5547 2688 5602 malis
2718 5546 2890 5612 factis,
2923 5563 3081 5616 quam
3110 5566 3138 5602 a
3172 5551 3350 5618 pravis
3379 5553 3796 5618 cogitationibus
3825 5555 3924 5611 ob-

2337 5652 2568 5694 servare.
2603 5635 2670 5690 Et
2699 5637 2804 5693 hoc
2829 5637 2990 5692 debet
3020 5636 3181 5694 frater
3207 5641 3449 5709 moneri,
3481 5652 3542 5697 ut
3569 5659 3691 5700 cum
3720 5647 3921 5713 cogita-

2342 5731 2413 5784 tio
2442 5729 2615 5798 aliqua
2646 5730 2695 5784 ei
2725 5729 3020 5794 advenerit,
3053 5747 3178 5786 mox
3211 5731 3328 5788 lix-is
3363 5732 3417 5788 iu
3459 5743 3599 5788 terra
3638 5750 3760 5789 cum
3806 5754 3917 5791 cer-

2342 5829 2456 5882 vice
2481 5825 2725 5894 genibus,
2757 5824 2838 5878 vel
2862 5826 3018 5893 signo
3048 5826 3222 5883 crucis
3249 5827 3303 5882 in
3332 5827 3508 5884 fronte
3536 5828 3772 5898 depicto,
3801 5845 3921 5900 pre-
