5174 6594
1259 422 1365 482 983

2582 432 2918 492 AUCTORIS
2953 432 3227 492 INCERTI

4437 437 4545 499 εει

1256 549 1411 609 cibus
1453 549 1615 606 debet
1664 549 1732 606 ad
1785 550 2071 606 Dominum
2115 552 2445 617 convolare;
2493 560 2551 607 ut
2598 553 2847 623 dignetur
2873 555 2919 610 Δ
2951 553 3200 609 vietualia
3231 554 3564 622 monasterii,
3595 568 3715 625 quae
3742 554 3794 612 in
3837 557 4122 628 praebenda
4150 557 4413 629 operariis
4430 563 4543 618 suis

1256 657 1387 701 suos
1413 642 1614 698 milites
1643 658 1672 697 a
1702 642 1919 698 diabolo
1955 642 2267 700 defendere.
2298 647 2431 709 Quia
2458 646 2609 714 vitia,
2640 647 2740 703 nisi
2765 663 2853 702 re-

1255 735 1560 805 primantur
1599 751 1721 789 cum
1768 751 1930 803 parva
1980 747 2125 804 Sunt,
2168 753 2288 792 cum
2327 754 2518 807 magna
2554 739 2710 806 fiunt,
2746 756 2851 796 non

1255 827 1701 895 constringuntur
1732 845 1745 880 :
1779 836 1834 882 et
1863 844 1981 883 cum
2014 830 2246 897 cogitata
2277 831 2414 884 mala
2446 830 2602 887 factis
2630 832 2855 902 implen-

1262 927 1377 989 tur,
1406 918 1475 975 de
1503 918 1744 991 perfceto
1789 931 2048 990 peccato,
2087 921 2324 991 perfecta
2353 939 2499 979 mors
2532 925 2850 994 acquiritur.

1849 1029 2080 1087 CAPUT
2116 1029 2255 1086 XVI.

1693 1142 2091 1183 INTERROGATIO
2130 1144 2411 1184 DISCIPULI.

1426 1243 1509 1300 De
1528 1245 1740 1299 cettario
1769 1246 2095 1311 monasterii,
2126 1244 2293 1315 qualis
2316 1244 2499 1299 debeat
2529 1262 2661 1301 esse.

1503 1376 1815 1416 RESPONDET
1860 1376 2086 1416 DOHINUS
2126 1378 2226 1414 I‘ER
2268 1377 2573 1417 IAGISTRUII

1312 1476 1552 1540 Fratres,
1586 1478 1763 1532 omnis
1806 1493 1971 1546 opera
2004 1477 2237 1547 pretium
2271 1477 2435 1531 habet
2476 1496 2487 1528 ε
2522 1477 2649 1546 quia
2684 1477 2846 1546 digno

1246 1570 1588 1625 mercenaria
1610 1569 1889 1623 mercedes
1911 1568 2210 1639 debentur;
2234 1578 2290 1622 et
2317 1568 2429 1623 bovi
2452 1571 2721 1624 tritnranti
2745 1588 2845 1624 non

1241 1664 1548 1734 alligabitur
1598 1678 1656 1717 os
1714 1660 1891 1729 (Deut.
1946 1663 2097 1730 xxv).
2145 1662 2276 1715 Nam
2333 1672 2388 1717 ct
2442 1664 2656 1718 labores
2706 1666 2847 1719 fruc-

1247 1767 1395 1809 tuum
1429 1770 1650 1809 suorum
1699 1756 1916 1810 beatum
1949 1755 2152 1809 faciunt
2201 1757 2614 1811 manducantem
2647 1759 2667 1831 (
2698 1758 2843 1816 Psal.

1240 1856 1444 1919 cxxm)
1478 1868 1491 1903 :
1521 1850 1644 1919 quia
1676 1848 1933 1904 Dominus
1967 1849 2170 1903 homini
2195 1859 2379 1905 creato
2409 1852 2589 1905 omnia
2619 1854 2847 1921 subjecit

2956 642 3215 700 Dominus
3256 659 3468 701 annona
3500 645 3804 713 distribuit,
3835 647 3879 703 si
3912 649 4052 705 male
4079 657 4135 705 et
4175 648 4546 708 fraudulenter

2956 748 2986 787 a
3018 735 3240 789 cellario
3269 734 3661 790 distribuantur
3689 746 3744 791 et
3770 748 4016 808 pereant,
4042 741 4180 795 sciat
4214 756 4274 795 se
4304 743 4544 813 supradi-

2956 835 3073 882 ctus
3101 827 3353 882 cellarius
3379 828 3432 882 in
3459 828 3544 882 die
3561 826 3750 895 judicii
3779 829 3943 884 divini
3973 839 4096 885 ante
4125 831 4358 887 tribunal
4390 834 4547 888 ratio-

2954 921 3109 975 ciniis
3148 921 3381 986 discuti;
3419 938 3542 977 cum
3581 939 3849 977 annonam
3879 940 4163 979 servnrum
4192 940 4413 980 suorum
4449 927 4547 981 Do-

2954 1013 3133 1068 minus
3164 1029 3261 1084 per
3302 1015 3678 1084 negligentiam
3725 1015 3923 1071 viderit
3950 1017 4161 1072 stricari
4196 1034 4208 1071 :
4242 1019 4369 1087 quia
4398 1017 4543 1088 quod

2948 1106 3097 1176 juste
3126 1108 3386 1164 Dominus
3412 1108 3584 1179 dignis
3616 1110 3798 1177 tradit,
3831 1109 4047 1179 indigne
4095 1112 4165 1166 ab
4202 1111 4547 1167 evenerihes

2950 1215 3059 1255 non
3088 1201 3290 1271 patitur
3313 1203 3545 1257 stricari.
3594 1203 3694 1268 Qui
3720 1203 3968 1258 cellarius
3992 1204 4111 1259 sine
4144 1216 4416 1277 prmeepto
4443 1205 4541 1261 ab-

2950 1292 3093 1348 batis
3119 1293 3248 1348 nihil
3282 1294 3503 1355 tribuat.
3537 1302 3631 1348 aut
3658 1304 3876 1363 eroget,
3904 1295 3986 1350 vel
4014 1296 4306 1367 expendat,
4338 1312 4439 1353 nec
4465 1298 4549 1353 iii-

2950 1385 3109 1442 ﬁrmo
3142 1390 3193 1441 in
3240 1388 3523 1458 praisentia
3553 1387 3671 1457 ejus
3702 1398 3856 1444 extra
3881 1389 4089 1459 jussum
4135 1391 4335 1462 aliquid
4367 1392 4545 1462 porri—

2952 1489 3061 1547 gat.
3091 1480 3352 1535 Cellarius
3380 1480 3783 1552 eleemosyuam
3813 1481 3975 1536 faciat
4001 1498 4121 1537 cum
4147 1484 4308 1553 jussu
4339 1485 4549 1541 abbatis

2951 1570 3004 1624 in
3037 1571 3319 1640 prmsentia
3345 1570 3497 1640 ejus;
3530 1571 3582 1626 in
3605 1572 3848 1626 absentia
3880 1587 4010 1627 vero
4037 1573 4157 1642 ejus
4185 1574 4346 1629 liceat
4374 1575 4425 1628 ei
4458 1591 4547 1645 pe-

2954 1663 3081 1717 tenti
3113 1663 3331 1732 pauperi
3372 1665 3769 1735 eleemosynani
3812 1665 4090 1731 exhibere,
4139 1677 4366 1737 propter
4407 1684 4545 1738 pne-

2950 1765 3162 1823 ceptum
3208 1756 3441 1818 Domini,
3473 1757 3617 1826 quod
3656 1756 3785 1810 dicit
3821 1776 3830 1810 :
3866 1754 4021 1811 Omni
4060 1760 4253 1823 petenti
4290 1770 4340 1813 te
4385 1760 4549 1814 tribue

2951 1846 3101 1901 (Luc.
3137 1849 3233 1914 γι).
3269 1846 3331 1899 Et
3364 1849 3488 1902 item
3520 1866 3531 1900 :
3566 1846 3682 1914 Da,
3732 1865 3795 1902 ne
3825 1851 3904 1903 cui
3949 1866 4050 1904 non
4086 1850 4292 1905 dederis
4330 1853 4448 1923 ipse
4485 1854 4549 1907 sit

1239 1946 1343 1997 sub
1403 1943 1633 2013 pcdibus
1679 1942 1798 2012 ejus
1821 1986 1835 2008 ,
1890 1952 2111 2012 promer
2161 1960 2319 2015 quem
2373 1948 2579 2000 crcavit
2630 1959 2841 2002 cuncta.
2880 1944 2922 2003 Β
2953 1942 3206 1996 Chris'us.
3236 1941 3489 2009 Quotidie
3516 1942 3768 1997 cellarius
3794 1958 3916 1995 cum
3938 1945 4336 2014 septimanariis
4363 1960 4548 2000 coram

1237 2033 1383 2104 Ergo
1441 2036 1485 2089 si
1532 2035 1743 2103 injustis
1792 2043 1847 2089 et
1884 2036 2115 2090 inimicis
2158 2037 2284 2103 Dei,
2336 2037 2385 2093 id
2427 2047 2540 2102 est,
2570 2055 2676 2094 non
2718 2055 2835 2095 cre—

1236 2127 1487 2182 dentibus
1532 2129 1752 2201 paganis
1777 2169 1792 2193 ,
1848 2136 1904 2183 et
1942 2129 2207 2183 litereticis
2236 2172 2251 2196 ,
2312 2131 2394 2183 vcl
2436 2131 2665 2187 diversis
2706 2148 2835 2202 pec-

1237 2222 1512 2276 catoribus
1541 2222 1755 2277 diversa
1796 2222 2046 2276 victualis
2084 2231 2331 2277 creatura
2372 2225 2661 2279 famulatur
2705 2228 2836 2280 sub-

1232 2316 1395 2385 jecta,
1426 2326 1484 2371 ut
1506 2317 1786 2371 uuivcrsus
1818 2316 2048 2372 mundus
2077 2316 2305 2371 diversis
2333 2316 2600 2385 deservit;
2633 2326 2836 2385 quanto

1233 2408 1409 2476 magis
1461 2408 1807 2463 credentibus
1861 2409 1914 2462 in
1973 2408 2125 2475 Deo,
2177 2418 2232 2463 et
2287 2409 2426 2463 bene
2480 2411 2836 2466 servientibus

1234 2501 1327 2567 ei,
1374 2500 1520 2569 juste
1571 2507 1628 2555 et
1685 2500 1846 2570 digne
1900 2499 2162 2555 Dominus
2223 2501 2290 2554 ad
2349 2500 2511 2555 vitam
2569 2502 2834 2558 diversam

1234 2604 1537 2651 creaturam
1597 2595 1856 2663 tradidit,
1911 2609 2073 2664 quam
2126 2596 2374 2659 creavit;
2434 2605 2490 2651 et
2540 2598 2692 2665 quasi
2752 2598 2833 2667 pi-

1233 2703 1373 2758 gnus
1417 2689 1606 2742 futura:
1653 2687 2092 2756 repromissionis
2142 2687 2196 2741 in
2238 2688 2491 2758 praisenti
2550 2689 2654 2742 hoc
2696 2698 2834 2743 tem-

1233 2797 1367 2853 pore
1398 2782 1577 2836 omnia
1609 2781 1733 2834 vita:
1772 2780 2077 2835 necessaria
2108 2780 2493 2846 ministrando,
2535 2795 2642 2834 non
2674 2779 2832 2836 dere-

1238 2873 1435 2943 iiiiquet
1472 2873 1730 2927 Dominus
1757 2880 2061 2942 qurerentes
2086 2872 2180 2925 se?
2204 2872 2335 2939 Quia
2361 2872 2539 2926 divites
2561 2881 2829 2942 eguerunt,

1231 2976 1278 3020 et
1310 2968 1596 3019 csurierunt
1630 2983 1646 3020 :
1679 2968 1993 3037 inquireutes
2013 2982 2133 3019 vero
2161 2964 2441 3019 Dominum
2468 2983 2571 3019 non
2593 2968 2833 3033 de/icient

1234 3063 1374 3115 omni
1406 3060 1540 3114 bono
1572 3061 1592 3129 (
1622 3059 1764 3113 l’sal.
1810 3076 1974 3115 χχχιιι
2002 3062 2042 3129 ).
2083 3058 2148 3112 Ει
2177 3061 2481 3114 esurientes
2510 3060 2699 3131 implet
2729 3061 2829 3116 bo-

1233 3154 1318 3206 nis
1349 3152 1625 3217 Dominus,
1652 3160 1707 3205 et
1734 3151 1926 3208 divites
1953 3152 2173 3206 dimittit
2204 3152 2390 3206 inanes
2426 3170 2437 3203 :
2470 3160 2524 3206 et
2574 3161 2829 3221 tanquam

1232 3252 1367 3308 nihil
1399 3252 1684 3315 habentes,
1714 3258 1769 3305 et
1796 3250 1979 3305 omnia
2021 3248 2379 3320 possidentes.
2410 3248 2551 3317 Ergo
2581 3250 2829 3304 cellarius

2941 2030 3139 2085 abbate
3171 2031 3224 2086 in
3255 2033 3504 2086 oratorio
3541 2047 3664 2087 cum
3699 2036 4117 2102 congregatione
4159 2036 4548 2093 communicet.

2941 2123 3271 2180 lntrautibus
3294 2125 3347 2179 in
3372 2126 3712 2181 hebtlomada
3734 2128 4130 2196 septimanariis
4145 2143 4278 2182 vasa
4304 2130 4549 2200 coquinz

2941 2217 3056 2287 ipse
3085 2219 3367 2287 consignet
3401 2237 3416 2273 :
3448 2220 3719 2289 completa
3760 2220 4094 2276 bebdomada
4122 2221 4189 2276 ab
4218 2224 4548 2278 exeuntibus

2939 2308 3136 2364 munda
3187 2311 3302 2380 ipsa
3342 2310 3589 2380 recipiat,
3621 2311 3739 2365 aliis
3779 2311 4105 2369 intrantibus
4146 2315 4544 2384 consignanda.

2940 2406 3069 2470 Quae
3098 2420 3221 2458 vasa
3258 2405 3569 2459 monasterii
3607 2405 3650 2459 si
3694 2406 3793 2460 sub
3819 2406 4002 2475 aliquo
4034 2422 4130 2477 per
4155 2410 4545 2477 negligentiam

2938 2500 3106 2553 fracta
3137 2500 3353 2563 fuerint,
3389 2516 3493 2555 non
3526 2502 3674 2571 prius
3702 2504 3792 2571 qui
3827 2500 3989 2573 fregit
4030 2504 4256 2560 accedat
4288 2507 4358 2561 ad
4396 2525 4545 2564 men-

2938 2607 3075 2658 sam,
3109 2595 3205 2648 nisi
3237 2595 3505 2665 pmnitens
3534 2596 3713 2649 abbati
3745 2596 4097 2664 satisfecerit,
4125 2614 4227 2669 per
4267 2602 4543 2657 humilita-

2940 2694 3046 2739 tem
3092 2686 3156 2740 ad
3201 2702 3375 2756 genua
3417 2687 3748 2745 incurvatus.
3794 2689 3997 2759 Ejectis
4038 2708 4171 2750 vero
4217 2696 4290 2749 de
4318 2698 4542 2754 cellario

2938 2779 3189 2833 omnibus
3223 2781 3563 2837 necessariis.
3589 2797 3712 2837 cum
3733 2785 4151 2852 congregatione
4186 2788 4254 2840 ad
4297 2804 4537 2844 mens-im

2935 2870 3184 2926 cellarius
3211 2872 3397 2926 sedeat
3418 2876 3634 2938 tacitus,
3661 2882 3717 2928 et
3743 2877 4051 2933 manducet.
4081 2878 4186 2945 Qui
4213 2881 4476 2937 cellarius
4495 2884 4537 2937 si

2934 2977 2995 3018 se
3035 2963 3293 3020 levaverit
3345 2966 3549 3035 aliquid
3595 2977 3905 3036 apportare.
3940 2986 4110 3041 usque
4149 2970 4282 3026 dum
4329 2976 4533 3041 redeat,

2935 3072 3124 3112 omnes
3153 3057 3220 3112 de
3248 3072 3431 3112 mensa
3465 3058 3517 3112 in
3563 3073 3668 3128 qua
3715 3060 3941 3116 sedebat
3983 3062 4051 3117 ad
4101 3065 4536 3123 manducandum

2934 3158 3250 3220 exspectent
3286 3164 3435 3206 eum.
3467 3151 3617 3220 Opus
3643 3151 3858 3220 aliquod
3888 3153 4089 3210 laboris
4120 3154 4432 3212 faciendum
4462 3159 4539 3214 bis

2933 3242 3082 3297 boris
3109 3242 3359 3299 cellarius
3390 3244 3670 3312 suscipiat,
3702 3245 3922 3313 quando
3951 3246 4131 3318 aliqua
4158 3263 4295 3303 cura
4337 3259 4397 3305 et
4422 3251 4534 3305 dili-

1234 3347 1552 3403 monasterii
1580 3362 1688 3401 non
1720 3346 1935 3400 aliunde
1973 3358 2135 3414 quam
2166 3344 2507 3413 dispensator
2526 3343 2829 3397 divinarum
2857 3316 2906 3378 (ἶ
2938 3334 3118 3402 gentia
3147 3334 3230 3387 vel
3272 3334 3605 3404 dispensatio
3636 3335 3839 3390 cellaiii
3865 3337 4085 3392 minime
4108 3349 4409 3395 exercetur
4437 3360 4451 3395 ;
4483 3353 4534 3396 ιιι

1234 3454 1418 3493 rerum
1444 3455 1460 3501 ;
1493 3438 1547 3492 in
1578 3444 1788 3491 tantum
1815 3436 2151 3498 divinarum,
2183 3443 2245 3489 ut
2287 3435 2545 3489 Dominus
2575 3435 2627 3488 in
2657 3433 2835 3489 Evan-

1236 3534 1380 3603 gelio
1419 3532 1704 3603 promittat
1748 3530 1997 3587 ﬁdelibus
2024 3530 2195 3587 servis
2221 3533 2368 3596 suis,
2398 3531 2581 3585 dicens
2612 3548 2623 3583 :
2660 3529 2839 3585 Nolite

1241 3625 1470 3696 cogitare
1512 3622 1637 3693 quid
1668 3622 2026 3688 ntand~'cetis,
2056 3630 2146 3674 aut
2174 3621 2298 3691 quid
2338 3620 2558 3681 bibatis,
2601 3630 2691 3673 aut
2714 3620 2838 3689 quid

1239 3716 1535 3770 induamini
1559 3715 1773 3781 (Matth.
1789 3714 1884 3783 v1).
1900 3713 2073 3771 Simul
2096 3721 2152 3768 et
2173 3712 2242 3767 de
2255 3714 2496 3768 crastino
2521 3720 2707 3766 monet
2730 3728 2835 3767 non

1241 3811 1445 3865 debere
1475 3822 1801 3880 quemquam
1823 3823 1949 3863 esse
1972 3807 2262 3863 sollicitum
2286 3824 2299 3871 ;
2329 3806 2424 3861 sed
2450 3807 2553 3861 hoc
2578 3806 2837 3862 admonet

1242 3904 1432 3960 dicens
1464 3920 1476 3955 :
1512 3900 1742 3966 Quaerite
1768 3918 1984 3973 regnum
2012 3911 2062 3955 et
2077 3901 2337 3972 justitiam
2363 3898 2478 3967 Dei,
2508 3908 2557 3953 et
2587 3901 2697 3954 Iure
2724 3916 2835 3954 om-

1236 4000 1327 4052 nia
1371 4004 1699 4066 opponentur
1744 3995 1905 4049 vobis.
1950 3995 2066 4049 Scit
2106 3996 2241 4047 enim
2281 3992 2436 4045 I'ater
2463 4003 2627 4046 vester
2664 3994 2749 4063 qui
2778 3993 2831 4046 in

1241 4090 1384 4144 etzlis
1402 4104 1496 4154 est,
1514 4089 1635 4158 quia
1660 4088 1768 4142 lucc
1782 4089 1956 4141 omnia
1977 4088 2215 4157 indigetis
2237 4090 2253 4140 l
2267 4086 2448 4153 Ibid.).
2476 4086 2616 4151 Ergo
2645 4087 2689 4139 si
2721 4086 2832 4140 Deo

1236 4181 1597 4237 servientibus
1624 4180 1749 4232 vita:
1798 4179 2103 4232 necessaria
2141 4192 2169 4229 a
2214 4176 2437 4230 Domino
2467 4184 2829 4245 apponuntur,

1240 4284 1295 4328 et
1338 4274 1440 4327 scit
1473 4272 1725 4326 Dominus
1772 4279 1954 4324 nostcr
1989 4270 2145 4323 Pater
2171 4269 2437 4333 ccclesiis,
2470 4282 2587 4335 quas
2628 4260 2830 4334 indigeo

1240 4382 1379 4430 mus,
1408 4372 1463 4419 et
1490 4375 1791 4435 prmparat;
1834 4364 1983 4417 vides
2008 4376 2159 4430 ergo,
2190 4363 2311 4431 quia
2346 4361 2591 4414 victualia
2625 4369 2827 4424 nostra,

1239 4477 1362 4517 cum
1393 4460 1460 4514 ab
1491 4460 1607 4529 ipso
1642 4460 1796 4513 nobis
1825 4464 2215 4527 praiparantur,
2234 4456 2500 4509 dominica
2519 4455 2657 4506 dona
2682 4462 2824 4506 sunt.

1240 4555 1374 4609 Nam
1406 4554 1543 4606 sicut
1574 4553 1805 4607 carnalis
1829 4551 2030 4605 domini
2052 4566 2258 4613 servus,
2285 4550 2420 4603 alter
2442 4558 2618 4602 tamen
2642 4548 2825 4613 homo,

1237 4646 1305 4703 de
1337 4645 1625 4717 praebendo
1654 4645 1877 4699 servitio
1908 4660 2007 4699 suo
2036 4642 2374 4697 solummodo
2421 4650 2503 4695 est
2531 4640 2827 4707 sollicitus,

1237 4741 1328 4808 qui
1362 4741 1427 4792 de
1460 4738 1823 4809 prteparandis
1851 4752 1879 4788 a
1922 4736 2143 4789 domino
2172 4750 2270 4791 suo
2293 4749 2539 4797 annona',
2569 4733 2830 4801 vestiarii,

1235 4829 1484 4883 calccarii
1516 4830 1698 4883 usibus
1737 4838 1818 4881 est
1848 4842 2098 4887 securus,
2130 4836 2332 4893 quanto
2363 4827 2530 4895 magis
2575 4826 2833 4879 Dominus

1238 4930 1425 4976 noster
1453 4923 1691 4978 ccelestis
1720 4925 2023 4978 necessaria
2045 4924 2168 4977 vitm
2195 4933 2391 4977 nosti-tr
2416 4924 2561 4991 juste
2592 4939 2690 4977 nos
2720 4938 2828 4978 non

1240 5014 1484 5082 praecipit
1523 5015 1805 5081 cogitare?
1835 5014 1967 5079 Quia
1999 5014 2041 5066 si
2072 5014 2233 5066 homo
2264 5014 2463 5067 homini
2493 5014 2734 5068 serviens
2761 5015 2830 5069 ad

1242 5104 1651 5171 przenarandutn
1691 5104 1791 5157 sibi
1840 5103 2074 5156 creditor
2123 5104 2386 5169 idoneus;
2424 5113 2628 5173 quanto
2661 5104 2832 5173 magis

1241 5196 1585 5249 credentibus
1614 5194 1701 5248 vel
1749 5196 2105 5247 servientibus.
2154 5194 2289 5258 Deo,
2323 5196 2411 5263 qui
2466 5199 2669 5249 creavit
2715 5198 2828 5265 ipsa

1241 5289 1446 5350 omnia,
1476 5296 1529 5340 et
1577 5295 1769 5339 cuncta
1802 5295 1993 5353 potens
2018 5294 2101 5339 est
2128 5285 2438 5353 adimplere,
2471 5288 2648 5340 omnia
2682 5297 2834 5356 pote-

1242 5391 1369 5436 runt
1410 5380 1694 5432 famulari?
1726 5379 1860 5442 Quia
1884 5381 2059 5449 junior
2088 5380 2190 5447 fui,
2224 5390 2272 5431 et
2312 5380 2484 5438 senui,
2513 5392 2558 5432 et
2601 5397 2698 5433 non
2730 5382 2831 5434 vidi

1244 5473 1443 5537 instant
1482 5470 1800 5531 dei'clictttm,
1827 5484 1919 5520 nec
1964 5484 2131 5521 semen
2149 5473 2273 5536 'cjtts
2318 5486 2467 5538 egens
2495 5487 2628 5538 pane
2658 5470 2829 5533 (Psol.

1246 5570 1434 5629 xxxvr)
1467 5561 1595 5614 :setl
1620 5561 1789 5625 ‘oagis
1815 5567 1927 5614 tota
1959 5560 2046 5614 die
2072 5560 2356 5615 miseretur
2396 5572 2449 5615 ct
2498 5563 2823 5617 commodat.

1248 5654 1393 5722 Ergo
1423 5669 1542 5706 cum
1583 5653 1647 5706 de
1692 5653 1809 5706 solo
1839 5654 2056 5707 servitio
2088 5662 2273 5708 nostro
2318 5654 2366 5709 in
2398 5656 2714 5723 inquirendo
2745 5674 2829 5710 re-

1249 5762 1413 5818 gnum
1443 5756 1497 5800 et
1523 5748 1783 5815 justitiam
1816 5747 1931 5813 ejus
1982 5747 2233 5800 fuerimus
2262 5748 2509 5812 solliciti,
2544 5749 2824 5803 Dominum

1250 5841 1532 5897 credamus
1560 5841 1712 5893 nobis
1738 5842 1916 5894 ouitiia
1940 5842 2275 5905 ministrare;
2304 5841 2393 5909 qui
2424 5843 2563 5893 ultro
2588 5857 2646 5895 se.
2676 5844 2828 5897 nobis

1254 5930 1554 5984 necessaria
1597 5933 1771 5983 omnia
1824 5932 2087 6002 promittit
2136 5946 2426 5999 apponere.
2474 5930 2610 6000 Ergo
2648 5934 2824 5985 omnia

2940 3427 3149 3481 otiosus
3180 3428 3232 3481 in
3264 3428 3367 3484 illis
3394 3427 3544 3483 horis
3572 3444 3683 3483 non
3719 3429 3810 3484 sit.
3849 3429 3905 3485 In
3936 3431 4179 3487 oratorio
4215 3433 4418 3489 absens
4448 3449 4536 3505 per

2941 3520 3382 3587 occupationem,
3417 3521 3632 3576 dicente
3668 3521 3865 3576 abbate
3908 3537 4006 3593 pro
4047 3537 4116 3579 eo
4155 3524 4453 3589 fratribus,
4480 3536 4535 3582 ut

2942 3612 3205 3668 habeatur
3231 3612 3285 3667 in
3317 3620 3517 3677 mente.
3541 3613 3708 3667 simul
3749 3621 3808 3669 et
3846 3614 3961 3684 ipse
3986 3616 4265 3686 cellarius,
4293 3620 4342 3673 si
4373 3636 4535 3690 prope

2939 3705 3237 3759 oratorium
3262 3704 3541 3758 cellarium
3573 3705 3754 3771 fuerit,
3781 3719 3875 3761 sua
3905 3721 4037 3762 voce
4061 3716 4213 3777 petat
4249 3725 4312 3764 se
4340 3712 4535 3766 debere

2938 3797 2992 3851 in
3011 3796 3351 3852 orationibus
3370 3798 3659 3852 memorari
3694 3817 3711 3855 :
3742 3806 3801 3852 et
3820 3806 3998 3853 tamen
4030 3799 4176 3855 lente
4202 3800 4283 3857 sic
4303 3817 4534 3873 ocrupa-

2939 3900 3025 3947 tus
3050 3892 3103 3947 in
3156 3891 3301 3947 iacto
3346 3906 3483 3962 Opus
3529 3891 3626 3946 Dci
3668 3891 3771 3947 sibi
3816 3891 3982 3957 dicat,
4012 3900 4068 3948 et
4093 3893 4211 3964 ipse
4258 3898 4538 3965 sequenlo

2938 4003 3127 4044 vocem
3156 3987 3242 4043 vel
3273 4001 3485 4044 versum
3512 3987 3756 4042 oratorii.
3786 3985 3852 4041 Et
3878 3988 4075 4043 merito
4103 3990 4249 4045 intus
4281 3991 4336 4045 in
4360 4004 4536 4048 orato-

2938 4081 3020 4135 rio
3050 4081 3212 4135 debet
3248 4080 3317 4134 ab
3359 4080 3610 4135 omnibus
3657 4081 3972 4147 memorari,
4004 4082 4096 4151 qui
4147 4098 4248 4152 pro
4291 4087 4531 4140 omnium

2934 4172 3301 4227 sollicitudine
3319 4180 3621 4241 occupatur
3642 4188 3658 4228 :
3681 4180 3738 4227 et
3757 4173 4027 4241 quomodo
4052 4172 4122 4228 ab
4149 4189 4260 4228 uno
4285 4191 4528 4231 commto

2936 4264 3019 4317 nis
3047 4278 3144 4334 pro
3168 4262 3416 4318 omnibus
3441 4264 3643 4316 utilitas
3675 4270 4018 4333 procuratur,
4041 4263 4119 4318 sic
4141 4267 4386 4320 omnium
4412 4284 4529 4322 cum

2937 4370 3042 4409 uno
3071 4356 3339 4425 partiatur
3364 4353 3560 4409 oratio.
3596 4352 3740 4408 Vitia
3768 4368 3897 4408 vero
3926 4355 4039 4409 oris
4065 4363 4123 4410 et
4143 4358 4396 4426 corporis
4423 4361 4533 4428 ejus

2934 4447 3289 4502 custodienda
3316 4447 3384 4500 ab
3433 4448 3550 4519 ipso
3580 4446 3775 4500 abbate
3804 4445 4184 4501 custodientur
4214 4464 4227 4499 :
4262 4450 4391 4517 quia
4424 4450 4529 4504 cel-

2937 4541 3104 4595 larius
3150 4539 3252 4594 sub
3299 4538 3498 4593 nullius
3544 4536 3759 4592 decada!
3805 4552 4032 4591 numero
4083 4537 4184 4594 sub
4238 4544 4533 4610 ιιι-προδίιο

2936 4633 3245 4689 continetur
3276 4649 3291 4684 :
3322 4646 3391 4686 ne
3429 4629 3589 4694 forte,
3621 4630 3895 4698 quomodo
3934 4644 4064 4685 caro
4103 4641 4251 4685 amat
4289 4648 4417 4702 qua:
4444 4649 4529 4687 sua

2941 4735 3089 4790 sunt,
3121 4731 3342 4795 propter
3365 4721 3600 4803 aliquem
3628 4720 3945 4791 appetitum,
3968 4723 4053 4776 vel
4080 4722 4531 4780 subministratio-

2942 4836 3064 4876 nem
3109 4818 3284 4887 gulre,
3311 4831 3473 4871 causa
3522 4805 4131 4885 Dei'prtetermittatur,
4171 4826 4227 4872 et
4268 4834 4371 4888 pro
4418 4823 4530 4875 cibo

2942 4913 3024 4968 vel
3057 4919 3185 4982 potu
3210 4925 3317 4964 non
3347 4915 3537 4963 exacta
3561 4899 3882 4976 excogitatio
3909 4902 4197 4964 carnaliter
4225 4914 4523 4979 provenda-

2944 5014 3048 5058 tur.
3083 5000 3338 5057 Uteusilia
3370 5000 3548 5053 omnia
3593 5000 3901 5054 monasterii
3931 4999 4046 5068 ipse
4080 5001 4308 5073 recipiat
4329 5003 4404 5057 ad
4433 5020 4497 5056 nn

2940 5110 3170 5161 merum,
3201 5100 3255 5146 et
3282 5090 3508 5145 diversis
3537 5090 3836 5159 consignet.
3868 5088 3943 5144 De
3973 5091 4224 5145 omnibus
4256 5107 4393 5148 vero
4416 5108 4524 5163 qua:

2938 5196 3063 5243 sunt
3086 5189 3136 5240 in
3159 5184 3489 5239 monasterio
3515 5189 3666 5237 extra
3698 5182 3968 5247 abbatem,
3994 5182 4170 5236 nullus
4192 5183 4299 5237 sibi
4326 5185 4523 5253 aliquid

2936 5281 3083 5336 velut
3104 5294 3283 5345 suum,
3312 5276 3425 5334 sive
3450 5274 3593 5344 quod
3623 5276 3827 5339 attulit,
3844 5276 3962 5331 sive
3988 5276 4133 5343 quod
4162 5277 4401 5343 invenit,
4421 5281 4523 5334 sive

2936 5374 3075 5445 quod
3107 5370 3391 5433 laboravit,
3420 5366 3504 5422 vel
3548 5366 3864 5436 acquisivit,
3906 5368 4086 5423 nullus
4111 5369 4315 5438 aliquid
4364 5387 4519 5442 pecu-

2936 5466 3067 5521 liare
3095 5464 3484 5527 vindieet,-aut
3525 5458 3822 5515 defendat:
3850 5460 3972 5529 quia
4015 5460 4214 5529 regulae
4251 5465 4516 5521 sementis

2936 5558 3049 5613 liare
3072 5566 3156 5612 est
3188 5574 3203 5609 :
3243 5553 3341 5608 Res
3372 5552 3669 5607 monasterii
3679 5564 3737 5607 ἐι
3763 5553 3990 5605 omnium
4016 5563 4111 5617 est,
4137 5563 4182 5606 et
4207 5556 4412 5611 natiiis
4435 5571 4516 5609 ea.

2935 5650 3198 5705 Cellarius
3242 5664 3369 5703 vero
3409 5649 3523 5718 ipse
3562 5646 3730 5701 frater
3777 5646 4087 5713 ordinetur,
4127 5647 4220 5716 qui
4270 5651 4520 5719 probatus
4580 5652 4581 5663 ‘

2937 5746 3097 5800 fuerit
3120 5745 3187 5799 ab
3218 5745 3411 5798 abbate
3436 5742 3598 5797 fidelis
3630 5751 3684 5796 ct
3705 5742 3979 5797 abstinens
4003 5757 4125 5797 esse
4157 5763 4167 5796 :
4199 5758 4370 5813 quem
4400 5761 4518 5800 nuo-

2936 5856 3095 5910 quam
3125 5839 3291 5892 vincit
3316 5836 3605 5906 aliquando
3630 5836 3806 5906 aliqua
3832 5836 4225 5892 desideriorum
4250 5851 4381 5908 gula
4402 5883 4418 5908 ,
4445 5838 4517 5896 vel

2937 5934 3026 5995 qui
3058 5948 3162 5989 non
3205 5932 3429 5985 multum
3478 5941 3621 5984 amat
3660 5930 4005 5995 manducare,
4048 5940 4141 5985 aut
4189 5931 4387 5990 bibere
4419 5954 4434 5989 :
4462 5946 4515 5988 ne
4572 6006 4573 6029 χ
