5174 6542
702 421 809 480 985

2174 415 2474 476 REGULA.

3892 423 3994 483 986

700 538 872 606 magis
916 535 1072 589 detur
1124 535 1272 590 locus
1325 533 1560 595 diabolo,
1614 532 1756 588 sicut
1805 531 1934 588 dicit
1960 530 2238 601 Scriptura
2279 533 2591 595 :Amanas
2623 532 2867 604 singulos
2912 531 3146 589 diximus
3191 532 3513 605 praepositos
3556 536 3890 608 coquinare;
3937 549 3999 598 ut

700 633 883 690 Nolite
906 633 1034 685 dare
1063 632 1386 686 occasionem
1415 628 1759 698 querentibus
1789 644 1930 692 eam,
1967 635 2018 682 et
2049 627 2297 681 videatur

698 723 1244 803 gastrimargiacgula:
1274 722 1560 777 voracibus
1575 721 1662 775 vel
1683 721 2018 789 gluttonibus
2042 718 2296 774 fratribus

699 824 969 891 provideri
994 823 1185 892 magis,
1211 836 1372 891 quam
1402 821 1697 877 refrenari.

1280 936 1508 994 CAPUT
1548 935 1715 991 XVII.

1130 1046 1532 1087 INTERROGATIO
1574 1045 1847 1086 DISCIPULI.

954 1142 1031 1199 De
1060 1145 1387 1215 ferramentis
1416 1143 1494 1198 vel
1523 1143 1674 1197 rebus
1704 1146 2027 1198 monasterii.

959 1272 1265 1312 RESPONDET
1304 1271 1529 1312 DOIIINUS
1569 1272 1669 1312 PER
1711 1272 2033 1313 IAGISTBUM.

769 1376 1121 1431 Ferramenta
1156 1375 1468 1430 monasterii
1504 1374 1555 1428 in
1588 1390 1696 1429 uno
1726 1374 2109 1429 contineantur
2139 1376 2294 1429 cubi-

693 1470 844 1533 culo,
869 1478 925 1523 et
951 1468 1038 1523 uni
1068 1468 1240 1534 fratri,
1266 1468 1417 1537 cujus
1435 1466 1765 1535 diligentiam
1798 1466 1963 1520 abbas
1990 1466 2293 1533 agnoverit,

694 1574 887 1615 eorum
921 1556 1416 1612 conservandorum
1446 1571 1628 1611 curam
1659 1556 1961 1611 committat
1992 1575 2002 1608 :
2036 1556 2125 1625 qui
2155 1570 2294 1625 quo-

696 1651 834 1705 tidie
863 1650 1118 1704 fratribus
1148 1648 1211 1702 ad
1245 1648 1485 1703 facienda
1516 1663 1679 1716 opera
1708 1647 1988 1716 consignet
2011 1647 2075 1699 ad
2110 1662 2296 1701 nume-

693 1760 845 1809 rum,
869 1753 924 1798 ct
968 1759 995 1796 a
1029 1742 1459 1811 disjungentibus
1486 1740 1732 1795 similiter
1762 1740 1957 1795 munda
2000 1741 2115 1810 ipse
2160 1741 2299 1795 reri-

697 1836 835 1904 piat,
884 1844 939 1888 et
968 1843 1218 1899 reponat,
1250 1833 1411 1888 breve
1442 1832 1508 1886 de
1539 1832 1792 1887 omnibus
1823 1840 2041 1886 tenente
2076 1833 2292 1887 abbate.

2400 642 2524 683 cum
2552 642 2657 683 non
2683 626 2843 681 ambo
2869 626 2920 680 in
2944 625 3189 696 coquinaa
3209 626 3367 682 simul
3391 627 3614 684 servitio
3635 638 3991 702 occupantur,

2399 734 2537 776 unus
2578 719 2707 775 foris
2736 733 2857 773 cum
2889 716 3107 773 decada:
3146 732 3254 773 suae
3285 726 3565 779 remaneat
3594 717 3870 787 fratribus,
3900 722 3998 794 qui

2398 813 2453 868 in
2480 812 2559 866 eis
2596 813 2781 881 culpas
2802 852 2815 875 ,
2845 811 2928 866 vel
2970 812 3095 867 vitia
3139 810 3351 866 diversa
3396 812 3667 869 custodiat
3697 832 3711 869 :
3746 824 3799 871 et
3830 815 3875 871 si
3904 816 3997 874 alii

2399 901 2593 959 fratres
2613 913 3023 973 sequestrantur
3052 904 3106 959 in
3145 904 3253 959 alio
3284 904 3485 960 laboris
3512 921 3699 977 opere,
3730 907 3869 965 tales
3902 923 3994 967 se-

2397 1005 2762 1066 questreutur,
2787 998 2878 1069 qui
2902 997 2997 1053 Dei
3026 998 3145 1070 plus
3170 999 3383 1070 possint
3404 1002 3746 1071 praesentiam
3780 1003 3993 1073 timere,

2398 1098 2779 1160 prmoccupato
2798 1090 2851 1145 in
2876 1092 3107 1160 coquina
3130 1093 3580 1162 pneposito,cum
3604 1095 3998 1165 negligentiore

2396 1191 2713 1238 remanente
2740 1185 2930 1240 vacivo
2954 1187 3244 1256 prteposito
3276 1206 3287 1240 :
3322 1195 3382 1241 ut
3407 1196 3464 1243 et
3492 1188 3703 1245 viribus
3728 1188 3995 1247 honorem

2397 1275 2655 1346 impleant
2694 1278 3041 1346 emendandi,
3071 1287 3128 1335 et
3165 1279 3374 1336 vicibus
3422 1281 3780 1338 humilitatem
3831 1301 3997 1343 εχει-ο

2397 1376 2558 1423 ceant
2585 1369 2872 1425 serviendi.
2907 1369 3049 1442 Ergo
3080 1371 3159 1427 sic
3190 1386 3379 1426 omnes
3407 1373 3735 1443 explicando
3774 1376 3997 1432 decadan

2398 1460 2701 1530 recapitent
2733 1481 2744 1515 :
2781 1478 2902 1517 nam
2932 1479 3272 1535 unaquzeque
3300 1464 3501 1521 decada
3533 1465 3624 1520 tali
3657 1468 3999 1525 ordinatione

2398 1565 2653 1628 septenos
2682 1560 2900 1630 evpleat
2929 1559 3066 1615 dies.
3104 1560 3222 1615 Biui
3251 1559 3449 1617 fratres
3478 1577 3509 1616 a
3550 1564 3858 1633 praepositis
3885 1563 3999 1621 suis

2399 1649 2451 1704 in
2502 1651 2745 1721 coquinae
2786 1653 3010 1707 servitio
3043 1667 3141 1722 per
3181 1653 3576 1711 hebdomadam
3627 1656 3997 1728 deputentur;

2400 1742 2595 1809 quibus
2625 1757 2653 1795 a
2701 1742 2921 1798 cellario
2968 1744 3149 1798 omnia
3200 1745 3446 1814 coquina:
3498 1762 3625 1802 vasa
3675 1747 3999 1805 intrantibus

2400 1836 2800 1903 consignentur.
2832 1835 2892 1888 Et
2919 1837 3040 1891 ideo
3067 1837 3179 1892 bini
3202 1836 3414 1899 fratres,
3448 1848 3509 1894 ut
3536 1841 3767 1895 imicem
3796 1856 3857 1896 se
3887 1842 3999 1897 suis

696 1929 803 1998 Qui
836 1944 964 1983 vero
1008 1926 1174 1983 frater
1222 1943 1328 1983 non
1379 1927 1637 1981 mundum
1669 1927 2052 1981 ferramentum
2089 1940 2117 1979 a
2151 1934 2294 1981 terra
2328 1936 2375 1998 Β
2401 1930 2608 1985 solatiis
2634 1930 2825 1999 juvent
2886 1928 3053 2000 Cujus
3080 1931 3437 1989 ordinationis
3465 1935 3518 1988 in
3544 1934 3886 1990 hehdmnada
3919 1946 3999 1989 ta-

694 2022 769 2079 de
796 2035 927 2092 agro
956 2021 1312 2086 revocaverit,
1338 2030 1625 2075 accusatus
1648 2021 1715 2075 ad
1738 2034 1983 2075 mensam
2016 2034 2043 2071 a
2076 2019 2297 2074 custode

690 2115 1154 2172 ferramentorum
1178 2130 1349 2184 preme
1372 2114 1591 2168 nomine
1612 2113 1665 2168 in
1695 2112 1986 2167 refectione
2014 2113 2065 2166 in
2093 2112 2301 2182 portio-

697 2224 828 2264 nem
860 2209 1012 2279 panis
1050 2208 1130 2262 sui
1163 2224 1322 2263 unam
1355 2206 1826 2283 quadramminus
1853 2205 2097 2273 accipiat,
2130 2219 2300 2276 usque

695 2302 768 2357 ad
817 2301 1280 2369 satisfactionem,
1324 2301 1405 2355 vel
1463 2282 1897 2356 emetidationem
1957 2301 2297 2368 promissam.

696 2394 838 2461 Quia
871 2394 1064 2449 exinde
1110 2395 1370 2448 :erucinat
1419 2393 1825 2454 ferramentum.
1869 2409 1990 2447 cum
2037 2393 2297 2448 mundum

696 2505 813 2545 non
845 2489 1007 2543 fuerit
1038 2490 1287 2557 positu-xi.
1320 2488 1487 2542 Simul
1521 2490 1680 2543 etiam
1712 2497 1769 2543 et
1813 2490 1924 2558 ipse
1954 2487 2119 2544 frater
2168 2505 2298 2543 con-

690 2583 942 2641 signatas
980 2581 1176 2635 habeat
1214 2589 1393 2648 coles,
1427 2589 1480 2635 et
1516 2581 1765 2650 spongias
1793 2581 2127 2643 calceorum,
2163 2580 2291 2635 faci-

692 2675 893 2743 tergia,
944 2689 1190 2741 mappas,
1238 2673 1321 2728 vel
1366 2674 1604 2737 sabana;
1637 2674 1791 2728 simul
1822 2676 1985 2729 etiam
2032 2684 2086 2729 et
2116 2689 2296 2729 arram

689 2784 823 2824 cum
871 2769 1035 2823 rebus
1066 2768 1305 2832 abbatis,
1336 2768 1420 2821 vel
1469 2782 1621 2821 arcas
1650 2768 1980 2822 diversarum
2008 2767 2293 2831 decadum,

690 2876 825 2914 eum
867 2861 1030 2913 rebus
1059 2859 1312 2921 fratrum,
1343 2873 1465 2912 cum
1496 2859 1756 2913 clausuris
1789 2859 2194 2927 praepositorum
2225 2858 2298 2913 si-

690 2952 812 3008 mul
842 2952 1003 3006 etiam
1036 2960 1090 3005 et
1120 2966 1299 3004 arcam
1332 2966 1454 3005 cum
1485 2950 1710 3004 cortinis
1734 2959 1787 3004 et
1814 2950 1971 3017 velis,
1993 2951 2077 3005 vel
2102 2958 2298 3005 ornatu

689 3045 1016 3100 monasterii
1042 3061 1056 3109 ;
1086 3044 1243 3098 simul
1277 3045 1438 3098 etiam
1478 3058 1654 3098 arcam
1697 3059 1818 3099 cum
1842 3044 2069 3101 diversis
2099 3044 2296 3099 codici-

689 3141 829 3208 bus,
862 3141 1226 3205 membranis,
1257 3149 1310 3195 et
1340 3141 1504 3195 cartis
1553 3141 1863 3194 monasterii
1902 3159 1911 3193 :
1948 3140 2103 3194 simul
2148 3155 2297 3194 nam-

690 3249 807 3304 que
836 3242 888 3288 et
913 3248 1094 3288 arcam
1127 3248 1249 3288 cum
1276 3234 1359 3287 his
1383 3234 1542 3288 rebus
1576 3231 1824 3296 fratrum,
1858 3232 2051 3302 quibus
2080 3232 2296 3287 novitor

688 3328 929 3397 ingressi
954 3326 1372 3393 monasterium;
1405 3342 1524 3396 qua:
1569 3335 1805 3395 propter,
1836 3326 1977 3395 quod
2016 3325 2174 3387 absit,
2205 3341 2289 3377 re-n
2325 3308 2373 3372 C

688 3421 1093 3495 peditationem
1123 3420 1302 3476 seculi
1326 3420 1587 3490 jubentur
1624 3420 1829 3475 servari
1866 3439 1877 3473 :
1912 3420 2069 3473 simul
2098 3427 2154 3474 et
2180 3418 2299 3472 uni-

686 3532 856 3573 versa
888 3529 1123 3583 expensa
1165 3512 1467 3577 artificum,
1509 3526 1627 3581 quae
1658 3511 1721 3565 ad
1769 3511 1910 3565 diem
1962 3510 2028 3564 de
2075 3511 2300 3566 diversis

689 3610 907 3665 artibus
934 3607 1245 3662 laborantes
1283 3604 1720 3672 consignaverint
1769 3602 1929 3659 facta.
1974 3602 2089 3673 Ipse
2136 3601 2302 3658 frater

690 3704 943 3775 perfecta
965 3701 1212 3770 recipiat,
1245 3706 1301 3754 et
1322 3707 1553 3769 reponat
1579 3698 1911 3769 imperfecta,
1945 3698 2049 3753 alia
2077 3698 2164 3752 die
2189 3698 2302 3765 ipse

690 3795 1078 3854 laborantibus
1108 3792 1317 3862 singula
1346 3791 1709 3861 reconsignet.
1742 3789 1914 3845 Simul
1945 3797 2000 3844 et
2031 3789 2303 3844 universa-

690 3905 823 3947 rum
854 3888 1049 3942 artium
1095 3885 1422 3940 ferramenta
1463 3884 1579 3950 ipse
1620 3899 1649 3937 a
1682 3884 1908 3938 diversis
1945 3883 2150 3937 artibus
2178 3897 2302 3937 sero

692 3982 949 4050 recipiat,
988 3986 1047 4033 et
1075 3994 1233 4033 mane
1261 3978 1563 4047 consignet.
1604 3975 1736 4031 Nam
1769 3985 1825 4031 et
1848 3992 2029 4032 arcam
2060 3991 2181 4029 eum
2212 3990 2302 4029 re-

694 4075 803 4131 bus
851 4072 1075 4127 fratrum
1106 4072 1321 4126 noviter
1358 4072 1410 4124 in
1456 4071 1785 4125 monasterio
1817 4085 1910 4137 per
1952 4069 2301 4123 donationem

695 4167 940 4232 collatis,
970 4164 1127 4218 simul
1157 4163 1242 4217 vel
1264 4163 1512 4217 clausura
1543 4162 1750 4216 abbatis
1791 4162 1843 4215 in
1888 4160 2134 4215 cubiculo
2163 4176 2297 4213 con-

695 4268 883 4317 servet
910 4278 919 4311 :
955 4259 1194 4312 rationes
1219 4271 1407 4311 omnes
1439 4256 1489 4309 in
1518 4269 1737 4309 nummo
1762 4252 2074 4308 monasterii
2102 4267 2303 4320 expen-

697 4370 885 4411 sarutn
936 4354 1049 4407 i‘sc
1087 4352 1295 4405 abbatis
1336 4358 1588 4419 suggestu
1638 4349 1966 4419 erogationis
2007 4348 2299 4412 exsolvat;

698 4447 848 4502 trude
876 4446 1050 4513 ipsum
1083 4443 1299 4497 fratrem
1348 4442 1451 4497 fide
1482 4450 1698 4509 oportet
1740 4442 1921 4496 divina
1971 4441 2298 4509 constringi;

697 4549 762 4594 ut
807 4539 1001 4593 timore
1045 4538 1129 4591 vel
1173 4536 1485 4591 testimonio
1536 4535 1627 4588 Dei
1680 4534 1908 4589 fideliter
1945 4534 2114 4602 possit
2145 4548 2297 4587 com-

699 4631 870 4686 inissa
899 4630 1141 4697 implere.
1565 4695 1574 4706 .

1277 4717 1505 4773 CAPUT
1542 4717 1725 4771 XVIII.

1152 4828 1412 4867 INTERROG
1430 4828 1543 4867 \TIO
1584 4826 1860 4865 DIRCIPULI.

1126 4905 1198 4959 De
1228 4907 1609 4975 septinmnariis
1636 4906 1888 4973 coquinw.

965 5015 1272 5055 BESPONDET
1314 5013 1539 5053 DOMINUS
1579 5015 1675 5052 PER
1718 5013 2047 5053 IIAGIS'I'IKUSI.

778 5092 1042 5162 Superius
1069 5091 1303 5145 diximus
1332 5090 1589 5143 det-udam
1634 5090 1856 5143 fratrum
1899 5090 1998 5143 sub
2040 5104 2132 5142 sua
2175 5104 2302 5143 cura

696 5192 843 5247 duos
891 5186 1209 5258 praepositos
1260 5184 1539 5237 continere
1584 5201 1596 5234 :
1637 5183 1725 5250 qui
1769 5182 1954 5237 decem
2002 5183 2195 5236 fratres
2250 5183 2301 5237 in

699 5280 956 5351 coquinae
976 5275 1196 5331 servitio
1224 5274 1430 5328 vicibus
1451 5273 1743 5329 combinati
1770 5282 2022 5341 septenos
2048 5274 2301 5343 expleant

698 5376 843 5429 dies.
876 5367 1093 5425 Etcum
1123 5368 1324 5422 vicibus
1360 5367 1475 5420 istis
1501 5366 1659 5419 unius
1686 5365 1904 5419 decadze
1938 5366 2095 5419 fuerit
2126 5365 2299 5419 adim-

698 5465 917 5537 pletum
971 5460 1269 5519 servitium,
1315 5458 1639 5525 tonsignatis
1697 5458 1947 5511 omnibus
1997 5474 2025 5511 a
2079 5458 2300 5513 cellario

701 5553 1048 5615 utensilibus,
1085 5550 1184 5604 sibi
1218 5550 1319 5602 alia
1353 5550 1403 5602 in
1441 5550 1827 5604 exercitatione
1870 5550 2070 5604 derada
2114 5565 2301 5605 succe-

701 5651 799 5703 dat
835 5666 847 5700 :
880 5661 986 5717 qua
1013 5648 1248 5711 expleta,
1281 5643 1570 5698 succedant
1596 5645 1905 5712 singillatim
1940 5660 2031 5713 per
2062 5645 2297 5711 singulas

702 5744 1061 5814 septimanae.
1093 5738 1300 5807 Singuli
1347 5748 1524 5794 tamen
1558 5740 1716 5794 ambo
1760 5739 2024 5809 przepositi
2067 5747 2304 5807 coquant

702 5854 832 5892 cum
876 5835 1076 5890 solatio
1129 5830 1336 5896 fratris,
1383 5831 1538 5901 cujus
1577 5832 1863 5896 voluerint,
1910 5832 2012 5885 sui.
2060 5829 2124 5884 Et
2156 5831 2298 5898 ideo,

703 5930 954 6001 quamvis
978 5943 1102 5983 cum
1125 5926 1320 5981 solatio
1346 5926 1635 5994 cujuslibet
1655 5926 1853 5991 fratris,
1881 5926 2116 5993 singulas
2142 5926 2299 5990 septi-

2326 4699 2379 4758 D

2405 2024 2470 2078 lis
2501 2024 2663 2080 debet
2694 2039 2815 2079 esse
2838 2025 3113 2081 introitus.

2982 2139 3209 2196 CAPUT
3248 2139 3393 2195 XIX.

2838 2270 3238 2312 INTERROGATIO
3279 2271 3558 2311 DISCIPL‘LI.

2463 2368 2731 2433 Quomodo
2759 2368 2978 2423 debeant
3005 2370 3223 2451 introire
3252 2372 3441 2475 fratres
3471 2372 3525 2424 in
3556 2369 3930 2425 hebdomadam

3054 2445 3285 2512 coquinae
3303 2445 3315 2493 Ξ

2650 2571 2956 2611 κπεντιμηετ
3000 2571 3228 2611 DOMINUS
3269 2572 3368 2611 PER
3412 2572 3737 2614 MAGISTRUM.

2471 2669 2747 2725 latr-ituri
2784 2670 2975 2725 fratres
3008 2671 3059 2724 in
3089 2670 3505 2735 hebdomadam,
3540 2682 3663 2743 post
3685 2674 3914 2744 primam
3946 2676 3999 2732 in

2403 2765 2640 2819 oratorio
2678 2762 2876 2818 dictum
2924 2763 3262 2819 adducantur
3292 2780 3321 2818 a
3364 2766 3671 2835 prmpositis
3718 2768 3827 2825 suis
3876 2779 4002 2825 ante

2401 2855 2671 2919 abbatem,
2703 2863 2758 2908 et
2804 2856 2897 2907 fiat
2943 2852 3011 2908 de
3042 2854 3121 2909 eis
3150 2854 3369 2923 majoris
3411 2859 3720 2927 suggestio,
3771 2860 3954 2916 dicens
3985 2878 3999 2916 :

2399 2946 2555 3011 ane,
2598 2946 2816 3000 domine
2847 2947 3005 3011 abba,
3042 2948 3227 3002 vocari
3268 2950 3578 3005 universam
3622 2956 4001 3024 congregatio-

2402 3056 2549 3108 nem,
2581 3050 2635 3095 et
2664 3043 2809 3096 orari
2841 3057 2941 3112 pro
2974 3041 3058 3096 his
3099 3041 3374 3107 fratribus,
3408 3045 3499 3113 qui
3546 3045 3922 3113 ingrediuntur
3948 3050 4002 3105 in

2400 3142 2792 3198 hebdomadam
2835 3141 3121 3209 coquinze;
3165 3149 3225 3194 ut
3272 3148 3586 3196 mereantur
3636 3145 4002 3201 commendati

2401 3234 2737 3290 orationibus
2764 3235 2957 3287 vestris
2999 3234 3200 3287 diaboli
3233 3234 3620 3304 impedimenta
3652 3253 3759 3291 nan
3790 3239 4003 3303 timere,

2404 3338 2460 3385 et
2482 3328 2884 3396 congregationi
2938 3327 3035 3381 Dei
3088 3327 3270 3381 omnia
3332 3328 3449 3381 sine
3501 3328 3660 3396 culpa
3714 3329 4002 3400 perticum,

2402 3420 2530 3475 Post
2557 3420 2672 3474 lucc
2720 3420 2880 3474 verba
2927 3426 3277 3489 prosternant
3306 3434 3365 3474 se
3413 3419 3485 3474 illi
3518 3419 3626 3475 duo
3658 3420 3854 3478 fratres
3882 3438 4005 3478 ora-

2402 3514 2535 3568 tioni
2559 3520 2686 3567 ante
2713 3512 3002 3579 abbatem;
3033 3511 3173 3581 quod
3206 3522 3261 3568 et
3285 3524 3433 3568 retro
3453 3514 3631 3569 omnis
3653 3518 4006 3586 congregatio

2404 3623 2508 3663 una
2540 3623 2660 3661 cum
2693 3607 2887 3661 abbate
2920 3606 3097 3662 facere
3136 3606 3299 3662 debet
3332 3624 3346 3661 :
3379 3616 3434 3662 et
3473 3618 3757 3679 postquam
3792 3609 4006 3666 levave-

2405 3701 2514 3755 rint
2541 3715 2600 3755 se
2626 3714 2836 3763 omnes,
2872 3700 2945 3753 illi
2978 3699 3087 3754 duo
3117 3700 3299 3755 dicant
3327 3701 3469 3755 hunc
3496 3716 3712 3756 versum
3745 3722 3756 3757 :
3790 3701 4005 3759 Custodi

2407 3811 2523 3859 nos,
2560 3794 2798 3858 Domine,
2828 3802 2883 3845 nt
2929 3793 3180 3863 pupillam
3227 3794 3403 3859 oculi;
3433 3793 3525 3848 sub
3572 3796 3756 3849 umbra
3804 3796 4005 3851 alarum

2406 3897 2609 3941 tuarum
2635 3895 2841 3958 profege
2867 3902 2960 3940 nos
2992 3886 3010 3954 (
3039 3885 3182 3940 l’sal.
3218 3903 3305 3941 xv:
3329 3887 3366 3953 ).
3412 3886 3702 3957 Postquam
3725 3902 3857 3943 vero
3879 3905 4007 3945 ora-

2405 3988 2518 4034 tum
2546 3994 2646 4049 pro
2693 3979 2770 4033 eis
2800 3979 2867 4032 ab
2886 3978 3144 4032 omnibus
3171 3978 3353 4042 fuerit,
3387 3989 3672 4047 surgentes
3701 3981 3999 4053 supradicti

2405 4072 2511 4127 duo
2553 4070 2748 4127 fratres
2775 4071 3087 4127 osculentur
3115 4086 3286 4140 genua
3329 4073 3559 4139 abbatis,
3592 4081 3647 4128 et
3674 4090 3864 4145 pacem
3894 4076 4007 4131 suis

2409 4164 2626 4219 tradant
2670 4164 3009 4234 pra-positis,
3043 4164 3128 4219 vel
3162 4166 3307 4218 omni
3336 4167 3765 4235 congregationi.
3798 4167 4006 4236 Quibus

2406 4267 2529 4329 post
2568 4257 2748 4311 datam
2781 4272 2968 4325 pacem
3010 4258 3283 4328 prmpositi
3316 4259 3396 4312 sui
3443 4259 3626 4315 dicant
3656 4276 3671 4315 :
3704 4260 3780 4315 lta
3812 4259 4006 4318 fratres

2408 4350 2458 4404 in
2490 4350 2707 4404 nomine
2738 4349 2948 4405 Domini
2979 4348 3104 4404 Jesu
3129 4348 3364 4417 Christi;
3397 4352 3595 4407 intrate
3625 4353 3676 4407 in
3709 4353 4005 4410 hebdoma-

2406 4445 2548 4509 dam,
2584 4451 2637 4497 et
2666 4442 2832 4514 petita
2887 4442 3267 4497 benedictione
3306 4444 3487 4498 omnia
3536 4445 3721 4513 facile,
3762 4445 4006 4503 dicentes

2407 4553 2503 4608 per
2544 4540 2842 4593 exercenda
2897 4537 3113 4590 omnia:
3148 4535 3445 4590 Benedicite
3475 4553 3493 4589 :
3526 4547 3584 4592 ut
3622 4553 3744 4592 cum
3782 4537 4002 4593 benedi-

2408 4640 2551 4685 ctum
2582 4630 2760 4696 fuerit,
2793 4629 3227 4699 quandocunque
3255 4627 3516 4696 feceritis,
3546 4630 3866 4685 maledictus
3886 4629 4003 4684 dia-

2410 4730 2565 4785 bolus
2594 4727 2914 4798 impediendi
2948 4727 3016 4781 ibi
3048 4741 3152 4780 non
3184 4726 3384 4780 habeat
3404 4734 3748 4796 potestatem.
3784 4726 3903 4781 Mox
3934 4727 4002 4782 ab

2410 4823 2600 4875 eodem
2650 4821 2737 4874 die
2780 4819 3039 4888 quotidie,
3082 4820 3125 4873 si
3180 4819 3244 4872 ad
3290 4827 3497 4872 srxtam
3548 4819 3776 4872 habeant
3810 4817 4003 4874 fratres

2412 4914 2653 4979 reticere,
2686 4912 2829 4967 dicta
2857 4912 3016 4965 tertia
3046 4920 3310 4965 exeuntes
3342 4926 3463 4966 cum
3495 4911 3914 4981 congregatione
3935 4910 4002 4967 de

2413 5004 2653 5060 oratorio
2683 5002 3091 5058 hebtlomadarii
3118 5018 3239 5058 cum
3272 5004 3517 5065 cellario.
3547 5004 3735 5059 oculos
3764 5002 4003 5059 habeant

2414 5098 2475 5150 ad
2501 5095 2770 5156 abbatem,
2802 5095 3134 5161 inquit-entes
3163 5109 3283 5149 eum
3314 5096 3437 5164 quid
3476 5092 3667 5162 jubeat
3704 5108 4000 5163 congrega-

2413 5188 2541 5242 tioni
2572 5188 2636 5241 ad
2681 5187 3027 5240 refectionem
3079 5188 3300 5254 parari:
3338 5194 3398 5241 ut
3448 5202 3573 5241 mox
3621 5186 4000 5241 inchoantibus

2411 5279 2694 5344 coquinam
2727 5293 2756 5331 a
2789 5278 2943 5333 tertia
2976 5279 3177 5347 para.is
3203 5279 3470 5343 omnibus,
3498 5278 3643 5334 dicta
3670 5287 3845 5342 sexta,
3872 5287 4001 5333 cant

2412 5373 2476 5426 ad
2492 5386 2722 5425 mensas.
2738 5368 2797 5425 Si
2821 5386 2948 5424 vero
2970 5386 3110 5424 nona
3136 5372 3268 5427 hora
3287 5371 3710 5432 eritrelertit-nis
3728 5386 3997 5441 prmpara-

2410 5467 2483 5521 tio
2503 5505 2518 5529 ,
2549 5464 2691 5518 dicta
2722 5471 2871 5518 sexta
2898 5464 3083 5517 exiens
3111 5464 3279 5519 abbas
3308 5464 3670 5535 interrogetur
3694 5466 3761 5519 ab
3793 5464 3998 5520 hebdo-

2408 5558 2659 5614 madariis
2676 5557 3246 5624 eterllar?o,etstatim
3272 5567 3612 5627 postsextsm
3639 5557 3991 5615 inchoentco-

2404 5654 2650 5722 quinarc;
2666 5652 2898 5719 ut,dicta
2925 5668 3088 5721 nona,
3106 5669 3292 5709 omnes
3314 5663 3439 5709 eant
3462 5658 3527 5709 ad
3550 5670 3813 5710 mensam.
3838 5654 3996 5723 Quod

2405 5747 2448 5799 si
2484 5743 2620 5799 forte
2649 5761 2754 5798 non
2788 5754 3121 5799 occurrerint
3150 5746 3553 5802 hebdomadarii
3579 5787 3594 5811 ,
3626 5748 3990 5803 excommuni-

2407 5837 2634 5892 cationis
2660 5851 2873 5906 prunam
2905 5837 3237 5904 suscipiunt;
3267 5838 3388 5908 quia
3421 5837 3672 5893 lassatam
3703 5850 3990 5906 congrega-

2409 5930 2610 5983 tionem
2637 5929 3218 5997 utriusque'operibus,
3252 5930 3302 5984 id
3334 5938 3438 5996 est,
3463 5928 3653 6001 jejunii
3681 5937 3740 5985 et
3767 5928 3993 5999 laboris,
