5174 6542
1180 443 1282 501 987

1181 551 1544 625 sua‘pigritia
1603 538 2576 606 cruciarunt."Excommunteattonis
2627 535 2837 595 veroA

1180 642 1297 701 hate
1321 634 1390 698 sn
1411 638 1677 699 sententia
1712 658 1725 693 :
1755 639 1799 695 si
1826 645 1998 704 sexta,
2027 636 2327 707 septimana
2349 645 2379 698 ;‘
2395 631 2439 686 si
2467 644 2629 694 nona,
2663 628 2763 682 de-

1181 738 1353 807 cinia;
1381 737 1481 789 hoc
1501 740 1613 797 est,
1645 724 1691 787 si
1729 728 1812 784 ad-
1836 737 2043 807 sextam
2075 728 2262 781 horam
2290 723 2641 779 refectionem
2672 720 2768 774 tri-

1183 824 1359 883 catam
1380 820 1783 881 ltedemadarii
1814 806 2154 879 offenderint.
2188 825 2244 872 et
2274 831 2381 871 non
2408 811 2766 877 occurrerint,

1177 918 1419 990 singulas
1447 918 1679 989 quadras
1704 916 1861 986 panis
1897 928 1992 984 per
2031 919 2322 981 sequentes
2368 914 2574 976 septem
2622 905 2766 959 ref.-

1176 1013 1388 1071 ctiones
1415 1008 1754 1081 perdant.‘Si
1782 1021 1980 1061 nonam
2009 1002 2338 1067 tricaveriut,
2371 1000 2499 1054 item
2529 995 2769 1065 singulas

1179 1102 1414 1174 quadras
1445 1114 1542 1171 per
1568 1100 1875 1169 sequentes
1897 1096 2087 1151 decem
2110 1093 2434 1149 refectiones
2460 1091 2538 1144 eis
2558 1088 2769 1143 Sthlﬂl-

1180 1174 1398 1249 bantur.
1450 1190 1584 1257 Quae
1631 1188 1899 1244 sententia
1951 1182 2525 1242 excommunicationis
2581 1179 2769 1234 tandiu

1180 1287 1236 1342 in
1264 1286 1463 1341 damno
1484 1276 1710 1340 annona:
1731 1279 2213 1339 exeommunicatis
2241 1286 2583 1348 permaneat,‘
2601 1288 2767 1344 quan-

1180 1378 1272 1433 diu
1303 1375 1602 1433 satisfactio
1644 1376 1699 1429 in
1726 1374 1972 1444 sequenti
2013 1373 2101 1426 die
2145 1371 2407 1442 promissa
2452 1370 2564 1424 visa
2603 1367 2770 1422 fuerit

1183 1469 1521 1524 emenda-se.
1568 1466 1703 1521 Nam
1746 1467 1793 1520 si
1839 1464 2058 1534 grandis
2102 1462 2261 1517 fuerit
2288 1461 2655 1529 congregatio,
2687 1459 2770 1513 vel

1188 1564 1351 1632 aliqui
1388 1562 1636 1617 extranei
1662 1560 1815 1615 multi
1838 1559 2271 1628 superveniet-int.
2304 1556 2572 1622 adjunctis
2600 1554 2653 1607 in
2682 1564 2774 1605 so-

1185 1660 1315 1713 latio
1359 1658 1644 1717 fratribus,
1678 1669 1707 1706 a
1739 1655 1910 1722 prima
1935 1651 2078 1705 dicta
2119 1646 2494 1716 interregaudo
2523 1644 2590 1700 de
2629 1644 2773 1698 refe-

1185 1751 1367 1805 ctione
1392 1734 1678 1812 abbatem,
1708 1745 1970 1814 incipiant
2005 1742 2330 1811 coquinare;
2372 1748 2432 1794 ut
2470 1740 2601 1794 hora
2642 1753 2774 1792 con-

1185 1843 1369 1899 srituta
1394 1839 1674 1896 refectioni
1714 1845 2022 1894 occurrant.
2056 1836 2111 1890 In
2155 1834 2344 1890 eadem
2378 1846 2609 1901 namque
2638 1831 2771 1885 beb-

1187 1922 1414 1989 domada
1442 1932 1717 1989 servitium
1742 1931 1808 1985 ad
1838 1944 2052 1985 tnensns
2075 1942 2265 1983 omnes
2289 1926 2385 1995 ipsi
2410 1925 2772 1994 adimpleant;
2806 1905 2852 1966 Β
2878 1907 3030 1952 “rate
3057 1913 3105 1965 ν’

1189 2042 1404 2083 omnem
1452 2025 1779 2095 diligentiam
1829 2022 2144 2079 monasterii
2195 2021 2294 2089 ipsi
2325 2027 2636 2074 exerceant.
2673 2020 2774 2085 ipsi

1187 2130 1376 2171 omnes
1396 2117 1591 2169 fratres
1620 2115 1672 2168 in
1703 2113 2035 2167 hebdomada
2064 2112 2179 2181 ipsa
2202 2111 2548 2173 diaalceent,
2575 2109 2770 2177 adjun-

1189 2210 1291 2266 ctis
1324 2208 1377 2263 in
1416 2207 1611 2262 solatio
1649 2205 1717 2261 de
1743 2204 1941 2260 decada
1981 2220 2077 2261 sua
2108 2203 2397 2264 fratribus;
2431 2218 2553 2256 cum
2583 2202 2777 2270 quibus

1192 2308 1248 2356 et
1271 2300 1615 2361 discalceent,
1640 2307 1694 2352 et
1715 2298 1828 2366 ipsa
1854 2297 2116 2351 caleearia
2142 2296 2363 2361 faciant;
2388 2304 2442 2348 et
2462 2293 2601 2348 facto
2622 2307 2780 2348 mane

1189 2395 1500 2451 sedentibus
1530 2393 1594 2447 ad
1617 2393 1862 2448 ordinem
1895 2392 2147 2447 fratribus
2176 2391 2275 2459 ipsi
2305 2390 2623 2457 consignant
2655 2382 2681 2439 ε’
2700 2389 2776 2441 si-

1190 2488 1301 2543 tnui
1344 2496 1396 2542 et
1443 2488 1494 2541 in
1522 2486 1726 2563 eadem
1770 2484 2106 2563 hebdomadi
2152 2482 2442 2537 munditias
2467 2478 2779 2535 monasterii

1191 2590 1517 2647 exerceant,
1573 2578 1852 2648 refrigeria
1908 2560 2122 2643 lavent,
2180 2578 2321 2646 ligna
2380 2575 2779 2639 conscindaut;

1190 2687 1384 2743 aquam
1408 2672 1563 2727 faciei
1597 2671 1839 2734 tradant,
1865 2669 1928 2722 ad
1956 2669 2392 2723 cvnntnunidnem
2447 2666 2773 2722 intrantibus

1192 2767 1452 2821 fratribus
1483 2770 1679 2835 aquam
1702 2765 1947 2819 minibus
1976 2763 2076 2831 ipsi
2100 2762 2402 2816 ministrent
2436 2779 2447 2810 :
2481 2773 2703 2828 mappas
2730 2766 2785 2811 et

1193 2860 1415 2921 sabana.
1460 2867 1516 2913 et
1558 2858 1852 2925 l'acitergia,
1884 2854 1968 2909 vel
2006 2870 2096 2908 res
2138 2853 2383 2907 sordidas
2428 2852 2652 2904 fratrum
2686 2849 2783 2919 ipsi

1193 2952 1380 3008 lavent
1408 2952 1525 3005 illis
1548 2951 1725 3012 horis,
1760 2951 1812 3002 in
1855 2948 2048 3016 quibus
2074 2961 2182 3000 non
2231 2950 2488 3012 coquont.
2519 2941 2785 2996 Candelas

1197 3042 1511 3099 monaSterii
1558 3053 1587 3094 a
1617 3040 1837 3095 esllario
1880 3041 2047 3093 factas
2082 3036 2322 3105 quotidie
2361 3035 2458 3103 ipsi
2497 3032 2787 3086 incendant

1193 3146 1250 3191 et
1277 3139 1541 3190 tutentur.
1566 3133 1690 3187 Mox
1720 3132 1862 3186 enim
1890 3145 2012 3184 eum
2044 3129 2095 3183 in
2124 3126 2540 3192 hebdmuadam,
2568 3131 2626 3177 ut
2644 3122 2787 3177 dixi-

1194 3243 1333 3293 mus,
1363 3226 1533 3297 prima
1562 3224 1649 3278 die
1676 3231 1800 3293 post
1830 3221 2051 3288 ,rimam
2080 3220 2276 3273 dictam
2305 3216 2644 3280 intraverint,
2675 3214 2787 3283 pri-

2494 412 2829 476 AU‘BTORIS
2852 407 3135 468 'INCERTI

4348 395 4450 451 988

2862 531 3001 587 euri.
3028 528 3097 582 Et
3118 532 3318 597 merito
3345 522 3542 577 absens
3587 520 3734 574 intus
3761 518 3816 573 in
3861 516 4200 574 orationibus
4240 529 4451 570 memo-

2866 623 3008 687 rari,
3049 619 3174 691 quia
3216 630 3315 688 pro
3344 612 3583 669 omnium
3628 609 3991 667 sollicitudine
4019 615 4319 677 occupatur
4350 624 4364 658 z
4397 616 4456 660 ut

2866 710 3139 783 quomodo
3182 710 3251 763 ab
3298 721 3418 761 uno
3458 703 3763 760 communis
3808 716 3906 770 pro
3952 699 4203 756 omnibus
4251 697 4454 753 utilitas

2868 811 3185 873 occupatur,
3214 799 3294 853 sic
3323 798 3563 853 omnium
3593 810 3716 851 cum
3743 809 3852 848 uno
3884 792 4235 863 participetur
4254 790 4454 844 oratio.

2870 896 2999 949 Nam
3028 902 3083 948 et
3120 895 3226 948 bee
3270 890 3426 945 debet
3457 889 3549 958 qui
3590 886 3721 943 foris
3750 902 3845 956 pro
3873 886 4104 939 utilitate
4140 880 4457 937 monasterii

2869 994 3198 1056 occupatur,
3231 980 3540 1046 custodire;
3573 988 3631 1033 ut
3656 975 3873 1045 quando
3901 976 4047 1030 intus
4076 974 4148 1027 illi
4177 973 4230 1028 in
4274 989 4352 1027 or.
4376 982 4458 1025 to-

2870 1076 2952 1131 rio
2989 1092 3056 1129 ex
3099 1074 3218 1129 letis
3265 1070 3483 1141 psalmis
3528 1068 3762 1124 orationi
3812 1066 4150 1131 incumbunt,
4201 1071 4262 1116 ut
4310 1061 4456 1115 clara

2871 1183 3007 1224 voce
3028 1182 3123 1224 sua
3148 1172 3294 1234 petat
3311 1156 3628 1224 oratorium,
3651 1175 3712 1215 se
3732 1158 3931 1214 debere
3950 1157 4003 1211 iu
4028 1166 4207 1210 mente
4223 1155 4455 1210 habere:

2870 1262 3018 1316 dicto
3049 1267 3233 1312 tamen
3259 1270 3288 1310 a
3318 1270 3378 1311 se
3406 1268 3573 1323 opere
3595 1252 3688 1307 Dei
3714 1252 3767 1306 in
3801 1252 3990 1307 eodem
4020 1249 4139 1304 loco
4165 1248 4218 1303 iu
4242 1262 4351 1316 quo
4372 1262 4458 1301 occ

2872 1360 3117 1421 cupatur.
3153 1348 3350 1403 Infirmi
3390 1361 3518 1400 vero
3565 1355 3624 1400 ut
3672 1359 3769 1413 per
3817 1357 4030 1397 omnem
4070 1340 4374 1396 orationem
4402 1338 4457 1392 iu

2872 1452 3053 1498 mente
3085 1442 3414 1503 habeantur,
3447 1437 3612 1492 abbas
3660 1450 3848 1489 omnes
3879 1434 4188 1488 admoneat.
4237 1428 4372 1482 Nam
4403 1438 4461 1481 et

2873 1536 2918 1588 si
2948 1534 3111 1586 frater
3158 1541 3448 1586 extraneos
3494 1528 3562 1582 tle
3612 1526 3938 1581 niuoastrrio
3982 1520 4360 1580 ambulaverit,
4406 1519 4460 1574 in

2875 1624 3119 1692 sequenti
3149 1638 3314 1691 opere
3342 1621 3439 1676 Dei
3469 1619 3678 1674 dicatur
3707 1617 3773 1671 ab
3816 1616 4011 1670 abbate
4055 1630 4136 1669 co:
4160 1610 4460 1681 gregationi

2876 1726 2935 1772 ut
2962 1718 3220 1771 habeatur
3247 1716 3301 1768 in
3330 1721 3530 1768 mente.
3555 1712 3691 1778 Quia
3722 1708 3940 1777 quando
3969 1706 4282 1769 ambulavit,
4314 1717 4467 1772 roga-

2880 1808 2955 1862 vit
2998 1822 3184 1863 oumes
3232 1805 3347 1874 ipse
3395 1804 3558 1857 frater
3603 1802 3835 1854 tiiti'ilS:
3890 1796 4097 1852 habetis
4152 1794 4462 1860 Dominum,

3121 1910 3154 1949 o
3181 1909 3287 1960 me,
3318 1903 3375 1949 et
3401 1892 3456 1947 in
3486 1905 3668 1946 mente
3707 1905 3797 1946 me
3826 1889 4020 1943 habete
4067 1902 4164 1958 per
4211 1884 4464 1955 angelum

2876 1999 3114 2046 vestrum
3122 2026 3137 2043 ο

3463 2097 3693 2153 CAPUT
3734 2096 3870 2151 XXI.

3317 2226 3709 2267 lN’I'ERlinGATlO
3751 2223 4023 2264 DISCII’ULI.

2886 2328 3153 2396 Quomodo
3205 2326 3386 2382 debent
3432 2326 3811 2381 communivere
3855 2323 4246 2379 hebdomadarii
4289 2324 4473 2384 coqui-

3427 2413 3507 2451 na:
3533 2400 3610 2451 vel
3641 2397 3714 2449 rel
3739 2397 3901 2451 «rius.

3138 2528 3442 2569 IESPONDIT
3484 2527 3709 2568 DOMINIIS
3748 2527 3849 2566 PER
3889 2525 4212 2567 MAGISTRUM.

2952 2648 3085 2703 Nam
3115 2663 3237 2703 cum
3264 2647 3331 2702 ad
3358 2649 3793 2703 communionem
3814 2647 3864 2702 in
3893 2645 4132 2702 oratorio
4153 2653 4282 2700 ante
4312 2644 4481 2699 abba-

2885 2749 2993 2797 tem
3016 2747 3211 2807 statur,
3240 2738 3490 2811 omnibus
3518 2739 3571 2793 in
3598 2753 3725 2806 pace
3743 2754 3821 2793 ac;
3842 2738 4003 2808 eptis,
4028 2751 4154 2792 cum
4180 2734 4482 2792 communi-

2884 2832 3088 2889 eaverit
3115 2832 3304 2896 abbas,
3328 2842 3450 2901 post
3479 2832 3651 2902 ipsum
3682 2831 3855 2887 adhuc
3884 2830 4061 2885 nullus
4086 2830 4479 2892 communicet,

2885 2924 2978 2978 sed
3010 2924 3189 2979 statim
3233 2923 3503 2993 praepositi
3549 2923 3774 2977 fratrum
3807 2922 4017 2975 iiiorum
4061 2920 4481 2993 septimanarie-

2884 3031 3006 3071 rum
3034 3022 3222 3086 petant
3246 3031 3304 3071 se
3323 3015 3529 3070 debere
3560 3015 3637 3071 ire.
3662 3011 3814 3078 foris,
3842 3022 3901 3068 ut
3928 3011 4391 3068 hebdomdarios
4414 3013 4481 3067 ad

2886 3105 3323 3162 communionem
3377 3105 3617 3161 oratorio
3670 3111 4094 3175 repraesentem,
4142 3103 4485 3173 complentes

2889 3213 3078 3255 eorum
3125 3199 3242 3253 vice
3272 3198 3553 3263 foris.7Qui
3602 3197 3873 3267 prrcpesiti
3924 3205 4181 3252 exeuntes
4223 3210 4364 3250 unus
4390 3210 4483 3250 co-

1196 3274 1333 3293 """I
1363 3274 1533 3297 ι’--·---
1568 3274 1644 3278 --ν
1677 3274 1795 3293 τνν
1830 3281 1838 3288 .
1863 3274 1877 3275 ί
2628 3274 2640 3280 ν
2676 3274 2692 3283 .

1196 3334 1345 3378 mum
1377 3333 1514 3387 opus
1552 3314 1759 3371 servitii
1785 3313 1868 3369 sui
1899 3312 2186 3365 munditias
2215 3307 2441 3364 oratorii
2464 3306 2781 3372 exhibeant,
2816 3274 2861 3338 (ἶ
2894 3294 3072 3363 quinae
3102 3292 3317 3363 praesit,
3346 3292 3484 3361 alius
3508 3290 3803 3346 ministeria
3833 3300 4015 3359 ponat.
4048 3287 4253 3355 Quibus
4277 3303 4485 3343 exeun—

1200 3418 1257 3467 et
1281 3419 1479 3466 mattas
1496 3410 1718 3465 oratorii
1747 3409 2052 3478 pavimento
2081 3404 2370 3461 retendant
2400 3422 2413 3457 :
2438 3419 2547 3474 quo
2577 3403 2630 3457 in
2662 3401 2788 3456 totis

1199 3512 1408 3573 septem
1437 3501 1628 3556 diebus
1665 3497 2017 3555 bebiomadte
2060 3513 2171 3552 suae
2216 3504 2340 3566 post
2368 3494 2669 3549 matutinos
2693 3493 2792 3547 do-

1204 3594 1430 3650 niiuicos
1463 3595 1563 3647 b0e
1601 3607 1737 3662 Opus
1765 3591 1994 3661 primum
2024 3590 2228 3644 servitii
2261 3589 2342 3642 sui
2369 3587 2611 3642 oratorio
2638 3586 2789 3640 exhi-

1202 3687 1382 3742 beant.
1411 3686 1543 3741 Cum
1574 3693 1755 3739 astant
1781 3698 1908 3737 vero
1930 3683 1982 3736 in
2014 3681 2309 3751 septimana
2339 3695 2457 3746 sua,
2500 3678 2791 3748 euquinam

1202 3783 1466 3835 intrantes
1496 3778 1561 3832 ad
1591 3793 1650 3833 se
1678 3778 1871 3831 fratres
1900 3792 2022 3831 mox
2048 3783 2234 3845 petant
2264 3789 2359 3828 eos
2390 3789 2486 3843 pro
2515 3787 2575 3828 se
2605 3786 2789 3827 secuu

1206 3887 1382 3926 orare.
1410 3900 1413 3901 '
1544 3908 1549 3917 ε
1755 3898 1763 3904 λ
2088 3893 2092 3897 ‘

1736 3995 1761 4008 .,
1809 3956 2037 4013 CAPUT
2078 3956 2196 4011 XX.

1636 4078 2028 4126 tareaaoct‘no
2065 4085 2337 4125 mscwuu.

1213 4178 1482 4256 Quomodo
1511 4187 1693 4241 debent
1724 4185 1899 4239 haberi
1929 4186 1982 4239 in
2009 4187 2235 4239 oratorio
2272 4183 2501 4239 absen'es
2526 4186 2580 4238 in
2608 4194 2792 4241 mente.

1457 4311 1764 4352 BESPONDET
1806 4310 2032 4349 DttﬂlNliS
2072 4312 2171 4351 PER
2211 4312 2529 4352 MAGISTRI'M.

1282 4413 1417 4468 Cum
1448 4411 1579 4466 foris
1609 4426 1706 4480 pro
1737 4410 1883 4463 omni
1915 4410 2328 4477 congregatione
2353 4410 2568 4464 solliciti
2599 4409 2798 4465 hebdo-

1202 4504 1437 4561 madarii
1468 4503 1522 4556 in
1543 4501 1786 4572 coquitur
1813 4500 2035 4556 servitio
2065 4512 2413 4570 occupantur,
2441 4501 2525 4557 vel
2550 4502 2799 4557 cellarius

1215 4599 1265 4652 in
1289 4597 1528 4661 cellario,
1559 4595 1641 4650 vel
1671 4603 1856 4650 custos
1879 4593 2348 4660 ferramentorum,
2371 4594 2452 4662 vel
2485 4610 2662 4648 rerum
2691 4611 2800 4649 mo-

1217 4687 1434 4744 nasterii
1466 4687 1517 4740 in
1545 4700 1642 4740 suo
1670 4684 1877 4739 credito
1908 4692 2202 4753 occupatus
2231 4692 2333 4749 est,
2360 4684 2505 4738 intus
2532 4685 2582 4738 in
2613 4694 2807 4740 orato—'

1215 4779 1294 4832 rio
1336 4776 1609 4847 prtcpositi
1648 4791 1834 4829 eorum
1881 4775 2066 4830 dicant
2089 4777 2239 4830 omni
2267 4776 2668 4844 congregationi
2700 4796 2709 4829 :
2741 4775 2798 4831 ιη

1218 4876 1400 4927 mente
1434 4867 1626 4925 habete
1656 4867 1970 4941 Dominum,
2002 4875 2057 4920 et
2097 4875 2248 4921 orate
2286 4882 2386 4941 pro
2416 4866 2516 4920 illis
2545 4867 2633 4936 qui
2676 4865 2803 4921 foris

1218 4975 1362 5019 sunt.
1396 4959 1505 5016 Sed
1537 4970 1590 5015 et
1631 4961 1675 5014 si
1712 4959 1935 5029 quidam
1984 4958 2251 5014 defuerint
2302 4960 2575 5026 oratorio,
2625 4969 2677 5013 et
2706 4975 2802 5028 pro

1220 5071 1378 5112 causa
1407 5054 1718 5133 monasterii
1753 5054 1949 5107 fuerint
1974 5053 2242 5123 oecupati,
2274 5053 2385 5107 sive
2411 5052 2805 5107 ambulaverint

1230 5148 1328 5214 via,
1348 5145 1414 5200 ab
1436 5145 1631 5200 abbate
1646 5145 1853 5200 dicatur
1870 5144 2015 5198 omni
2031 5144 2458 5212 congregationi,
2477 5152 2532 5197 ut
2552 5144 2602 5196 iu
2627 5152 2805 5204 mente

1191 5271 1198 5278 -
1229 5240 1479 5294 absentes
1500 5238 1552 5293 in
1579 5236 1915 5303 orationibus
1933 5244 2299 5291 memorentur
2322 5254 2336 5302 ;
2355 5236 2491 5290 sicut
2516 5236 2565 5288 in
2586 5236 2803 5305 Actibus

1228 5328 1597 5402 apostolorum
1619 5329 1811 5397 legitur
1832 5330 1966 5383 :Pro
1989 5329 2211 5383 absente
2242 5338 2393 5383 orate
2416 5332 2553 5398 (ἐπι.
2586 5329 2678 5397 xu)
2708 5345 2719 5380 :
2754 5328 2804 5382 id

1216 5433 1327 5490 est,
1355 5437 1479 5478 cum
1501 5431 1650 5477 esset
1665 5420 1851 5475 Petrus
1874 5422 1924 5474 in
1951 5436 2193 5493 carcere,
2221 5422 2396 5476 oratio
2430 5437 2527 5491 pro
2556 5436 2621 5475 eo
2646 5421 2804 5475 fiebat

1226 5512 1556 5578 inomnibus
1585 5510 1868 5567 Ecclesiis.
1901 5510 2040 5580 Ergo
2079 5512 2123 5566 si
2155 5511 2206 5565 in
2259 5520 2439 5567 mente
2486 5527 2592 5565 non
2640 5510 2807 5565 habiti

1228 5604 1426 5663 fuerint
1452 5608 1505 5662 in
1534 5606 1773 5663 oratorio
1804 5607 2071 5676 occupati,
2102 5607 2405 5661 mercede».
2438 5604 2607 5674 magis
2638 5620 2664 5654 a
2698 5601 2807 5654 Deo

1230 5708 1397 5758 totam
1427 5700 1503 5755 illi
1533 5699 1660 5755 foris
1687 5699 2012 5769 suscipiunt;
2048 5698 2200 5752 etilli
2232 5697 2445 5752 deintus
2479 5696 2627 5750 vacui
2658 5707 2809 5761 egre-

1229 5792 1467 5863 diuntur.
1498 5792 1630 5858 Quia
1656 5800 1711 5847 ιιι
1739 5791 1840 5845 illis
1862 5792 2001 5844 intus
2030 5799 2256 5846 vacaret.
2275 5807 2430 5844 orare
2453 5829 2468 5852 ,
2499 5789 2565 5841 ab
2597 5788 2708 5841 istis
2733 5786 2811 5839 fo-

1235 5888 1308 5943 ris
1337 5887 1403 5943 de
1432 5887 1753 5957 apparandis
1793 5884 2111 5941 necessariis
2154 5886 2273 5938 vitae
2321 5882 2683 5939 reddebantur
2725 5896 2808 5934 se-

2893 3385 3037 3450 tibus
3064 3384 3217 3450 foris,
3246 3398 3375 3439 mox
3395 3381 3799 3440 bebdomadarii
3829 3381 3952 3436 'oris
3978 3380 4228 3435 manibus
4257 3380 4484 3448 ingressi

2892 3485 3052 3533 orent
3076 3475 3363 3539 modicum,
3397 3483 3451 3529 et
3478 3482 3601 3544 post
3626 3473 3926 3528 orationem
3956 3472 4056 3527 soli
4083 3471 4263 3525 abbati
4292 3485 4483 3541 pacem

2892 3569 3041 3624 dent.
3074 3567 3199 3625 ideo
3238 3567 3358 3632 soli,
3389 3584 3458 3623 ne
3485 3566 3610 3621 dum
3641 3566 3889 3621 omnibus
3918 3565 4067 3631 dant,
4105 3563 4352 3619 tardasse
4381 3564 4482 3618 ho-

2893 3674 3010 3716 ram
3037 3659 3105 3714 ad
3134 3658 3486 3715 refectionem
3516 3657 3919 3727 congregationi
3960 3655 4197 3724 faciant;
4229 3666 4286 3711 et
4331 3658 4485 3710 tarde

2894 3753 3116 3821 egressi,
3165 3766 3289 3806 eum
3335 3749 3642 3805 necessaria
3698 3766 3806 3804 non
3861 3757 4199 3819 prazparant,
4249 3755 4484 3802 exeunte

2896 3843 3317 3914 congregatione
3361 3842 3612 3897 abbatem
3649 3841 3700 3895 in
3731 3840 3823 3894 irae
3851 3846 4045 3909 cogant
4086 3838 4274 3892 vitium
4315 3836 4484 3893 decli-

2903 3952 3048 4003 nare,
3084 3951 3208 3993 cum
3236 3935 3415 3990 adhuc
3456 3949 3563 3989 non
3594 3932 3789 3988 fuerint
3818 3933 3886 3987 ab
3915 3930 3992 3986 eis
4011 3939 4332 4001 prmparata,
4364 3945 4485 3999 qua:

2901 4045 3034 4100 opus
3087 4037 3232 4084 sunt.
3286 4027 3428 4096 Ergo
3475 4038 3600 4097 post
3652 4026 3916 4081 modicam
3966 4024 4269 4079 orationem
4316 4022 4483 4078 erecti

2897 4120 3299 4178 communicent
3343 4126 3399 4173 et
3427 4118 3778 4180 confirment,
3826 4123 3880 4169 et
3909 4115 4038 4169 item
4065 4122 4286 4169 orantes
4313 4115 4488 4169 modi-

2899 4230 3021 4270 cum
3047 4213 3191 4268 lente
3222 4212 3298 4266 eis
3326 4226 3484 4266 versu
3509 4210 3651 4264 dicto
3673 4209 3839 4273 abbas
3867 4205 4174 4276 compleat;
4204 4214 4261 4258 ut
4282 4222 4488 4260 exc-un-

2900 4313 2982 4361 tes
3009 4304 3327 4376 prtepositos
3367 4318 3493 4357 suo;
3540 4300 3777 4355 oratorio
3812 4297 4250 4352 reintromittaut.
4284 4296 4489 4362 Qnr‘bns

2901 4396 3222 4451 exeuntibus
3241 4391 3384 4446 dicat
3413 4390 3613 4445 abbas:
3645 4388 3858 4453 Videte,
3891 4386 4103 4450 fratres,
4132 4398 4339 4441 ueante
4367 4404 4488 4437 ora-

2902 4486 3104 4541 tionem
3150 4497 3487 4539 COlnlliUflelll
3539 4495 3733 4537 mensa:
3782 4477 4121 4548 prmbendam
4179 4477 4378 4546 aliquid
4420 4475 4491 4529 de

2904 4580 3025 4634 cibo
3070 4585 3164 4632 aut
3192 4576 3258 4631 de
3287 4583 3419 4645 potu
3448 4573 3699 4628 suasione
3731 4570 3924 4625 diaboli
3956 4570 4314 4639 ι’)ι·;ῖπε.ιιιιιειιῐε.
4349 4567 4411 4622 Et
4443 4568 4487 4621 si

2905 4687 3005 4726 nos
3032 4669 3118 4724 hic
3160 4667 3318 4738 positi
3348 4667 3489 4720 intus
3516 4664 3647 4718 foris
3676 4680 3773 4718 vos
3801 4662 4044 4716 videmus
4068 4702 4081 4723 ,
4114 4660 4256 4715 Deus
4287 4672 4487 4726 tamen,

2906 4763 2996 4833 qui
3028 4761 3169 4817 omni
3202 4760 3323 4814 loco
3361 4772 3598 4828 prtesens
3628 4763 3731 4819 est,
3767 4767 3817 4808 et
3864 4754 4043 4807 omnia
4075 4752 4239 4815 videt,
4273 4761 4330 4806 et
4364 4753 4490 4805 nihil

2906 4866 2986 4911 est
3014 4856 3061 4910 ei
3090 4853 3394 4916 occultum,
3425 4851 3539 4920 ipse.
3572 4864 3665 4902 vos
3703 4845 3969 4915 conspicit
4002 4862 4014 4897 :
4049 4858 4115 4897 ne
4146 4860 4266 4894 rum
4298 4843 4493 4894 viderit

2908 4948 3375 5018 pt‘msnmptioneai
3433 4950 3706 5007 vestram,
3760 4954 3972 4993 sensum
4027 4944 4264 4993 vestrum
4316 4935 4493 4989 tradat

2908 5040 2960 5093 in
2991 5038 3300 5108 reprobum,
3330 5042 3384 5089 et
3405 5032 3470 5089 ad
3495 5050 3526 5103 p
3555 5077 3560 5082 .
3584 5047 3706 5085 nam
3735 5031 3884 5084 vobis
3907 5031 4042 5083 furta
4065 5035 4243 5081 vestra
4278 5028 4328 5081 in
4348 5026 4494 5097 judi-

2909 5134 2991 5188 cio
3024 5131 3424 5199 consignentur.
3460 5125 3559 5192 Qui
3611 5139 3738 5191 ergo
3782 5134 3898 5193 post
3948 5122 4084 5176 banc
4136 5122 4490 5175 munitiun'm

2907 5233 3165 5279 exeuntes
3212 5236 3316 5276 una
3369 5236 3489 5274 cum
3536 5218 3670 5273 cella
3704 5218 3785 5280 io,
3828 5231 3964 5270 unus
4007 5216 4189 5269 redeat
4222 5215 4489 5283 coquinae,

2909 5317 3044 5370 alius
3073 5312 3365 5367 ministeria
3392 5353 3406 5377 ,
3436 5325 3555 5380 qua:
3586 5309 3759 5363 minus
3787 5322 3915 5361 suus
3958 5306 4278 5377 prthuSiltls
4324 5304 4493 5357 adim~

2908 5408 3093 5479 plevit,
3121 5406 3360 5473 perficiat
3392 5421 3404 5457 :
3440 5403 3487 5457 id
3517 5411 3618 5468 est,
3646 5410 3945 5472 prmparent
3967 5415 4201 5464 incisas,
4231 5401 4494 5453 optinent

2910 5511 3113 5564 sancta,
3138 5498 3433 5554 ministeria
3458 5504 3679 5567 ponant,
3698 5495 3891 5550 calices
3913 5493 4204 5558 defricent;
4229 5505 4286 5546 ut
4307 5493 4499 5547 exiens

2911 5610 3033 5649 cum
3064 5587 3482 5660 congregatione
3504 5588 3669 5642 abbas
3695 5585 3872 5640 omnia
3901 5586 4137 5638 inveniat
4167 5594 4494 5654 ρῐειηιίπεοιιι,

2911 5688 3067 5744 simul
3096 5695 3149 5742 et
3177 5700 3421 5739 annonas
3465 5684 3618 5754 panis
3649 5680 3883 5738 omnium
3916 5681 4118 5750 positas
4158 5679 4209 5734 in
4256 5679 4497 5733 canistro

2912 5783 3179 5852 pendente
3226 5792 3385 5847 supra
3442 5788 3680 5831 mensam
3722 5773 3931 5827 abbatis
3974 5814 3989 5828 .
4031 5781 4087 5827 ut
4139 5787 4262 5826 cum
4315 5769 4499 5825 munia

2912 5876 3097 5931 exiens
3129 5872 3292 5928 abbas
3317 5869 3584 5927 invenerit
3614 5873 3935 5935 praeparata,
3962 5880 4070 5921 non
4099 5863 4170 5920 sit
4202 5862 4353 5918 locus
4378 5861 4499 5928 iw,
