5174 6534
1225 390 1323 448 991

2536 383 2869 443 Αυοτοιιιε
2907 383 3180 443 INCERTI

4402 394 4508 451 991

1229 508 1561 581 pulmentum
1581 504 1725 561 aliud
1748 503 1996 571 allaturi;
2021 510 2077 560 et
2102 517 2225 561 cum
2247 502 2558 571 detulerint,
2585 503 2814 559 sedeant
2843 505 2890 563 Α
2923 504 3097 574 plere;
3129 511 3188 560 et
3212 512 3573 575 agnoscentes
3599 517 3792 561 omnes
3826 503 4023 563 fratres
4051 506 4413 573 erubescant,
4458 511 4508 566 in

1230 600 1343 658 suis
1361 599 1494 655 locis
1521 598 1691 665 taciti,
1724 606 1780 653 et
1807 597 2162 663 manducent;
2190 604 2245 652 et
2274 604 2422 667 post,
2449 595 2667 665 expleto
2696 595 2816 667 pul-

1231 700 1433 755 mento,
1462 698 1687 760 surgant
1714 690 2141 755 bebdomadarii,
2172 697 2227 744 et
2249 688 2449 743 levent.
2480 690 2547 742 Et
2576 689 2706 742 item
2731 703 2816 744 se-

1230 783 1463 840 cundum
1495 797 1652 838 suum
1700 796 1983 837 numerum
2030 780 2318 851 unicuique
2366 794 2566 835 mensa:
2607 779 2820 849 signato

1230 880 1364 935 item
1395 878 1464 933 ab
1492 876 1690 931 abbate
1720 890 1867 942 vase,
1898 883 1955 931 et
1992 889 2119 930 cum
2164 872 2550 929 benedictione
2586 871 2815 941 adsapo-

1232 982 1389 1042 rato,
1428 971 1647 1026 mistum
1695 970 2022 1035 ministrent,
2053 976 2109 1022 et
2136 966 2239 1037 ipsi
2268 967 2323 1021 in
2351 964 2542 1019 ultimo
2572 964 2821 1019 similiter

1229 1067 1567 1123 bibantz-et
1612 1071 1897 1134 postquam
1926 1061 2033 1117 boc
2074 1058 2235 1115 fuerit
2277 1058 2648 1128 adimpletum,
2692 1072 2819 1112 mox

1231 1166 1387 1216 cocta
1410 1156 1478 1213 ab
1500 1157 1582 1213 eis
1603 1154 1803 1210 fercula
1824 1166 2051 1223 surgens
2072 1152 2321 1208 cellarius
2339 1152 2592 1221 amipiat,
2616 1160 2669 1204 et
2691 1166 2819 1205 cru-

1229 1251 1358 1308 dum
1386 1248 1590 1306 cellarii
1630 1247 1995 1317 quodcunque
2024 1247 2208 1311 fuerit,
2240 1244 2435 1300 inferat
2465 1245 2688 1301 missum
2714 1261 2730 1310 ;
2763 1252 2820 1299 et

1230 1344 1474 1418 prolatis,
1501 1350 1559 1397 et
1584 1342 1831 1411 signatis,
1865 1341 1951 1396 vel
1982 1340 2034 1394 in
2065 1340 2266 1395 mensis
2301 1339 2489 1409 positis
2533 1340 2646 1393 suis
2686 1338 2821 1393 locis

1231 1439 1506 1494 resideant
1536 1437 1708 1503 taciti,
1739 1444 1795 1491 et
1823 1433 2191 1489 manducent:
2223 1434 2422 1504 quibus
2463 1433 2655 1487 levatis
2689 1447 2819 1487 mox

1233 1528 1638 1585 hebdomadarii
1685 1528 1852 1581 micas
1882 1528 2039 1596 panis
2064 1525 2216 1594 prius
2252 1524 2321 1579 de
2369 1539 2555 1579 mensa
2587 1523 2815 1588 abbatis,

1230 1622 1425 1678 deinde
1454 1622 1785 1676 diversarum
1816 1633 2147 1683 mensarum,
2178 1634 2300 1680 cum
2328 1618 2634 1673 reverentia
2665 1632 2822 1670 mun-

1231 1716 1381 1770 dent.
1430 1714 1560 1780 Qum
1607 1714 1759 1767 mica:
1807 1726 1930 1766 cum
1976 1726 2074 1781 per
2121 1710 2359 1777 singulas
2397 1725 2615 1764 mensas
2663 1724 2822 1763 mun-

1232 1809 1409 1864 daudo
1441 1808 1708 1871 levantur,
1734 1821 1838 1859 una
1863 1819 1997 1859 voce
2023 1801 2431 1857 bebdomadarii
2452 1801 2637 1856 dicant
2661 1818 2673 1854 :
2707 1800 2819 1855 Deo

2925 595 3201 650 communi
3235 603 3428 651 natura
3477 596 3777 659 hominum,
3829 596 3912 652 vel
3963 598 4077 667 pari
4125 597 4349 652 servitio
4396 596 4509 666 Dei,

2922 687 3185 754 mqualem
3215 702 3323 759 non
3359 688 3555 741 mereri
3587 687 3781 742 divinae
3811 688 4092 758 sapientia:
4134 690 4365 758 gratiam
4392 703 4508 743 cuin

2922 776 3140 832 utilibus
3170 778 3422 833 fratribus
3452 777 3695 832 invenire

3485 887 3713 944 CAPUT
3751 888 3941 945 XXIV.

3357 1009 3750 1050 INTERROGATIO
3788 1011 4062 1051 DISCIPULI.

3179 1108 3257 1164 De
3282 1108 3686 1164 hebdomadart'o
3716 1110 3904 1164 lectore
3926 1111 3995 1164 ad
4021 1127 4255 1166 mensas.

3201 1235 3504 1277 RESPONDET
3532 1236 3760 1277 DOMINI'S
3782 1239 3880 1278 PER
3914 1239 4237 1281 MAGISTBUI.

2991 1349 3049 1388 .u
3091 1335 3293 1390 :ustatis
3322 1334 3408 1390 vel
3456 1336 3665 1408 byemis
3708 1345 3940 1406 utroque
3970 1347 4239 1409 tempore,
4272 1355 4402 1395 cum
4449 1342 4512 1397 ad

2921 1436 3128 1482 sextam
3160 1429 3244 1483 vel
3275 1445 3471 1484 nonam
3503 1429 3692 1483 horam
3722 1428 3976 1497 reficitur,
4019 1431 4214 1502 singuli
4244 1433 4514 1502 praepositi

2925 1523 2994 1577 de
3024 1522 3244 1590 singulis
3271 1522 3493 1577 decadis
3523 1523 3727 1577 vicibus
3756 1523 4123 1579 hebdomadas
4163 1525 4408 1595 singulas
4438 1526 4515 1582 le-

2923 1617 3101 1685 gendo
3128 1617 3191 1669 ad
3222 1631 3437 1672 mensas
3466 1625 3776 1672 exerceant.
3806 1616 3913 1671 Sed
3944 1626 4070 1673 tunc
4093 1618 4162 1673 de
4202 1618 4290 1673 illa
4316 1618 4515 1674 decada

2924 1712 3247 1781 prrepositus
3277 1727 3385 1766 non
3413 1711 3576 1777 legat,
3612 1713 3679 1765 dc
3703 1727 3806 1780 qua
3835 1712 3971 1766 alter
3993 1714 4319 1782 praepositus
4345 1714 4397 1767 in
4428 1730 4517 1769 eo-

2927 1805 3105 1873 quinze
3137 1805 3359 1859 servitio
3388 1813 3724 1873 occupatur:
3758 1818 3826 1859 ne
3853 1804 3978 1859 dum
4008 1820 4147 1860 unus
4180 1807 4328 1874 legit,
4357 1816 4414 1860 et
4441 1807 4518 1860 al-

1231 1901 1452 1971 gratias.
1482 1898 1626 1965 Quas
1663 1896 1905 1965 quotidie
1930 1896 1985 1951 in
2010 1911 2197 1958 unum,
2223 1902 2282 1948 ut
2302 1894 2556 1960 diximus,
2584 1908 2678 1949 vas
2699 1894 2815 1948 col-
2848 1882 2893 1938 Β
2925 1904 3006 1947 ter
3035 1895 3242 1963 coquit,
3275 1896 3405 1948 vitia
3448 1910 3668 1949 suorum
3700 1894 3925 1949 fratrum
3954 1896 4024 1949 ad
4055 1911 4274 1952 mensas
4301 1913 4411 1951 non
4452 1898 4519 1952 sit

1232 1993 1400 2048 lectas
1437 1986 1844 2044 hebdomadarii
1884 1986 2103 2041 cellario
2138 1985 2457 2052 consignent
2505 1992 2819 2038 reverenter

1234 2081 1552 2138 servandas.
1587 2078 1663 2133 De
1690 2078 1885 2148 quibus
1906 2078 1960 2132 in
1984 2077 2186 2131 exitum
2209 2056 2559 2131 hebdomadas
2589 2090 2698 2129 sua:
2719 2090 2820 2144 pa-

1235 2176 1378 2231 tell:e
1408 2179 1732 2243 coquantur,
1758 2169 2034 2239 quomodo
2062 2183 2296 2239 sequens
2337 2168 2523 2221 titulus
2561 2167 2818 2221 demons-

1236 2264 1419 2321 trabit.
1452 2263 1655 2331 Quibus
1696 2275 1825 2327 ergo
1876 2259 2150 2314 mundatis
2192 2258 2347 2312 micis
2390 2273 2517 2311 mox
2562 2265 2821 2311 consueta

1234 2359 1512 2431 potionum
1534 2370 1785 2411 mensura
1812 2355 1879 2408 ab
1909 2350 2363 2415 hebdomadariis,
2388 2358 2447 2403 ut
2466 2349 2820 2404 constitutum

1233 2465 1341 2522 est,
1382 2460 1635 2519 erogetur
1668 2468 1681 2503 :
1733 2448 1983 2503 similiter
2011 2448 2180 2516 petita
2226 2444 2605 2500 benedictione
2647 2444 2822 2498 ultimi

1238 2546 1426 2601 bibant
1453 2551 1508 2598 et
1540 2541 1659 2611 ipsi.
1692 2538 1818 2595 Ideo
1846 2538 1988 2593 enim
2010 2537 2263 2597 diximus.
2293 2533 2747 2589 hebdomadarios
2768 2542 2824 2588 et

1237 2637 1515 2694 cellarium
1566 2634 1826 2688 interesse
1881 2630 2083 2685 mensis
2127 2629 2506 2695 communiter,
2536 2637 2596 2682 ut
2647 2626 2824 2683 nullus

1235 2732 1451 2801 penitus
1495 2734 1703 2783 semote.
1734 2735 1826 2780 aut
1854 2725 2111 2779 infrunite
2140 2725 2404 2779 absconse
2435 2724 2563 2777 foris
2593 2722 2819 2777 mandu—

1235 2835 1324 2882 cet
1348 2843 1361 2878 :
1384 2825 1478 2879 sed
1506 2824 1577 2878 sit
1597 2821 1847 2878 omnibus
1872 2819 2243 2888 temperantia:
2266 2826 2322 2871 et
2342 2817 2650 2871 sobrietatis
2673 2830 2826 2869 men-

1236 2933 1360 2974 sura
1390 2915 1710 2972 communis.
1744 2912 1879 2979 Quia
1912 2912 2175 2981 quidquid
2219 2911 2484 2965 abscouse
2529 2908 2823 2962 manduca-

1238 3018 1347 3077 tur,
1378 3006 1752 3062 fraudulenter
1782 3007 1994 3070 agitur;
2025 3012 2081 3057 et
2109 3013 2169 3059 ut
2189 3004 2327 3071 gula:
2356 2994 2667 3066 satisfaciat,
2708 3003 2825 3057 sine

1236 3113 1488 3155 mensura
1507 3106 1713 3168 peccat.
1740 3096 1943 3162 Quibus
1964 3108 2091 3161 ergo
2114 3109 2311 3147 mensae
2338 3094 2567 3163 expletis
2588 3094 2819 3159 actibus,

1238 3190 1629 3248 cum.levante
1673 3202 1731 3241 se
1781 3186 1977 3240 abbate
2022 3200 2212 3238 omnes
2254 3185 2608 3248 surrexerint,
2641 3185 2821 3238 statim

2926 1986 3015 2055 qui
3047 2001 3287 2056 praisens
3310 1987 3580 2042 emendet.
3613 1987 3714 2054 Qui
3746 1989 4020 2058 praepositi
4057 1989 4285 2059 singulis
4314 1990 4522 2045 vicibus

2927 2077 2978 2131 iu
3007 2075 3240 2144 legendo
3267 2077 3331 2131 ad
3367 2092 3580 2132 mensas
3607 2092 3728 2132 cum
3754 2079 3993 2146 singulas
4018 2080 4358 2149 expleverint
4393 2082 4520 2134 heb-

2926 2170 3204 2236 domadas,
3240 2172 3482 2240 singulos
3532 2171 3725 2225 fratres
3755 2171 4020 2226 litteratos
4049 2188 4145 2239 per
4174 2174 4418 2241 singulas
4445 2173 4519 2227 vi-

2927 2268 3080 2321 cibus
3120 2266 3453 2336 septimanas
3483 2264 3549 2317 ad
3592 2264 3875 2332 legendum
3906 2266 4279 2331 constituant;
4314 2275 4376 2321 ut
4403 2282 4519 2322 om-

2926 2375 3022 2415 nes
3052 2359 3267 2429 possint
3295 2358 3503 2412 vicibus
3535 2356 3601 2411 de
3645 2357 3870 2424 singulis
3899 2356 4120 2411 decadis
4151 2358 4339 2426 legere
4382 2359 4521 2414 litte-

2935 2453 3056 2505 rati.
3090 2450 3154 2503 Et
3182 2458 3467 2520 postquam
3499 2463 3687 2502 omnes
3720 2448 3911 2502 fratres
3938 2448 3989 2501 in
4020 2447 4250 2516 legendo
4272 2465 4401 2504 suas
4430 2465 4518 2504 ex-

2926 2544 3195 2615 pleverinl
3223 2542 3573 2612 septimanas,
3607 2541 3800 2607 singuli
3849 2542 4150 2611 recapilent
4181 2543 4247 2595 ad
4291 2542 4506 2596 inviccn

2933 2638 3228 2708 prmpositi,
3260 2645 3319 2692 ut
3349 2652 3621 2705 nunquam
3653 2635 3792 2690 desit
3832 2635 4035 2690 carnali
4082 2636 4367 2691 refectioni
4400 2652 4520 2692 esca

2927 2731 3105 2786 divina
3134 2747 3146 2782 :
3173 2729 3316 2784 sicut
3346 2727 3475 2782 dicit
3505 2728 3780 2796 Scriptura
3811 2744 3823 2781 :
3860 2724 3984 2780 Non
4013 2727 4066 2780 in
4098 2727 4211 2782 solo
4240 2744 4381 2793 pane
4404 2729 4520 2781 ririt

2928 2828 3097 2888 homo,
3128 2824 3218 2877 sed
3241 2824 3297 2876 in
3319 2824 3459 2877 omni
3489 2820 3638 2875 verbo
3663 2821 3761 2874 Dei
3795 2820 4013 2891 (Matth.
4046 2822 4152 2890 tv);
4187 2830 4248 2877 ut
4293 2822 4518 2891 duplici-

2930 2927 3013 2973 ter
3039 2919 3232 2971 fratres
3260 2915 3523 2977 reliciaut,
3556 2928 3678 2968 cum
3707 2928 3804 2968 ore
3833 2912 4179 2980 manducant,
4212 2921 4271 2968 et
4299 2914 4520 2968 auribus

2930 3009 3267 3065 sasinantur.
3290 3006 3456 3074 Cujus
3476 3021 3605 3072 ergo
3635 3007 3687 3060 in
3716 3005 4052 3060 hebdomada
4075 3006 4199 3061 talis
4216 3006 4385 3061 debet
4406 3020 4520 3061 esse

2932 3101 3201 3154 introitus.
3247 3098 3528 3153 Duminico
3559 3099 3667 3160 die,
3700 3111 3809 3166 quo
3837 3096 4243 3152 hebdomadarii
4274 3099 4521 3164 coquinae

2932 3191 3307 3259 ingrediuntur
3341 3191 3388 3244 i'i
3432 3190 3817 3259 septimanam,
3846 3197 3975 3244 tunc
4011 3198 4069 3244 ct
4118 3190 4219 3242 iste
4259 3190 4429 3244 frater
4455 3190 4517 3242 ad

1239 3282 1414 3339 onmis
1443 3282 1793 3348 congregatio
1827 3294 1931 3331 una
1960 3293 2081 3331 cum
2114 3276 2545 3330 hcbdomadariis
2583 3276 2666 3330 vel
2709 3278 2823 3330 ccl-
2855 3258 2900 3320 (ἶ
2934 3298 3097 3342 enim
3126 3287 3273 3342 hom

2475 3277 2545 3330 'iiS
2583 3276 2666 3330 τοι
2709 3278 2823 3330 (⁵4³1-
2855 3258 2900 3320 (ἶ
2934 3298 3097 3342 sexta:
3126 3287 3273 3342 hora:
3316 3288 3666 3341 refectionem
3702 3296 3823 3356 post
3848 3302 4064 3342 versum
4114 3297 4171 3342 et
4215 3289 4518 3343 orationem

1240 3374 1377 3428 lario
1406 3373 1590 3426 dicart
1615 3390 1626 3423 ε
1656 3371 1768 3426 Deo
1797 3371 2017 3439 gratias.
2049 3369 2172 3425 Mox
2200 3384 2330 3425 vero
2355 3369 2501 3423 dicto
2522 3384 2711 3423 omnes
2733 3370 2826 3424 ad-

1238 3467 1349 3522 sint
1376 3464 1446 3519 ad
1481 3463 1715 3532 agendas
1760 3463 1871 3518 Deo
1915 3463 2116 3530 gratias
2146 3476 2244 3532 per
2269 3462 2571 3517 orationem
2613 3480 2626 3514 :
2674 3471 2728 3517 et
2757 3477 2825 3518 ne

1239 3557 1362 3628 quis
1401 3556 1561 3621 desit,
1603 3555 1885 3622 requirant
1931 3553 1984 3607 in
2032 3567 2259 3608 numero
2289 3553 2564 3623 propositi
2592 3553 2826 3610 decadas

1238 3662 1399 3711 suas;
1446 3653 1505 3699 ut
1534 3641 1812 3715 quomodo
1860 3659 2059 3698 mensae
2099 3659 2289 3699 omnes
2328 3644 2546 3699 fuerunt
2584 3660 2824 3701 commu-

1243 3754 1357 3805 nes,
1408 3738 1486 3792 sic
1529 3747 1581 3791 et
1621 3738 1851 3790 orationi
1894 3736 2181 3790 videantur
2230 3746 2545 3806 praesentes.
2600 3740 2823 3792 Omnem

1241 3830 1385 3885 enim
1411 3829 1587 3884 cibum
1618 3835 1672 3881 et
1702 3836 1887 3896 potum
1919 3842 2041 3881 cum
2074 3826 2321 3880 versibus
2352 3827 2558 3896 aperiat
2596 3836 2647 3881 et
2679 3828 2824 3881 clau-

1243 3925 1335 3978 dat
1358 3922 1552 3978 oratio.
1580 3921 1680 3988 Qui
1705 3936 1832 3975 vcro
1861 3920 2025 3975 frater
2047 3920 2116 3975 ad
2139 3936 2351 3974 versum
2374 3921 2603 3990 primum
2626 3936 2825 3976 mensae

1240 4015 1529 4071 dicendum
1562 4029 1670 4069 non
1698 4013 1949 4077 adfuerit,
1978 4029 2087 4067 non
2117 4013 2303 4068 sedeat
2334 4014 2399 4065 ad
2429 4028 2671 4067 mensam
2702 4029 2823 4068 citm

1240 4106 1520 4174 fratribus,
1567 4105 1661 4159 sed
1693 4114 1900 4159 semote
1931 4105 1983 4159 in
2015 4105 2238 4159 scutella
2265 4105 2381 4159 sine
2409 4105 2532 4159 data
2565 4107 2821 4160 benedic-

1242 4200 1391 4258 tione
1407 4200 1693 4255 manducet
1715 4215 1821 4253 nou
1850 4200 2143 4268 signatum,
2162 4208 2216 4252 et
2238 4199 2389 4269 potio
2410 4200 2457 4254 ei
2482 4216 2589 4254 non
2611 4201 2819 4268 signata

1241 4292 1488 4349 mdatur
1512 4299 1719 4346 semote
1748 4292 1903 4345 mista
1930 4310 1945 4357 ;
1979 4300 2041 4344 et
2070 4307 2242 4359 usque
2271 4290 2395 4343 dum
2425 4307 2485 4346 se
2513 4292 2673 4354 levet,
2707 4293 2823 4346 nul—

1246 4385 1331 4440 lus
1358 4398 1480 4438 cum
1510 4398 1579 4437 eo
1607 4382 1877 4450 loquatur.
1911 4379 2030 4436 Jam
2063 4384 2106 4435 si
2152 4382 2407 4451 spiritalis
2434 4390 2535 4447 est,
2568 4383 2749 4437 doleat
2774 4384 2823 4438 ei

1245 4476 1362 4529 sine
1412 4475 1519 4526 lien
1550 4472 1794 4527 reﬁcere.
1827 4473 1929 4539 Qui
1970 4488 2099 4527 vero
2126 4472 2192 4526 ad
2218 4488 2431 4527 versum
2464 4476 2821 4543 posteriorem

1241 4582 1439 4620 mensa:
1489 4566 1650 4620 liniue
1696 4581 1804 4619 non
1841 4566 2029 4630 adfuit,
2070 4566 2122 4619 in
2151 4567 2398 4635 sequenti
2446 4565 2742 4621 refectione
2769 4574 2823 4621 et

1242 4661 1356 4728 ipse
1384 4674 1413 4711 a
1442 4672 1622 4712 mensa
1649 4668 2017 4725 sequestratus
2061 4674 2166 4712 non
2198 4662 2407 4725 signata
2454 4659 2739 4712 mai-ducet
2767 4669 2821 4714 et
2847 4628 2899 4689 D

1242 4753 1405 4807 bibat.
1439 4753 1568 4817 Quae
1599 4752 2186 4806 excommunicationcs
2217 4754 2398 4805 tandiu
2435 4754 2485 4806 in
2513 4754 2586 4803 (εἶτ
2617 4769 2822 4821 germa-

1241 4854 1419 4908 ueant,
1451 4845 1687 4914 quandiu
1730 4844 1784 4897 in
1825 4844 2193 4899 satisfactione
2236 4843 2500 4897 humiliati
2545 4843 2611 4896 ad
2642 4858 2819 4911 genua

1238 4939 1448 5009 capitis,
1479 4935 1786 4991 emendatio
1839 4936 2029 5002 majori
2079 4934 2237 4988 fuerit
2283 4935 2623 5003 repromissa.
2681 4936 2821 5004 Ergo

1240 5026 1643 5086 hcbdomadarii
1666 5042 1785 5081 cum
1818 5027 2093 5080 servitium
2126 5042 2429 5079 mensarum
2460 5037 2737 5089 exercent,
2772 5028 2816 5082 si

1243 5124 1383 5179 forte
1412 5124 1478 5177 ad
1505 5122 1915 5177 ministrandnm
1948 5123 2199 5175 omnibus
2226 5138 2331 5174 non
2354 5123 2707 5185 occurreriul,
2738 5123 2820 5176 in-

1239 5219 1456 5273 sinuent
1503 5216 1607 5272 hoc
1645 5217 1817 5285 ipsum
1862 5218 1970 5269 suis
2020 5216 2350 5285 praepositis;
2401 5231 2431 5268 a
2469 5217 2661 5283 quibus
2694 5232 2814 5270 mox

1242 5309 1516 5363 ordinatus
1544 5306 1610 5360 de
1638 5306 1826 5360 eadem
1858 5307 2054 5361 decada
2083 5323 2220 5361 unus
2248 5308 2409 5360 frater
2438 5307 2490 5360 in
2521 5322 2706 5361 eorum
2730 5324 2816 5361 s0-

1242 5399 1371 5453 latio
1402 5396 1726 5466 adjungatur
1768 5413 1780 5447 ε
1814 5397 2563 5466 quotiesque.hebdomadaiii
2600 5400 2651 5451 in
2699 5415 2816 5453 ser-

1244 5491 1375 5544 vitio
1401 5504 1707 5544 mensarum
1741 5491 2074 5557 negligenter
2095 5491 2294 5543 mensis
2316 5490 2687 5552 deservierint,
2716 5493 2816 5546 alia

1242 5589 1328 5641 die
1356 5589 1486 5641 bona
1525 5586 1831 5641 refectionis
1864 5588 2004 5641 levet
2051 5603 2110 5640 se
2152 5588 2335 5649 abbas,
2371 5595 2427 5640 et
2458 5602 2576 5641 eum
2612 5604 2716 5640 uno
2754 5589 2823 5643 de

1249 5680 1570 5749 praepositis,
1605 5690 1696 5733 aut
1726 5680 1959 5745 duobus,
1987 5682 2028 5734 si
2058 5682 2274 5749 grandis
2322 5680 2482 5734 fuerit
2524 5698 2818 5751 congrega-

1248 5772 1340 5833 tio,
1374 5771 1471 5839 ipsi
1502 5772 1699 5825 facient
1742 5775 2014 5827 servitium
2054 5776 2117 5826 ad
2164 5789 2350 5827 ouuics
2383 5788 2635 5828 mensas:
2671 5786 2725 5829 ut
2767 5785 2820 5830 et

1241 5863 1440 5917 doceat
1465 5881 1557 5919 eos
1585 5868 1858 5922 diiouiedo
1890 5867 2108 5935 faciant,
2136 5869 2279 5939 quod
2313 5883 2417 5923 non
2464 5878 2691 5939 possunt
2721 5870 2819 5924 im-

2930 3396 3147 3443 mensze,
3174 3395 3293 3434 cum
3317 3380 3483 3432 abbas
3507 3379 3556 3432 iu
3580 3393 3677 3433 sua
3702 3379 3956 3434 cathedra
3980 3379 4198 3447 sederit,
4229 3391 4517 3450 antequam

2927 3474 3163 3528 canistcr
3216 3487 3338 3526 cum
3372 3472 3646 3525 consuetis
3674 3472 3902 3540 panibus
3941 3473 4199 3528 trochlete
4239 3473 4370 3529 fune
4425 3475 4518 3528 de-

2928 3564 3172 3632 scendat,
3203 3572 3329 3618 tunc
3362 3564 3591 3617 insinuet
3612 3578 3671 3618 se
3697 3578 3830 3619 voce
3855 3579 3950 3617 sua
3969 3565 4012 3621 is
4031 3566 4127 3635 qui
4155 3566 4395 3622 lecturus
4414 3577 4513 3627 est.

2927 3659 3113 3713 dicens
3143 3678 3154 3712 ε
3190 3656 3404 3718 Jubete.
3438 3658 3642 3712 domini
3684 3659 3811 3724 mei,
3851 3668 4003 3714 orate
4033 3676 4133 3729 pro
4156 3676 4267 3725 me,
4305 3663 4397 3733 qui
4431 3664 4512 3715 ii:-

2926 3752 3147 3818 gredior
3172 3752 3224 3805 in
3248 3749 3642 3804 hebdomadam
3675 3750 3919 3805 lectionis
3945 3754 4222 3808 mensalis.
4256 3753 4380 3808 Mox
4403 3770 4516 3809 sur-

2928 3858 3060 3912 gens
3110 3843 3276 3897 abbas
3322 3858 3443 3898 cum
3477 3843 3621 3897 omni
3653 3844 4087 3911 congregatione,
4121 3847 4243 3901 lixis
4286 3848 4342 3901 in
4373 3859 4515 3903 terra

2924 3934 3170 3999 genibus,
3196 3941 3318 3987 oret
3347 3949 3469 3988 cum
3502 3948 3569 3987 eo
3597 3951 3610 3997 ;
3643 3943 3697 3987 et
3723 3950 3845 3988 cum
3876 3937 4231 3999 surrexerint,
4253 3937 4394 3992 dicat
4417 3955 4514 3991 no-

2925 4042 3020 4079 vus
3047 4025 3495 4081 hebdomadarius
3526 4027 3669 4080 hunc
3693 4042 3755 4079 ve
3792 4043 3903 4081 sum
3931 4045 3943 4082 ι
3974 4027 4210 4092 Domine,
4238 4031 4379 4084 labia
4400 4048 4512 4084 mea

2923 4119 3145 4186 aperias,
3159 4127 3204 4171 et
3227 4134 3284 4172 os
3314 4135 3481 4172 meum
3511 4119 3839 4173 aununtiabit
3860 4122 4063 4174 laudem
4085 4125 4259 4193 tuam(
4272 4123 4414 4178 Psal.
4432 4142 4507 4192 1.);

2924 4209 3377 4278 respondentibus
3398 4226 3579 4264 secum
3603 4213 3829 4265 cunctis.
3863 4210 3990 4266 Post
4010 4220 4226 4268 versum
4251 4232 4377 4268 vero
4396 4216 4514 4268 (lic-

2924 4311 3037 4356 tnm
3090 4303 3400 4372 complente
3447 4305 3660 4369 albate,
3710 4320 3832 4358 mox
3866 4306 4038 4374 primo
4080 4307 4284 4367 abbati,
4320 4308 4511 4361 deinde

2923 4395 3176 4450 omnibus
3206 4410 3393 4465 pacem
3440 4396 3651 4459 tradat;
3698 4397 3889 4451 deinde
3938 4399 3989 4451 iu
4039 4399 4220 4454 medio
4266 4402 4508 4456 omnium

2924 4501 3227 4539 mensarum
3257 4487 3355 4539 sibi
3387 4490 3603 4541 ordinet
3637 4487 3848 4553 sellam,
3872 4496 3926 4542 et
3953 4498 4073 4559 post
4105 4491 4349 4545 omnium
4389 4509 4505 4545 ses-

2924 4578 3132 4635 sionem
3157 4578 3221 4633 ad
3245 4594 3476 4645 mensas,
3498 4580 3661 4648 petita
3688 4580 4080 4645 bened'ctione,
4104 4583 4292 4637 sedeat
4323 4596 4373 4637 et
4393 4586 4508 4654 ipse

2926 4670 2979 4725 in
3010 4671 3137 4725 sella
3171 4686 3291 4725 cum
3341 4672 3547 4725 codice.
3585 4670 3791 4726 Etcum
3825 4674 4052 4742 primum
4099 4691 4299 4731 mensa:
4341 4680 4510 4731 abbas

2926 4778 3046 4815 cum
3097 4765 3347 4817 munibus
3403 4766 3677 4833 acceperit
3718 4780 3950 4832 merum,
4002 4776 4056 4820 et
4100 4769 4213 4836 ipre
4256 4770 4511 4823 similiter

2924 4869 3080 4907 suum
3110 4871 3160 4909 ni
3199 4872 3316 4909 runt
3348 4865 3569 4925 propter
3592 4864 3805 4925 Sputum
3831 4860 4152 4911 Sacrameuti
4176 4860 4428 4928 accipiat,
4455 4874 4506 4915 ct

2922 4946 3000 4999 sic
3041 4946 3259 5016 incipiat
3303 4947 3499 5011 legere.
3536 4946 3705 5015 Legat
3732 4962 3963 5016 namque
3993 4950 4234 5017 quotidie
4264 4954 4508 5019 regulam

2927 5036 3084 5099 hanc,
3137 5040 3313 5107 posito
3344 5053 3371 5091 a
3402 5039 3490 5091 die
3538 5039 3692 5107 signo
3721 5039 3825 5093 huc
3874 5054 4040 5107 nsque
4083 5040 4293 5108 legerit,
4328 5053 4386 5097 ut
4418 5062 4507 5096 sn-

2924 5140 3152 5199 quenlcr
3179 5132 3419 5198 quotidie
3470 5142 3646 5186 tamen
3697 5133 3875 5186 omnia
3909 5136 4273 5203 perlegantnr,
4323 5146 4382 5191 ut
4413 5155 4511 5206 per

2923 5227 3066 5278 vices
3115 5225 3513 5279 hcblnmadnm
3564 5226 3702 5280 liniri
3751 5230 3952 5296 possit,
3998 5236 4052 5282 et
4093 5232 4379 5300 recapitari
4434 5233 4511 5286 le-

2922 5315 3119 5382 gendo.
3153 5314 3253 5380 Qui
3308 5315 3759 5370 liebclomadarius
3788 5333 3908 5369 cum
3956 5319 4310 5388 septimanam
4348 5337 4508 5375 suam

2924 5408 2974 5461 iu
3020 5406 3247 5473 legendo
3286 5407 3601 5475 expleverit,
3653 5407 3860 5475 signum
3910 5411 4152 5478 sequenti
4202 5419 4508 5467 successuri

2930 5500 3199 5557 ostendat,
3260 5499 3399 5551 unde
3448 5508 3803 5568 prosequatur
3845 5502 3933 5569 qui
3982 5505 4205 5571 ('u‘pCl‘ll
4249 5507 4510 5575 septima-

2928 5610 3049 5647 ηηιη
3077 5609 3092 5649 ;
3119 5593 3210 5662 qui
3249 5602 3303 5647 et
3333 5593 3444 5662 ipse
3476 5592 3708 5653 linieudo
3728 5602 3784 5647 et
3806 5595 4174 5663 recapitaudo,
4200 5594 4350 5653 finita
4374 5601 4508 5654 heir-

2923 5686 3151 5740 domada
3193 5700 3288 5739 sua
3341 5686 3549 5749 signum
3601 5686 3894 5739 successori
3937 5686 4293 5743 demonstret.
4336 5688 4509 5759 Legat

2926 5793 3157 5846 namque
3188 5778 3448 5847 disposite
3477 5793 3579 5830 non
3614 5779 3869 5845 urgendo,
3902 5785 3958 5831 ut
3989 5780 4226 5847 apertius
4251 5786 4505 5853 occupati

2924 5886 2987 5925 ea
3012 5869 3285 5925 auditores
3316 5880 3626 5939 agnoscant,
3650 5884 3768 5939 qua:
3798 5884 3892 5925 eos
3915 5868 4069 5926 factis
4087 5883 4305 5939 oportet
4328 5876 4503 5932 adim-
