5174 6538
730 394 837 449 995

721 598 962 667 apertius
991 614 1056 655 ea
1098 617 1207 658 non
1236 603 1536 677 intelligant
1572 610 1786 677 fratres,
1817 623 1910 669 aut
1937 618 2304 690 interrogatus

722 708 750 751 ι
778 691 1055 761 fratribus,
1087 707 1180 752 aut
1212 699 1352 757 ultro
1383 701 1561 772 aliqua
1590 706 1757 763 abbas
1787 722 2041 778 exponat.
2077 712 2208 768 Nam
2255 716 2299 771 si

714 791 1131 858 supervenerint
1158 791 1300 849 forte
1328 811 1526 853 mensa:
1552 804 1867 857 monasterii
1898 805 2041 874 laici,
2084 819 2303 881 propter

714 877 1107 936 detractionem
1155 882 1392 941 futuram
1437 890 1489 943 in
1539 893 1760 957 smculu,
1793 910 1913 950 cum
1962 908 2172 954 secreta
2206 900 2301 957 Dei

713 971 989 1029 saecularis
1018 976 1322 1043 agnoverit,
1350 980 1395 1033 si
1421 979 1681 1050 placuerit
1704 985 1903 1051 abbati,
1930 987 2088 1043 aliam
2114 989 2300 1049 lectio-

712 1080 837 1121 nem
866 1068 1233 1140 cujuscunque
1266 1072 1467 1129 codicis
1498 1078 1666 1145 legat;
1700 1089 1758 1133 ut
1786 1090 2052 1137 secretum
2083 1099 2293 1141 monas-

708 1160 852 1226 terii,
886 1162 977 1217 vel
1003 1179 1283 1220 mensuras
1312 1168 1433 1222 vitae
1463 1181 1662 1226 sancite
1691 1175 2020 1232 constitutas
2047 1176 2098 1231 in
2131 1178 2295 1235 disci-

704 1253 910 1322 plinam
959 1255 1027 1312 ab
1081 1256 1388 1315 irrisoribus
1436 1278 1543 1316 non
1582 1265 1804 1320 sciatur.
1846 1265 2012 1336 Legat
2060 1284 2296 1341 namque

702 1344 864 1400 aliam
892 1346 1202 1417 lectionem,
1236 1354 1414 1421 posito
1446 1364 1625 1410 tamen
1652 1358 1703 1411 in
1738 1360 1920 1426 regina
1947 1360 2122 1429 signo.
2158 1362 2290 1418 Nam

700 1437 746 1492 si
786 1440 911 1495 talis
953 1441 1123 1498 laicus
1150 1444 1215 1499 ad
1246 1462 1485 1504 mensam
1519 1453 1831 1507 monasterii
1865 1453 2194 1524 detineatur,
2226 1458 2292 1514 de

697 1544 807 1600 quo
837 1544 1019 1590 certus
1046 1535 1115 1589 sit
1144 1537 1333 1606 abbas,
1358 1541 1503 1611 quod
1536 1559 1643 1598 non
1675 1546 1849 1600 solum
1881 1547 2135 1604 admirari
2168 1566 2288 1620 pos-

695 1622 767 1677 sit
797 1626 1091 1683 constituta
1140 1628 1342 1700 divina,
1392 1634 1487 1688 sed
1522 1636 1688 1691 etiam
1720 1638 1881 1707 hujus
1922 1640 2289 1709 religiositatis

693 1716 797 1771 scit
826 1718 1012 1786 abbas,
1053 1723 1197 1791 quod
1231 1724 1283 1778 in
1325 1728 1680 1784 conversione
1727 1732 1895 1799 possit
1924 1749 2043 1789 esse
2077 1736 2284 1802 pedise-

692 1825 853 1879 quus,
886 1821 941 1866 et
970 1814 1037 1868 ad
1064 1830 1244 1872 mores
1274 1819 1445 1887 possit
1474 1821 1613 1874 trahi
1642 1820 1874 1892 divinos,
1903 1825 1953 1879 in
1988 1825 2145 1894 hujus
2175 1827 2285 1881 lec-

2184 417 2487 477 REGULA.

727 499 875 577 plere
899 507 1002 558 .‘et
1040 512 1097 560 ut
1135 508 1181 564 si
1218 523 1323 578 qua
1365 521 1492 568 sunt
1520 515 1767 585 ambigua
1815 532 1906 574 aut
1951 525 2200 590 obscura,
2246 536 2303 584 et
2331 536 2383 595 Α

2980 543 3205 600 CAPUT
3246 550 3336 604 ΧΧ
3351 552 3407 605 ν.

2849 669 3234 717 ΙΝΪΕΠΒΟΕΔΤΙΟ
3272 680 3528 722 DISClPULl

2445 763 2518 819 De
2546 769 2741 836 patella
2770 772 3018 829 micarum
3048 776 3114 829 ab
3158 778 3574 902 hebgomadariis
3613 791 3829 848 seutimo
3865 792 3951 851 die

3054 864 3246 902 coauen
3286 870 3357 902 a.‘

3054 864 3337 920 coquenda.
3356 874 3357 877 ‘

2661 968 2961 1011 RESPONDET
3000 976 3229 1020 DOIINUS
3269 984 3368 1023 PER
3408 989 3722 1032 IAGISTRUM.

2476 1064 2618 1135 Micte
2666 1068 2841 1139 panis,
2892 1088 3010 1142 qua:
3040 1081 3281 1146 quotidie
3326 1086 3392 1141 de
3438 1092 3641 1147 mensis
3675 1097 3984 1158 mundando

2398 1151 2588 1210 levata:
2637 1158 2690 1213 in
2748 1177 2855 1216 uno
2905 1180 3034 1223 vase
3078 1183 3383 1241 servantur,
3431 1179 3500 1234 ab
3552 1182 3982 1247 hebdomadariis

2397 1248 2721 1306 exeuntibus
2746 1254 3101 1322 septimanam
3123 1264 3353 1331 septimo
3375 1267 3460 1324 die
3490 1271 3843 1333 bebdomadte
3870 1294 3981 1337 suae

2405 1336 2632 1393 sabbato
2660 1340 2747 1396 die
2776 1346 3108 1404 mumlentur
3136 1351 3204 1406 ad
3246 1370 3443 1422 seram,
3478 1370 3531 1414 et
3557 1365 3754 1431 patella
3783 1368 3978 1426 exinde

2393 1439 2571 1493 cocta,
2621 1445 2706 1488 aut
2736 1452 2855 1492 cum
2886 1438 3049 1507 farre,
3081 1456 3174 1500 aut
3201 1462 3320 1503 cum
3365 1453 3481 1509 ovis
3524 1458 3767 1528 astricta,
3816 1474 3969 1521 ante-

2390 1538 2549 1593 quam
2583 1525 2825 1584 ultimum
2858 1547 2991 1589 serae
3023 1536 3231 1595 caldum
3268 1541 3471 1611 bibant,
3505 1547 3769 1606 inmensa
3799 1569 3973 1624 pona-

2391 1622 2477 1669 tur
2499 1616 2727 1673 abbatis.
2760 1622 2960 1679 Deinde
2988 1630 3198 1685 sedenti
3225 1634 3429 1704 abbati,
3451 1639 3537 1693 vel
3561 1616 3823 1701 universm
3843 1663 3975 1704 con-

2387 1713 2685 1779 gregationi
2715 1716 2894 1782 simul,
2930 1720 3114 1776 dicant
3149 1727 3556 1788 hebdomadarii
3586 1754 3595 1787 :
3631 1735 3843 1807 Jubete,
3875 1744 3972 1800 do-

2385 1803 2534 1861 mini.
2570 1815 2624 1859 et
2654 1819 2807 1865 orate
2838 1829 2935 1881 pro
2968 1816 3143 1885 nobis,
3169 1822 3261 1889 qui
3293 1823 3345 1877 in
3371 1827 3673 1888 ministerio
3693 1834 3967 1895 humilita-

692 1908 778 1953 ιω,
808 1900 1102 1959 adventum
1133 1908 1200 1959 ad
1245 1924 1485 1964 mensam
1514 1914 1696 1981 regula
1728 1892 2110 1984 subsequalu'r.
2147 1919 2277 1974 Nam
2316 1907 2357 1968 Β
2386 1892 2453 1946 tis
2477 1896 2808 2000 explevimus
2835 1906 3213 2000 septimanam.
3236 1914 3428 1971 Statim
3449 1936 3637 1978 omnes
3663 1941 3962 2000 surgentes,

690 1988 768 2042 illi
789 1990 1331 2052 debentmonasterii
1352 2001 1592 2069 regulam
1623 2005 1831 2068 audire,
1857 2008 1949 2075 qui
1982 2008 2124 2061 illam
2153 2025 2277 2079 pos-

685 2091 814 2137 sunt
852 2086 1048 2141 merito
1089 2088 1398 2147 observare.
1431 2091 1558 2148 ldeo
1586 2094 1653 2149 ad
1681 2111 1896 2176 mensas
1943 2100 2076 2155 hora
2107 2102 2277 2159 refec-

686 2177 850 2233 tionis
880 2179 1041 2236 debet
1081 2184 1269 2253 regula
1303 2186 1431 2255 legi,
1466 2189 1591 2257 quia
1634 2198 1759 2246 tunc
1801 2194 1946 2248 omni
1978 2210 2275 2267 congrega-

685 2268 837 2325 tione
868 2271 936 2325 ad
965 2275 1397 2349 manducandum
1427 2280 1480 2333 in
1507 2297 1670 2335 unum
1700 2284 1945 2355 redacta,
1976 2288 2091 2343 sine
2113 2305 2275 2345 excu—

680 2362 899 2419 satione
928 2373 1055 2419 tunc
1086 2367 1249 2424 lectio
1278 2370 1635 2428 observantiae
1669 2375 1749 2430 vel
1780 2378 2175 2435 emendationis
2205 2382 2272 2437 ab

680 2456 937 2512 omnibus
962 2459 1308 2517 audientibus
1337 2464 1440 2518 rite
1478 2467 1681 2535 poterit
1709 2469 2010 2538 observari,
2052 2481 2107 2527 ut
2149 2490 2269 2529 om-

676 2549 768 2603 nia
812 2551 1014 2618 regulte
1043 2569 1231 2610 omnes
1260 2557 1501 2627 audiant,
1532 2570 1586 2615 et
1617 2561 1819 2617 nullum
1847 2574 2131 2635 praetereat
2166 2568 2268 2623 ali-

675 2640 849 2709 quid:
889 2652 945 2697 ut
972 2646 1115 2713 quod
1165 2663 1352 2705 omnes
1378 2652 1667 2721 audierint,
1701 2671 1794 2711 eos
1824 2657 1980 2714 factis
2020 2670 2268 2731 oporteat

673 2740 998 2812 adimplere.
1027 2742 1128 2816 Ipsi
1157 2762 1283 2802 vero
1308 2748 1458 2804 fratri
1484 2753 1784 2822 septimana
1813 2770 1907 2811 sua
1940 2772 2062 2813 cum
2088 2759 2143 2814 in
2165 2761 2265 2818 hoc

671 2849 844 2905 opere
870 2848 1190 2909 occupatur,
1231 2842 1597 2912 septimanarii
1643 2847 1711 2903 de
1749 2851 1996 2907 omnibus
2042 2856 2262 2923 mensis,

667 2940 879 2981 mensm
911 2944 1023 2983 sua:
1057 2931 1251 2998 illatis,
1284 2936 1537 2993 scutellas
1567 2938 1767 3005 levent,
1801 2951 2055 2999 servante
2094 2946 2260 3000 cella-

666 3021 750 3077 rio
777 3024 942 3093 panis
972 3024 1094 3095 ejus
1141 3042 1471 3101 mensuram,
1504 3032 1587 3087 vel
1621 3043 1941 3091 consuetum
1978 3054 2052 3092 nu
2077 3054 2259 3094 rerum

661 3118 989 3186 potionum:
1015 3129 1090 3184 et,
1110 3132 1230 3190 post
1260 3126 1499 3180 omnium
1526 3126 1871 3195 levationem,
1903 3132 2071 3200 petita
2095 3131 2255 3188 bene-

659 3212 924 3283 dictione,
954 3225 1009 3272 et
1032 3220 1147 3287 ipse
1171 3219 1395 3277 reficiat.
1428 3221 1556 3279 ideo
1587 3226 1729 3280 enim
1759 3227 1991 3283 diximus
2016 3230 2253 3298 regulam

654 3310 984 3363 monasterii
1016 3311 1257 3380 quotidie
1290 3312 1395 3383 legi
1427 3314 1493 3368 ad
1530 3332 1762 3383 mensas,
1797 3327 1853 3372 ut
1879 3320 2056 3375 nullus
2084 3319 2254 3378 frater

653 3410 886 3457 excuset
936 3418 997 3458 se
1036 3403 1343 3473 ignorantia
1384 3405 1615 3463 faciente
1650 3425 1760 3465 non
1789 3411 2101 3469 emendare.
2132 3414 2252 3470 Non

650 3508 777 3548 cum
804 3494 1056 3564 quotidie
1083 3496 1136 3551 in
1182 3513 1279 3552 usu
1308 3498 1425 3568 ipsa
1456 3502 1641 3570 regula
1677 3503 1928 3572 mittitur,
1961 3514 2019 3561 et
2059 3508 2247 3563 notitia

647 3584 849 3640 melius
878 3585 1221 3653 observatur,
1252 3603 1320 3643 ne
1356 3587 1500 3645 forte
1535 3591 1681 3646 dicat
1718 3608 1777 3648 se
1819 3593 1987 3651 frater
2012 3598 2245 3665 nescire,

646 3675 793 3745 quod
826 3676 1003 3747 possit
1035 3693 1134 3748 per
1180 3679 1546 3737 obedientiam
1588 3684 1903 3756 adimplere.
1948 3687 2079 3743 Nam
2109 3698 2246 3745 tem-

641 3776 780 3837 pore
810 3768 937 3837 ipso
966 3768 1300 3840 refectionis,
1335 3788 1456 3828 cum
1488 3774 1684 3846 legitur
1713 3780 1920 3848 regula,
1946 3789 2005 3835 ut
2026 3782 2243 3838 solliciti

642 3859 1032 3915 universorum
1061 3860 1291 3917 fratrum
1322 3865 1627 3921 excitentur
1658 3869 1893 3934 auditus,
1925 3870 1992 3927 de
2019 3872 2244 3942 singulis

637 3955 846 4009 mensis
886 3968 1027 4024 quos
1053 3955 1285 4012 voluerit
1313 3958 1532 4027 fratres,
1563 3962 1688 4031 quid
1729 3964 1931 4020 lectum
1961 3977 2047 4023 est
2074 3970 2243 4026 abbas

636 4046 951 4117 interroget
997 4067 1009 4101 :
1062 4058 1119 4103 ut
1151 4065 1273 4106 cum
1304 4055 1672 4126 unusquisque
1712 4057 1882 4114 frater
1924 4064 2240 4119 recitaverit

636 4136 787 4206 quod
833 4138 1065 4206 audivit,
1116 4153 1443 4210 agnoscatur
1471 4146 1589 4215 plus
1617 4146 1835 4205 lectioni
1866 4152 1955 4207 illa
1989 4154 2119 4210 hora
2152 4157 2236 4211 in-

635 4230 902 4294 tendisse,
929 4246 1095 4299 quam
1125 4235 1319 4289 ventri.
1356 4234 1421 4290 Ut
1453 4251 1576 4293 cum
1602 4241 1798 4296 surdus
1819 4244 2097 4315 negligens
2125 4264 2228 4304 non

634 4320 950 4377 narraverit
998 4322 1146 4391 quod
1209 4324 1450 4393 audivit,
1521 4330 1641 4399 plus
1692 4348 1909 4389 carnem
1962 4335 2235 4406 judicetur

632 4428 871 4484 amasse,
914 4431 1079 4486 quam
1111 4416 1366 4475 animam.
1406 4421 1507 4487 Qui
1535 4438 1662 4479 mox
1702 4427 1768 4481 de
1797 4430 2119 4500 negligentia
2164 4436 2232 4492 ab

630 4508 830 4565 abbate
856 4509 1010 4578 juste
1036 4512 1237 4582 corripi
1264 4512 1427 4570 debet
1452 4533 1465 4581 ;
1500 4526 1558 4572 ut
1583 4518 1710 4575 dum
1736 4526 2101 4596 unusquisque
2121 4528 2230 4583 fra-

628 4609 709 4655 ter
758 4601 1141 4672 interrogatus
1171 4606 1326 4661 timet
1373 4610 1735 4682 erubescere,
1792 4629 2026 4676 mentem
2074 4639 2226 4679 suam
2260 4617 2312 4676 D

627 4695 753 4750 alibi
786 4713 905 4751 non
937 4695 1105 4753 faciat
1132 4699 1417 4768 aberrare;
1450 4708 1541 4759 sed
1585 4707 1637 4762 in
1670 4708 1776 4765 hoc
1800 4710 2065 4779 intendat,
2100 4718 2227 4785 quid

624 4786 843 4858 legitur.
885 4788 991 4856 Qui
1023 4791 1479 4851 bebdomadarius
1510 4800 1694 4855 tandiu
1724 4803 1792 4857 ad
1823 4820 2065 4863 mensam
2108 4825 2228 4866 cum

622 4876 910 4947 fratribus,
926 4880 1126 4950 quibus
1148 4897 1206 4937 se
1222 4882 1543 4953 levantibus,
1562 4890 1739 4958 posito
1760 4893 1813 4948 in
1839 4898 2021 4964 regula
2048 4900 2224 4969 signo,

622 4970 811 5026 levans
844 4987 906 5025 se
938 4980 995 5026 et
1025 4972 1142 5043 ipse
1183 4989 1306 5031 cum
1337 4979 1547 5046 codice,
1580 4998 1737 5038 versu
1776 4996 1832 5041 et
1860 4992 2109 5048 oratione
2158 4994 2226 5051 ab

620 5064 878 5119 omnibus
921 5063 1242 5135 adimpleta,
1282 5070 1611 5139 respondeat
1634 5089 1757 5130 cum
1791 5081 2076 5137 omnibus:
2110 5084 2224 5140 Deo

617 5154 854 5221 gratias;
889 5164 945 5209 et
975 5157 1161 5211 statim
1192 5157 1437 5215 residens
1468 5162 1582 5232 ipse
1612 5166 1678 5221 ad
1711 5184 1951 5229 mensam
1976 5191 2126 5233 suam
2154 5181 2224 5236 ab

618 5240 1067 5300 hebdomadariis
1117 5257 1386 5306 servatam
1417 5252 1773 5314 refectionem
1820 5264 1904 5319 vel
1941 5270 2220 5337 potionum

617 5349 932 5404 mensuras,
964 5338 1206 5407 signatas
1236 5352 1328 5398 aut
1358 5345 1426 5401 ab
1457 5346 1674 5415 abbate.
1704 5363 1801 5411 aut
1829 5372 1859 5413 a
1887 5366 2218 5432 pmpositis;

616 5426 799 5484 omnia
829 5435 889 5485 et
913 5427 1034 5502 ipse
1062 5432 1354 5504 percipiat.
1620 5448 1621 5451 ‘

2383 1999 2504 2038 cum
2523 1987 2735 2055 abbate,
2763 1991 2881 2048 lixis
2898 1994 2949 2050 in
2970 2006 3111 2054 terra
3132 2005 3377 2075 genibus,
3403 2023 3561 2067 orent
3581 2030 3678 2085 pro
3694 2019 3823 2087 ipsis
3844 2038 3964 2077 cum

2381 2074 2512 2144 ipsis
2536 2082 2911 2140 communiter.
2936 2086 3003 2142 Et
3032 2106 3155 2147 cum
3183 2102 3543 2172 surrexerint,
3565 2106 3748 2163 dicant
3767 2110 3967 2169 hebdo-

2378 2168 2605 2224 madarii
2655 2173 2799 2230 hunc
2842 2194 3053 2235 versum
3083 2200 3097 2237 :
3142 2184 3363 2244 Videant
3397 2196 3483 2264 qui
3518 2213 3611 2252 nos
3649 2203 3884 2271 oderunt,
3917 2216 3965 2261 et

2377 2263 2793 2336 confundantur,
2824 2274 3068 2338 quoniam
3100 2286 3173 2345 tu,
3208 2278 3449 2346 Domine,
3485 2288 3730 2359 adjuvisti
3767 2312 3877 2360 nos,
3912 2310 3962 2352 et

2374 2354 2667 2410 consolatus
2688 2374 2741 2411 es
2766 2361 3041 2431 nos(Psal.
3080 2370 3300 2439 Lxxxv).
3328 2373 3532 2435 Deinde
3548 2354 3843 2455 complenti
3867 2354 3961 2445 ab-

2373 2439 2483 2496 bati
2507 2459 2699 2513 pacem
2727 2452 2945 2509 tradant
2966 2457 3126 2513 simul
3152 2469 3208 2516 et
3228 2471 3529 2537 prarpositis
3548 2439 3788 2541 suis,lvel
3810 2485 3956 2539 omni

2374 2542 2777 2609 congregationi
2803 2563 2817 2612 ;
2870 2559 2925 2603 et
2952 2566 3075 2606 cum
3106 2558 3372 2617 resederit
3395 2564 3563 2622 abbas
3591 2577 3643 2625 et
3674 2570 3868 2631 fratres
3889 2578 3956 2633 ad

2370 2644 2604 2699 mensas,
2644 2637 2862 2707 signans
2906 2645 3162 2713 patellam
3206 2651 3379 2722 ipsam
3426 2658 3610 2729 abbas,
3642 2680 3861 2725 sumens
3886 2671 3955 2728 de

2368 2722 2749 2787 benedictione
2794 2736 2940 2804 prius
2971 2754 3094 2795 cum
3126 2745 3436 2807 cochlearia
3476 2722 3611 2827 ipse,
3644 2760 3841 2820 deinde
3868 2766 3954 2823 bis

2366 2811 2643 2885 fratribus,
2672 2823 2763 2890 qui
2793 2840 2917 2881 cum
2944 2844 3010 2884 eo
3041 2833 3107 2886 ad
3135 2852 3379 2896 mensam
3409 2844 3574 2915 ipsius
3603 2854 3811 2923 sedent,
3842 2860 3952 2915 sin-

2364 2907 2519 2974 gulos
2550 2912 2865 2973 cochleares
2893 2918 2947 2975 in
2976 2938 3073 2979 ore
3100 2927 3371 2988 ministret
3396 2953 3409 3001 ;
3441 2946 3498 2992 et
3528 2955 3799 3003 cumsuos
3820 2965 3951 3006 con-

2363 2997 2515 3053 vivas
2544 3004 2863 3074 expleverit,
2900 3016 3108 3071 vocatis
3139 3018 3269 3089 ipsis
3300 3023 3756 3106 bebdomadariis,
3787 3049 3845 3096 et
3863 3042 3948 3113 ip-

2362 3089 2436 3144 sis
2465 3090 2518 3146 in
2550 3109 2646 3151 ore
2675 3101 2937 3171 porrigat.
2980 3105 3187 3166 Deinde
3212 3126 3344 3184 quot
3385 3134 3587 3179 mensae
3616 3089 3834 3198 fuerint,
3868 3089 3950 3190 t'ot

2360 3190 2619 3248 scutellas
2647 3195 2830 3253 abbati
2859 3199 3315 3266 bebdomadarius
3338 3217 3580 3287 porrigat
3606 3239 3617 3274 :
3651 3223 3739 3279 ubi
3764 3190 3947 3298 singu-

2280 3286 2326 3347 ο
2358 3279 2439 3337 los
2460 3285 2775 3344 cochleares
2804 3308 2900 3361 per
2924 3310 3180 3355 numeros
3202 3301 3429 3361 fratrum
3452 3309 3520 3365 de
3540 3312 3769 3382 singulis
3789 3279 3942 3376 mgn-

2352 3468 2440 3521 siti
2471 3471 2774 3542 porrigant;
2806 3487 2863 3532 ut
2893 3494 3084 3537 omnes
3110 3484 3176 3540 de
3205 3487 3321 3558 ipsa
3349 3468 3749 3555 benedictione.
3770 3468 3940 3573 perci-

2353 3560 2523 3629 piant.
2567 3562 2721 3630 Quod
2767 3585 2887 3625 cum
2939 3574 3292 3646 adimpletum
3342 3582 3526 3653 fuerit,
3564 3590 3643 3645 sic
3692 3560 3938 3653 ultimum

2353 3656 2563 3712 caldum
2596 3662 2925 3734 accipientes
2974 3684 3218 3741 surgant,
3252 3676 3532 3737 dicentes:
3575 3686 3687 3741 Deo
3717 3692 3940 3758 gratias.

2356 3748 2456 3817 Qui
2485 3768 2613 3809 vero
2633 3756 3037 3819 bebdomadarii
3072 3769 3327 3836 patellam
3358 3772 3517 3831 istam
3546 3792 3642 3848 per
3661 3748 3913 3854 itegligen
3928 3748 3940 3831 λ

2354 3842 2483 3899 tiam
2527 3848 2758 3917 septimo
2800 3852 2888 3908 die
2936 3871 3044 3912 non
3090 3860 3455 3934 exhibuerint,
3501 3842 3563 3925 et
3600 3872 3653 3927 in
3692 3842 3938 3945 sequenti

2351 3936 2525 3993 aliena
2547 3939 2885 4001 hebdomada
2908 3962 3007 4019 per
3032 3952 3271 4022 singulos
3299 3957 3413 4015 dies
3439 3961 3678 4031 singulas
3703 3936 3937 4036 quadras

2348 4032 2505 4100 panis
2533 4035 2826 4095 subductas
2848 4044 2914 4096 ab
2941 4044 3135 4102 abbate
3160 4052 3431 4121 amittant,
3457 4072 3625 4128 usque
3656 4032 3934 4121 ad—emen-

2347 4121 2627 4183 dationem
2666 4130 3053 4193 satisfactionis
3078 4142 3417 4209 promissam.

2914 4268 3141 4329 CAPUT
3179 4273 3367 4335 XXVI.

2779 4401 3170 4446 INTERROGATIO
3209 4408 3476 4454 DISCIPULI.

2816 4496 2896 4553 De
2922 4517 3166 4557 mensura
3195 4506 3445 4566 ciborum.

2554 4682 2558 4689 ν
2597 4622 2899 4665 ιιεειιοηυετ
2940 4629 3168 4673 DOHINUS
3206 4636 3305 4676 PER
3341 4640 3662 4687 IAGISTRUI.

2408 4718 2671 4778 Sulbcere
2700 4740 2931 4796 namque
2958 4732 3228 4791 credimus
3256 4738 3323 4792 ad
3355 4738 3710 4801 refectionem
3739 4759 3919 4819 quott—

2334 4812 2548 4869 dianam
2582 4824 2691 4871 tam
2733 4828 2925 4888 sextae,
2967 4839 3129 4893 quam
3174 4845 3331 4887 nonae
3370 4837 3620 4893 omnibus
3647 4844 3923 4901 mensibus

2333 4916 2489 4961 cocta
2512 4908 2620 4964 duo
2643 4910 3027 4982 pulmentaria,
3053 4926 3109 4973 et
3133 4922 3350 4978 tertium
3376 4928 3738 5002 quodcunque
3758 4934 3921 4993 fuerit

2331 4996 2554 5052 crudum
2597 5016 2719 5055 cum
2765 5004 2963 5074 pomis.
3013 5007 3218 5066 Medius
3258 4996 3415 5084 panis
3463 5034 3699 5088 pensans
3728 5025 3917 5083 libram

2328 5088 2553 5157 singulis
2579 5089 2833 5152 fratribus
2873 5097 2927 5152 in
2956 5099 3048 5155 die
3077 5101 3331 5175 sufﬁciat,
3362 5112 3658 5169 secundum
3688 5115 3915 5175 formam

2327 5181 2520 5237 divina:
2565 5186 3002 5258 dispensationis,
3048 5211 3170 5251 cum
3215 5200 3451 5257 medium
3481 5208 3638 5275 panis
3679 5211 3917 5271 caelestis

2326 5289 2519 5331 corvos
2550 5276 2720 5336 Paulo
2747 5297 2906 5338 servo
2937 5286 3027 5340 Ι)θί
3054 5289 3297 5356 quotidie
3329 5298 3654 5356 vescendum
3685 5318 3914 5373 parave‘

2324 5367 2414 5422 rit.
2450 5370 2676 5432 Quando
2706 5387 2836 5441 ergo
2877 5374 2943 5429 ad
2972 5389 3183 5434 sextam
3215 5382 3404 5439 horam
3435 5367 3701 5459 tempore-
3720 5397 3909 5454 aestivo

2323 5460 2406 5515 vel
2435 5460 2555 5517 aliis
2584 5467 2922 5535 temporibus
2965 5470 3234 5543 reficiunt,
3282 5480 3440 5535 tertia
3487 5484 3694 5552 quadra
3742 5487 3913 5558 ipsius

2323 5552 2588 5611 Dominici
2635 5560 2791 5628 panis
2832 5576 2863 5616 a
2907 5563 3130 5621 cellario
3158 5584 3257 5638 per
3295 5574 3537 5631 omnium
3585 5592 3828 5638 annonas
3853 5584 3909 5639 in

2322 5647 2545 5705 cellario
2575 5651 2856 5710 subtracto
2886 5671 3007 5713 sera
3034 5668 3161 5715 ante
3190 5661 3323 5719 illud
3352 5668 3574 5723 crudum
3602 5672 3909 5741 pulmenta-

2320 5738 2457 5794 rium
2483 5741 2817 5800 inferendum
2844 5750 3047 5806 mensis
3071 5761 3323 5821 ponatur.
3352 5756 3421 5813 Et
3448 5759 3572 5818 ideo
3682 5766 3906 5827 cellario

2319 5828 2551 5888 diximus
2579 5848 2670 5890 eas
2695 5835 2931 5905 quadras
2957 5840 3024 5896 de
3055 5845 3298 5903 omnium
3325 5852 3559 5907 annonis
3587 5866 3907 5918 anteecssus

2320 5924 2596 5993 subtrahi;
2646 5944 2714 5985 ne
2762 5927 2903 5990 forte
2941 5949 3062 5993 cum
3094 5937 3319 6003 intente
3346 5956 3576 6002 annona
3614 5943 3669 6005 in
3704 5955 3906 6009 mensis
