5174 6540
1200 443 1304 499 995

2500 421 2839 480 AUCTOIiIS
2881 421 3144 477 INCERTI

4374 413 4481 469 996

1201 546 1400 603 fuerint
1428 552 1633 616 posttre,
1663 554 1720 601 et
1745 560 1812 601 ne
1838 545 1978 600 forte
2010 543 2304 599 adveniens
2328 543 2494 598 frater
2521 546 2779 610 novitius,
2816 548 2862 607 Î‘
2890 557 3085 597 nonam
3133 539 3376 609 quotidie
3421 540 3608 594 exiens
3648 536 3817 592 abbas
3873 536 3932 592 ie
3960 536 4232 602 oratorio,
4280 534 4339 590 in
4380 548 4483 590 sua

1200 639 1449 694 nesciens
1473 637 1649 693 adhuc
1679 651 1982 692 mensuram
2010 635 2231 704 regulae,
2265 643 2420 705 putet
2449 634 2548 689 sibi
2582 635 2783 689 iterato

1199 730 1267 784 ad
1294 745 1503 785 curnam
1550 729 1760 798 reponi,
1792 728 1860 782 ad
1890 728 2171 798 prandium
2201 726 2439 796 explicet
2483 734 2676 794 totum,
2732 733 2788 779 et

1198 838 1321 878 sera
1369 839 1490 877 cum
1538 821 1711 891 pomis
1748 820 1947 877 habeat
1985 819 2161 885 nihil;
2210 828 2306 873 aut
2350 819 2515 871 frater
2558 816 2788 871 multum

1199 914 1362 969 edere
1385 930 1592 979 amans,
1607 914 1851 982 quamvis
1872 927 2178 967 mensuram
2197 910 2405 966 noverit
2426 909 2642 977 regulte,
2663 923 2785 964 cum

1200 1007 1403 1077 petenti
1433 1006 1571 1076 gula:
1599 1006 1711 1060 vult
1740 1006 2087 1072 satisfacere,
2106 1004 2174 1059 ad
2203 1004 2391 1060 horam
2426 1011 2597 1057 totum
2628 1003 2790 1071 eligat

1203 1098 1553 1162 manducare.
1596 1107 1651 1155 et
1696 1100 1761 1154 ad
1790 1116 1970 1154 seram
2013 1107 2165 1168 putet
2209 1113 2269 1153 se
2297 1112 2418 1153 esse
2450 1104 2785 1152 contentum.

1202 1193 1331 1258 Qua:
1372 1208 1561 1247 omnes
1590 1192 1809 1261 quadra:
1853 1206 1977 1247 cum
2012 1190 2211 1245 fuerint
2254 1189 2308 1244 in
2347 1188 2573 1243 cellario
2616 1201 2791 1241 reser-

1206 1293 1368 1351 vatm,
1403 1300 1524 1339 sera
1556 1284 1741 1352 ejecta:
1769 1291 1824 1337 et
1872 1283 1924 1337 itt
1958 1298 2141 1337 mensa
2184 1281 2396 1336 abbatis
2422 1278 2610 1350 posita:
2640 1286 2695 1333 et
2723 1277 2790 1331 ab

1204 1391 1271 1432 eo
1300 1379 1546 1447 signate,
1578 1376 1720 1432 sicut
1749 1376 2092 1431 consuetudo
2118 1374 2370 1439 ostendit,
2407 1373 2557 1445 ptius
2579 1370 2678 1425 sibi
2712 1369 2791 1423 vel

1204 1485 1403 1524 mensa:
1446 1484 1558 1525 suae
1587 1470 1759 1533 tollat,
1796 1478 1849 1521 et
1882 1468 2106 1523 residu.c
2138 1459 2191 1522 in
2224 1467 2464 1521 canistro
2505 1480 2535 1519 a
2568 1463 2789 1520 cellario

1206 1563 1393 1619 levata:
1421 1579 1517 1634 per
1544 1562 1781 1632 singulas
1811 1576 2025 1617 mensas
2055 1568 2328 1631 ponantur
2359 1557 2703 1619 tollentibus,
2737 1563 2795 1608 ut

1206 1656 1335 1725 ipsa:
1364 1656 1492 1711 sola:
1524 1667 1706 1726 partes
1733 1671 1855 1710 cuin
1888 1640 2051 1709 cruda
2079 1669 2409 1723 quocunque
2436 1650 2796 1721 pulmentario

1208 1750 1367 1804 tlllsto
1404 1764 1526 1802 cum
1561 1748 1753 1817 pomis,
1786 1748 1869 1803 vel
1901 1746 1943 1801 si
1987 1748 2114 1816 quid
2142 1746 2209 1801 de
2237 1745 2607 1816 pulmentariis
2636 1758 2797 1813 pran-

1207 1834 1282 1890 dii
1324 1834 1666 1896 remansezit,
1708 1835 1936 1887 fratrum
1973 1849 2141 1888 canta:
2172 1832 2420 1887 sufficiat.
2450 1828 2582 1884 Nam
2612 1827 2797 1883 Domi-

2890 634 3078 690 sedeat
3105 631 3383 696 cathedra,
3420 640 3475 687 et
3525 630 4032 686 cireumastantibus
4078 636 4207 685 ante
4256 642 4382 684 eum
4424 626 4484 684 iu

2888 728 3080 785 ordine
3109 728 3377 792 omnibus,
3410 726 3586 795 ejecto
3617 740 3647 779 a
3697 723 3919 780 cellario
3967 726 4117 787 vino,
4147 724 4484 778 misceantur

2889 822 2956 878 ab
3004 819 3435 876 hebdomadariis
3492 819 3544 874 in
3594 826 3858 874 consueto
3922 832 4051 872 vase
4098 830 4196 887 per
4241 814 4485 885 singulas

2889 928 3197 970 mensarum
3266 911 3497 967 decadas
3575 911 3815 967 omnium
3884 909 4107 979 singula:
4190 908 4481 978 potiones,

2892 1006 3186 1064 secundum
3231 1020 3514 1061 numerum
3544 995 3977 1076 congregationis
3997 1013 4053 1059 et
4072 1018 4253 1059 suum.
4283 1000 4483 1058 Statim

2892 1114 3121 1167 surgens
3142 1098 3308 1153 abbas
3334 1108 3452 1153 oret
3480 1113 3602 1153 cum
3629 1097 3909 1161 omnibus;
3938 1105 3993 1152 et
4024 1107 4148 1167 post
4174 1095 4486 1152 orationem

2895 1200 3183 1260 antequam
3223 1190 3430 1256 sedeat,
3464 1189 3709 1246 oblatum
3740 1190 3846 1245 sibi
3877 1204 3970 1245 vas
3999 1203 4121 1245 cum
4159 1188 4325 1243 misto
4374 1186 4488 1256 sig-

2896 1293 2988 1338 net
3016 1299 3159 1339 eum.
3188 1281 3313 1338 Mox
3337 1299 3521 1337 secum
3552 1298 3741 1337 outues
3772 1282 3837 1337 ad
3880 1298 4094 1337 mensas
4119 1297 4245 1337 suas
4269 1281 4488 1351 jubeat,

2897 1379 3035 1434 sicut
3063 1384 3484 1441 consueverunt,
3533 1374 3769 1441 sedere;
3802 1385 3857 1430 et
3904 1376 4096 1431 bibens
4142 1375 4295 1445 prius
4347 1375 4486 1444 ipse,

2897 1467 3093 1523 deinde
3124 1467 3434 1535 singillatim
3478 1467 3694 1521 mistunt
3726 1482 3820 1536 per
3851 1482 4068 1521 mensas
4096 1466 4340 1534 singulas
4370 1482 4490 1519 om-

2900 1561 3057 1616 nibus
3112 1561 3271 1615 faciat
3302 1561 3597 1632 propitiari.
3643 1561 3845 1627 Quibus
3876 1559 4104 1629 expletis
4132 1569 4364 1630 surgant
4393 1560 4495 1614 ite-

2904 1669 3043 1715 rato,
3068 1661 3119 1707 et
3148 1662 3336 1718 orent;
3366 1661 3420 1707 et
3444 1660 3563 1721 post
3583 1653 3884 1707 orationem
3916 1653 4141 1705 redeant
4164 1653 4407 1705 universi
4431 1651 4494 1703 ad

2905 1761 3068 1815 opera
3100 1761 3220 1814 qua:
3250 1745 3565 1799 dimiserant
3595 1744 3872 1799 facientes.
3902 1736 4045 1812 Ergo
4082 1744 4259 1815 quivis
4309 1744 4496 1797 sitiens

2908 1846 3028 1907 post
3049 1852 3247 1892 nonam
3277 1852 3403 1891 mox
3434 1836 3582 1890 bibat
3617 1836 3764 1906 :jam
3796 1836 3841 1889 si
3873 1835 4141 1889 introierit
4163 1833 4232 1890 tle
4261 1833 4494 1899 decima,

1211 1928 1335 1983 ttico
1381 1928 1501 1993 d.e,
1552 1928 1634 1982 vel
1684 1928 1803 1982 aliis
1847 1927 2000 1982 festis
2050 1928 2277 1991 diebus,
2329 1925 2423 1981 sed
2473 1938 2528 1981 et
2572 1934 2796 1996 propter
2829 1931 2877 1993 B
2906 1947 3063 1986 nemo
3118 1931 3266 1985 bibat
3320 1946 3489 2000 usque
3534 1939 3656 2000 post
3682 1945 3985 1999 vesperam.
4037 1927 4096 1982 Si
4146 1942 4279 1982 vero
4328 1926 4499 1981 frater

1209 2031 1496 2077 extraneas
1527 2020 1877 2075 advenientes
1903 2037 2184 2090 personas,
2206 2019 2400 2091 quovis
2421 2018 2508 2074 die
2533 2015 2801 2088 quidquid

1211 2111 1412 2167 addere
1440 2113 1606 2166 abbas
1635 2113 1686 2166 in
1711 2112 1833 2166 cibo
1864 2112 2122 2181 voluerit,
2150 2120 2339 2181 utpote
2384 2108 2575 2178 majori
2606 2124 2803 2163 conce-

1210 2203 1375 2272 ditur,
1408 2201 1827 2257 vel'dulciorum
1858 2203 2069 2274 aliqua;
2100 2202 2397 2257 secundum
2433 2200 2802 2255 testimonium

1214 2296 1360 2366 quod
1393 2296 1587 2365 legitur
1614 2297 1667 2350 in
1700 2295 1834 2350 Vitis
1866 2295 2081 2349 Patrum
2123 2315 2136 2351 :
2187 2294 2273 2349 ubi
2305 2312 2402 2365 pro
2432 2293 2621 2349 diebus
2650 2291 2804 2348 festis

1215 2389 1503 2444 delicatum
1528 2391 1800 2459 petierunt
1828 2406 1858 2444 a
1894 2389 2120 2443 Domino
2149 2388 2350 2454 cibum,
2371 2396 2426 2442 ct
2454 2386 2703 2457 apparuit
2726 2387 2807 2440 eis

1216 2500 1336 2539 cum
1370 2484 1492 2537 favo
1522 2484 1765 2550 angelus.
1797 2481 2030 2537 Tantum
2061 2492 2164 2547 est,
2199 2491 2255 2537 ut
2284 2481 2437 2537 consi
2460 2490 2594 2536 aeret
2620 2495 2803 2549 mqua-

1215 2578 1445 2644 liiatem,
1476 2586 1531 2631 ct
1558 2575 1728 2645 fugiat
1757 2577 2165 2647 corruptibilem
2194 2576 2551 2631 nimietatem.
2582 2574 2804 2631 Minori-

1215 2673 1315 2728 bus
1345 2687 1473 2728 vero
1504 2672 1794 2728 duodecim
1824 2672 1981 2727 annis
2012 2670 2191 2726 minus
2216 2684 2247 2723 a
2281 2670 2418 2725 libta
2458 2668 2611 2740 panis
2635 2667 2690 2724 in
2720 2667 2807 2724 die

1217 2766 1448 2821 sufficiat

1759 2896 1987 2953 CAPUT
2016 2897 2226 2954 XXVII.

1646 3027 2044 3067 INTERROGATIO
2077 3028 2353 3068 DISCIPULI.

1745 3148 1819 3202 De
1849 3166 2092 3205 mensura
2114 3161 2284 3220 polus.

1481 3279 1788 3319 BESPONDET
1814 3280 2043 3319 DOMINUS
2072 3280 2169 3319 PER
2194 3280 2519 3321 IAGISTRUII.

1296 3403 1418 3457 Mox
1447 3417 1570 3457 cum
1600 3400 1843 3457 sederint
1888 3401 1957 3456 ad
2010 3416 2223 3457 mensas
2272 3402 2485 3467 fratres,
2520 3408 2814 3473 atiwquam

1224 3496 1533 3561 comedant,
1562 3495 1804 3565 singulos
1831 3509 2011 3549 meros
2030 3495 2321 3564 accipiant.
2349 3496 2495 3561 Quos
2516 3511 2696 3551 meros
2722 3511 2814 3551 ac-

1226 3588 1511 3658 cipientes,
1538 3587 1735 3658 singuli
1764 3589 2043 3656 porrigant
2065 3587 2249 3642 abbati
2272 3587 2372 3642 sibi
2409 3587 2698 3656 signandos
2720 3606 2734 3654 ;
2760 3595 2816 3643 et

1229 3697 1325 3752 per
1344 3681 1475 3735 alias
1499 3696 1714 3735 mensas
1742 3681 1852 3735 suis
1873 3680 2147 3748 fzatribus,
2168 3682 2279 3736 suis
2304 3682 2521 3753 signent
2546 3683 2816 3753 praepositi

1227 3778 1456 3834 vicibus.
1490 3776 1549 3832 In
1594 3778 1789 3847 quibus
1818 3778 2068 3834 omnibus
2116 3780 2316 3835 mensis
2361 3780 2412 3835 in
2463 3796 2590 3836 suos
2640 3796 2819 3836 meros

1227 3870 1471 3940 quisquis
1500 3869 1666 3925 frater
1682 3871 1751 3925 de
1779 3887 1880 3928 suo
1914 3887 2051 3941 pane
2072 3879 2252 3927 ternas
2284 3872 2405 3936 sibi,
2432 3889 2540 3927 non
2565 3875 2817 3944 amplius,

1229 3961 1500 4019 bttecellas
1531 3963 1880 4031 intingttant:
1929 3963 2049 4019 ideo
2081 3980 2189 4019 non
2236 3964 2483 4034 amplius,
2536 3980 2605 4053 ne
2654 3966 2822 4021 frater

1231 4055 1458 4109 multum
1486 4055 1555 4108 ibi
1590 4071 1781 4123 panem
1813 4056 2144 4125 expendens,
2192 4073 2312 4111 cu-n
2348 4057 2399 4110 in
2451 4058 2823 4127 pulmentariis

1232 4162 1340 4200 non
1393 4144 1658 4208 habuerit,
1708 4146 2022 4198 voracitatis
2063 4162 2171 4200 sum
2221 4162 2405 4213 causa,
2453 4148 2506 4201 in
2539 4148 2692 4217 panis
2738 4149 2822 4204 sui

1235 4253 1485 4293 mensura
1515 4237 1745 4290 aliorqu
1779 4237 2001 4291 fratrum
2053 4253 2196 4307 aspc:
2220 4247 2328 4291 tum
2360 4240 2411 4293 in
2456 4256 2514 4294 se
2564 4251 2824 4309 provocet

1235 4329 1625 4385 detrahentem.
1656 4326 1782 4382 Post
1804 4343 1933 4396 ergo
1957 4329 2158 4398 primos
2174 4346 2351 4385 meros
2373 4333 2562 4387 :estivo
2578 4342 2821 4402 tempore

1239 4421 1305 4475 ad
1331 4419 1680 4475 refectionem
1711 4427 1819 4473 tam
1843 4429 2010 4474 sexta:
2040 4437 2201 4490 quam
2249 4439 2425 4485 nonae,
2461 4426 2598 4478 caldi
2651 4427 2824 4480 omni-

1236 4514 1339 4570 bus
1368 4514 1614 4583 quaterni
1642 4511 1933 4577 sufficiaut,
1980 4525 2132 4569 extra
2166 4516 2314 4571 illum
2348 4534 2574 4572 nierum.
2610 4519 2666 4574 In
2718 4536 2822 4575 eo-

1239 4605 1361 4661 dem
1396 4620 1525 4659 vero
1573 4613 1835 4673 tempote,
1861 4621 1982 4659 cmn
2013 4605 2081 4660 ad
2126 4617 2332 4661 sextam
2366 4609 2622 4675 reficitur,
2655 4620 2823 4667 terna:

1240 4713 1361 4753 sera
1385 4698 1635 4752 omnibus
1662 4698 1930 4752 sufficiant
1966 4701 2235 4768 potiotns.
2287 4702 2491 4769 Quibus
2540 4709 2827 4778 completis

1245 4791 1424 4845 tamin
1452 4790 1745 4845 refectione
1774 4801 1960 4850 sextze.
1985 4808 2145 4859 quam
2166 4811 2339 4859 nona',
2361 4797 2439 4850 vel
2464 4813 2648 4865 ciente,
2676 4812 2828 4859 stans

1245 4882 1298 4936 in
1325 4882 1502 4938 medio
1536 4896 1841 4936 mensarum
1884 4882 2027 4937 clara
2058 4900 2191 4940 voce
2228 4888 2325 4941 ct-ll
2350 4888 2477 4946 .tius
2513 4892 2691 4947 dicat:
2724 4894 2827 4960 Qui

1240 4973 1355 5030 sitit
1384 4973 1702 5028 fiducialiter
1733 4974 1955 5029 iudicet.
2002 4973 2132 5031 Post
2166 4977 2303 5033 hanc
2330 4998 2513 5035 vocem
2545 4984 2636 5052 qui
2669 4983 2828 5039 fuerit

1243 5064 1432 5122 sitiens
1458 5082 1584 5120 mox
1616 5064 1681 5118 de
1707 5081 1889 5119 mensa
1913 5082 2005 5119 sua
2040 5070 2359 5136 respondeat
2388 5091 2400 5126 :
2430 5073 2692 5140 Benedic;
2719 5086 2829 5131 sta-

1246 5157 1340 5212 tim
1372 5166 1671 5227 temperata
1731 5157 1780 5209 in
1832 5174 1941 5211 uno
1984 5176 2112 5215 vase
2159 5178 2320 5230 pusca
2369 5164 2563 5229 calida,
2620 5176 2734 5232 aut,
2782 5169 2827 5223 si

1246 5251 1517 5306 voluerint
1567 5251 1782 5315 fratres,
1810 5268 1932 5306 cum
1980 5253 2118 5321 jntta
2154 5275 2164 5307 :
2199 5272 2317 5325 qua:
2361 5274 2577 5328 semper
2598 5263 2830 5333 amplius

1248 5352 1470 5414 propter
1503 5344 1747 5399 sitientes
1794 5344 1906 5399 fieri
1937 5347 2096 5401 debet
2128 5349 2180 5403 in
2231 5350 2600 5419 pulmentariis
2652 5355 2833 5412 fortio-

1247 5440 1415 5504 ribus,
1447 5449 1539 5495 aut
1559 5440 1774 5510 galleta,
1802 5450 1895 5496 aut
1918 5444 2114 5501 culices
2141 5447 2444 5506 sitientibus
2467 5454 2827 5523 porrigantur.

1250 5531 1380 5585 Nam
1413 5541 1467 5587 et
1498 5532 1580 5587 his
1631 5534 1829 5587 (astatis
1878 5534 2081 5602 diebus,
2113 5555 2232 5594 cum
2283 5542 2346 5596 ad
2399 5560 2593 5600 nonam
2643 5547 2833 5604 horam

1252 5625 1509 5693 reficitur,
1565 5641 1687 5681 sera
1711 5637 1998 5696 antequam
2028 5634 2351 5703 compleant,
2395 5637 2533 5692 bina:
2584 5642 2834 5696 omnibus

1253 5714 1525 5771 subiciant
1554 5719 1843 5787 potiones:
1893 5720 1962 5774 ita
1978 5730 2155 5778 tamen
2198 5734 2255 5779 ut
2291 5737 2578 5797 antequam
2627 5731 2834 5802 bibant,

1257 5816 1450 5869 orent;
1479 5817 1534 5864 et
1562 5822 1845 5881 postquam
1899 5818 2149 5883 biberint,
2187 5839 2223 5873 Î¹â€™.
2248 5830 2423 5876 orent.
2460 5822 2590 5877 ltetu
2649 5825 2699 5878 itt
2753 5827 2835 5882 his

1258 5910 1455 5955 aestatis
1485 5902 1668 5957 diebus
1724 5922 1842 5960 cum
1876 5911 1940 5963 ad
1970 5923 2088 5965 seu
2126 5931 2174 5966 Î¹Î¹Î¹
2208 5914 2459 5979 reficitur,
2488 5926 2608 5984 post
2634 5918 2834 5975 dictam

2906 2027 3137 2092 amnius
3158 2025 3354 2079 sitierit
3410 2024 3461 2078 in
3495 2024 3606 2085 igsa
3657 2038 3818 2088 nona,
3868 2031 4159 2091 antequam
4206 2022 4417 2084 veniat,
4444 2023 4500 2073 ut

2906 2121 3162 2188 diximu~,
3195 2119 3429 2187 decima,
3475 2127 3530 2172 et
3560 2118 3745 2173 bibere
3797 2118 3841 2172 si
3871 2115 4123 2185 voluerit,
4154 2130 4355 2184 aquam
4388 2127 4497 2169 non

2907 2213 2975 2266 ab
2999 2228 3164 2267 urceo
3190 2228 3296 2266 uno
3324 2213 3541 2275 haustu,
3573 2210 3667 2264 sed
3697 2209 3761 2263 ad
3795 2209 3998 2274 caiicis,
4025 2215 4119 2262 aut
4145 2207 4379 2277 gabetaa,
4406 2213 4501 2259 aut

2907 2302 3133 2358 cancelli
3157 2303 3305 2358 bibat
3331 2317 3662 2363 mensuram,
3687 2301 3813 2371 quia
3843 2298 4153 2368 quodextra
4182 2312 4495 2353 mensuram

2908 2404 3009 2452 est.
3046 2398 3147 2449 hoc
3176 2403 3259 2449 est
3295 2395 3515 2448 nimium
3543 2402 3596 2447 et
3624 2394 3901 2461 injustutn,
3930 2400 3984 2446 et
4035 2391 4291 2446 desiderii
4341 2391 4495 2445 Satis-

2909 2487 3198 2543 factiouem
3231 2486 3295 2541 ad
3326 2488 3687 2557 corruptelam
3715 2486 3982 2541 videbitur
4015 2485 4335 2551 adimplere.
4368 2484 4500 2538 Nam

2909 2581 3201 2634 secundum
3225 2579 3551 2634 sententiam
3574 2578 3719 2632 illam
3741 2593 3860 2647 qua:
3889 2577 4037 2644 dicit,
4066 2576 4147 2630 ,á¼´Îµ
4172 2577 4300 2646 quid
4325 2577 4502 2642 nimis,

2910 2679 3091 2743 potest
3115 2682 3169 2725 et
3200 2672 3366 2725 nimia
3396 2685 3537 2739 aqua
3567 2669 3849 2725 deebriare
3874 2665 4091 2725 sensuui
4124 2668 4176 2723 in
4208 2668 4505 2737 phantasiis

2910 2764 3265 2830 somniorum,
3303 2771 3358 2818 et
3397 2778 3595 2832 corpus
3625 2761 4040 2818 necessitatibus
4070 2774 4343 2828 occupare
4389 2778 4400 2809 :
4451 2760 4504 2814 id

2914 2866 3015 2917 est,
3051 2855 3105 2909 iu
3128 2856 3278 2909 venis
3301 2854 3481 2917 ï¬‚atus,
3531 2853 3584 2907 in
3615 2851 3859 2907 medullis
3891 2852 4077 2922 frigus,
4111 2850 4163 2904 in
4197 2847 4506 2921 superciliis

2911 2948 3168 3020 gravitas,
3193 2948 3244 3001 iu
3267 2947 3442 3017 capite
3463 2961 3647 3019 gyros,
3670 2945 3724 3000 in
3746 2945 3919 3001 oculis'
3939 2958 4179 3005 Somnus.
4207 2943 4261 2997 in
4286 2941 4507 2996 naribus

2913 3049 3189 3096 sternutus
3220 3039 3485 3093 assiduus.
3517 3038 3573 3092 In
3608 3038 3803 3094 hiemis
3833 3053 3962 3092 vero
3986 3045 4234 3107 tempore
4257 3036 4314 3090 in
4337 3043 4505 3090 sextae

2915 3141 2969 3187 et
3000 3148 3155 3187 nonae
3184 3133 3331 3186 hora:
3355 3131 3646 3186 refectione
3676 3132 3924 3186 omnibus
3964 3131 4154 3186 caldos
4180 3140 4363 3185 ternos
4392 3126 4504 3183 suf-

2918 3222 3135 3285 ficiant;
3167 3223 3289 3293 quia
3318 3233 3484 3278 aestus
3509 3240 3615 3278 nou
3639 3233 3721 3279 est
3749 3224 3839 3294 qui
3881 3232 4142 3294 provocet
4172 3222 4343 3277 sitim.
4400 3219 4507 3276 Illis

2838 3303 2891 3369 C
2919 3328 3048 3368 vero
3068 3313 3258 3368 diebus
3291 3315 3341 3369 in
3370 3313 3547 3369 bieme
3577 3315 3630 3369 in
3656 3315 3847 3383 quibus
3892 3324 4042 3370 sexta
4077 3314 4346 3379 reficiunt,
4388 3327 4510 3369 sera

2920 3408 3138 3479 penitus
3170 3406 3299 3473 nihil
3322 3415 3568 3462 ccenetur
3591 3450 3607 3475 ,
3631 3408 3733 3462 nisi
3779 3408 4019 3477 singulos
4043 3407 4231 3463 caldos
4261 3407 4512 3463 omnibus

2919 3503 3189 3559 subiciant
3223 3521 3233 3555 :
3262 3504 3334 3557 ita
3368 3511 3545 3557 tamen
3576 3510 3633 3556 ut
3664 3512 3955 3572 antequam
3987 3503 4197 3568 bibant,
4233 3511 4427 3566 orent;
4458 3509 4515 3556 et

2920 3613 3204 3668 pOSIqumn
3232 3597 3492 3662 biberint,
3542 3604 3781 3652 reorent.
3817 3595 3948 3652 Post
3994 3611 4192 3651 nonam
4240 3611 4370 3652 vero
4424 3596 4512 3650 illa

2922 3691 3071 3760 prtio
3102 3705 3220 3760 quaâ€œ.
3244 3689 3488 3759 quotidie
3537 3690 3604 3743 de
3632 3689 3855 3745 cellario
3883 3689 3936 3743 in
3963 3698 4154 3743 testate
4197 3688 4514 3757 profereba-

2924 3791 3008 3835 tur
3036 3782 3363 3848 sitientibus,
3394 3781 3447 3835 iu
3497 3781 3675 3835 liliâ€˜ï¬‚iï¬
3718 3798 3825 3837 non
3874 3780 4029 3836 detur
4062 3801 4075 3833 :
4108 3782 4236 3852 quia
4264 3797 4366 3838 nec
4398 3782 4516 3838 sitis

2922 3873 3309 3943 suppeditatur,
3338 3887 3439 3927 nec
3473 3874 3625 3941 longe
3648 3880 3816 3929 restat
3841 3873 3893 3928 in
3915 3874 4211 3929 refectione
4239 3874 4293 3929 in
4318 3889 4515 3944 vespe-

2923 3948 3061 4019 ram.
3096 3964 3203 4019 Illis
3231 3980 3359 4020 vero
3387 3965 3598 4032 diebus,
3631 3965 3683 4019 in
3714 3965 3906 4035 quibus
3934 3966 3987 4020 in
4014 3967 4191 4021 bieme
4216 3967 4283 4020 ad
4313 3982 4513 4022 nonam

2924 4057 3182 4124 reficitur,
3213 4066 3337 4129 post
3361 4059 3557 4113 dictam
3598 4073 3875 4127 vesperam
3919 4074 4025 4113 non
4076 4059 4309 4128 amplius
4356 4076 4517 4131 quam

2925 4151 3164 4218 singulos
3188 4149 3372 4205 caldos
3400 4150 3664 4219 accipiant
3695 4170 3706 4203 Îµ
3733 4150 3803 4203 ita
3829 4158 4009 4205 tamen
4039 4158 4100 4204 ut
4125 4158 4417 4220 antequam
4440 4151 4521 4206 biâ€”

2924 4242 3088 4305 bant,
3121 4250 3312 4309 orent;
3344 4250 3396 4297 ct
3427 4250 3712 4312 postquam
3760 4243 4024 4309 biberint,
4056 4252 4290 4298 reorent.
4324 4242 4386 4297 in
4417 4243 4520 4298 illis

2925 4349 3058 4389 vero
3080 4333 3268 4388 diebus
3297 4349 3327 4387 a
3354 4332 3560 4388 Pascha
3592 4350 3762 4402 usque
3790 4334 3857 4388 ad
3888 4337 4277 4402 Pentecostcn,
4306 4335 4362 4391 in
4394 4337 4519 4405 qui-

2926 4426 3026 4481 bus
3046 4426 3111 4481 ad
3134 4436 3339 4482 sextam
3371 4427 3627 4492 reficitur,
3659 4430 3861 4497 absque
3885 4427 4067 4497 quinta
4097 4427 4230 4482 feria
4252 4437 4306 4483 et
4334 4428 4520 4483 Domi-

2928 4519 3065 4585 nica,
3099 4519 3218 4574 aliis
3246 4519 3435 4574 diebus
3463 4519 3593 4574 nihil
3634 4518 3778 4574 aliud
3801 4520 3867 4575 ad
3896 4535 4073 4575 seram
4099 4520 4198 4575 nisi
4226 4520 4385 4575 binos
4412 4520 4524 4575 cal-

2931 4613 3031 4667 dos
3061 4623 3283 4683 propter
3314 4612 3429 4668 dies
3472 4612 3741 4684 accipiant
3771 4632 3781 4666 :
3814 4613 4014 4683 absque
4044 4612 4266 4670 Pascha:
4297 4624 4524 4670 octavo-

2854 4680 3051 4763 Î™)Î¹Î‡Î¹Î¹Î¹Î¹Î¹
3099 4717 3336 4773 octavas,
3390 4709 3442 4763 iu
3488 4708 3683 4777 quibus
3724 4708 3922 4777 jugiter
3960 4717 4191 4764 C(Bllelll.
4239 4710 4372 4763 Nam
4401 4710 4526 4764 ideo

2896 4851 2907 4867 ,
2934 4800 3256 4870 supradictis
3283 4799 3490 4867 diebus,
3522 4802 3724 4871 absque
3760 4805 3943 4869 quinta
3974 4802 4107 4856 feria
4137 4809 4192 4857 et
4221 4801 4523 4869 Dotuinica,

2936 4908 3106 4962 usque
3144 4896 3193 4948 in
3228 4893 3579 4950 Pentecosten
3604 4910 3786 4950 etenus
3814 4894 4180 4962 subduximus,
4216 4904 4272 4951 ut
4300 4912 4407 4951 una
4435 4913 4526 4952 re-

2936 4988 3097 5045 fee:io
3128 4991 3179 5044 in
3211 4990 3292 5043 his
3317 4990 3503 5045 diebus
3525 4990 3858 5047 custodiatur
3886 5008 3900 5057 ;
3936 5000 3989 5045 et
4016 4995 4264 5061 quamvis
4289 5008 4399 5048 non
4425 5009 4524 5048 sua

2938 5082 3093 5149 hora,
3123 5083 3365 5137 consueti
3394 5089 3572 5137 tamen
3596 5082 3787 5153 jejunii
3818 5082 4060 5139 videatur
4082 5100 4245 5139 ÎµÎ±Ï…Î¼á½·Î¹
4273 5086 4481 5139 servati
4508 5103 4524 5150 ;

2937 5181 3011 5240 et,
3043 5173 3288 5243 quamvis
3315 5189 3420 5227 non
3450 5189 3545 5228 sua
3573 5173 3728 5239 hora,
3759 5189 3880 5229 cum
3909 5189 4078 5230 coena:
4103 5191 4293 5232 eorum
4320 5189 4527 5231 mutan-

2939 5276 3027 5322 tur
3054 5269 3107 5323 in
3147 5268 3392 5339 prandia.
3440 5266 3636 5335 Quinta
3671 5284 3802 5327 vero
3829 5269 3957 5325 feria
4000 5278 4051 5326 et
4100 5270 4379 5325 Dominica
4424 5271 4529 5325 hoc

2939 5375 3107 5415 eteae.
3137 5371 3157 5415 t
3183 5361 3253 5417 ad
3291 5378 3488 5430 seram,
3518 5363 3661 5433 quod
3715 5379 3873 5434 supra
3920 5363 3987 5419 de
4016 5363 4149 5420 cibis
4181 5364 4483 5418 taxavimus
4512 5382 4525 5418 :

2941 5455 3121 5509 addito
3154 5464 3329 5511 tamen
3362 5473 3468 5512 uno
3490 5458 3764 5528 pulmento
3793 5458 4036 5528 quotidie
4065 5458 4119 5513 in
4148 5456 4407 5527 prandio;
4442 5455 4528 5511 vel

2940 5548 2984 5603 si
3018 5546 3235 5604 Pascha:
3277 5550 3535 5605 restiterit
3574 5566 3800 5613 merces,
3844 5552 3992 5620 potio
4033 5550 4340 5617 cujuslibet.
4376 5547 4527 5603 Calix

2941 5655 3090 5704 vero,
3124 5649 3217 5695 aut
3246 5642 3474 5712 gallelae,
3508 5657 3605 5709 per
3633 5658 3791 5712 quem
3836 5643 3942 5697 erit
3982 5642 4034 5697 in
4064 5642 4288 5698 diversis
4326 5641 4529 5697 vicibus

2944 5736 3382 5803 ntiuistraudutn,
3416 5736 3536 5792 talis
3568 5738 3657 5806 sit,
3686 5736 3778 5806 qui
3817 5737 4005 5791 tertius
4046 5736 4269 5806 itnpleat
4315 5733 4527 5790 misum

2945 5828 3237 5887 heminam.
3270 5828 3377 5885 Sed
3415 5829 3532 5898 ejus
3556 5829 3915 5898 aequalitatem
3961 5844 4245 5893 mensurae,
4289 5838 4383 5883 aut
4424 5828 4531 5884 duo

2946 5931 3037 5976 aut
3068 5931 3175 5979 tres
3204 5932 3418 5992 Oportet
3442 5924 3639 5979 culices
3667 5931 3760 5978 aut
3784 5922 4006 5994 galletas
4036 5938 4343 5981 mensarum
4373 5922 4505 5978 mini
