5174 6554
712 418 809 476 997

2165 416 2470 475 REGULA.

713 536 872 591 sterio
894 534 1195 595 deservire;
1230 540 1288 587 ut
1310 546 1407 601 per
1422 532 1593 588 multa
1623 534 1814 601 pocula
1842 532 2108 589 universis
2128 532 2289 588 citius
2316 533 2366 592 Α
2392 530 2625 599 utquod
2675 530 2966 587 Dominicai
3008 530 3446 601 Quadragesimze
3496 529 3565 586 de
3608 530 3963 603 quadraginta

713 636 977 694 erogetur.
1008 623 1257 677 lnfantuli
1282 637 1417 678 vero
1446 623 1584 677 intra
1609 622 1891 679 duodecim
1922 640 2095 682 annos
2123 639 2280 694 agen.

715 726 788 771 tes
826 716 876 769 in
914 715 1091 769 hieme
1140 713 1295 767 binos
1338 711 1521 766 caldos
1574 713 1862 783 accipiant,
1894 729 1925 767 a
1952 730 2070 770 sera
2111 716 2289 786 singu-

712 808 786 862 los
822 824 834 858 :
864 805 1065 862 metatis
1092 819 1221 859 vero
1245 812 1491 874 tempore
1525 813 1710 859 ternos
1736 804 1805 860 ad
1830 805 2204 873 refectionem,
2236 817 2290 863 et

710 912 827 954 sero
858 898 1009 953 binas
1052 895 1320 966 accipiant
1362 895 1631 965 potiones,
1665 904 1887 966 propter
1909 898 2082 952 :rtatis
2109 898 2287 968 quali-

710 995 897 1044 tatem.
929 987 1063 1043 Nam
1092 987 1231 1043 sicut
1259 987 1507 1056 superius
1532 988 1599 1041 de
1628 988 1761 1042 cibis
1787 988 2185 1056 constituimus,
2214 990 2288 1045 ita

710 1086 762 1134 et
784 1079 853 1135 de
888 1078 1197 1149 potionibus
1234 1078 1610 1148 permittimus.
1646 1078 1957 1147 Dominica,
1986 1082 2072 1137 vel
2099 1081 2289 1138 diebus

710 1169 880 1239 festis,
915 1170 997 1226 vel
1040 1179 1260 1242 propter
1298 1179 1585 1226 extraneas
1631 1170 1979 1227 advenientes
2006 1186 2284 1242 personas,

708 1263 963 1335 quidquid
1006 1273 1190 1334 aptum
1238 1264 1452 1318 duxerit
1489 1263 1687 1318 addere
1732 1264 1925 1331 abbas,
1960 1273 2147 1336 utpote
2173 1281 2288 1321 ma-

705 1356 806 1426 jori
845 1355 1161 1411 conceditur
1192 1373 1205 1409 :
1237 1355 1439 1411 scilicet
1475 1362 1692 1424 propter
1727 1356 2048 1412 charitatem
2074 1365 2129 1412 et
2157 1358 2287 1412 laeti-

708 1449 831 1503 tiam
861 1459 1166 1503 sanctorum
1205 1448 1413 1503 dierum
1453 1448 1538 1503 vel
1566 1448 1860 1503 amicorum
1904 1449 2064 1503 addat
2094 1450 2288 1505 mercis

705 1540 857 1610 cujus
889 1540 1116 1594 voiuerit
1162 1540 1435 1611 potionem
1470 1548 1719 1594 :tantum
1754 1548 1838 1594 est
1888 1549 1945 1594 ut
1984 1556 2192 1597 memor
2217 1542 2288 1596 sit

706 1632 1011 1687 sobrietatis
1043 1638 1097 1685 et
1122 1631 1289 1700 fugiat
1317 1630 1627 1686 vinolentia:
1655 1631 1991 1687 ebrietatem.
2022 1631 2155 1699 Quia
2185 1632 2289 1688 nisi

706 1725 941 1780 sobrium
973 1725 1137 1780 fuerit
1157 1738 1374 1794 corpus,
1408 1723 1473 1777 ad
1502 1738 1638 1792 Opus
1671 1723 1761 1778 Dei
1789 1723 2006 1793 vigilare
2046 1740 2153 1780 non
2186 1742 2285 1796 po-

706 1826 827 1882 test,
854 1827 910 1873 et
939 1820 1117 1872 anima
1138 1818 1492 1887 cogitationes
1515 1815 1749 1871 libidinis
1772 1832 1878 1871 non
1900 1819 2146 1873 carescit.
2169 1817 2287 1873 Iam

2387 620 2608 693 jejuniis
2653 626 3009 693 subtrahunt,
3064 632 3251 693 quarta
3278 666 3293 692 ,
3338 632 3496 680 sexta
3547 632 3607 679 et
3651 624 3873 680 sabbato
3928 643 3960 682 a

2391 714 2736 785 Sexagesima
2759 717 2810 771 in
2828 714 3048 786 jejuniis
3069 731 3235 784 usque
3254 716 3321 770 ad
3345 729 3620 785 vesperam
3642 716 3967 773 continuatis

2390 806 2707 872 restituant;
2742 815 2801 862 ut
2826 807 3177 877 quadraginta
3230 807 3282 861 in
3309 821 3534 864 numero
3559 806 3766 877 jejunia
3812 824 3964 863 com-

2389 899 2659 972 pleantur.
2696 899 2928 956 Inﬁrmis
2958 916 3084 956 vero
3111 908 3261 956 certa
3286 898 3491 969 jejunia
3510 900 3883 967 resolvantur;
3911 907 3970 955 et

2387 989 2605 1062 quando
2631 989 2845 1046 fratres.
2873 989 2941 1045 ad
2988 1000 3197 1047 sextam
3243 990 3509 1058 reﬁciunt,
3562 990 3758 1046 inﬁrmi
3809 992 3969 1048 tertia

2388 1090 2722 1147 recreentur,
2755 1083 2959 1155 absque
2988 1082 3092 1138 illis
3133 1083 3227 1153 qui
3266 1083 3499 1153 graviter
3549 1081 3748 1139 defessi
3792 1092 3961 1139 sunt:

2387 1175 2514 1244 quia
2537 1175 2645 1231 illis
2674 1175 2817 1232 nulla
2848 1176 2981 1233 hora
3035 1176 3359 1242 decernitur,
3412 1177 3467 1231 in
3511 1176 3706 1245 quibus
3752 1176 3970 1231 timetur

2387 1273 2578 1321 mortis
2606 1274 2850 1323 eventus.
2881 1266 3119 1340 Ideoque
3152 1266 3423 1338 quomodo
3444 1268 3735 1324 necessitas
3755 1267 3889 1334 visa,
3913 1273 3969 1322 et

2388 1372 2486 1426 pro
2511 1364 2664 1412 certo
2708 1357 2935 1428 probata
2984 1357 3246 1429 quosdam
3273 1357 3597 1430 permiserit,
3629 1366 3961 1415 recreentur.

2388 1446 2445 1502 Si
2477 1462 2605 1503 vero
2653 1450 2767 1504 sani
2823 1450 3014 1504 fratres
3043 1464 3207 1515 nona,
3239 1449 3437 1505 inﬁrmi
3492 1459 3648 1506 sexta
3699 1452 3961 1507 reﬁciant.

2388 1536 2495 1594 Sed
2522 1539 2625 1595 hoc
2644 1540 2804 1595 debet
2830 1542 3071 1611 diligenti
3116 1543 3428 1598 curiositate
3477 1543 3707 1613 probare
3750 1544 3966 1613 quibus-

2389 1629 2511 1685 dam
2540 1632 2706 1701 signis
2727 1633 2812 1688 vel
2856 1647 3151 1702 agnoscere
3181 1635 3384 1701 abbas;
3439 1651 3507 1690 ne
3533 1638 3653 1706 quis
3699 1652 3758 1692 se
3803 1636 3966 1706 lingat

2388 1735 2609 1794 propter
2636 1726 2948 1782 refectionis
3001 1728 3323 1783 edacitatem
3364 1726 3654 1784 inﬁrmum.
3680 1730 3809 1785 Nam
3840 1731 3964 1786 ideo

2389 1815 2613 1871 inﬁrmis
2639 1817 2838 1873 resolvi
2861 1817 3067 1887 jejunia
3097 1819 3329 1873 diximus
3357 1830 3578 1890 propter
3617 1820 3957 1890 fragilitatem

705 1911 747 1964 si
777 1910 970 1979 aliquis
996 1909 1381 1979 discipulorum
1424 1908 1491 1962 de
1516 1907 1805 1963 constituta
1836 1922 2085 1964 mensura
2128 1918 2288 1979 potus
2319 1911 2366 1973 Β
2392 1909 2655 1979 corporis,
2708 1924 2806 1980 per
2853 1924 3015 1980 quam
3062 1924 3171 1965 non
3224 1910 3431 1980 possint
3482 1912 3777 1982 adimplere
3824 1914 3966 1982 quod

706 2013 796 2059 aut
822 2005 977 2074 panis
1018 2004 1133 2069 sui,
1184 2010 1497 2058 remanente
1545 2001 1844 2070 fragmento
1889 2017 2142 2058 recusare
2190 2004 2289 2057 ali-

704 2097 1017 2168 quantulum
1048 2096 1113 2151 ad
1144 2110 1383 2150 mensam
1409 2094 1658 2160 voluerit,
1689 2094 1937 2162 spiritum
1969 2094 2090 2164 plus
2119 2109 2289 2164 agno-

703 2193 870 2246 scitur
899 2205 1100 2254 amarc,
1132 2204 1292 2258 quam
1323 2202 1564 2253 carnem,
1590 2193 1645 2240 et
1672 2186 1879 2240 frenum
1902 2187 2165 2242 castitatis
2190 2187 2288 2242 im-

701 2293 867 2355 ponet
893 2282 1132 2338 luxurize.
1167 2281 1300 2337 Nam
1332 2297 1452 2336 cum
1483 2282 1587 2336 hoc
1634 2281 1808 2351 ipsum
1856 2289 2069 2337 recusat
2122 2282 2288 2337 absti-

704 2390 835 2432 nens
866 2374 1063 2443 frater,
1094 2375 1293 2430 levanti
1321 2374 1540 2429 cellario
1564 2374 1708 2428 dicat
1736 2373 1881 2431 lente
1914 2392 1926 2427 :
1960 2373 2201 2444 Suscipe,
2231 2386 2287 2431 et

702 2467 801 2524 hoc
840 2469 984 2538 quod
1015 2478 1262 2538 negatum
1302 2485 1383 2524 οδε.
1410 2471 1577 2535 carni,
1605 2469 1854 2539 proﬁciat
1877 2471 2010 2526 Deo.
2044 2471 2168 2526 Mox
2196 2486 2285 2526 se-

700 2570 844 2616 mote
871 2562 924 2615 in
957 2577 1063 2616 uno
1086 2576 1217 2617 vase
1247 2577 1275 2616 a
1304 2562 1526 2617 cellario
1555 2562 1661 2619 hoc
1700 2564 1873 2632 ipsum
1902 2564 2146 2617 mittatur
2176 2563 2286 2618 Deo

700 2651 926 2708 feliciter
954 2651 1291 2722 profuturum
1314 2661 1367 2709 et
1389 2668 1486 2723 pro
1512 2652 1696 2722 aliquo
1723 2668 1945 2708 munere
1974 2654 2285 2724 adjunctum

697 2742 1057 2814 eleemosynae
1085 2744 1400 2798 monasterii
1431 2743 1761 2799 mendicanti
1802 2744 2023 2814 pauperi
2053 2760 2081 2797 a
2122 2745 2286 2798 cella-

697 2834 778 2890 rio
808 2835 1117 2905 porrigatur
1156 2836 1210 2889 in
1255 2849 1493 2889 manum.
1550 2835 1674 2890 Haec
1720 2836 1894 2890 omnis
1924 2850 2176 2889 mensura
2218 2834 2287 2890 de

695 2926 910 2983 intbicis
940 2928 1289 2993 monasterii,
1320 2943 1445 2982 nam
1469 2928 1513 2982 si
1537 2928 1662 2996 quid
1693 2928 2062 2982 transmissum
2089 2927 2287 2984 deforis

693 3019 1100 3090 congregationi
1146 3033 1259 3074 sua:
1312 3020 1620 3089 apparuerit
1670 3019 1960 3084 Dominus,
2011 3027 2287 3088 gratanter

693 3109 1020 3180 suscipiatur
1047 3112 1420 3166 transmissum
1448 3112 1659 3168 Domini
1689 3113 1924 3178 donum;
1956 3114 2079 3168 etsi
2109 3112 2285 3182 placet

2390 2000 2630 2070 cupiunt,
2664 2002 2879 2057 dicente
2905 2002 3221 2072 Scriptura:
3255 2002 3482 2070 Spiritus
3511 2020 3805 2074 prompms,
3847 2022 3967 2059 mro

2390 2091 2599 2159 inﬁrma
2624 2090 2841 2162 (Matth.
2878 2094 3048 2164 xxvn).
3071 2091 3325 2148 Infantuli
3374 2096 3500 2150 vero
3531 2105 3742 2165 quarta,
3792 2108 3965 2164 sexta,

2390 2183 2709 2251 etsabbato,
2741 2185 2795 2239 in
2825 2184 3015 2240 diebus
3058 2192 3237 2240 tamen
3279 2185 3594 2251 minoribus,
3628 2186 3731 2241 hoc
3783 2195 3884 2253 est,
3920 2188 3969 2242 in

2388 2273 2581 2329 hiemis
2628 2284 2898 2345 tempore,
2944 2276 3194 2345 jejunent
3242 2296 3252 2329 :
3310 2276 3430 2332 aliis
3482 2293 3609 2333 tero
3660 2277 3851 2334 diebus
3905 2280 3970 2337 ad

2385 2375 2594 2421 sextam
2649 2366 2893 2423 reﬁciant
2932 2369 3141 2425 horam.
3218 2368 3274 2425 In
3337 2370 3537 2425 aestatis
3594 2386 3725 2427 vero
3782 2372 3968 2427 diebus

2387 2467 2598 2528 quarta,
2617 2469 2790 2529 sexta,
2810 2471 2863 2516 et
2877 2462 3101 2518 sabbato
3122 2461 3369 2518 infantuli
3389 2474 3539 2519 sexta
3552 2464 3682 2519 hora
3700 2467 3963 2520 reficiant:

2387 2553 2509 2609 aliis
2539 2569 2667 2609 vero
2693 2554 2885 2611 diebus
2914 2555 3074 2610 tertia
3102 2566 3438 2611 recreentur.
3465 2555 3600 2623 Quia
3650 2557 3701 2610 in
3751 2557 3969 2627 majori-

2384 2642 2486 2697 bus
2512 2642 2701 2699 diebus
2730 2644 2909 2699 minor
2960 2652 3044 2700 est
3069 2652 3203 2701 astas
3232 2645 3286 2700 in
3318 2645 3541 2711 viribus,
3572 2647 3712 2703 sicut
3742 2657 3824 2702 est
3849 2664 3967 2705 sus-

2388 2732 2589 2788 tinendi
2615 2748 2779 2790 sensu
2805 2735 3059 2793 discreta.
3091 2734 3198 2791 Sed
3227 2736 3459 2792 infantes
3493 2736 3561 2793 ad
3584 2736 3724 2793 hanc
3752 2738 3964 2794 relaxa-

2389 2826 2590 2882 tionem
2623 2828 2758 2884 tales
2785 2828 3171 2899 permittimus,
3203 2829 3296 2899 qui
3328 2830 3466 2884 intra
3489 2829 3777 2887 duodecim
3800 2847 3968 2889 annos

2385 2917 2587 2987 degunt
2603 2927 2765 2974 astate
2794 2936 2808 2972 ε
2842 2919 3090 2992 ampliori
3117 2935 3247 2976 vero
3276 2921 3368 2990 qui
3398 2919 3613 2986 fuerint,
3645 2923 3711 2977 ad
3738 2922 3963 2979 formam

2386 3014 2671 3063 teneantur
2698 3008 2985 3080 majorum.
3014 3008 3148 3063 Nam
3168 3008 3316 3079 justo
3344 3010 3549 3079 judicio
3598 3009 3865 3079 infantuli,
3912 3023 3968 3068 et

2385 3099 2536 3155 senio
2559 3101 2820 3170 provecti,
2854 3110 2908 3157 et
2932 3099 3133 3157 inﬁrmi
3158 3103 3349 3172 mquali
3379 3103 3582 3159 debent
3611 3105 3961 3163 refectionum

693 3201 877 3255 abbati
908 3201 1107 3257 mensis
1131 3202 1380 3269 addatur,
1415 3203 1615 3272 quippe
1642 3204 1786 3272 quod
1816 3204 1915 3261 nisi
1937 3204 2283 3273 apparatione
2380 3188 2586 3258 judicio
2612 3191 2864 3247 relaxari.
2898 3194 3031 3247 Nam
3062 3202 3116 3249 et
3145 3192 3334 3250 fratres
3358 3195 3411 3249 in
3443 3197 3527 3250 via
3557 3196 3823 3266 dirigendi
3854 3198 3958 3255 hoc

693 3292 906 3349 Domini
928 3309 1036 3351 non
1056 3294 1269 3349 venisse
1302 3294 1650 3363 intelligatur.

1246 3406 1471 3462 CAPLT
1501 3406 1733 3461 XXVIII.

1122 3515 1516 3557 INTERROGATIO
1547 3516 1825 3555 DISCIPULI.

857 3613 939 3668 De
959 3612 1136 3668 diebus
1155 3612 1497 3683 jejuniorum,
1525 3612 1601 3667 vel
1621 3612 1751 3667 hora
1778 3611 2133 3681 refectionum.

964 3743 1271 3783 RISPONDE'I‘
1300 3742 1529 3782 DOIINUS
1558 3742 1660 3782 PER
1699 3741 2019 3782 IAGISTRUI.

763 3839 924 3894 Omni
969 3847 1215 3908 tempore
1259 3838 1317 3893 in
1362 3838 1680 3907 septimanae
1724 3836 1936 3892 duobus
1982 3835 2169 3889 diebus
2216 3834 2284 3889 al

689 3937 899 3985 sextam
932 3929 1156 3983 reticere
1211 3926 1432 3988 debent,
1484 3926 1591 3981 hoc
1619 3934 1723 3990 est,
1777 3924 1965 3994 quinta
2020 3922 2176 3989 feria,
2229 3932 2286 3978 et

693 4020 971 4076 Dominica
1015 4037 1028 4072 :
1077 4018 1285 4073 caeteris
1330 4017 1450 4072 aliis
1499 4017 1552 4070 in
1603 4016 1905 4085 septimana
1974 4013 2165 4069 diebus
2216 4013 2283 4067 ad

695 4128 897 4166 nonam
957 4111 1149 4165 horam
1197 4108 1423 4163 reﬁcere
1445 4116 1678 4178 oportet.
1712 4109 1845 4161 Nam
1895 4106 2285 4161 erubescamus

689 4219 823 4270 nos,
878 4203 967 4272 qui
1014 4216 1202 4256 sumus
1242 4199 1531 4271 Spiritales,
1565 4197 1747 4266 fugere
1776 4199 1905 4253 hora
1955 4212 2095 4251 nona
2141 4196 2285 4265 jeju-

690 4297 837 4351 nium
875 4315 886 4347 :
919 4310 1042 4351 cum
1077 4303 1287 4348 vetusut
1317 4291 1652 4347 consuetudo
1671 4291 1970 4360 antiquitus
1998 4290 2279 4358 cognosci-

691 4402 777 4447 tur
833 4392 1058 4464 prandia
1118 4390 1433 4459 ignorasse;
1467 4388 1561 4442 sed
1592 4402 1806 4456 semper
1848 4400 2147 4455 vesperam,
2182 4384 2284 4440 hoc

690 4492 789 4549 est,
824 4498 1043 4538 ctenam
1081 4481 1191 4535 suis
1224 4479 1613 4535 refectionibus
1643 4478 1915 4532 ordinavit
1941 4492 1955 4528 :
1987 4477 2041 4530 in
2072 4484 2281 4529 tantunt

2307 3273 2356 3339 Β
2385 3294 2712 3358 praeceptum
2762 3287 2973 3343 abbatis
3000 3289 3083 3344 vel
3125 3290 3535 3359 praepositorum
3565 3306 3787 3346 suorum
3813 3295 3960 3348 acci-

2387 3379 2537 3449 piant
2555 3388 2765 3448 quarta,
2796 3390 2970 3445 sexta,
2998 3388 3051 3435 et
3080 3380 3306 3435 sabbato
3335 3382 3389 3435 in
3412 3382 3600 3437 diebus
3627 3382 3923 3452 majoribus
3947 3402 3960 3451 ;

2386 3470 2439 3524 id
2463 3478 2567 3534 est,
2614 3485 2643 3523 a
2666 3469 2871 3524 Pascha
2901 3486 3067 3541 usque
3090 3487 3178 3525 vm
3206 3470 3474 3527 Kalendas
3501 3474 3764 3541 Octobris,
3821 3475 3965 3544 quod

2387 3571 2470 3618 est
2494 3562 2878 3631 aequinoctium
2922 3562 3174 3631 hiemale,
3206 3572 3267 3617 ut
3312 3578 3417 3617 non
3449 3563 3501 3617 in
3554 3566 3638 3618 via
3690 3565 3957 3633 jejunent,

2386 3661 2599 3723 propter
2633 3663 2822 3708 aestum
2851 3662 2908 3708 et
2930 3655 3077 3708 sitim
3106 3670 3134 3719 ;.
3170 3654 3365 3709 deinde
3407 3656 3475 3709 ab
3498 3655 3819 3723 aequinoctio
3851 3657 3963 3711 hie-

2387 3745 2514 3799 mali
2545 3760 2715 3815 usque
2746 3744 2813 3798 ad
2847 3744 3069 3812 Pascha,
3098 3745 3223 3814 quia
3246 3745 3522 3800 breviores
3556 3756 3683 3800 sunt
3706 3748 3820 3803 dies
3850 3765 3962 3802 am-

2387 3834 2682 3889 bulantium
2724 3834 2967 3901 fratrum,
3015 3837 3067 3889 in
3113 3844 3305 3905 quarta
3332 3876 3349 3902 ,
3393 3846 3567 3901 sexta,
3617 3847 3674 3893 et
3714 3840 3960 3904 sabbato,

2380 3925 2583 3995 jejunia
2607 3926 2991 3996 protrahantur
3022 3928 3075 3981 in
3110 3942 3391 3998 vesperam
3417 3947 3427 3979 :
3463 3945 3532 3984 ne
3574 3934 3823 4001 occupati
3852 3933 3961 3987 fra-

2389 4024 2497 4070 tres
2538 4033 2682 4071 nona
2712 4016 2846 4072 hora
2878 4033 2974 4089 per
3028 4017 3376 4074 refectionem
3427 4020 3480 4074 in
3533 4022 3615 4075 via
3666 4023 3962 4081 accelerata

2384 4106 2620 4161 brevitas
2648 4107 2753 4161 diei
2804 4106 3059 4162 fratribus
3090 4109 3421 4163 mansionem
3477 4112 3797 4180 protendat;
3830 4124 3921 4168 aut
3944 4156 3957 4179 ,

2386 4204 2440 4249 ut
2464 4204 2545 4250 ist
2564 4195 2771 4251 lucrum
2792 4198 2971 4251 saeculi
2995 4206 3164 4252 totum
3187 4198 3374 4253 venale
3390 4240 3406 4266 ,
3429 4214 3548 4253 cum
3566 4199 3675 4268 jam
3700 4203 3766 4255 ad
3787 4218 3960 4261 seram

2384 4289 2521 4344 ﬁniti
2543 4306 2664 4345 cum
2680 4289 2891 4361 jejunio
2920 4291 3025 4346 diei
3044 4291 3297 4346 inclinata
3313 4291 3425 4361 jam
3444 4294 3681 4348 secunda
3700 4294 3922 4351 refectio
3945 4340 3958 4363 ,

2385 4401 2505 4439 cum
2527 4383 2660 4438 nihil
2682 4384 2784 4439 sibi
2812 4384 3096 4439 emendum
3119 4385 3452 4439 mansionem
3477 4389 3801 4456 promiserit,
3835 4407 3960 4460 pro-

2383 4486 2501 4544 pter
2523 4475 2724 4529 nullum
2755 4475 3119 4530 distractionis
3154 4477 3220 4530 ad
3259 4486 3545 4546 quaestum,
3588 4478 3957 4549 dejejunatum

688 4584 744 4630 et
767 4589 1067 4638 annonam,
1110 4586 1230 4640 qua:
1268 4573 1594 4639 erogabatur
1638 4578 1731 4623 aut
1773 4567 2141 4623 laborantibus
2190 4577 2281 4623 aut
2313 4631 2358 4645 ﬁ
2380 4566 2491 4636 jam
2526 4566 2741 4621 fratrem
2768 4584 2873 4622 non
2891 4567 3055 4622 vellet
3089 4569 3309 4623 taberna
3335 4570 3631 4639 suscipere,
3662 4581 3714 4626 et
3735 4584 3958 4645 propter

690 4667 975 4729 militibus,
1006 4663 1127 4717 ideo
1159 4678 1371 4717 annona
1398 4676 1565 4730 usque
1594 4660 1754 4714 hodie
1782 4660 1998 4724 dicitur,
2031 4659 2153 4727 quia
2213 4657 2281 4711 ad
2313 4631 2363 4691 Ῑ)
2384 4658 2784 4727 susceptionem
2829 4673 2861 4712 a
2910 4658 3069 4713 nullis
3123 4660 3285 4713 lucris
3337 4662 3589 4715 fratribus
3617 4631 3954 4732 dettegatattt,

688 4757 880 4813 horam
906 4772 1106 4813 nonam
1129 4756 1233 4810 diei
1260 4755 1600 4825 erogabatur,
1626 4751 1846 4822 quando
1870 4750 2279 4813 etsumebatur;

694 4859 750 4905 et
780 4850 905 4904 ideo
940 4862 1114 4917 usque
1159 4845 1324 4900 hodie
1352 4861 1565 4900 annona
1599 4860 1794 4899 nomen
1843 4843 2117 4897 remansit.
2147 4841 2282 4895 Nam

691 4942 856 5010 ipsius
889 4938 1101 4995 Domini
1133 4938 1369 4993 sanctius
1392 4938 1756 4992 testimonium
1786 4936 2082 5007 proferam,
2116 4950 2279 5003 quem

688 5050 941 5092 sanasse
965 5034 1339 5101 cognovimus,
1373 5048 1476 5086 non
1514 5032 1737 5101 legimus
1768 5016 2121 5101 prandidis‘se,
2155 5045 2277 5085 cum

687 5129 816 5185 dicit
838 5128 1017 5183 sancti
1052 5125 1326 5194 Evangelii
1350 5125 1657 5193 Scriptura:
1695 5124 1917 5192 Vespere
1947 5131 2115 5175 autem
2141 5124 2280 5194 facto

688 5224 921 5275 recubuit
951 5221 1106 5274 Jesus
1131 5236 1247 5272 cum
1278 5218 1546 5272 duodecim
1588 5216 1858 5286 apostolis,
1887 5228 1935 5270 et
1962 5215 2280 5269 coenantibus

688 5317 793 5370 illis
821 5316 961 5370 dixit
995 5314 1212 5386 (Matth.
1249 5318 1420 5381 xxvr).
1455 5313 1582 5367 Nam
1612 5312 1734 5368 ideo
1765 5312 1829 5365 ad
1863 5328 2061 5367 nonam
2094 5314 2281 5367 horam

690 5407 957 5462 universis
982 5406 1175 5460 diebus
1204 5406 1497 5461 constituta
1519 5413 1641 5459 sunt
1663 5405 1798 5460 solvi
1822 5403 2054 5474 jejunis,
2100 5413 2157 5459 ut
2213 5405 2283 5459 sit

691 5500 893 5570 aliquid
923 5499 1210 5569 prolixius,
1242 5500 1385 5569 quod
1415 5497 1847 5568 Quadragesima:
1875 5499 2062 5554 diebus
2112 5498 2282 5553 adda-

692 5603 777 5647 tur
802 5613 815 5659 ;
846 5594 899 5649 id
925 5602 1030 5658 est,
1062 5608 1235 5662 usque
1258 5592 1325 5647 ad
1353 5608 1670 5662 vesperam;
1697 5592 1800 5647 hoc
1840 5600 1920 5645 est
1952 5602 2072 5660 post
2102 5590 2282 5645 lucer-

692 5686 923 5741 nariam.
966 5688 1004 5737 Α
1036 5685 1367 5752 sexagesima
1392 5700 1519 5739 vero
1546 5692 1759 5753 quarta,
1785 5692 1957 5745 sexta,
1981 5691 2032 5735 et
2058 5682 2283 5734 sabbato

690 5789 812 5847 post
834 5778 1200 5834 lucernariam
1258 5794 1473 5849 semper
1502 5777 1785 5832 reficiant:
1842 5776 1959 5830 aliis
2013 5792 2138 5831 vero
2169 5776 2283 5829 die-

690 5870 787 5928 bus
818 5886 993 5943 tisque
1040 5869 1107 5925 ad
1140 5869 1611 5946 Quadragesimam
1646 5869 1711 5923 ad
1766 5884 1957 5924 nonam
1994 5868 2237 5923 reﬁciant.
2266 5885 2279 5925 :

2384 4758 2645 4819 cogantur
2670 4749 2866 4805 fratres
2892 4760 3117 4819 propter
3168 4751 3592 4820 hospitalitatem
3651 4755 3845 4811 iterato
3894 4758 3960 4813 de

2381 4841 2687 4909 sumptibus
2713 4840 2824 4895 suis
2846 4841 3175 4910 expendere,
3205 4852 3259 4896 et
3290 4858 3387 4911 per
3406 4844 3696 4899 secundam
3722 4847 3961 4904 refectio-

2382 4946 2527 4998 nem,
2561 4944 2682 4999 quae
2730 4947 2837 4987 non
2893 4932 3038 4997 licet,
3067 4932 3331 5002 jejunium
3383 4936 3605 4991 violare.
3660 4938 3793 4994 Aliis
3830 4956 3955 4996 vero

2381 5023 2569 5078 diebus
2595 5034 2748 5079 extra
2772 5032 2979 5094 quarta,
3011 5034 3163 5080 sexta
3191 5035 3248 5080 et
3274 5029 3500 5083 sabbato
3550 5030 3603 5084 in
3633 5031 3825 5088 diebus
3854 5036 3956 5088 mi-

2386 5117 2624 5182 noribus,
2654 5125 2807 5172 sexta
2838 5118 2967 5172 hora
2997 5133 3025 5170 a
3050 5119 3057 5165 ἕ
3086 5118 3432 5174 refectionem
3463 5122 3515 5174 in
3544 5124 3622 5177 via
3646 5136 3960 5193 repausent,

2385 5219 2439 5264 et
2466 5225 2585 5264 sera
2618 5208 2882 5273 ‘cmnent,
2927 5221 3149 5278 propter
3204 5212 3301 5265 viae
3348 5212 3609 5268 laborem.
3662 5214 3706 5267 Δ
3753 5214 3959 5273 Pascha

2385 5316 2515 5357 vero
2567 5317 2739 5370 usque
2770 5301 2835 5355 ad
2866 5303 3246 5369 I’entecosten,
3274 5308 3515 5374 exceptis
3546 5307 3722 5361 missis
3752 5308 3802 5361 in
3834 5306 3955 5363 lon-

2386 5396 2583 5464 ginqua
2614 5395 2722 5458 via,
2760 5396 2810 5448 in
2855 5396 3185 5450 monasterio
3211 5398 3292 5451 vel
3324 5397 3493 5452 ubivis
3545 5415 3570 5453 s
3607 5411 3698 5455 xta
3749 5418 3964 5475 semper

2388 5494 2519 5549 hora
2551 5494 2814 5560 reﬁciant,
2844 5502 2899 5549 et
2955 5510 3136 5550 cmnas
3165 5510 3291 5549 suas
3344 5506 3551 5553 mutent
3598 5499 3651 5553 in
3704 5503 3959 5570 prandiis,

2388 5584 2599 5641 dicente
2627 5588 2811 5640 sancta
2840 5583 3112 5653 Scriptura
3150 5604 3159 5637 :
3212 5583 3337 5639 Non
3382 5588 3497 5643 licet
3540 5590 3679 5643 vobis
3716 5591 3961 5662 jejunare

2387 5694 2500 5732 cum
2520 5694 2734 5747 sponsus
2756 5677 3012 5731 vobiscum
3041 5685 3118 5731 est
3158 5676 3352 5747 (Marc.
3388 5696 3480 5747 ut;
3527 5688 3581 5735 et
3611 5696 3719 5736 non
3741 5693 3961 5738 emnent

2386 5772 2485 5825 nisi
2516 5771 2699 5841 quinta
2729 5769 2858 5825 feria
2881 5780 2933 5825 et
2968 5770 3262 5825 Dominica.
3299 5772 3427 5824 Nam
3476 5772 3597 5828 ideo
3628 5776 3775 5828 omni
3818 5783 3957 5829 tem-

2386 5880 2518 5934 pore
2548 5865 2730 5934 quinta
2784 5866 2913 5922 feria
2946 5882 3053 5921 non
3078 5864 3202 5921 licet
3226 5866 3494 5937 jejunare,
3539 5868 3665 5937 quia
3703 5867 3960 5925 Ascensio
