5174 6548
1763 379 1867 434 999

3133 360 3469 421 AUCTORIS
3505 356 3774 416 INCERTI

4897 354 5032 412 1000

1763 488 1973 547 Domini
2002 485 2121 555 ipso
2138 483 2226 539 die
2244 483 2388 538 omni
2429 493 2571 535 anno
2609 475 2865 535 occurrit.
2898 474 3176 532 Dommica
3203 489 3337 530 vero
3366 477 3503 556 Asc
3523 472 3794 528 collocent
3822 468 4005 532 lectis;
4032 477 4087 523 et
4141 474 4293 522 tanto
4336 465 4555 521 silentio
4608 463 4949 534 redigantur,
4983 474 5034 519 ut

1763 580 1850 634 die
1869 576 1989 632 ideo
2020 591 2126 629 non
2152 574 2279 629 licet
2300 571 2572 641 jejunare,
2603 570 2741 640 quia,
2776 567 3103 624 resurrectio
3128 566 3344 623 Domini

1764 673 2087 743 imputatur;
2116 655 2259 736 quod
2285 665 2337 718 in
2367 663 2517 719 libris
2556 663 2667 718 suis
2698 660 2813 717 fieri
2847 648 3095 731 prohibet
3124 667 3346 714 sanctus

1762 764 2036 819 Silvester.
2066 758 2198 812 Nam
2221 757 2343 812 ideo
2371 773 2399 809 a
2432 757 2636 814 Pascha
2677 770 2846 826 usque
2877 754 2941 807 ad
2990 751 3347 807 Pentecostcn

1764 873 1872 914 non
1932 856 2060 909 licet
2083 853 2351 923 jejunare,
2385 852 2508 921 quia
2551 849 2835 905 sabbatum
2876 846 3095 903 Pascha:
3147 845 3347 899 claudit

1763 946 1990 1003 tristitia:
2013 944 2242 1015 jejunia,
2268 945 2518 1013 etaperit
2545 943 2743 997 lietitia:
2765 940 3002 1004 alleluia,
3040 947 3095 993 et
3153 939 3347 992 sabba—

1762 1047 1870 1092 tum
1905 1038 2256 1092 Pentecostes
2312 1034 2513 1089 claudit
2541 1033 2789 1099 alleluia;
2837 1039 2892 1086 et
2919 1031 3088 1099 aperit
3111 1028 3343 1098 jejunia.

1761 1130 1869 1188 Sed
1917 1129 2162 1186 ecclesiis
2211 1126 2477 1182 clauditur
2528 1124 2794 1179 alleluia:
2842 1138 2965 1177 nam
3011 1119 3342 1175 monasterio

1763 1221 1921 1290 quasi
1970 1221 2024 1275 in
2084 1216 2350 1289 peculiari
2399 1215 2625 1270 servitio
2675 1212 2771 1268 Dei
2802 1212 3017 1267 alleluia
3065 1226 3233 1279 usque
3279 1208 3346 1263 ad

1762 1314 2120 1385 Epiphaniam
2177 1328 2272 1384 per
2344 1310 2534 1364 modus
2591 1306 2920 1377 psalmorum
2994 1305 3345 1359 constitutum

1766 1415 1954 1479 aperta
1981 1422 2010 1463 a
2041 1405 2210 1465 servis
2238 1404 2332 1461 Dei
2362 1401 2606 1474 psallitur
2632 1399 2880 1456 Domino.

2333 1559 2561 1615 CAPUT
2589 1554 2781 1612 XXIX.

2195 1692 2278 1729 lN'f
2289 1687 2592 1729 [CRIIOGATIO
2642 1683 2841 1724 DISCIPU
2852 1683 2921 1721 LI.

1768 1792 1847 1848 De
1875 1801 2102 1860 tempore
2131 1786 2455 1860 domuitionis
2485 1785 2785 1860 eorumne!
2804 1778 3022 1860 qualiter
3044 1777 3221 1831 debeat
3238 1792 3347 1830 esse

2104 1861 2265 1923 locus,
2288 1858 2362 1911 vel
2392 1872 2490 1926 quo
2522 1853 2694 1908 ordini
2718 1852 2998 1905 dormiant.

2047 1982 2349 2029 KEBI’ONDET
2376 1982 2603 2023 DUMINUS
2621 1980 2721 2021 PER
2746 1977 3068 2035 ιιλωετιιυιι,

1845 2090 2051 2145 ίΕεῑίνυ
2080 2068 2326 2155 tempore
2354 2083 2496 2137 dicta
2538 2088 2692 2138 sexta
2716 2120 2731 2145 ,
2762 2086 2854 2133 aut
2899 2078 2952 2132 in
2987 2076 3192 2145 jejunio
3217 2118 3231 2142 ,
3262 2084 3352 2130 aut

1765 2194 1886 2257 post
1912 2181 2287 2243 refectionem,
2314 2191 2503 2232 omnes
2526 2180 2818 2244 repausent
2839 2189 2853 2237 ;
2878 2178 2936 2225 ut
2956 2170 3202 2224 noctibus
3225 2168 3353 2237 ipsis

1764 2279 2020 2338 brevibus
2048 2276 2213 2332 sobrii
2243 2290 2272 2328 a
2297 2287 2492 2327 somno
2526 2271 2721 2324 fratres
2749 2267 2932 2321 divino
2957 2263 3107 2334 operi
3133 2271 3188 2318 et
3231 2278 3355 2317 ora-

1768 2374 1902 2429 tioni
1934 2373 2080 2426 leves
2113 2372 2462 2433 consurgant.
2495 2363 2626 2419 Nam
2659 2364 2712 2416 in
2737 2376 2844 2415 uno
2868 2358 3028 2421 atrio,
3060 2355 3143 2411 vel
3169 2357 3222 2410 in
3255 2355 3352 2409 tri-

1770 2463 1937 2518 cliuio
1967 2460 2105 2516 lecta
2136 2460 2190 2513 in
2221 2457 2412 2513 ordine
2468 2453 2699 2509 circuitu
2757 2450 3011 2506 ordinent
3063 2466 3078 2501 :
3136 2448 3189 2502 in
3247 2462 3355 2517 quo

1767 2553 1998 2610 circuitu
2027 2552 2226 2607 lectum
2257 2548 2424 2603 abbas
2453 2547 2506 2600 in
2558 2544 2735 2599 medio
2787 2542 3003 2604 habeat,
3030 2549 3087 2595 ut
3139 2553 3356 2594 onmem

1768 2646 2191 2703 taciturnitatem
2217 2643 2302 2697 vel
2334 2639 2694 2697 reverentiam
2726 2637 2780 2692 in
2825 2635 3054 2691 circuitu
3102 2632 3358 2689 conside-

1767 2754 1920 2807 rans,
1951 2740 2191 2794 omnium
2223 2734 2402 2789 ovium
2454 2745 2674 2787 suarum
2727 2741 2942 2798 gregem
2998 2727 3137 2781 intra
3191 2741 3356 2780 unum

1769 2830 1911 2887 ovile
1939 2828 2248 2888 collectum,
2280 2826 2433 2894 quasi
2458 2824 2689 2891 diligens
2730 2821 2814 2875 vel
2860 2818 3126 2875 sollicitus
3177 2825 3359 2886 pastor

1771 2920 2037 2977 attendat.
2074 2919 2127 2973 In
2155 2934 2263 2989 quo
2296 2917 2436 2971 atrio
2465 2915 2701 2986 pendeat
2747 2910 3075 2976 eiceudelus,
3105 2909 3195 2978 qui
3223 2924 3358 2977 quo-

1771 3013 1902 3068 tidie
1930 3027 1961 3066 a
1987 3011 2209 3067 cellario
2240 3008 2446 3073 factus,
2480 3008 2546 3061 ab
2573 3002 3010 3061 hebdomadariis
3062 3001 3129 3056 ad
3182 3016 3358 3056 seram

1770 3114 1899 3159 ante
1925 3102 2311 3172 completorios
2364 3098 2721 3167 incendatur,
2776 3105 2834 3150 ut
2887 3095 3106 3149 videant
3159 3094 3357 3149 diversi

1771 3194 2043 3266 quomodo
2070 3210 2130 3250 se
2158 3194 2427 3250 collocent
2454 3209 2467 3257 ;
2500 3199 2554 3246 et
2584 3199 2869 3261 postquam
2896 3201 2957 3243 se
2986 3200 3177 3243 omnes
3224 3200 3357 3256 per-

1772 3287 2181 3354 collocaveriut,
2213 3303 2243 3340 a
2274 3284 2597 3355 supradictis
2626 3290 2851 3350 tutetur,
2873 3279 2920 3337 si
2948 3278 3088 3336 forte
3116 3278 3356 3349 indigen-

1776 3379 1848 3434 tia
1877 3378 1984 3436 olei
2014 3379 2068 3434 in
2097 3376 2432 3434 monasterio
2460 3375 2754 3431 sentiatur.

2337 3507 2565 3565 CAPUT
2622 3505 2787 3564 XXX.

2204 3638 2284 3677 l.\"f
2296 3635 2602 3677 ERROGATIO
2644 3632 2927 3673 DISCIPULI.

1967 3736 2082 3794 Post
2111 3736 2501 3805 comp'etorium
2524 3731 2780 3787 neminem
2809 3729 2989 3785 debere
3019 3729 3179 3798 loqui.

2016 3870 2319 3910 BESPONDE'I'
2359 3867 2584 3907 DOMINIIS
2633 3865 2734 3904 PER
2774 3861 3098 3903 IIAGISTRUM.

1851 3949 2138 4019 Postquam
2194 3960 2318 4001 sera
2369 3942 2516 4001 omni
2573 3939 2905 4011 perbiberiut
2960 3935 3178 3998 caldos,
3237 3947 3359 3987 cum

1776 4044 2013 4102 universi
2058 4042 2256 4096 fuerint
2308 4041 2374 4094 ab
2428 4032 2862 4091 bebdomadariis
2918 4027 3244 4095 discalceati,
3275 4026 3358 4081 di-

1776 4146 1865 4194 cat
1916 4136 2080 4190 abbas
2131 4131 2385 4186 fratribus
2437 4128 2708 4184 universis
2742 4144 2754 4178 :
2787 4122 2918 4189 Eia,
2975 4124 3210 4188 fratres,
3268 4133 3359 4173 re-

1777 4228 2066 4286 cludantur
2120 4225 2369 4279 universa
2413 4221 2546 4276 locis
2600 4219 2741 4283 suis,
2796 4224 2985 4272 cuncta
3030 4221 3362 4285 reponantur

1779 4322 1831 4376 in
1886 4329 2069 4390 parte;
2116 4316 2294 4369 lavate
2347 4313 2621 4378 fratribus,
2681 4307 3106 4375 hebdomadarii,
3175 4306 3358 4377 pedes.

1779 4410 1880 4477 Qui
1919 4405 2322 4463 hebdomadarii
2353 4421 2476 4460 cum
2522 4401 2771 4459 omnibus
2815 4397 3138 4470 perlaverint
3175 4397 3357 4467 pedes,

1779 4512 1873 4557 aut
1918 4516 2042 4555 cum
2082 4498 2355 4554 extraneis
2408 4492 2910 4566 supervenientibus
2969 4492 3196 4556 lavant,
3254 4506 3361 4543 uno

1780 4614 1876 4653 ore
1925 4598 2108 4653 dicant
2153 4596 2311 4650 ambo
2366 4594 2508 4648 hunc
2571 4607 2822 4658 versum,
2879 4604 3061 4646 secum
3112 4587 3360 4643 omnibus

1782 4688 2277 4760 respondentibus:
2323 4685 2399 4739 Tu
2446 4684 2747 4749 mandasti,
2805 4679 3056 4745 Domine,
3116 4678 3359 4732 mandata

1782 4796 1866 4836 tua
1925 4779 2171 4834 custodiri
2229 4778 2421 4841 nimis;
2475 4778 2672 4830 uiinam
2722 4773 3017 4843 dirigantur
3085 4772 3180 4825 vim
3237 4786 3362 4826 mea!

1782 4876 1849 4928 ad
1898 4872 2260 4929 custodiendas
2311 4870 2707 4941 justiﬁcationes
2750 4876 2863 4921 tuas
2920 4865 3093 4937 (Psal.
3151 4866 3357 4934 cxvm).

1783 4964 1920 5033 Ergo
1969 4964 2217 5021 omnibus
2264 4962 2428 5017 abbas
2474 4961 2619 5015 dicat
2670 4976 2684 5012 :
2744 4958 2864 5026 Eia,
2900 4958 3113 5021 fratres,
3145 4965 3362 5011 movete

1783 5072 1902 5125 viis,
1932 5068 1991 5112 ut
2018 5055 2246 5127 expletis
2273 5054 2523 5108 omnibus
2552 5068 2657 5107 non
2683 5050 2753 5105 sit
2771 5049 3006 5113 occasio,
3033 5047 3173 5102 unde
3215 5046 3358 5116 loqui

1787 5165 2069 5219 cogamur;
2098 5148 2209 5217 jam
2238 5148 2380 5201 enim
2410 5146 2541 5201 hora
2573 5153 2655 5200 est
2684 5154 2742 5199 ut
2770 5159 2869 5199 nes
2923 5141 3153 5196 Domino
3210 5155 3359 5195 com-

1790 5242 2125 5306 mendemus,
2156 5248 2211 5293 et
2233 5238 2392 5291 finitis
2414 5237 2663 5291 omnibus
2703 5235 2809 5290 diei
2857 5232 3049 5288 officiis
3099 5232 3360 5287 intrantes

1790 5341 2001 5388 noctem
2033 5330 2232 5399 pariter
2278 5344 2339 5383 os
2367 5336 2605 5382 nostrum
2658 5325 2908 5394 loquendi
2962 5322 3246 5377 claudatur
3293 5322 3359 5377 ad

1789 5425 2049 5493 requiem,
2076 5431 2131 5477 et
2157 5420 2298 5475 oculi
2327 5419 2395 5473 ad
2425 5435 2693 5488 soporem.
2712 5417 2866 5485 'L‘rgo
2897 5415 2986 5469 ubi
3018 5416 3131 5469 lucc
3153 5416 3355 5479 omnia,

1790 5531 1915 5573 cum
1954 5514 2127 5569 adhuc
2154 5510 2401 5582 loquendi
2431 5520 2485 5565 et
2539 5509 2736 5578 aliquid
2787 5506 3083 5577 imperandi
3136 5505 3358 5560 licentia

1796 5609 2061 5673 tribuitur,
2087 5606 2267 5662 omnia
2293 5606 2487 5659 fuerint
2511 5602 2820 5674 adimpleta,
2850 5603 3004 5656 factis
3058 5601 3362 5667 completo-

1798 5701 1890 5759 riis
1916 5701 1971 5755 in
2021 5700 2206 5755 ultimo
2242 5700 2423 5755 dicant
2461 5700 2598 5753 hunc
2628 5711 2839 5751 versum
2873 5717 2882 5747 :
2922 5694 3082 5759 Pone,
3118 5692 3359 5756 Domine,

1798 5792 2082 5848 custodiant
2104 5793 2179 5857 ori
2212 5810 2339 5859 meo,
2357 5802 2405 5845 et
2443 5794 2625 5846 ostium
2648 5788 3044 5843 circumsIantne
3068 5787 3221 5841 labiis
3243 5789 3366 5841 meis

1802 5882 1987 5946 (l’sal.
2044 5901 2141 5941 cxi.
2170 5895 2224 5954 );
2275 5899 2399 5942 mox
2436 5883 2797 5951 ingrediantur
2842 5881 3135 5946 silentium,
3167 5887 3221 5935 et
3259 5879 3368 5936 suis

3449 579 3621 633 usque
3650 561 3716 616 ad
3745 570 4039 617 nocturnos
4064 566 4284 630 putetur
4318 557 4498 613 nullus
4525 557 4597 612 ibi
4619 570 4742 612 esse
4766 555 4835 611 de
4859 555 5034 611 fratri-

3446 658 3565 714 bus.
3593 657 3717 712 Ideo
3740 656 3882 712 enim
3907 665 4030 726 post
4051 652 4433 724 completorios
4463 661 4646 708 tacere
4674 648 4959 714 debemus,
4983 659 5037 703 ut

3447 752 3640 806 merito
3671 750 3723 804 in
3750 749 4029 804 nocturnis
4057 748 4228 816 primo
4259 747 4500 802 dicamus
4528 743 4762 799 Domino
4794 760 4810 795 :
4854 740 5035 797 Domi-

3448 861 3531 910 ne,
3561 843 3701 898 labia
3720 861 3833 899 mea
3859 843 4082 915 aperias,
4111 852 4159 897 et
4188 860 4246 898 os
4275 856 4445 896 meum
4459 838 4799 894 annuntiabit
4831 837 5037 891 laudem

3448 948 3588 992 tuam
3629 938 3799 1007 (Psal.
3827 940 3899 1007 1.).
3932 939 4042 993 lloc
4080 948 4181 1002 est,
4213 945 4457 1007 petamus
4499 933 4787 989 Dominum
4844 930 5040 986 debere

3448 1032 3660 1100 aperire
3689 1030 3741 1084 in
3764 1031 4042 1085 nocturnis
4071 1030 4209 1083 labia
4241 1038 4446 1093 nostra,
4477 1041 4597 1097 qua:
4637 1041 4736 1082 sua
4791 1023 5037 1079 custodia

3448 1122 3499 1176 in
3526 1121 3892 1190 eompletoriis
3922 1122 4213 1176 clauserat.
4243 1119 4405 1175 Vides
4434 1135 4587 1189 ergo,
4620 1119 4748 1188 quia
4775 1115 5039 1188 quidquid

3448 1216 3708 1284 aperitur,
3732 1215 4040 1284 agnoscitur
4087 1214 4236 1284 prius
4284 1214 4451 1268 fuisse
4496 1213 4761 1267 clausum.
4819 1210 4930 1266 Sed
4974 1224 5040 1265 ne

3448 1306 3588 1361 forte
3638 1323 3757 1362 cum
3811 1306 4080 1361 silentiunt
4137 1305 4473 1369 custoditur,
4504 1305 4685 1373 aliqua
4740 1301 5037 1358 necessitas

3451 1400 3698 1455 utilitatis
3728 1398 3794 1453 ad
3823 1396 4154 1467 loquendum
4178 1396 4403 1451 fratrem
4429 1404 4742 1466 perurgeat,
4765 1405 4827 1450 et
4869 1393 5039 1449 frater

3450 1491 3603 1545 fratri
3634 1491 3749 1545 vult
3798 1490 3974 1559 loqui,
4005 1490 4047 1546 si
4106 1489 4284 1544 lumen
4343 1489 4605 1544 cicendeli
4658 1496 4753 1544 aut
4803 1488 5040 1543 lucerna

3452 1583 3631 1648 fuerit,
3653 1584 3718 1638 de
3746 1582 4027 1649 mauu,vel
4058 1590 4188 1637 nutu
4218 1597 4299 1649 ea,
4321 1581 4529 1645 itis,vel
4558 1590 4692 1636 nutu
4721 1580 5037 1643 oculorum;

3451 1686 3544 1730 aut
3564 1684 3712 1731 certe
3735 1676 3777 1730 si
3809 1676 3958 1730 deest
3985 1674 4187 1738 lumen,
4220 1675 4386 1728 frater
4412 1689 4534 1729 cum
4558 1675 4728 1731 fratre
4747 1672 4821 1729 ad
4842 1688 5037 1729 neces-

3452 1770 3649 1823 sarium
3673 1768 3856 1836 vadat,
3889 1776 3943 1823 et
3967 1767 4112 1838 quod
4153 1781 4289 1838 opus
4320 1766 4500 1832 fuerit,
4525 1777 4703 1822 tamen
4742 1766 4815 1821 ad
4852 1780 5035 1821 aurem

3376 1854 3597 1917 Blente
3637 1862 3916 1932 loquatur;
3975 1871 4032 1916 ut
4069 1860 4206 1915 alter
4260 1860 4448 1915 tertius
4495 1875 4619 1915 eum
4664 1875 4776 1915 non
4830 1859 5033 1914 audiat.

3454 1955 3624 2009 Simul
3655 1954 3781 2008 etsi
3809 1954 3975 2008 frater
4011 1954 4187 2019 aliqua
4241 1952 4565 2008 necessitate
4610 1960 4735 2021 post
4787 1966 5037 2006 somnum

3455 2061 3579 2106 ante
3608 2056 3901 2104 nocturnos
3922 2046 4280 2116 compellatur
4308 2045 4455 2114 loqui
4485 2043 4711 2115 aliquid,
4742 2044 4900 2114 prius
4928 2058 5042 2098 ver-

3454 2160 3572 2197 sum
3621 2149 3938 2195 consuetum
3987 2138 4234 2193 nocturni
4285 2137 4429 2193 dicat
4478 2137 4574 2191 sibi
4630 2136 4808 2202 lente,
4856 2135 4908 2190 i.l
4938 2144 5037 2199 est,

3454 2235 3695 2299 Domine,
3720 2234 3860 2287 labia
3900 2248 4016 2285 mea
4060 2233 4281 2301 aperies,
4313 2239 4362 2284 et
4417 2246 4475 2284 as
4518 2244 4686 2283 meum
4707 2226 5042 2282 annuntiabit

3456 2330 3662 2384 laudem
3684 2337 3861 2393 tuam;
3894 2337 3949 2381 et
3980 2325 4233 2395 loquatur
4264 2325 4408 2396 quod
4431 2340 4565 2395 opus
4593 2333 4694 2379 est.
4727 2322 4865 2377 Nam
4890 2337 5044 2377 man-

3455 2421 3682 2478 ducaudi
3710 2418 3930 2490 aliquid,
3962 2426 4055 2473 aut
4081 2416 4317 2479 bibendi,
4344 2416 4429 2470 vel
4455 2415 4694 2483 aliquam
4747 2428 4868 2468 rem
4913 2427 5043 2484 ope-

3457 2513 3607 2570 randi
3638 2514 3838 2569 nullam
3863 2512 4016 2567 fratri
4044 2520 4167 2582 post
4194 2510 4579 2580 completorios
4627 2507 5042 2579 permissionem

3455 2605 3824 2661 concedimus.
3851 2603 3910 2659 Si
3937 2604 4030 2673 qui
4062 2618 4190 2658 vero
4218 2602 4286 2657 de
4312 2602 4586 2657 extraneis
4623 2609 4747 2671 post
4796 2599 5044 2670 comple—

3458 2700 3626 2754 torios
3658 2699 3929 2769 perfectos
3955 2696 4341 2752 monasterium
4398 2694 4735 2759 adveneriut,
4781 2709 4814 2748 a
4852 2693 5041 2749 dome-

3456 2794 3603 2850 sticis
3633 2792 3886 2848 fratribus
3916 2791 4082 2846 tacito
4123 2789 4421 2850 ministerio
4448 2796 4782 2853 recreentur,
4807 2797 4864 2842 et
4902 2786 5044 2841 lente

3458 2888 3537 2943 eis
3563 2901 3879 2957 responsum
3927 2884 4208 2945 reddatur,
4262 2890 4482 2953 propter
4522 2880 4720 2949 regulae
4776 2879 5043 2935 constitu-

3460 2989 3572 3034 tum
3597 2998 3610 3034 :
3643 2988 3699 3035 et
3728 2979 3856 3035 lotis
3882 2993 4074 3034 eorum
4099 2975 4319 3046 pedibus
4345 2973 4684 3043 complentes
4697 2970 5043 3042 postmodum

3460 3074 3560 3129 sibi
3599 3072 3765 3136 lente,
3807 3081 3863 3126 et
3914 3070 4016 3140 ipsi
4068 3069 4474 3139 peregrinorum
4521 3066 4677 3120 lectis
4729 3064 5046 3133 delegeutur

3461 3166 3717 3222 dormire.
3747 3165 3870 3218 Mox
3900 3162 4097 3217 clausis
4123 3160 4191 3215 ab
4235 3158 4470 3214 ostiariis
4518 3158 4680 3226 regiis
4727 3157 4784 3211 in
4833 3157 4948 3213 suis
4995 3165 5050 3211 et

3462 3259 3562 3330 ipsi
3587 3256 3831 3327 jacentes
3853 3256 4039 3309 stratis
4067 3267 4165 3323 per
4194 3252 4446 3307 horarum
4476 3250 4753 3306 silentium
4780 3257 4839 3305 et
4873 3250 5049 3306 noctis

3461 3358 3719 3420 appetant
3755 3359 4024 3402 somnum.
4056 3342 4113 3397 Si
4140 3341 4262 3412 quis
4284 3356 4413 3397 vero
4437 3340 4607 3397 frater
4632 3348 4758 3411 post
4810 3342 5047 3411 comple-

3462 3442 3631 3496 tcrios
3651 3445 3745 3494 aut
3760 3436 4107 3500 manducare,
4132 3446 4225 3488 aut
4247 3433 4447 3512 aliquid
4476 3431 4661 3487 bibere
4682 3431 5050 3500 deprehensus

3460 3534 3621 3591 fuerit
3650 3534 3790 3589 hanc
3835 3526 4412 3587 excommunicatiouis
4460 3540 4676 3594 poenam
4724 3525 4987 3595 suscipiat
5036 3543 5047 3577 :

3461 3628 3564 3682 alia
3597 3626 3687 3681 die
3710 3633 4017 3690 accusatus,
4050 3622 4103 3677 in
4148 3618 4356 3691 jejunio
4405 3617 4728 3673 continuato
4776 3618 4938 3672 tertia
4963 3616 5051 3671 die

3461 3702 3702 3784 reficiat,
3730 3716 3823 3786 qui
3848 3713 4186 3785 praesumpsit
4213 3711 4417 3767 illicita.
4451 3710 4581 3777 Quae
4606 3724 4837 3765 sacoma
4867 3710 5053 3764 unica-

3463 3813 3625 3867 tionis
3680 3824 3838 3880 poana
3899 3807 4082 3864 tandiu
4137 3807 4193 3861 in
4246 3802 4655 3861 continuatione
4711 3808 5050 3873 permaneat,

3462 3902 3705 3975 quandiu
3725 3918 3823 3973 per
3844 3899 4161 3956 humilitatis
4206 3898 4627 3953 satisfactionem
4677 3894 4747 3950 de
4800 3896 5051 3950 emenda-

3464 3998 3611 4052 tione
3645 3993 3911 4063 promissa
3959 3991 4026 4046 ab
4076 4005 4143 4046 eo
4191 3990 4259 4043 ab
4312 3988 4508 4044 abbate
4559 3996 4852 4059 praesente,
4878 3994 4972 4040 aut
5023 3999 5052 4037 a

3463 4089 3766 4160 przepositis
3785 4087 3943 4145 venia
3969 4085 4131 4142 fuerit
4152 4083 4441 4156 postulata.

4026 4221 4255 4279 CAPUT
4298 4219 4483 4278 XXXI.

3896 4333 4291 4375 INTERROGATiO
4329 4331 4606 4373 DISCIPULI.

3616 4436 3690 4491 De
3719 4434 4137 4490 Itebdomadariis
4164 4432 4326 4485 diuini
4355 4431 4506 4500 ofﬁcii
4532 4429 4589 4483 in
4637 4428 4899 4484 noctibus.

3719 4561 4023 4603 BESPONDET
4052 4559 4282 4600 DOIIINUS
4332 4559 4431 4598 PER
4483 4557 4801 4598 IAGIS'I‘BUI.

3539 4663 3618 4718 Ad
3670 4662 4014 4720 excitandum
4079 4660 4319 4716 divinum
4375 4658 4609 4714 ofiicium
4666 4657 4721 4711 in
4780 4656 5055 4723 noctibus,

3466 4757 3632 4829 ipsius
3654 4755 3871 4812 decada:
3900 4754 4193 4828 prmpositi,
4225 4767 4453 4824 quorum
4480 4748 4676 4806 fratres
4726 4751 5056 4819 septimauas

3465 4849 3519 4905 in
3548 4848 3830 4919 coquendo
3859 4855 4133 4911 exercent,
4150 4844 4329 4899 tainiiu
4362 4842 4778 4899 sollicitudinem
4807 4843 5053 4896 excitau-

3466 4942 3520 4997 di
3551 4940 4105 5010 exerceant,quandiu
4136 4938 4321 4994 decem
4340 4938 4529 4992 fratres
4550 4951 4739 4991 eorum
4760 4936 5053 4991 combinati

3465 5045 3559 5089 aut
3590 5044 3809 5104 prepter
3840 5032 4240 5088 multitudinem
4262 5028 4694 5101 congregationis
4724 5032 5051 5091 contemati,

3467 5129 3519 5183 in
3552 5131 3794 5198 coquina:
3816 5126 4058 5199 servitio,
4083 5139 4206 5180 suas
4236 5124 4439 5177 vicibus
4467 5121 4739 5190 explicent
4790 5122 5053 5190 septi-ua-

3464 5237 3581 5275 uas.
3601 5220 3733 5274 Nam
3763 5221 4000 5291 ipsorum
4030 5216 4435 5286 praepositorum
4466 5214 4610 5268 vices
4645 5228 4766 5266 eum
4807 5213 5054 5266 venerint

3464 5332 3718 5387 coquere,
3751 5314 3877 5386 quia
3903 5312 4001 5383 ipsi
4024 5312 4091 5366 de
4119 5311 4363 5380 coquinae
4392 5307 4689 5363 ministerio
4719 5308 4846 5361 lassi
4878 5306 5052 5359 defes-

3459 5408 3534 5463 sis
3557 5405 3809 5461 membris
3840 5411 4095 5474 poterunt
4119 5417 4308 5457 somno
4340 5396 4931 5471 gravari,sollicitiores
4948 5397 5054 5450 duo

3466 5498 3623 5553 electi
3658 5497 3725 5552 de
3762 5496 3961 5552 decada
4016 5511 4111 5552 sua
4169 5495 4235 5548 ab
4282 5494 4358 5548 eis
4410 5493 4601 5546 fratres
4651 5491 4703 5544 in
4750 5490 5052 5559 septimana

3466 5591 3705 5661 ipsorum
3726 5588 4140 5646 sollicitudinem
4162 5585 4429 5642 excitandi
4444 5583 4753 5653 suscipiant.
4768 5580 5051 5644 Similiter,

3470 5696 3524 5742 et
3563 5701 3684 5742 cum
3733 5685 3989 5740 inchoant
4036 5683 4252 5737 alterius
4296 5679 4511 5735 decada:
4561 5679 4756 5734 fratres
4808 5680 5055 5749 coquinae

3469 5781 3771 5847 servitium,
3802 5778 3960 5834 simul
3987 5785 4042 5834 et
4069 5775 4339 5849 praepositi
4367 5789 4555 5831 eorum
4583 5773 4682 5829 sub
4711 5788 4808 5830 sua
4854 5773 5053 5828 sollici-

3472 5873 3657 5931 tudine
3682 5873 3993 5932 universum
4022 5885 4239 5943 gregem
4288 5868 4582 5940 suscipiant
4628 5882 4726 5925 sua
4779 5866 5050 5934 vigilantia
