5174 6542
660 414 800 471 tom

655 636 793 675 eum
835 618 1056 674 adstant
1116 616 1168 670 in
1223 612 1562 669 hebdomada
1614 628 1708 667 sua
1766 613 2052 682 coquinae,
2103 628 2130 668 a
2163 615 2266 668 sol-

656 712 994 770 licit-ioribus
1044 709 1156 764 suis
1205 692 1464 763 fratribus
1512 705 1854 775 adiuventur.
1900 705 2034 759 Nam
2084 705 2128 759 si
2182 705 2270 773 qui

662 809 1042 878 septimanam
1091 801 1438 859 excitationis
1493 809 1786 865 exercent,
1838 798 1892 852 in
1945 806 2104 854 nocte
2149 798 2272 853 etin

658 898 757 952 die
798 899 904 969 ipsi
953 895 1170 952 solliciti
1200 933 1214 957 ,
1265 892 1609 962 horologium
1665 892 1984 960 conSpieere
2011 931 2028 956 ,
2065 899 2122 945 et
2170 889 2270 944 ho-

659 1008 784 1047 ram
850 990 1122 1063 psallendi
1174 987 1358 1043 abbati
1415 996 1470 1042 et
1522 986 1812 1052 fratribus,
1871 1001 1936 1039 ne
1995 985 2132 1038 forte
2181 1001 2274 1052 per

659 1083 1090 1153 occupationem
1115 1079 1316 1135 laboris
1344 1077 1750 1142 obliviscantur,
1781 1085 1835 1130 et
1863 1091 1956 1130 eos
1981 1074 2272 1129 constilu'a

657 1179 773 1246 jam
800 1177 938 1232 hora
983 1184 1288 1246 pmtereal,
1330 1173 1429 1243 ipsi
1481 1171 1760 1226 universos
1808 1177 2192 1231 rememorent,
2222 1176 2277 1222 et

660 1262 940 1340 psallendi
970 1269 1159 1325 horam
1183 1269 1294 1338 jam
1327 1267 1576 1321 nuntient
1600 1264 1902 1318 advenisse.
1954 1261 2079 1316 Ideo
2129 1259 2271 1314 enim

658 1365 931 1418 excitatio
949 1361 1353 1418 duobusmodis
1377 1358 1770 1413 committitur:
1805 1365 1863 1410 ut
1884 1363 1940 1410 et
1961 1353 2166 1410 vicibus
2198 1353 2275 1407 vi-

660 1458 862 1528 gilent,
896 1468 950 1512 et
975 1458 1019 1512 si
1051 1472 1186 1510 unus
1217 1455 1514 1510 secundum
1539 1455 1716 1508 carnis
1746 1452 2087 1520 fragilitatem
2115 1449 2277 1504 fuerit

661 1566 870 1606 somno
893 1566 1210 1620 oppressus,
1235 1549 1371 1603 alius
1402 1548 1540 1602 forte
1572 1546 1798 1616 vigilans
1823 1544 2118 1600 constituta
2143 1543 2276 1596 hora

661 1649 880 1700 excitet
938 1644 1258 1714 negligentis
1301 1643 1523 1710 collega:
1575 1639 1832 1695 ollicium.
1891 1637 2082 1706 Magna
2132 1636 2274 1690 enim

662 1751 885 1791 merces
931 1737 1075 1806 apud
1119 1735 1409 1790 Dominum
1439 1741 1524 1788 est
1552 1731 1901 1787 excitantium
1932 1731 1995 1783 ad
2037 1732 2276 1784 divinum

663 1843 834 1899 opus,
865 1843 1008 1898 quos
1029 1843 1130 1899 pro
1152 1826 1294 1882 fama
1327 1826 1513 1896 regula
1545 1823 1848 1892 vigilgallos
1881 1823 2123 1876 nomium
2144 1824 2199 1873 il.

1235 2009 1465 2065 CAPUT
1508 2009 1718 2064 XXXII.

1130 2165 1286 2204 INTER
1298 2163 1525 2204 ιιοωτιο
1553 2165 1746 2203 DISCII’L
1759 2166 1787 2202 L
1799 2168 1805 2190 ⁸
1819 2189 1828 2200 .

922 2281 1191 2344 Quomodo
1225 2278 1287 2332 ab
1319 2281 1393 2332 eis
1419 2279 1535 2349 ﬁeri
1562 2279 1746 2332 debeat
1775 2295 1853 2332 emt
1871 2280 2017 2332 italia

940 2432 1242 2472 ltl.SPONDET
1284 2431 1512 2469 DOIINUS
1553 2433 1652 2470 PER
1693 2433 2016 2473 κΑϐιδΤιιωι.

748 2553 891 2607 Cum
955 2553 1090 2606 hora
1153 2555 1448 2608 constituta
1505 2552 1768 2622 psallendi
1823 2553 1932 2623 jam
1994 2563 2139 2608 nocti
2193 2566 2284 2608 oc-

666 2647 955 2713 currerit,
996 2655 1186 2715 surgat
1244 2647 1298 2700 in
1349 2647 1433 2701 his
1486 2646 1697 2702 duobus
1735 2647 1827 2716 qui
1880 2647 2129 2701 inventus
2173 2646 2286 2701 fue-

664 2738 745 2792 rit
796 2736 1154 2804 vigilantior,
1225 2738 1432 2793 excitet
1479 2738 1626 2793 lente
1680 2739 2125 2807 negligentiorem
2174 2739 2289 2792 col-

665 2832 856 2900 legam
915 2829 1377 2885 hebdomadarum
1443 2847 1686 2886 suarum.
1751 2831 1819 2886 Et
1861 2834 2056 2888 merito
2109 2835 2282 2897 lente;

666 2925 804 2994 quia
830 2924 1011 2979 adhuc
1036 2941 1146 2980 non
1169 2935 1254 2980 est
1276 2928 1502 2994 petitum
1534 2942 1563 2979 τι
1595 2927 1824 2982 Domino
1855 2928 1922 2981 ab
1955 2927 2208 2982 OﬂlllIblb
2231 2928 2286 2982 in

666 3019 948 3086 oratorio,
983 3028 1041 3072 ut
1087 3019 1272 3074 clausa
1302 3019 1356 3073 in
1389 3019 1758 3090 completoriis
1788 3020 1928 3073 labia
1959 3020 2027 3074 ab
2057 3036 2123 3074 eo
2161 3036 2287 3089 ape-

668 3113 892 3168 riantur
922 3123 1103 3168 nocte.
1141 3113 1251 3168 Hos
1281 3127 1413 3181 ergo
1461 3113 1587 3168 ideo
1621 3113 1760 3168 duos
1788 3114 2200 3174 constituimus.
2233 3124 2290 3167 ut

668 3208 918 3264 invicem
948 3223 1009 3264 se
1038 3208 1151 3265 suis
1172 3207 1371 3277 vigiliis
1400 3209 1754 3278 pmveniant.
1810 3207 1952 3277 Ergo
2003 3219 2289 3276 surgentes

2185 407 2482 465 REGULA.

654 526 1054 584 excitandum;
1107 521 1357 577 similiter
1400 529 1456 576 et
1501 516 1606 591 ipsi
1651 521 1704 574 in
1754 520 2094 576 hebdomada
2145 538 2263 588 sua,
2299 534 2338 586 Α

2313 1915 2356 1975 Β
2385 1923 2484 1961 nus
2515 1909 2712 1974 noctis,
2737 1911 2830 1978 qui
2861 1926 2988 1964 mox
3019 1910 3163 1965 diem
3214 1912 3357 1980 parit

3808 399 3962 458 100?.

2915 519 3140 576 CAI’L‘T
3183 520 3416 575 XXXIII.

2815 649 3210 689 INTERROGATIO
3249 649 3524 688 θιεεζιῐιυω.

2737 744 2819 801 De
2843 747 3024 817 oﬁiciis
3051 745 3239 800 divinis
3269 749 3326 801 in
3356 747 3609 803 noctibus.

2627 875 2936 918 ηεροδοετ
2980 875 3212 918 ΒΟΙΙΝυε
3251 878 3352 917 PER
3395 880 3696 920 IAGISTRUI

2454 978 2504 1028 In
2533 974 2713 1030 ofﬁcio
2767 984 3036 1031 nocturno
3083 992 3192 1032 uno
3245 985 3491 1047 tempore
3545 981 3791 1049 psallitur
3845 995 3972 1040 ante

2380 1069 2649 1139 pullorum
2678 1076 2895 1123 cantum
2928 1069 2980 1123 in
3033 1067 3229 1139 hyeme
3279 1071 3553 1136 nocturni,
3580 1072 3794 1128 dicente
3834 1073 3969 1131 Pro-

2381 1163 2538 1232 pheta
2567 1178 2582 1217 :
2615 1161 2794 1216 Media
2849 1172 2993 1218 nocte
3048 1161 3317 1234 surgebam
3367 1165 3436 1218 ad
3482 1167 3834 1237 conﬁtendum
3883 1168 3972 1224 tibi

2379 1256 2551 1325 (ἔδοι.
2586 1255 2792 1326 cxvni).
2819 1255 2888 1308 Et
2916 1255 2983 1310 de
3031 1264 3217 1312 testate
3268 1256 3395 1311 item
3437 1257 3567 1313 dicit
3625 1278 3637 1312 :
3698 1259 3778 1315 De
3825 1272 3974 1317 nocte

2379 1347 2558 1418 vigilat
2577 1349 2788 1417 spiritus
2808 1366 2949 1403 meus
2981 1348 3049 1402 ad
3075 1358 3138 1414 te,
3166 1348 3306 1405 Deus
3331 1348 3506 1409 (I’sal.
3528 1356 3698 1419 χχιιι),
3728 1353 3834 1410 hoc
3867 1366 3971 1419 est,

2381 1439 2446 1494 de
2473 1448 2627 1509 parte
2669 1441 2846 1509 aliqua
2879 1441 3074 1508 noctis,
3105 1451 3228 1512 post
3283 1443 3553 1511 pullorum
3598 1444 3711 1513 jam
3763 1454 3977 1514 cautus,

2381 1536 2594 1603 signum
2619 1535 2713 1590 fiat
2739 1537 3015 1607 surgendi.
3045 1536 3154 1592 Sed
3185 1537 3287 1593 hoc
3318 1554 3347 1592 a
3380 1538 3722 1609 vigilantibus
3761 1542 3810 1598 in
3842 1542 3978 1615 hye-

2383 1644 2467 1682 me
2489 1630 2787 1684 cavendum
2817 1639 2920 1696 est,
2941 1646 3008 1685 ne
3031 1639 3325 1686 nocturnos
3350 1632 3529 1702 palliis
3555 1643 3645 1688 aut
3670 1636 3977 1700 antecedat,

2383 1721 2898 1791 autdeprebendat;
2960 1725 3086 1790 quia
3136 1723 3346 1784 Ιηιίέθιλι
3403 1737 3593 1782 noctes
3638 1727 3692 1782 in
3737 1737 3981 1800 tempore

2384 1814 2612 1886 hyemis.
2647 1815 2777 1870 Nam
2800 1816 3069 1886 pullorum
3099 1827 3292 1872 cantus
3315 1817 3638 1876 declinantis
3667 1829 3751 1877 est
3795 1823 3980 1878 termi-

3409 1930 3422 1966 :
3475 1913 3615 1969 sicut
3670 1913 3724 1969 in
3779 1917 3982 1972 circqu

2384 2001 2515 2057 solis
2539 2002 2944 2072 declinarejam
2977 2003 3120 2059 diem
3153 2020 3186 2060 a
3215 2015 3368 2060 sexta
3398 2007 3532 2062 hora
3572 2010 3900 2078 ostenditur,
3930 2019 3982 2068 et

2389 2109 2483 2160 per
2505 2103 2719 2149 noctem
2752 2104 2958 2150 tantum
2983 2097 3239 2151 festinare
3252 2098 3581 2154 descendere
3606 2103 3797 2166 solem,
3814 2117 3956 2171 quan

2388 2196 2499 2240 tum
2525 2187 2779 2250 cucurrit,
2807 2196 2866 2242 ut
2890 2187 3129 2243 medium
3153 2188 3206 2242 in
3233 2188 3438 2244 circulo
3472 2191 3790 2246 ascenderet
3816 2192 3982 2248 diem.

2385 2279 2492 2336 Sed
2523 2280 2703 2335 hocin
2735 2280 2928 2351 hyeme
2974 2279 3240 2349 agendum
3296 2289 3398 2345 est,
3420 2290 3478 2335 ut
3534 2290 3828 2338 nocturnos
3870 2281 3983 2353 jam

2386 2375 2631 2444 expletos
2658 2373 2927 2443 pullorum
2955 2381 3148 2427 cantus
3175 2383 3462 2440 sequatur;
3494 2374 3619 2442 quia
3652 2384 3840 2430 noctes
3862 2383 3984 2430 sunt

2386 2470 2616 2537 grandes
2648 2486 2658 2520 :
2693 2475 2750 2522 ut
2779 2467 2973 2536 digesti
3003 2481 3032 2520 a
3053 2481 3246 2522 somno
3274 2465 3469 2520 fratres
3513 2465 3752 2532 vigilanti
3799 2477 3854 2521 et
3907 2468 3985 2522 di-

2387 2569 2539 2627 gesto
2571 2574 2734 2614 sensu
2785 2572 2922 2627 opus
2953 2557 3069 2621 Dei,
3104 2556 3252 2626 quod
3305 2557 3512 2621 dicunt,
3543 2567 3863 2625 agnoscant.
3920 2557 3986 2612 Et

2389 2651 2514 2706 ideo
2543 2686 2554 2704 .
2601 2649 2882 2705 tervallum
2903 2651 3142 2718 ponitur,
3159 2655 3215 2702 ut
3245 2648 3457 2718 prolixa
3478 2657 3636 2703 nocte
3662 2650 3838 2705 somni
3867 2663 3988 2718 gra-

2389 2744 2530 2798 vitas
2557 2745 2792 2796 liniatur.
2825 2742 2956 2796 Nam
2982 2743 3034 2795 in
3066 2741 3218 2796 verni
3242 2741 3325 2796 vel
3355 2742 3559 2795 a2statis
3590 2751 3852 2812 tempore,
3884 2743 3989 2798 hoc

2390 2846 2492 2900 est,
2519 2849 2550 2887 a
2580 2833 2785 2888 Pascha
2812 2848 2978 2902 usque
3005 2841 3195 2886 octavo
3225 2828 3493 2886 Kalendas
3537 2830 3810 2899 Octobris,
3842 2835 3990 2902 quod

2391 2938 2473 2981 est
2494 2926 2874 2995 aequinoctium
2897 2923 3165 2995 hyemale,
3192 2933 3416 2993 propter
3439 2923 3704 2978 rationem
3743 2925 3990 2980 brevium

2392 3019 2647 3084 noctium,
2681 3033 2710 3071 a
2743 3017 3011 3086 pullorum
3040 3025 3204 3071 cantu
3235 3019 3486 3070 nocturni
3529 3033 3558 3070 a
3608 3016 3863 3074 fratribus
3910 3019 3965 3074 in

2391 3111 2695 3176 choentur;
2724 3119 2779 3165 et
2809 3111 3029 3179 expleto
3073 3107 3401 3179 psalmorum
3461 3124 3688 3166 numero
3735 3127 3861 3166 mox
3912 3112 3990 3168 eis

2393 3204 2685 3259 matutinos
2710 3204 3063 3274 subiungant,
3085 3213 3140 3258 et
3160 3203 3463 3260 secundum
3491 3219 3711 3258 suorum
3753 3204 3991 3274 psalmo-

668 3303 842 3357 ainbo
872 3302 1073 3356 vadant
1101 3316 1225 3357 cum
1255 3301 1562 3358 reverentia
1589 3301 1656 3357 ad
1713 3301 1910 3357 lectum
1973 3301 2200 3367 abbatis,
2235 3310 2290 3356 et
2319 3293 2363 3354 C
2396 3314 2512 3352 rum
2544 3313 2826 3352 numerum
2857 3299 3066 3351 tiniant.
3097 3295 3164 3350 Et
3198 3298 3321 3352 ideo
3352 3297 3403 3350 in
3454 3297 3710 3354 brevibus
3743 3298 3869 3369 ipsis
3899 3315 3991 3356 no-

671 3395 754 3449 ibi
787 3395 1040 3450 oratione
1067 3393 1208 3448 facta
1256 3393 1440 3448 dicant
1484 3392 1587 3448 sibi
1616 3392 1764 3448 lente
1811 3394 1954 3448 hunc
2007 3409 2222 3448 versum
2275 3413 2285 3447 :

673 3486 933 3551 Domine,
958 3486 1102 3540 labia
1141 3503 1258 3541 mea
1291 3488 1526 3556 aperies,
1551 3497 1601 3541 et
1627 3503 1683 3541 os
1740 3503 1905 3542 meum
1961 3487 2291 3540 annunliubit

667 3580 890 3634 laudem
924 3590 1107 3644 luant;
1148 3589 1204 3635 et
1232 3580 1570 3649 complentes
1593 3580 1696 3635 sibi
1726 3579 1890 3645 lente,
1920 3596 2047 3634 mox
2070 3581 2290 3649 pulsan-

670 3683 764 3730 tes
794 3674 962 3744 pedes
983 3674 1194 3730 abbatis
1222 3675 1489 3730 suscitent
1537 3689 1682 3730 eum.
1712 3673 1834 3741 Quo
1887 3675 2288 3744 expergefacto,

672 3767 868 3824 dicant
897 3766 1079 3831 simul,
1105 3767 1246 3822 Deus
1273 3785 1283 3819 :
1315 3783 1426 3837 quo
1452 3767 1658 3832 audito,
1679 3767 1847 3822 abbas
1870 3776 2055 3836 surgat
2084 3769 2291 3822 intrans

677 3862 740 3916 in
773 3860 1046 3928 oratorio,
1075 3869 1131 3915 et
1167 3875 1424 3931 percusso
1453 3860 1630 3917 indice
1654 3869 1777 3916 oret
1810 3862 2017 3930 tandiu,
2051 3863 2291 3931 qnandiu

676 3951 927 4008 universi
953 3950 1150 4007 fratres
1205 3951 1603 4021 ingrediantur,
1657 3953 1748 4021 qui
1795 3954 1937 4008 forte
1985 3955 2289 4009 necessaria

676 4059 852 4100 causa
877 4043 1126 4114 corporis
1151 4051 1504 4114 occupantur.
1530 4043 1686 4110 Quod
1715 4043 1763 4099 si
1791 4045 1914 4114 quis
1941 4045 2131 4101 fecerit
2160 4047 2289 4101 satis

675 4135 776 4191 diu
801 4135 1054 4191 abbatem
1087 4136 1404 4205 protrahere
1433 4135 1763 4203 orationem,
1785 4137 1928 4206 quod
1974 4153 2082 4192 non
2135 4137 2284 4205 licet,

676 4243 811 4284 cum
860 4227 1012 4282 tarde
1065 4227 1222 4284 fuerit
1272 4229 1509 4285 oratorio
1561 4239 1934 4299 prresentatus,
1969 4232 2290 4301 praepositos

676 4337 879 4379 eorum
909 4323 1068 4394 culpa
1099 4323 1373 4392 respiciat.
1403 4324 1525 4380 Ideo
1558 4326 1702 4379 enim
1740 4325 1973 4380 diximus
2013 4326 2066 4380 in
2117 4326 2288 4395 prima

679 4417 939 4473 oratione
965 4415 1178 4471 abbatis
1207 4418 1490 4471 universos
1520 4420 1847 4486 exspectari,
1872 4427 1926 4472 et
1945 4434 2067 4472 mox
2092 4417 2289 4474 debere

677 4523 998 4573 occurrere,
1029 4516 1089 4561 ut
1117 4523 1306 4563 omnes
1327 4517 1451 4578 post
1488 4500 1888 4564 inchoationem
1939 4510 2150 4564 abbatis
2183 4527 2286 4564 una

677 4614 822 4654 voce
851 4600 1061 4654 scilicet
1086 4607 1272 4668 petant
1300 4615 1330 4654 a
1355 4600 1584 4656 Domino
1611 4601 1809 4670 aperiri
1842 4601 1984 4656 labia
2036 4618 2132 4656 sua
2188 4602 2284 4657 de-

677 4696 820 4748 bere
849 4693 901 4747 in
937 4693 1234 4757 nocturnis,
1253 4694 1394 4748 sicut
1415 4696 1666 4750 omnibus
1695 4696 2057 4749 communiter
2086 4704 2278 4765 peten-

680 4788 833 4838 tzbns
858 4801 886 4836 ει
911 4784 1142 4840 Domino
1173 4785 1386 4840 fuerant
1415 4787 1598 4841 clausa
1634 4787 1686 4841 in
1720 4789 2111 4856 completoriis.
2147 4789 2281 4843 Nam

676 4879 1056 4948 ingredientes
1083 4881 1381 4934 oratorium
1413 4881 1575 4936 tertio
1605 4881 1788 4936 dicant
1813 4899 1824 4934 :
1865 4882 2080 4935 Douine
2102 4926 2114 4947 ,
2142 4881 2283 4935 labia

675 4988 801 5025 utea
831 4975 1052 5040 aperies,
1088 4984 1135 5026 εξ
1165 4989 1223 5027 es
1253 4989 1421 5027 meum
1479 4973 1808 5027 annunFiabit
1858 4974 2066 5028 laudem
2119 4985 2278 5028 luant.

679 5065 815 5118 Ideo
857 5065 1000 5119 enim
1023 5065 1260 5120 diximus
1283 5066 1446 5120 tertio
1467 5066 1572 5121 dici
1595 5067 1663 5121 ab
1693 5067 1962 5133 omnibus,
1990 5076 2046 5121 ut
2072 5083 2138 5122 ne
2165 5069 2284 5137 quis

677 5158 855 5212 frater
886 5157 1098 5212 modice
1130 5157 1336 5212 tardius
1365 5157 1641 5226 ingressus
1671 5159 1737 5213 ab
1769 5158 1871 5213 hac
1919 5159 2284 5229 postulatione

679 5258 879 5306 versus
898 5249 1199 5304 fraudetur.
1232 5247 1361 5304 Post
1389 5264 1550 5318 quem
1602 5264 1832 5315 versum,
1880 5259 2166 5321 postquam
2218 5249 2286 5305 ab

679 5344 940 5401 omnibus
964 5344 1169 5400 dictum
1187 5384 1202 5410 ,
1231 5343 1422 5399 invitet
1452 5352 1509 5400 et
1535 5345 1760 5400 suscitet
1788 5353 1972 5413 pastor
2001 5360 2131 5400 oves
2159 5359 2286 5400 suas

681 5453 786 5510 per
812 5437 1219 5508 responsorium
1249 5437 1314 5492 ad
1341 5437 1527 5493 laudes
1560 5438 1796 5506 Domini,
1819 5437 2006 5494 dicens
2031 5457 2043 5492 :
2087 5437 2283 5506 Venite,

678 5532 1004 5587 exsultantis
1041 5529 1284 5597 Domino,
1307 5531 1588 5603 jubilemus
1637 5531 1742 5587 Deo
1790 5533 2007 5587 salutari
2066 5543 2286 5600 nostro;

678 5623 753 5680 ad
784 5623 939 5693 cujus
962 5623 1112 5680 vocis
1141 5621 1488 5679 dulcedinem
1519 5624 1604 5678 vel
1632 5623 1874 5679 divinum
1900 5625 2080 5680 favum
2109 5628 2287 5682 omnis

680 5734 805 5790 quze
840 5733 948 5773 non
981 5717 1284 5772 accurrerit
1311 5731 1463 5787 apes,
1493 5716 1628 5772 sciat
1655 5732 1734 5786 se,
1759 5728 2078 5774 evacuatam
2110 5722 2285 5776 l‘rucui

682 5812 861 5867 mellis
910 5813 965 5867 in
993 5810 1210 5882 spiritu,
1242 5811 1411 5866 solam
1441 5826 1619 5865 ceram
1645 5813 1894 5885 corporis
1924 5827 2119 5870 somno
2149 5830 2281 5872 con--

682 5908 870 5973 licere,
903 5907 1087 5962 futuro
1109 5905 1373 5974 gehennae
1401 5905 1652 5962 incendio
1693 5909 2168 5966 concreniandam.

939 6003 1215 6061 I’nnou.
1275 5999 1684 6061 LXXXVIII.

2395 3392 2567 3446 ctibus
2600 3401 2723 3461 post
2746 3391 3014 3462 pullorum
3047 3403 3263 3447 cantum
3294 3400 3591 3448 nocturnos
3611 3394 3992 3451 constituimus

2396 3485 2866 3549 inchoari,etcum
2881 3486 3159 3540 matutinis
3189 3484 3474 3555 conjungi;
3507 3495 3567 3540 ut
3596 3502 3704 3542 non
3730 3503 3787 3542 se
3815 3490 3992 3545 recol-

2396 3577 2639 3632 locantes
2689 3587 2813 3646 post
2859 3588 3158 3634 nocturnos
3213 3579 3595 3645 ingravescant
3645 3581 3880 3648 fratres,
3935 3591 3992 3637 et

2395 3674 2544 3726 suavi
2566 3671 2834 3727 matutino
2864 3687 3058 3727 somno
3087 3672 3334 3741 oppressi
3378 3687 3486 3728 non
3537 3673 3713 3730 solum
3761 3677 3996 3745 perdant

2394 3765 2710 3830 matutinos,
2733 3763 2830 3820 sed
2859 3765 3022 3820 etiam
3052 3767 3281 3835 primam
3313 3765 3468 3821 tarde
3487 3765 3600 3838 jam
3632 3767 3819 3826 dicere
3863 3786 3995 3828 con-

2395 3853 2703 3910 fundantur.
2735 3855 2867 3910 Nam
2891 3867 2948 3912 et
2977 3857 3101 3913 ideo
3127 3868 3253 3928 post
3279 3858 3459 3928 pullos
3516 3869 3819 3919 nocturnos
3870 3879 3994 3920 cum

2395 3949 2675 4006 matutinis
2705 3950 2938 4006 diximus
2985 3949 3163 4020 jungi,
3211 3960 3270 4006 ut
3307 3951 3497 4021 digesti
3543 3953 3656 4025 jam
3703 3971 3735 4011 a
3782 3958 3997 4028 prolixo

2393 4058 2586 4097 somno
2639 4042 2835 4098 fratres
2889 4052 3178 4113 utrumque
3227 4058 3362 4113 opus
3409 4045 3592 4102 sobrie
3639 4048 4000 4118 expleant,et

2391 4134 2502 4202 jam
2562 4135 2772 4190 reddito
2846 4137 3233 4191 matutinorum
3280 4137 3464 4193 divino
3535 4140 3718 4196 debito
3750 4183 3767 4209 ,
3817 4145 3998 4200 securi

2391 4229 2587 4282 fratres
2614 4242 2782 4298 usque
2807 4227 3036 4297 primam
3063 4229 3178 4298 jam
3207 4231 3300 4298 qui
3337 4231 3524 4286 volunt
3568 4244 3859 4304 repausent
3891 4252 3906 4290 :
3938 4245 3997 4292 ut

2393 4319 2448 4374 in
2479 4319 2561 4374 his
2591 4319 2740 4375 horis
2767 4321 2964 4375 somnii
2993 4330 3209 4376 omnem
3237 4324 3587 4390 gravedinem
3617 4326 3992 4398 .deponentes,

2390 4415 2530 4469 bene
2559 4414 2751 4484 digesti
2785 4426 2906 4484 post
2935 4417 3165 4485 primam
3199 4415 3312 4485 jam
3359 4416 3504 4472 leves
3563 4418 3813 4476 laborare
3861 4421 3996 4478 inci-

2392 4510 2569 4579 piant;
2604 4517 2944 4564 monstrante
2971 4509 3129 4564 nobis
3157 4511 3225 4565 de
3253 4519 3442 4566 sancto
3475 4512 3680 4570 lleleno
3702 4516 3993 4586 scriptura,

2392 4617 2513 4654 cum
2536 4599 2667 4656 dicit
2699 4618 2712 4653 :
2746 4601 3018 4656 Cousuevit
3043 4604 3177 4655 enim
3209 4604 3364 4673 factis
3392 4609 3662 4660 matutinis
3689 4625 3992 4675 repausare.

2395 4693 2633 4762 Ergone
2659 4704 2785 4748 ante
2813 4696 3084 4765 pullorum
3115 4709 3332 4752 cantum
3365 4715 3488 4754 cum
3517 4700 3570 4754 in
3604 4702 3856 4760 brevibus
3892 4720 3992 4760 no-

2395 4787 2568 4840 ctibus
2597 4786 2770 4841 coacti
2800 4786 2999 4842 fuerint
3028 4786 3226 4844 fratres
3260 4805 3500 4861 surgere,
3536 4794 3711 4850 adhuc
3733 4796 3888 4851 crudi
3921 4798 3991 4852 ab

2394 4878 2652 4934 inchoato
2674 4894 2888 4947 somno,
2917 4897 3040 4936 cum
3089 4882 3142 4935 in
3173 4883 3291 4952 ipso
3323 4884 3526 4955 impetu
3575 4902 3834 4943 venarum
3861 4905 3993 4944 san-

2394 4972 2513 5041 guis
2539 4982 2593 5027 et
2623 4971 2819 5028 humor
2848 4989 2946 5044 per
2976 4989 3140 5030 venas
3183 4975 3453 5044 bullescit,
3501 4990 3556 5034 et
3610 4982 3664 5037 in
3709 4981 3994 5038 harmonia

2393 5067 2702 5133 gravedinis
2761 5073 3060 5124 succussati
3126 5072 3301 5128 somni
3369 5073 3695 5144 discoquunt
3753 5077 3994 5134 membra

2392 5177 2569 5218 escam
2603 5177 2762 5234 quam
2817 5175 3180 5235 sumpserant,
3208 5167 3260 5221 in
3311 5169 3428 5237 ipso
3457 5170 3632 5230 adhuc
3661 5171 3858 5228 incocti
3889 5171 3998 5229 cibi

2395 5255 2666 5318 incendio,
2701 5270 2810 5311 non
2835 5257 3208 5323 suscitati,sed
3240 5260 3418 5330 potius
3446 5261 3634 5326 occisi,
3660 5279 3784 5319 cum
3814 5265 3997 5322 coacti

2395 5347 2594 5402 iuerint
2623 5348 2818 5404 fratres
2847 5363 3090 5419 surgere,
3117 5351 3267 5420 gravi
3299 5351 3474 5407 adhuc
3497 5353 3678 5423 capite
3705 5363 3761 5410 et
3787 5355 3996 5426 indige-

2397 5453 2482 5496 sto
2503 5449 2684 5510 ructu,
2707 5441 2944 5511 effugerit
2965 5444 3196 5513 Spiritus
3225 5446 3398 5500 sancti
3417 5447 3760 5502 charismata.
3785 5447 3993 5506 Etcum

2399 5537 2727 5592 ainaricatur
2745 5538 2896 5592 carni
2915 5552 3128 5604 eorum,
3148 5553 3268 5606 qua:
3287 5542 3530 5610 quamvis
3541 5542 3737 5598 militet
3757 5542 3890 5608 Deo.
3908 5553 3960 5600 ta
3980 5576 3994 5587 ο

2399 5645 2521 5684 men
2554 5631 2609 5684 in
2637 5631 2738 5685 hac
2768 5630 2875 5684 vita
2904 5631 3115 5686 interim
3143 5633 3342 5702 quaerit
3370 5650 3490 5702 quae
3518 5651 3614 5690 sua
3645 5645 3804 5703 sunt;
3849 5647 3905 5692 et
3951 5639 3997 5692 si

2394 5737 2505 5778 non
2557 5721 2842 5788 omnibus,
2875 5723 3166 5792 aliquantis
3214 5734 3393 5780 tamen
3435 5742 3676 5781 amarum
3726 5727 3996 5783 videbitur

2393 5829 2514 5871 esse
2543 5829 2642 5885 pro
2668 5813 2959 5886 Deo,qnod
2985 5814 3142 5872 dulce
3168 5829 3251 5874 est
3284 5836 3294 5870 :
3331 5828 3388 5873 ut
3415 5835 3522 5874 non
3549 5836 3615 5875 ex
3639 5821 3847 5891 integro
3879 5821 3996 5874 ani-

2394 5925 2483 5966 mo
2514 5919 2656 5966 amet
2692 5910 2858 5966 De.qu
2888 5908 3054 5966 frater
3083 5909 3136 5967 in
3167 5913 3417 5981 psalmis.
3443 5915 3660 5984 quando
3711 5929 3806 5985 per
3844 5927 3989 5971 som-

3515 6009 3592 6065 32
