5174 6620
1671 435 1696 489 1
1710 435 1817 490 003

2986 423 3326 484 AUCTORIS
3363 422 3638 482 INCERTI

4821 410 4951 468 10M

1671 567 1803 608 num
1827 547 1976 619 cupit
2004 545 2254 602 satisﬁeri
2279 543 2450 600 carni.
2482 543 2616 599 Nam
2637 544 2778 599 sicut
2816 543 2942 598 luna
2971 543 3023 597 in
3053 543 3258 598 circulo
3285 545 3338 606 Α
3363 554 3580 612 gravror
3607 537 3905 596 necessitas
3927 535 4117 608 quavis
4133 533 4269 591 hora
4295 531 4592 604 psallentes
4642 532 4954 598 perurgeat,

1668 647 1939 703 minorata
1969 641 2209 713 deputati
2238 641 2385 700 nocti
2413 643 2591 698 minus
2612 640 2827 697 luminis
2855 641 3091 710 complet
3135 639 3256 695 ofﬁ-

1667 740 1837 808 cium,
1865 752 1990 794 cum
2023 737 2174 792 tarde
2193 732 2368 805 surgit
2393 735 2618 792 orientis
2645 743 2861 801 exortu,
2892 733 3048 788 tarde
3098 747 3258 789 cursu

1665 849 1771 893 suo
1796 834 1850 889 in
1901 831 2042 887 diem
2090 828 2390 900 ingreditur
2440 841 2734 892 occasura;
2791 826 2869 881 sic
2921 833 2975 881 et
3025 825 3261 881 brevitas

1668 927 1913 986 noctium
1943 931 2241 994 temperata
2289 937 2410 978 cum
2469 920 2579 986 die,
2636 927 2863 989 propter
2914 916 3259 986 fragilitatem

1668 1021 1849 1079 carnis
1875 1018 2143 1080 humanae,
2165 1015 2311 1082 cogit
2339 1012 2517 1068 divina
2565 1011 2617 1065 in
2666 1009 2886 1080 psalmis
2937 1007 3260 1073 abbreviari,

1668 1125 1726 1173 et
1741 1115 1896 1186 jungi
1922 1125 2044 1168 cum
2069 1117 2228 1164 nocte
2255 1106 2361 1162 diei
2391 1105 2587 1161 oﬂicia.
2620 1101 2762 1174 Ergo
2797 1101 2986 1172 psalmi
3014 1098 3264 1154 nocturni

1670 1219 1915 1278 tempore
1967 1201 2199 1276 hyemis,
2237 1200 2342 1255 hoc
2391 1207 2492 1262 est,
2540 1197 2608 1252 ab
2654 1193 2981 1264 mquinoctio
3029 1189 3265 1262 hyemali

1670 1314 1841 1369 ttsque
1868 1295 1936 1350 ad
1963 1290 2344 1362 tezjuinoctium
2375 1288 2596 1344 vernale
2630 1307 2639 1340 :
2677 1287 2731 1340 id
2760 1294 2862 1350 est,
2891 1284 2959 1340 ab
3015 1298 3109 1338 vnt
3151 1280 3260 1336 Ka-

1671 1390 1858 1447 lendas
1879 1386 2128 1444 Octobris
2173 1397 2340 1451 usque
2370 1381 2438 1436 ad
2468 1395 2558 1436 vni
2585 1379 2856 1434 Kalendas
2905 1377 3105 1446 Aprilis
3125 1417 3140 1442 ,
3173 1374 3269 1430 sed

1672 1484 1870 1540 melius
1895 1495 2064 1550 usque
2091 1478 2183 1533 ubi
2214 1476 2374 1531 fuerit
2400 1473 2635 1536 Pascha;
2665 1473 2788 1542 quia
2816 1478 3006 1525 noctes
3035 1468 3269 1536 majores

1671 1585 1819 1642 sunt,
1846 1575 1954 1631 dici
1983 1573 2183 1629 debent
2225 1569 2536 1639 antiphona:
2584 1581 2705 1630 xm,
2749 1571 3000 1643 currente
3056 1575 3272 1631 semper

1673 1669 1959 1743 psalterio,
1991 1674 2047 1722 et
2073 1663 2421 1734 responsoria
2453 1660 2596 1714 tria:
2629 1667 2688 1712 ut
2730 1659 2861 1711 liant
2905 1672 2992 1710 xv:
3041 1651 3268 1724 imposi-

1674 1763 1896 1827 tiones,
1949 1756 2244 1815 secundum
2310 1768 2591 1809 numerum
2649 1749 3072 1820 prophetarum,
3119 1753 3272 1800 extra

1676 1854 1954 1918 lectiones,
1977 1865 2217 1916 versum,
2246 1856 2302 1904 et
2332 1859 2490 1914 rogus
2517 1844 2643 1908 Dei;
2694 1851 2750 1897 ut
2792 1853 2901 1897 tam
2947 1842 3061 1896 ista:
3087 1839 3274 1896 sexde-

1677 1947 1783 2002 cim
1812 1943 2190 2014 impOsitiones
2211 1940 2264 1994 in
2294 1937 2576 1994 nocturnis
2598 1949 2757 2002 quam
2809 1941 2934 1988 octo
2985 1933 3277 1985 matutino-

1681 2053 1802 2092 rum
1823 2033 2196 2105 impositiones
2240 2030 2489 2086 similiter
2534 2043 2660 2082 xxtv
2709 2026 2936 2090 vicibus,
2984 2024 3279 2080 secundum

1688 2145 1814 2185 xxrv
1837 2129 2113 2184 seniorum
2138 2123 2496 2179 imitationem
2517 2133 2691 2190 genua
2707 2125 2890 2171 nostra
2913 2119 2964 2169 in
2990 2123 3147 2169 nocte
3172 2113 3281 2168 Deo

1687 2202 1978 2277 ﬂectantur
1999 2211 2122 2274 cum
2153 2213 2418 2270 laudibus.
2446 2211 2578 2266 Nam
2623 2211 2674 2264 in
2708 2206 3283 2279 not'tibuslmajoribus

1684 2313 1806 2368 ideo
1837 2310 1956 2381 plus
1986 2307 2340 2379 psallidebet,
2373 2312 2430 2359 ut
2459 2303 2597 2358 sicut
2627 2301 2781 2356 nobis
2816 2300 2958 2355 Deus
2985 2298 3050 2352 ad
3082 2313 3281 2367 rcjzau-

1687 2405 1955 2460 sationem
1986 2401 2260 2472 prolixum
2288 2399 2526 2469 spatium
2551 2395 2730 2464 junxit
2751 2395 2804 2448 in
2834 2401 3016 2458 nocte,
3037 2399 3090 2447 et
3113 2407 3212 2446 nos
3234 2390 3286 2446 ei

1690 2493 2029 2565 peragendas
2057 2491 2259 2560 gratias
2283 2490 2572 2559 jungamus
2623 2487 2679 2542 in
2727 2485 2959 2540 laudem.
3020 2483 3286 2554 Tempore

1688 2603 1820 2642 vero
1847 2585 2066 2651 aestatis,
2100 2587 2204 2639 hoc
2240 2589 2341 2647 est,
2369 2597 2399 2636 a
2430 2580 2636 2636 Pascha
2667 2593 2838 2648 usque
2886 2592 2980 2634 vm
3020 2576 3287 2634 Kalendas

1690 2678 1940 2734 Octobris
1995 2684 2121 2732 octo
2174 2675 2424 2730 dicantur
2480 2671 2832 2741 antiphonae,
2892 2678 3163 2732 currente,
3229 2676 3288 2724 ut

1691 2789 1858 2844 supra
1885 2773 2136 2838 diximus,
2170 2784 2388 2840 semper
2413 2769 2693 2839 psalterio,
2717 2776 2770 2822 et
2794 2767 2893 2821 tria
2917 2764 3284 2836 re5p0usoria,

1689 2875 1844 2923 extra
1875 2865 2139 2922 lectiones
2161 2873 2216 2920 et
2247 2879 2475 2928 versum.
2503 2871 2558 2918 et
2585 2875 2746 2930 rogus
2774 2859 2869 2914 Dei
2897 2878 2906 2913 :
2936 2866 2995 2913 ut
3018 2867 3124 2911 tam
3175 2858 3286 2911 ista:

1689 2958 1975 3016 duodecim
2003 2957 2378 3029 impositiones
2401 2966 2698 3020 nocturnm,
2732 2968 2893 3023 quam
2940 2951 3100 3006 simul
3151 2966 3286 3006 con-

1690 3054 1890 3124 junctae
1916 3061 2039 3109 octo
2071 3052 2458 3107 matutinorum
2503 3047 2877 3118 impositiones
2911 3044 3094 3113 viginti
3145 3045 3288 3098 vices

1692 3153 1853 3214 cogat
1875 3158 2054 3216 pame
2083 3143 2260 3198 noctis
2288 3141 2428 3197 ratio
2451 3139 2564 3195 Deo
2604 3153 2778 3208 genua
2833 3137 3148 3200 incurrere;
3195 3132 3286 3204 qui

1693 3252 1915 3293 somnus
1964 3251 2086 3291 cum
2139 3233 2319 3290 brevis
2365 3240 2466 3297 est,
2529 3230 2701 3284 dulcis
2745 3227 2960 3283 videtur
2986 3241 3110 3281 esse
3134 3226 3284 3280 carni

1697 3345 1821 3385 cum
1850 3343 2046 3398 corpus
2073 3325 2308 3382 hominis
2338 3324 2548 3395 prolixo
2597 3325 2877 3395 fatigatum
2924 3323 3111 3379 labore
3158 3322 3288 3390 diei,

1701 3421 1899 3479 minori
1920 3420 2111 3491 requie
2137 3419 2286 3475 brevi
2314 3419 2545 3488 quiescit
2575 3419 2626 3472 in
2656 3426 2834 3474 nocte.
2894 3416 3034 3487 Ergo
3090 3417 3290 3472 aestatis

1701 3525 1968 3586 tempore,
2017 3515 2157 3569 sicut
2210 3528 2369 3584 supra
2413 3512 2841 3582 designavimus,
2890 3512 3015 3580 quia
3056 3511 3292 3565 minores

1700 3621 1830 3669 sunt
1883 3617 2102 3678 noctes,
2135 3620 2330 3663 novem
2396 3606 2646 3662 dicantur
2698 3606 3038 3676 autiphonm,
3089 3615 3144 3661 et
3190 3605 3292 3659 tria

1700 3701 2072 3774 responsoria;
2100 3709 2159 3756 ut
2188 3700 2317 3755 tiant
2345 3699 2627 3756 duodecim
2679 3699 3050 3770 impositiones
3105 3713 3294 3754 secun-

1703 3795 1828 3851 dum
1861 3793 2078 3849 nomina
2101 3809 2174 3848 χιι
2198 3792 2588 3862 apostolorum.
2620 3793 2722 3858 Qui
2751 3792 3023 3857 nocturni,
3054 3802 3112 3846 ut
3131 3806 3293 3860 supra

1699 3887 1955 3956 diximus,
1980 3886 2033 3940 iu
2063 3885 2180 3956 ipso
2200 3884 2406 3940 aestatis
2434 3891 2682 3954 tempore
2728 3899 2759 3939 a
2807 3883 3076 3954 pullorum
3131 3891 3292 3936 cantu

1701 3976 1942 4033 inchoati
1973 3985 2028 4031 et
2056 3975 2224 4042 finiti,
2260 3989 2387 4030 mox
2442 3975 2521 4030 eis
2575 3974 2827 4029 matutini
2873 3973 3291 4043 subjungantur,

1701 4077 1926 4143 propter
1946 4068 2266 4124 brevitatem
2297 4066 2557 4123 noctium.
2587 4063 2694 4120 Sed
2721 4065 2829 4120 hoc
2850 4079 3066 4134 semper
3089 4072 3198 4117 tam
3239 4063 3296 4118 in

1705 4164 1902 4236 hyeme
1925 4177 2089 4232 quam
2132 4162 2182 4215 in
2212 4167 2420 4224 aestate,
2449 4167 2557 4213 tam
2598 4157 2653 4212 in
2679 4157 2770 4213 die
2798 4172 2959 4229 quam
2991 4166 3171 4222 nocte,
3200 4172 3294 4211 seu

1707 4256 1763 4312 in
1790 4254 1985 4324 vigiliis
2005 4269 2126 4308 cum
2148 4251 2392 4322 psallitur
2411 4257 2689 4326 caveatur,
2714 4263 2780 4304 ne
2804 4247 2990 4318 psalmi
3008 4247 3297 4316 aliquando

1710 4349 2111 4414 combinentur,
2133 4346 2276 4415 quod
2314 4359 2420 4400 non
2468 4343 2624 4404 licet;
2675 4341 2769 4397 sed
2817 4341 3055 4410 singulos
3101 4339 3300 4395 debere

1710 4441 1924 4498 deﬁniri
1961 4454 2084 4495 cum
2115 4437 2320 4507 gloria;
2371 4444 2430 4490 ut
2482 4451 2582 4491 nec
2629 4423 2906 4489 orationes
2960 4433 3098 4488 inter
3154 4432 3300 4502 ipsos

1707 4531 1926 4601 agenda:
1942 4529 2255 4600 perdantur,
2271 4543 2336 4583 ne
2347 4527 2541 4596 glorias
2555 4541 2741 4581 eorum
2760 4523 2902 4580 laudi
2915 4523 3008 4579 Dei
3022 4523 3301 4578 videamur

1707 4624 2030 4688 subducere,
2059 4635 2183 4676 cum
2210 4619 2593 4689 compendiosa
2626 4617 2944 4686 negligentia
2977 4616 3218 4685 cogimur
3247 4617 3299 4670 in

1709 4719 1945 4789 psalmos
1966 4716 2241 4779 inserere;
2273 4713 2397 4783 quia
2420 4713 2565 4767 omni
2586 4713 2790 4780 psalmo
2814 4712 2898 4766 cui
2924 4711 3135 4766 initium
3164 4709 3299 4765 Pro-

1708 4811 1873 4883 pheta
1896 4807 2172 4878 imposuit,
2199 4805 2474 4860 consmuit
2497 4813 2551 4858 et
2571 4800 2755 4858 ﬁnem.
2770 4802 2926 4870 Quod
2946 4802 2988 4856 si
3011 4803 3187 4870 aliqua
3206 4816 3300 4855 ne-

1710 4902 1938 4960 cessitas
1953 4915 2143 4955 omnes
2173 4896 2467 4968 psallentes
2500 4902 2806 4964 perurgeat,
2831 4909 2936 4948 non
2967 4892 3297 4959 combinent,

1709 5000 1804 5056 sed
1819 5003 2170 5059 conternent;
2191 5001 2368 5046 tamen
2388 5007 2507 5046 cum
2520 4990 2705 5059 gloriis
2719 4989 2830 5044 suis
2845 4990 3297 5058 susbsequantur:

1712 5101 1770 5148 ct
1796 5099 1858 5148 ut
1881 5089 2040 5146 citius
2068 5086 2396 5155 complean',
2428 5092 2484 5140 et
2508 5083 2835 5153 psalmorum
2886 5097 3138 5136 numerus
3192 5097 3298 5136 non

1711 5184 2031 5238 minoretur.
2060 5177 2202 5246 Ergo
2226 5177 2346 5231 ideo
2373 5185 2466 5231 aut
2511 5175 2770 5243 singulos,
2802 5183 2894 5227 aut
2935 5182 3116 5228 ternos
3165 5173 3300 5227 dixi-

1715 5291 1835 5331 mus
1861 5273 2063 5329 debere
2091 5271 2214 5335 dici,
2240 5269 2371 5337 quia
2419 5269 2559 5321 sicut
2608 5266 2784 5321 unitas
2835 5265 2887 5319 in
2930 5263 3218 5331 Trinitate,
3245 5273 3302 5319 et

1724 5367 1949 5424 Trinitas
1978 5365 2033 5418 in
2062 5361 2266 5417 unitate
2295 5359 2629 5429 agnoscitur,
2662 5359 2735 5411 ita
2785 5365 2879 5410 aut
2926 5357 3182 5425 singulos,
3209 5365 3300 5411 aut

1717 5473 1814 5530 pro
1836 5456 2160 5511 necessitate
2190 5460 2372 5506 ternos
2401 5448 2704 5513 credamus,
2733 5456 2911 5500 tamen
2939 5463 3058 5502 cum
3115 5447 3298 5516 gloriis

1715 5553 1846 5614 suis,
1879 5548 1985 5604 dici
2033 5547 2248 5603 debere.
2283 5546 2412 5600 Nam
2442 5541 2739 5600 combinari
2767 5559 2834 5600 ex
2862 5552 2977 5598 toto
3005 5557 3110 5597 non
3143 5544 3301 5607 licet;

1716 5642 1838 5713 quia
1871 5655 1976 5696 non
2005 5639 2124 5710 plus
2154 5651 2327 5705 neque
2363 5637 2537 5691 minus
2566 5637 2633 5690 ab
2689 5637 2896 5690 unitate
2945 5645 3000 5688 et
3041 5633 3303 5687 Trinitate

1715 5733 1862 5804 quod
1899 5733 2082 5802 fuerit,
2111 5731 2470 5786 Christianum
2503 5730 2662 5785 decet
2696 5747 2705 5780 :
2739 5740 2793 5784 et
2843 5738 2969 5784 tunc
3009 5728 3301 5796 perfectam

1717 5825 1881 5883 ﬁdem
1915 5827 2190 5890 habemus,
2214 5825 2258 5881 si
2291 5823 2609 5879 Trinitatem
2632 5822 2926 5893 perfectam
2943 5819 3227 5887 :equaliter
3251 5818 3300 5871 in

1719 5908 2258 5975 unitateetunitatem
2274 5918 2324 5972 in
2339 5917 2600 5972 Trinitate
2613 5915 2892 5971 sentimus.
2915 5911 3042 5963 Na.»
3060 5912 3101 5965 si
3121 5911 3299 5978 aliqua

3364 637 3714 694 dicendorum
3741 636 3984 693 omnium
4007 633 4335 705 psalmorum
4361 630 4572 701 singula
4601 627 4806 698 capita,
4839 639 4956 680 cum

3365 747 3472 787 una
3502 729 3676 799 gloria
3714 729 4056 800 compleant;
4110 735 4166 783 et
4219 727 4298 782 sic
4345 731 4543 781 exeant
4590 720 4860 785 oratorio,
4910 724 4957 769 υ·

3364 822 3556 892 quavis
3586 821 3911 878 necessitate
3929 828 4109 876 tamen
4137 834 4275 890 opus
4304 817 4400 874 Dei
4425 831 4530 873 non
4555 813 4809 871 videatur
4825 822 4963 882 pra:-

3369 915 3615 970 termitti.

3905 1001 4135 1058 CAPUT
4187 999 4425 1056 XXXIV.

3814 1132 4210 1175 INTERROGATIO
4240 1130 4515 1173 DlSClPULl.

3825 1249 3903 1304 De
3927 1250 4102 1321 ofﬁciis
4129 1249 4316 1304 divinis
4342 1249 4397 1303 in
4432 1249 4535 1302 die.

3621 1402 3923 1443 RBSPONDET
3964 1401 4194 1442 DOIINUS
4233 1401 4336 1440 PER
4394 1397 4715 1441 κλαιετιιυι.

3444 1519 3502 1574 1η
3551 1520 3856 1576 exercendo
3887 1520 4122 1575 maxime
4152 1518 4334 1573 divino
4364 1515 4543 1573 cilicio
4573 1530 4686 1586 prae
4717 1513 4970 1570 omnibus

3375 1621 3576 1669 sanctae
3616 1611 3778 1668 debet
3805 1612 4010 1667 militiae
4034 1610 4172 1666 ordo
4201 1609 4489 1675 constitui;
4550 1607 4636 1664 vel
4665 1607 4865 1678 quibus
4888 1605 4969 1661 vi-

3378 1707 3530 1762 cibus
3560 1716 3759 1762 trames
3781 1717 3940 1763 recta:
3963 1705 4357 1762 ob:ervalionis
4409 1713 4681 1768 occurrat,
4710 1711 4772 1757 ut
4821 1709 4973 1757 vetu-

3380 1799 3535 1856 statis
3586 1815 3704 1854 mos
3753 1807 3855 1864 est,
3889 1807 3943 1853 et
3992 1807 4205 1869 patrum
4253 1798 4495 1852 instituta
4550 1802 4876 1859 sanxerunt;
4929 1788 4981 1849 id

3307 1917 3352 1976 Β
3384 1902 3500 1959 est,
3532 1892 3848 1958 matutinus,
3874 1891 4071 1962 prima,
4105 1890 4260 1944 tertia
4278 1931 4292 1955 ,
4321 1897 4472 1944 sexta
4495 1931 4512 1957 ,
4535 1904 4698 1954 nona,
4725 1901 4982 1957 vespera,

3385 1999 3439 2046 et
3465 1989 3909 2059 completorium;
3940 1995 4004 2042 ut
4024 1986 4360 2055 compleatur
4380 1983 4692 2055 prephetica
4709 1980 4984 2040 ordinatio

3387 2083 3568 2138 dicens
3614 2082 3841 2136 Domino
3906 2097 3918 2132 :
3974 2077 4180 2148 Septies
4233 2077 4288 2130 in
4345 2076 4428 2129 die
4480 2075 4683 2128 laudem
4733 2071 4845 2126 dixi
4891 2068 4982 2125 tibt

3392 2176 3408 2238 (
3440 2175 3584 2228 Psal.
3618 2189 3781 2229 cxvut
3807 2173 3850 2242 ).
3882 2171 3990 2226 Sed
4017 2170 4190 2240 prima
4223 2169 4302 2224 sic
4349 2167 4510 2222 debet
4550 2167 4678 2231 dici,
4705 2162 4982 2235 quomodo

3387 2267 3726 2332 duodecima,
3756 2281 3875 2336 qua;
3905 2263 4105 2318 dicitur
4131 2276 4381 2330 vespera.
4412 2260 4545 2314 Nam
4568 2260 4741 2330 prima
4769 2259 4847 2314 sic
4876 2258 4981 2312 dici

3386 2360 3548 2415 debet
3577 2355 3937 2428 pungentibus
3963 2349 4073 2424 jam
4097 2353 4260 2407 radiis
4292 2352 4444 2418 solis,
4476 2360 4530 2405 et
4557 2365 4783 2420 vespera
4811 2348 4984 2404 adhuc

3390 2449 3554 2504 radiis
3578 2447 3974 2503 declinantibus
4001 2447 4138 2515 ejus.
4194 2444 4330 2510 Quia
4373 2443 4648 2512 quomodo
4698 2440 4986 2494 inchoatur

3389 2544 3503 2598 dies
3529 2545 3582 2598 in
3615 2541 3770 2596 initio
3802 2542 3854 2595 in
3895 2555 4060 2610 opere
4092 2538 4208 2604 Dei,
4240 2538 4294 2592 in
4325 2535 4419 2591 tali
4468 2535 4631 2590 debet
4678 2533 4882 2603 expleri
4932 2539 4986 2586 et

3389 2635 3514 2701 line,
3543 2643 3601 2688 ut
3626 2632 3962 2702 compleatur
3989 2630 4268 2700 Scriptura
4309 2627 4494 2683 dicens
4547 2645 4558 2678 :
4600 2625 4643 2679 Α
4698 2625 4823 2679 solis
4868 2632 4985 2678 ortu

3390 2743 3546 2796 usque
3573 2725 3643 2778 ad
3675 2739 3916 2778 occasum
3942 2721 4111 2792 (Psat.
4145 2735 4273 2778 cxu;
4312 2739 4324 2773 :
4358 2735 4464 2774 non
4506 2717 4649 2772 enim
4677 2715 4834 2783 dixit,
4864 2723 4986 2784 post

3390 2833 3662 2881 occasum,
3682 2813 3916 2868 Laudate
3944 2829 4129 2868 nomen
4159 2809 4390 2865 Domini.
4417 2807 4549 2875 Quia
4579 2807 4720 2860 exitu
4745 2806 4986 2858 matutini

3390 2920 3437 2964 et
3482 2923 3708 2976 vespera:
3751 2903 4089 2960 delectabitur
4142 2900 4393 2957 Dominus
4450 2896 4676 2970 (Psalm.
4712 2899 4878 2965 LXtv).
4930 2893 4986 2948 lu

3390 3002 3585 3073 quibus
3613 2998 3947 3069 temporibus
3973 2996 4040 3052 ab
4071 2995 4278 3064 angelis
4308 2991 4506 3050 nostris
4542 2989 4749 3046 diurnis
4800 2989 4854 3043 in
4896 3002 4983 3044 re-

3392 3095 3649 3152 nuntiatis
3666 3092 3935 3163 justorum
3959 3086 4261 3146 benefactis
4289 3084 4644 3141 delectabitur
4700 3081 4986 3148 Dominus,

3391 3191 3532 3247 sicut
3556 3195 3776 3244 sanctus
3831 3183 4033 3240 Paulus
4072 3182 4127 3238 in
4155 3179 4488 3236 revelatione
4515 3191 4616 3233 sua
4662 3175 4793 3231 dicit
4823 3192 4837 3228 :
4870 3174 4993 3229 Filii

3314 3283 3362 3346 Ο
3395 3282 3692 3348 hominum,
3723 3275 4028 3335 benedicite
4060 3272 4342 3330 Dominum
4382 3267 4796 3352 incessabiliter,
4821 3266 4994 3337 magis

3395 3383 3571 3429 autem
3601 3387 3722 3428 cum
3750 3367 4012 3428 occiderit
4040 3367 4122 3423 sol
4153 3384 4165 3421 :
4200 3380 4325 3420 nam
4371 3363 4584 3419 initium
4610 3371 4665 3417 et
4693 3360 4856 3416 ﬁnem
4886 3359 4994 3414 diei

3393 3467 3474 3524 sol
3496 3465 3652 3522 nobis
3666 3465 3810 3535 juste
3833 3460 4101 3526 ostendit;
4125 3458 4219 3529 qui
4244 3457 4498 3514 abscessu
4519 3470 4620 3512 suo
4635 3454 4814 3510 noctis
4835 3461 4994 3510 tene-

3394 3567 3518 3622 bras
3541 3561 3855 3619 introducit.
3886 3557 3949 3615 ln
3972 3559 4160 3616 estivo
4188 3571 4320 3614 vero
4350 3566 4598 3628 tempore
4625 3551 4806 3610 adhuc
4832 3551 4993 3608 altius

3394 3663 3574 3730 stante
3627 3653 3746 3709 sole
3795 3650 4100 3709 lucernaria
4139 3650 4465 3705 inchoentur
4530 3653 4755 3718 propter
4803 3641 4994 3700 breves

3398 3756 3586 3803 noctes
3619 3753 3720 3800 :ut
3766 3744 3979 3816 prolixo
4015 3751 4176 3799 aestus
4231 3741 4416 3797 labore
4465 3740 4622 3797 lassis
4667 3737 4895 3795 fratrum
4941 3744 4995 3793 et

3391 3840 3598 3912 jejunio
3627 3839 3905 3906 membris,
3937 3838 3993 3894 in
4023 3845 4313 3908 augmento
4342 3835 4583 3892 brevium
4637 3835 4883 3892 noctium
4929 3834 4993 3888 de

3396 3933 3629 3990 lucentis
3651 3932 3830 3988 adhuc
3854 3931 3958 3986 diei
3988 3930 4165 4001 spatio
4181 3927 4334 3985 fessae
4355 3929 4753 4000 repausationis
4775 3941 4992 3984 somnus

3398 4025 3642 4083 addatur.

3951 4113 4174 4174 CAPUT
4212 4112 4429 4173 XXXV.

3840 4243 4233 4284 INTERROGATIO
4271 4243 4549 4284 DISCIPULI.

3620 4347 3705 4401 De
3721 4345 3874 4401 modo
3891 4345 4209 4416 psalmorum
4237 4347 4316 4400 vel
4351 4359 4563 4400 numero
4583 4360 4638 4398 ut
4669 4345 4773 4400 die.

3652 4459 3962 4515 nesrouon’r
4010 4472 4236 4514 DOIIRUS
4275 4475 4373 4513 run
4414 4474 4740 4516 uacrsrnuu.

3481 4575 3675 4632 Psalmi
3697 4589 3930 4644 namque
3951 4573 4197 4628 matutini
4225 4573 4328 4629 dici
4348 4573 4546 4629 debent
4570 4575 4718 4630 omni
4749 4582 4994 4647 tempore

3325 4652 3378 4712 D
3404 4683 3523 4733 sex,
3554 4664 3959 4736 responsorium
3997 4679 4184 4731 unum,
4233 4679 4472 4733 versum,
4503 4665 4797 4722 lectionem
4844 4669 4993 4738 Apo-

3404 4759 3528 4815 stoli
3554 4769 3610 4813 et
3630 4753 3930 4826 Evangelii,
3952 4771 4073 4826 quas
4099 4772 4315 4827 semper
4351 4757 4518 4814 abbas
4542 4758 4694 4825 dicit,
4723 4769 4781 4816 et
4830 4778 4993 4834 rogus

3402 4851 3520 4908 Dei.
3555 4849 3751 4905 Psalmi
3781 4863 4016 4918 namque
4044 4863 4142 4919 per
4164 4849 4330 4905 horas
4357 4851 4752 4922 suprascriptas
4779 4853 4910 4924 diei,
4942 4856 4996 4911 id

3403 4957 3503 5015 est,
3533 4948 3784 5018 primam,
3847 4948 4082 5012 tertiam,
4133 4953 4374 5012 sextam,
4416 4961 4649 5011 nonam,
4702 4950 4844 5004 terni
4884 4949 4993 5005 dici

3401 5041 3618 5111 debent,
3649 5048 3903 5098 currente
3930 5047 4144 5109 semper
4193 5037 4467 5108 psalterio,
4499 5038 4716 5108 singula
4763 5055 4990 5111 respon-

3407 5137 3571 5202 soria,
3591 5137 3881 5192 lectionem
3909 5134 4176 5205 Apostoli,
4197 5133 4486 5188 lectionem
4512 5130 4810 5206 Evangelii,
4829 5151 4989 5205 quam

3405 5245 3621 5300 semper
3649 5229 3815 5284 abbas
3841 5228 4004 5293 dicat,
4037 5235 4129 5282 aut
4175 5225 4218 5280 si
4270 5224 4462 5280 absens
4508 5224 4690 5292 fuerit,
4722 5230 4992 5298 [impositi

3406 5323 3610 5378 vicibus
3637 5321 3843 5387 dicent;
3879 5328 3999 5391 post
4030 5322 4199 5390 ipsam
4229 5333 4392 5389 rogus
4411 5318 4526 5375 Dei.

3945 5449 4174 5507 CAPUT
4204 5448 4441 5505 XXXVI.

3856 5581 4251 5622 ικτειιῐιοωτιο
4280 5579 4549 5620 ΜεοΙΡΠιΙ.

3866 5677 3943 5734 De
3971 5678 4185 5750 psalmis
4207 5679 4512 5732 lucernaria;

3656 5805 3960 5846 RESPONDET
4011 5805 4232 5846 DOIINUS
4284 5806 4381 5845 Ρειι
4423 5805 4743 5846 ιιΑοιδτιιυιι.

3481 5906 3676 5961 Psalmi
3701 5905 4016 5962 lucernariae
4040 5907 4092 5962 in
4125 5906 4317 5965 hveme
4346 5907 4446 5963 dici
4476 5906 4672 5962 debent
4719 5921 4833 5970 sex,
4864 5920 4964 5960 cur
