5174 6612
1759 435 1786 490 Ι
1795 437 1897 493 007

3079 434 3416 490 ΑιζΟῚΌΒΙὸ
3454 435 3590 491 ΙΝΟΙ·
3613 437 3722 491 It'l'l

4886 435 5012 491 10m

1744 552 2010 624 Apostoli,
2062 553 2348 609 lectionem
2396 553 2668 624 Evangelii
2717 571 2876 623 quam
2923 569 3136 623 semper
3166 553 3330 607 abbas
3359 557 3404 612 Α
3435 551 3603 608 Pasch
3627 576 3653 606 ει
3699 556 3765 608 ab
3806 571 3872 608 eo
3915 556 4002 610 die
4036 556 4405 624 jejunantibus
4435 556 4741 619 inchoatur,
4775 564 4832 609 et
4857 556 4989 608 absti

1741 646 1909 702 dicat.
1943 643 1998 700 Si
2028 645 2192 700 abbas
2218 646 2413 704 absens
2453 647 2632 711 fuerit,
2672 647 2944 717 prmpositi
2974 647 3177 702 vicibus
3208 660 3330 699 νυτ-

1742 756 1886 807 sum,
1919 748 1973 794 et
2015 751 2176 807 rogus
2206 737 2317 793 Dei.
2365 740 2417 794 In
2447 749 2631 794 testate
2673 756 2804 795 vero
2849 757 2880 796 a
2927 740 3128 795 Pascha
3161 755 3332 807 usque

1743 831 2128 902 aequinoctium
2159 831 2424 903 hyemale,
2458 833 2598 901 quod
2629 840 2713 888 est
2737 847 2830 887 vni
2866 831 3135 886 Kalendas
3165 833 3329 886 Octo-

1742 928 1875 991 bris,
1915 933 2038 996 post
2065 939 2276 979 versum
2310 925 2625 994 apertionis,
2653 935 2710 980 et
2737 924 3140 992 responsorium
3168 925 3330 978 abba-

1744 1019 1832 1083 tis,
1859 1018 1960 1072 dici
1989 1017 2190 1072 debent
2218 1015 2526 1086 antiplionai
2555 1032 2670 1083 sex,
2713 1017 2832 1071 sine
2858 1016 3105 1082 alleluia;
3137 1015 3330 1072 deinde

1743 1108 2143 1180 responsoriuin
2193 1108 2321 1163 item
2366 1109 2483 1163 sine
2512 1109 2724 1161 alleluia
2756 1125 2769 1160 :
2801 1108 2993 1163 deinde
3033 1118 3140 1162 tres
3187 1110 3328 1162 anti-

1743 1204 1934 1272 pbonaa
1981 1216 2105 1256 cuin
2145 1199 2373 1263 alleluia,
2423 1208 2676 1254 currente
2705 1214 2917 1270 semper
2955 1201 3228 1268 psalterio,
3271 1210 3331 1255 ut

1740 1294 1988 1364 superius
2027 1294 2259 1349 diximus
2293 1312 2304 1344 :
2337 1292 2531 1347 deinde
2582 1294 2725 1348 aliud
2774 1297 3174 1366 respunsorium
3216 1294 3327 1362 jam

1740 1405 1865 1446 cum
1894 1389 2129 1455 alleluia,
2163 1397 2220 1442 ut
2251 1386 2674 1442 liantduodecim
2701 1389 3106 1457 impositiones;
3139 1387 3329 1443 lectio—

1739 1501 1862 1540 nem
1909 1484 2173 1556 Apostoli,
2210 1483 2496 1539 lectionem
2529 1482 2962 1550 Evangeliorum,
2995 1497 3156 1553 quam
3186 1500 3328 1539 sem-

1737 1590 1837 1644 per
1867 1577 2031 1630 abbas
2060 1574 2206 1629 dicat
2232 1592 2245 1628 :
2275 1574 2416 1643 quod
2437 1574 2483 1627 si
2513 1575 2707 1634 absens
2737 1574 2917 1642 fuerit,
2947 1576 3216 1644 praepositi
3255 1576 3328 1628 vi-

1738 1666 1918 1732 cibus;
1949 1665 2144 1722 deinde
2175 1680 2388 1719 Versum
2421 1672 2478 1718 et
2499 1678 2663 1731 rogus
2687 1663 2801 1718 Dei.
2830 1663 3143 1719 Lectionem
3177 1680 3325 1728 vero,

1737 1757 1824 1812 cui
1849 1756 2056 1826 jussum
2076 1754 2255 1821 fuerit,
2288 1763 2347 1808 ut
2376 1771 2442 1808 ex
2471 1755 2652 1810 animo
2673 1756 2883 1819 recitet,
2911 1771 3013 1810 non
3045 1770 3111 1810 ex
3141 1755 3328 1811 codice

1735 1847 1898 1917 legat,
1927 1849 2028 1903 nisi
2069 1849 2124 1902 in
2153 1848 2348 1916 vigiliis
2376 1848 2732 1903 solummodo.
2769 1847 2883 1903 Hoc
2912 1857 2993 1903 est
3022 1849 3165 1917 quod
3191 1866 3324 1906 con-

3432 645 3682 699 uentibus
3726 645 4038 716 imputatur.
4085 647 4144 702 ln
4174 649 4426 704 omnibus
4451 663 4583 704 vero
4611 647 4804 702 diebus
4833 645 5002 702 Domi-

3433 735 3599 800 nicis,
3629 735 4090 792 benedictionibus
4121 738 4308 804 dictis,
4341 754 4532 795 omnes
4575 738 4887 808 antipbonze
4935 736 5011 790 vel

3429 827 3775 895 reSponsoria
3795 843 3918 884 cum
3945 829 4158 884 alleluia
4181 829 4444 893 dicantur,
4475 845 4648 900 usque
4676 829 4743 885 ad
4770 826 5015 885 secundm

3430 916 3575 973 ferite
3618 919 3826 975 futuros
3874 931 4170 978 nocturnos
4200 940 4213 975 :
4243 932 4298 978 et
4345 936 4520 992 genua
4550 938 4660 978 non
4701 920 5010 983 ﬂectantur;

3429 1009 3554 1076 quia
3581 1009 3857 1067 Dominica
3888 1010 4159 1069 Paschalis
4184 1015 4507 1071 resurrectio
4535 1015 4849 1083 imputatur.
4882 1011 5012 1067 Nam

3429 1102 3483 1154 in
3531 1102 3676 1156 omni
3723 1102 4004 1160 Dominico
4034 1105 4496 1162 benedictionibus
4519 1105 4703 1171 dictis,
4729 1120 4902 1174 usque
4945 1104 5012 1160 ad

3429 1194 3619 1249 missas
3649 1193 3902 1253 Ecclesia:
3930 1196 4269 1268 adimpletas,
4299 1213 4515 1268 semper
4550 1197 4603 1251 in
4631 1213 4764 1267 opus
4798 1197 4895 1251 Dei
4929 1195 5011 1249 di-

3429 1297 3554 1343 cant
3584 1290 3726 1345 hunc
3752 1306 3965 1346 versum
3990 1311 4000 1344 :
4030 1290 4377 1346 Exsultabunt
4402 1293 4571 1346 sancti
4597 1291 4653 1344 in
4673 1289 4842 1361 gloria
4872 1305 4889 1342 :
4917 1289 5013 1343 la:-

3429 1377 3673 1431 tabtmtur
3717 1381 3771 1432 in
3815 1378 4066 1434 cubilibus
4115 1383 4219 1435 suis
4263 1382 4442 1451 (l-‘sal.
4476 1381 4706 1448 cxux);
4741 1381 4842 1434 llOC
4898 1389 5013 1443 est,

3429 1467 3569 1535 quod
3609 1483 3704 1537 per
3735 1471 3975 1525 omnium
4005 1481 4314 1527 sanctorum
4347 1470 4569 1535 cubilia,
4601 1471 4652 1525 id
4683 1480 4762 1525 est
4785 1508 4798 1534 ,
4827 1470 5010 1526 Eccle-

3428 1562 3536 1617 sias
3563 1562 3850 1619 missarum
3893 1565 4184 1621 essultatio
4223 1566 4546 1621 celebratur.
4574 1566 4630 1619 Si
4651 1561 4791 1620 'vero
4820 1567 5015 1634 quovis

3429 1651 3515 1707 die
3543 1654 3738 1709 natalis
3778 1665 4091 1713 sanctorum
4135 1659 4328 1725 fuerit,
4369 1657 4831 1715 benedictionibus
4861 1656 5017 1710 dictis

3428 1757 3603 1813 genua
3634 1762 3741 1801 non
3763 1746 4049 1804 ﬂectantur
4078 1766 4249 1820 usque
4275 1750 4342 1804 ad
4361 1751 4586 1820 primam
4616 1747 4927 1802 dicendam.
4961 1744 5016 1800 Si

3428 1851 3556 1892 vero
3599 1838 3760 1908 hujus
3808 1841 3978 1896 sancti
4011 1841 4202 1896 natalis
4248 1843 4437 1908 fuerit,
4478 1842 4531 1897 in
4577 1840 4733 1910 cujus
4775 1840 5018 1896 oratorio

1734 1913 2026 2004 stitninms,
2072 1951 2133 1994 ut
2171 1913 2503 2007 frequentius
2543 1940 2720 2009 aliqua
2751 1913 3095 2005 meditemur,
3126 1951 3180 1997 et
3211 1959 3326 1998 me-
3362 1913 3407 1972 Β
3433 1928 3707 1997 Ρεδιιίιιιτν
3743 1931 3774 1983 ι)

2975 1913 3095 2005 ml},
3126 1951 3180 1997 ει
3211 1959 3326 1998 me-
3362 1913 3407 1972 Β
3433 1928 3707 1997 psallitur,
3743 1931 4206 1988 benedictionibus
4233 1932 4389 1988 dictis
4417 1949 4589 2004 usque
4617 1933 4682 1988 ad
4710 1934 5015 2004 processio-

1735 2031 1908 2087 moria
1973 2039 2190 2086 teneant
2254 2030 2550 2101 scripturas
2614 2031 2848 2099 fratres;
2891 2041 2950 2088 ut
3001 2034 3217 2104 quando
3275 2037 3325 2090 in

1733 2124 1926 2193 quovis
1968 2123 2126 2189 loco,
2158 2123 2302 2192 quod
2345 2139 2411 2178 ex
2457 2123 2646 2178 deesse
2694 2132 2898 2178 textum
2945 2126 3211 2190 lectionis,
3244 2129 3326 2182 vel

1734 2215 1961 2284 paginae,
1995 2216 2040 2270 si
2081 2230 2216 2282 opus
2241 2213 2403 2268 fuerit
2423 2255 2437 2280 ,
2469 2215 2726 2270 memoria
2753 2215 3026 2271 recitetur.
3069 2215 3126 2270 ln
3158 2218 3326 2272 nocti-

1735 2305 1835 2360 bus
1863 2321 1992 2360 vero
2013 2304 2304 2373 majoribus
2328 2320 2560 2361 accenso
2589 2307 2888 2373 cicendelo,
2919 2308 3004 2362 vc!
3028 2309 3324 2364 lucernaria

1734 2396 1786 2449 in
1817 2397 1954 2450 atrio
1997 2394 2296 2462 lectorum,
2335 2396 2378 2449 si
2431 2397 2660 2450 voluerit
2707 2397 2874 2452 abbas
2902 2398 3082 2466 legat;
3115 2409 3207 2453 aut
3235 2399 3326 2468 qui

1733 2501 1828 2541 sua
1868 2495 2062 2557 sponte
2097 2485 2394 2544 delectatus
2434 2487 2596 2541 fuerit
2624 2488 2824 2556 frater,
2857 2490 3051 2544 habeat
3103 2492 3325 2559 permis-

1734 2578 1900 2633 sionis
1941 2578 2211 2646 licentiam
2252 2589 2347 2632 aut
2393 2578 2622 2647 legendi,
2655 2589 2745 2634 aut
2783 2580 2981 2648 aliquid
3010 2581 3324 2650 meditandi,

1733 2677 1828 2724 aut
1855 2669 2088 2740 aliquam
2121 2671 2437 2725 monasterii
2470 2671 2759 2726 utilitatem
2797 2674 3076 2743 operandi.
3109 2675 3242 2730 Nam
3272 2686 3326 2730 et

1733 2764 1826 2833 qui
1856 2762 2124 2818 voluerint
2151 2763 2250 2818 sibi
2279 2779 2594 2833 repausare,
2639 2764 2872 2819 habeant
2910 2774 2967 2820 et
3011 2765 3112 2834 ipsi
3152 2767 3326 2822 licen-

1733 2858 1860 2914 tiam
1882 2858 2116 2914 dormire
2145 2876 2160 2911 :
2189 2858 2314 2926 quia
2342 2858 2612 2928 completo
2635 2867 2690 2914 et
2715 2859 2927 2915 reddito
2953 2861 3196 2916 oratorio
3223 2861 3322 2916 de-

1735 2952 1849 3008 bito
1879 2968 2000 3018 suo,
2033 2952 2257 3006 residuae
2281 2951 2425 3006 bone
2450 2960 2608 3007 nocte
2629 2951 3319 3021 respausationidebentur.

1734 3043 1866 3098 Nam
1891 3052 1946 3098 et
1972 3044 2015 3099 si
2054 3044 2244 3113 aliquis
2274 3043 2428 3114 quasi
2473 3044 2726 3114 spiritalis
2754 3044 2868 3099 vult
2895 3045 2960 3098 de
3000 3061 3097 3100 suo
3132 3062 3322 3102 somno

1736 3149 1974 3205 surgere,
2006 3144 2063 3189 ut
2103 3135 2284 3189 audiat
2315 3134 2601 3203 legentem,
2634 3143 2727 3190 aut
2755 3135 2870 3204 ipse
2910 3135 3068 3205 legat,
3101 3146 3194 3191 aut
3233 3137 3326 3191 ali-

1736 3229 1860 3296 quid
1891 3236 2180 3296 operetur,
2212 3227 2556 3296 pecnliariter
2600 3228 2940 3296 cognoscitur
2979 3242 3076 3298 per
3116 3228 3316 3283 bonum

1735 3321 1960 3375 liberum
1987 3319 2262 3374 arbitrium
2291 3320 2536 3389 spiritum
2567 3321 2746 3390 potius
2775 3335 2956 3376 amare
2992 3336 3150 3391 quam
3194 3336 3316 3376 car-

1735 3430 1878 3483 nem,
1923 3413 2154 3484 ideoque
2198 3413 2398 3469 debent
2436 3414 2628 3470 fratres
2651 3415 2702 3470 in
2727 3430 2837 3470 uno
2866 3415 3005 3469 atrio
3034 3414 3170 3470 lecta
3198 3424 3324 3471 ante

1737 3507 1985 3562 abbatem
2016 3508 2234 3570 habere,
2269 3515 2328 3561 ut
2365 3507 2484 3576 quis
2511 3507 2656 3575 quod
2681 3506 2844 3575 elegit
2866 3515 3206 3575 agnoscatur,
3238 3507 3322 3564 vel

1732 3600 1908 3667 qualis
1937 3598 2141 3654 militiae
2163 3613 2274 3653 sua:
2301 3597 2514 3653 futurus
2543 3598 2611 3653 sit
2637 3597 2820 3654 frater.

2313 3710 2540 3766 CAPUT
2583 3710 2742 3766 XLV.

2173 3819 2568 3860 INTERROGATIO
2607 3820 2880 3859 DISCIPULI.

1949 3920 2216 3985 Quomodo
2247 3918 2427 3972 debeat
2454 3917 2608 3984 psalli
2639 3919 2694 3970 in
2721 3916 2901 3971 diebus
2930 3917 3095 3985 festis.

1996 4046 2298 4086 “ESPONDET
2338 4045 2565 4085 DOIINUS
2605 4046 2704 4084 PER
2744 4045 3064 4086 IACISTRUM.

1808 4149 1854 4201 A
1884 4148 2084 4202 Pascha
2115 4162 2287 4217 usque
2314 4146 2381 4201 ad
2407 4145 2763 4201 Pentecosten
2802 4161 2990 4201 omnes
3018 4146 3326 4215 antipbonze

1739 4251 1792 4295 et
1820 4239 2163 4310 reSponsoria
2191 4237 2280 4294 die
2305 4247 2579 4306 noctuque
2601 4252 2724 4292 cum
2753 4236 2965 4292 alleluia
2992 4236 3292 4305 psallantur
3309 4278 3324 4304 ,

1741 4339 1792 4388 et
1819 4347 1992 4401 genua
2023 4347 2130 4386 non
2159 4329 2456 4386 ﬂectantur.
2484 4328 2540 4383 lu
2566 4330 2744 4384 natale
2769 4344 2898 4384 vero
2919 4327 3131 4384 Domini
3158 4343 3326 4399 usque

1740 4422 2108 4494 Epiphaniam,
2165 4437 2353 4476 omnes
2396 4420 2703 4489 antiphona‘.
2739 4420 2825 4475 vel
2866 4419 3211 4490 responsoria
3239 4419 3327 4475 die

1740 4526 2013 4586 noctuque
2039 4530 2162 4570 cum
2185 4513 2398 4569 alleluia
2431 4512 2746 4583 psallantur,
2777 4520 2833 4566 et
2859 4525 3031 4580 genua
3059 4513 3188 4582 ipsis
3212 4511 3327 4566 die-

3431 2031 3553 2072 nem
3582 2019 3760 2074 missae
3787 2020 3859 2074 ibi
3889 2022 4110 2089 agendae
4128 2061 4142 2087 ,
4173 2023 4290 2092 ipso
4328 2022 4414 2078 die
4440 2038 4472 2077 a
4496 2021 4811 2084 sacerdote,
4845 2031 4900 2077 et
4926 2036 5019 2090 ge-

3430 2125 3536 2164 nua
3564 2127 3673 2166 non
3693 2110 3998 2177 ﬂectantur,
4027 2123 4080 2168 et
4103 2129 4201 2183 pro
4232 2114 4414 2168 lmtitia
4445 2114 4636 2169 natalis
4661 2113 4869 2183 preprii
4892 2128 5016 2166 ora-

3431 2203 3554 2257 torii
3584 2203 3792 2272 integer
3822 2206 3938 2275 ipse
3977 2205 4093 2262 dies
4134 2222 4302 2277 usque
4331 2207 4398 2262 ad
4442 2207 4652 2262 futuros
4699 2216 5016 2276 nocturnos,

3430 2294 3569 2350 sicut
3597 2297 3649 2351 in
3682 2297 3980 2367 Dominica,
4006 2313 4129 2355 cum
4156 2298 4370 2354 alleluia
4404 2307 4572 2356 totum
4601 2299 4882 2369 psallatur.

3999 2434 4229 2492 CAPUT
4265 2435 4447 2492 XLVI.

3867 2564 4261 2606 INTERROGATIO
4303 2567 4572 2606 ῐιιδαιιιιςιι.

3484 2658 3561 2712 De
3588 2661 3910 2729 imponendis
3937 2663 4149 2729 psalmis
4181 2664 4234 2716 in
4259 2667 4487 2719 oratorio
4511 2670 4686 2733 quovis
4712 2677 4957 2722 (erravere.

3686 2789 3990 2829 nassonnr-zr
4033 2761 4253 2832 irUlllNUs
4295 2793 4390 2830 rea
4431 2793 4756 2832 IAGISTRUII.

3502 2885 3630 2941 Post
3653 2886 3899 2941 abbatem
3922 2889 4191 2958 praepositi
4210 2890 4413 2944 vicibus
4428 2891 4714 2958 cumjussu
4733 2893 4904 2962 ipsius
4922 2893 5017 2945 im-

3429 2985 3631 3048 ponant
3650 2978 3990 3048 antipbonas,
4006 2990 4279 3047 currente,
4301 2991 4358 3035 ut
4373 2981 4620 3045 diximus,
4637 2998 4857 3052 semper
4877 2983 5017 3052 psal—

3431 3072 3584 3127 terio.
3602 3070 3895 3140 Postquam
3915 3071 4302 3141 explicaveriut
4325 3073 4589 3143 praepositi
4608 3074 4807 3143 singuli
4828 3073 5016 3128 fratres

3429 3163 3496 3216 de
3515 3161 3740 3231 singulis
3764 3163 3998 3229 decadis,
4011 3163 4204 3232 quibus
4220 3164 4478 3233 jusserint
4501 3166 4794 3235 praepositi,
4811 3166 5015 3221 vicibus

3430 3253 3726 3323 imponant.
3740 3252 4026 3310 Lectiones
4040 3257 4079 3307 A
4089 3255 4284 3324 postoli
4299 3258 4566 3326 praepositi
4580 3272 4797 3327 semper
4811 3258 5013 3312 vicibus

3425 3350 3573 3407 dent.
3590 3345 3862 3419 Evangelii
3877 3347 4155 3413 lectiones,
4169 3349 4216 3404 si
4234 3363 4468 3418 praesens
4495 3349 4678 3416 fuerit,
4696 3349 4866 3407 abbas
4880 3365 5015 3406 sem-

3426 3456 3523 3513 per
3536 3441 3679 3496 dicat
3695 3459 3708 3495 :
3732 3440 3775 3496 si
3788 3440 4003 3507 absens,
4021 3439 4294 3510 praepositi
4315 3441 4538 3498 vicibus.
4555 3439 4690 3496 Nam
4706 3453 4764 3497 et
4776 3444 4829 3497 in
4842 3452 5012 3498 matu-

3426 3531 3551 3586 tinis
3578 3540 3632 3586 et
3660 3530 3977 3586 lncernariis
3996 3572 4012 3600 ,
4044 3541 4326 3602 postquam
4357 3532 4520 3588 lectio
4561 3534 4808 3602 Apostoli
4852 3533 5013 3590 fuerit

3425 3623 3680 3689 recitata,
3711 3619 3999 3693 Evangelia
4033 3637 4247 3694 semper
4268 3623 4434 3680 abbas
4459 3639 4695 3694 presens
4717 3637 5009 3696 sequatur;

3427 3714 3472 3768 si
3501 3714 3696 3769 absens
3722 3711 3906 3784 fuerit,
3927 3715 4197 3786 praepositi
4224 3715 4430 3771 vicibus
4464 3734 4476 3769 :
4508 3725 4568 3772 ut
4595 3732 4662 3772 eo
4692 3717 4884 3774 ordine
4903 3733 5008 3787 quo

3427 3805 3605 3861 missa:
3632 3821 3664 3858 a
3685 3804 3897 3861 doricis
3920 3806 4293 3874 celebrantur;
4327 3807 4381 3863 id
4412 3817 4524 3875 est,
4556 3825 4662 3880 quo
4692 3811 4875 3867 minor
4900 3811 5011 3866 cle-

3428 3894 3571 3950 ricus
3610 3893 3927 3964 Apostolum
3968 3895 4273 3965 perlegerit,
4319 3899 4562 3966 sequitur
4609 3899 4784 3969 major
4829 3901 5014 3956 diaco-

3429 4000 3530 4042 nus
3557 3983 3846 4054 Evangelia
3882 3995 4068 4040 sancta
4099 3987 4354 4044 lecturus.
4379 3987 4472 4044 Sic
4499 4003 4627 4058 ergo
4656 4001 4712 4045 et
4739 3992 4795 4045 in
4824 4007 5013 4047 mona-

3431 4077 3611 4132 steriis
3630 4078 3771 4132 ratio
3799 4076 4009 4132 Domini
4040 4093 4137 4147 per
4157 4079 4397 4134 ordinem
4423 4081 4597 4136 meriti
4625 4082 5019 4152 subsequenter

3429 4177 3676 4226 servatur
3706 4187 3719 4223 :
3751 4170 3806 4224 in
3835 4171 4141 4238 nocturnis,
4175 4181 4228 4226 et
4256 4175 4530 4229 matutinis
4549 4217 4562 4240 ,
4588 4185 4642 4230 et
4669 4176 5016 4247 lucernariis,

3432 4260 3484 4314 in
3507 4260 3868 4329 responsoriis
3893 4261 4085 4331 psalmi
4108 4263 4570 4332 perexplicentur;
4594 4266 4648 4320 in
4668 4267 4842 4338 prima
4867 4284 5015 4337 vero,

3433 4354 3618 4420 tertia,
3647 4362 3799 4409 sexta
3818 4394 3834 4422 ,
3861 4355 3948 4411 vel
3985 4370 4158 4421 nona,
4188 4357 4242 4412 in
4292 4359 4650 4427 responsoriis
4687 4360 4813 4417 bina
4844 4368 5019 4434 capita

3431 4443 3720 4501 dicantur:
3754 4456 3810 4501 et
3837 4447 4018 4503 dicant
4051 4447 4161 4516 jam
4205 4447 4413 4517 Gloria,
4456 4459 4512 4506 ut
4554 4453 4714 4508 citius
4761 4466 5021 4513 exeuntes

3433 4535 3624 4593 fratres
3671 4538 3738 4594 de
3785 4539 4024 4595 oratorio
4063 4537 4296 4594 faciendi
4338 4540 4535 4598 laboris
4565 4557 5022 4616 reprtesententur

1740 4612 1839 4666 bus
1863 4624 1970 4664 non
1994 4607 2300 4673 flectantur,
2331 4619 2504 4674 neque
2521 4604 2811 4673 jejunetur,
2836 4618 2936 4658 nec
2957 4604 3287 4658 abstineatur
3304 4645 3320 4670 ,
3357 4651 3409 4711 υ
3431 4627 3704 4697 operibus.

1739 4702 1834 4759 sed
1861 4709 1988 4757 octo
2031 4701 2153 4756 illos
2185 4699 2320 4763 dies,
2362 4697 2454 4766 qui
2487 4695 2792 4765 praecedunt
2823 4695 3058 4748 natalem
3091 4694 3320 4758 Domini,

1743 4799 1793 4851 in
1833 4795 2048 4865 jejuniis
2094 4791 2518 4862 quadragesimae
2570 4791 2654 4845 vel
2701 4790 3054 4852 abstinentia;
3097 4791 3182 4845 vel
3208 4791 3325 4844 illas

1742 4891 2032 4954 orationes,
2065 4903 2184 4956 qua:
2213 4901 2347 4956 pure
2383 4885 2558 4940 solent
2587 4884 2638 4937 in
2671 4882 3076 4952 quadragesima
3109 4881 3220 4937 ﬁeri
3249 4883 3321 4936 si-

1743 4983 1942 5039 militer
1971 4997 2000 5036 a
2029 4979 2282 5034 fratribus
2306 4977 2646 5033 celebrentur
2677 4995 2688 5027 :
2723 4985 2780 5029 ut
2808 4974 2872 5029 ad
2899 4975 3068 5029 instar
3092 4975 3322 5043 quadra-

1743 5074 1960 5145 gesimaa
1990 5071 2237 5134 tristitiae,
2273 5080 2329 5124 ut
2357 5053 2647 5139 placabiles
2675 5067 2816 5122 servi
2849 5082 3009 5136 supra
3054 5066 3326 5135 quotidia.

1745 5183 1873 5222 num
1902 5165 2141 5220 debitum
2171 5163 2400 5233 amplius
2422 5168 2738 5216 exercentes
2767 5159 3065 5224 servitium,
3095 5160 3327 5213 natalem

1748 5256 1960 5312 Domini
1987 5255 2159 5310 nostri
2185 5255 2236 5308 in
2263 5251 2544 5322 stipendiis
2563 5251 2649 5305 vel
2676 5249 2830 5305 donis
2861 5250 3052 5304 limitis:
3081 5266 3206 5305 mox
3235 5249 3330 5304 ad-

1749 5349 1961 5404 venisse
1990 5348 2251 5402 lzetemur.
2294 5343 2602 5415 Epiphaniae
2639 5358 2767 5398 vero
2805 5351 2966 5397 nocte
3002 5342 3168 5411 ipsius
3200 5341 3330 5410 vigi-

1749 5441 1854 5505 lite,
1877 5447 1931 5494 et
1949 5440 2065 5510 ipso
2095 5439 2181 5493 die
2208 5437 2325 5492 solo
2351 5451 2540 5492 omnes
2567 5436 2874 5504 antipbonae
2899 5445 2954 5489 et
2982 5434 3326 5503 responsoria

1751 5549 1876 5589 cum
1905 5533 2119 5588 alleluia
2145 5531 2441 5602 psallantur
2474 5551 2484 5583 :
2519 5530 2663 5584 etab
2691 5529 2807 5598 ipso
2835 5530 2924 5583 die
2948 5528 3163 5583 alleluia
3187 5528 3330 5583 clau-

1752 5629 1931 5691 datur,
1954 5634 2010 5681 et
2037 5639 2163 5679 mox
2190 5623 2428 5679 oratorio
2451 5621 2658 5677 dierum
2684 5621 2942 5678 festorum
2963 5620 3327 5686 subtrahatur,

1754 5730 1809 5775 et
1834 5734 2004 5787 genua
2035 5720 2152 5789 ipso
2180 5717 2264 5771 die
2292 5715 2706 5786 Epiphaniorum
2742 5715 2946 5770 orantis
2979 5730 3085 5769 non
3111 5713 3331 5770 ﬂectan-

1756 5818 1861 5866 tur.
1894 5810 2022 5864 Nam
2052 5810 2171 5882 ideo
2195 5809 2312 5878 ipso
2332 5807 2417 5861 die
2442 5808 2558 5862 solo
2580 5822 2703 5862 cum
2725 5807 2920 5875 vigiliis
2943 5809 3052 5862 suis
3076 5807 3328 5876 diximus,

1755 5914 1809 5959 et
1837 5920 1943 5960 non
1982 5916 2147 5972 usque
2171 5913 2390 5958 octavas
2417 5899 2630 5955 alleluia
2662 5899 2812 5969 psalli
2832 5941 2846 5968 ,
2879 5901 3003 5968 quia
3035 5903 3324 5956 centesima

3983 4698 4212 4757 CAPUT
4250 4701 4450 4758 XLVII.

3869 4830 4262 4872 INTERROGATIO
4301 4834 4578 4877 DISCIPULI.

3872 4931 3946 4985 De
3977 4933 4254 5002 disciplina
4277 4937 4552 5005 psallendi.

3681 5066 3982 5107 ltESPONDET
4023 5067 4248 5110 DOIINUS
4287 5070 4384 5108 PER
4426 5071 4754 5112 IAGISTRUI.

3505 5162 3676 5219 'l‘anta
3703 5165 3864 5221 debet
3891 5180 4012 5222 esse
4038 5167 4352 5223 reverentia:
4379 5169 4636 5237 gravitas,
4670 5170 4755 5224 vel
4782 5171 5022 5242 discipli-

3436 5271 3503 5309 na
3546 5256 3834 5325 psallendi,
3861 5268 3920 5312 ut
3948 5257 4232 5312 amabilius
4257 5272 4286 5312 a
4317 5258 4573 5320 Domino,
4607 5274 4770 5329 quam
4802 5277 4831 5315 a
4864 5263 5024 5320 nobis

3436 5349 3650 5414 dicitur,
3683 5349 3960 5417 audiatur,
3991 5353 4128 5406 sicut
4169 5353 4244 5406 ait
4271 5351 4549 5422 Scriptura
4583 5372 4595 5408 :
4629 5353 4820 5411 Exitus
4844 5372 5020 5412 matu-

3438 5441 3531 5493 tini
3566 5452 3615 5494 et
3660 5457 3882 5510 uespera:
3924 5441 4257 5496 delectaberis
4314 5441 4501 5512 (Psal.
4534 5447 4712 5514 LXIV).
4745 5444 4806 5500 Et
4836 5448 4970 5503 item
5008 5471 5022 5504 :

3438 5529 3575 5584 Bene
3600 5532 3804 5602 psallite
3833 5534 3878 5587 ei
3917 5534 3971 5587 in
4002 5534 4346 5602 jubilatione;
4386 5537 4503 5601 quia
4532 5546 4698 5590 rectus
4735 5547 4812 5592 est
4849 5556 5028 5596 sermo

3439 5619 3649 5676 Domini
3701 5622 3879 5694 (Psal.
3940 5625 4139 5690 xuii).
4191 5622 4250 5676 Et
4291 5625 4417 5678 item
4453 5643 4465 5678 :
4499 5624 4774 5681 Exsultale
4814 5630 4860 5682 ei
4904 5649 5025 5685 cum

3440 5723 3656 5768 tremore
3696 5716 3712 5780 (
3734 5712 3880 5770 Psal.
3923 5717 4015 5785 ιι).
4074 5714 4142 5770 Et
4193 5715 4320 5771 item
4366 5736 4378 5769 :
4412 5716 4628 5772 Psallite
4672 5717 4899 5775 Domino
4940 5741 5030 5778 sa-

3439 5804 3636 5873 pienter
3668 5804 3838 5875 (l’sal.
3872 5808 4035 5875 XLVI).
4087 5805 4226 5880 Ergo
4273 5808 4318 5865 si
4359 5810 4632 5879 sapienter
4678 5819 4731 5866 et
4776 5828 4902 5868 eum
4959 5819 5030 5872 ti-

3443 5917 3590 5956 more
3653 5901 3803 5967 jubet
3847 5901 4024 5979 ‘psalli
4055 5942 4072 5974 ,
4127 5913 4343 5975 oportet
4381 5906 4702 5975 psallentem
4763 5909 5030 5967 immobili
