5174 6538
674 402 816 457 I009

2186 388 2489 445 RECULA.

3836 378 3973 434 IOIII

671 535 925 591 corpore.
981 518 1234 570 inclinan
1285 518 1459 585 capite.
1505 522 1669 575 stare,
1712 520 1763 564 et
1815 509 1998 562 laudes
2041 508 2265 560 Domino
2294 510 2343 567 Α
2375 503 2545 573 (Psal.
2609 502 2869 568 cxxxvu).
2915 499 3056 568 Ergo
3086 498 3272 560 vides,
3304 496 3449 567 quod
3477 503 3599 549 ante
3630 496 3850 564 angelos
3878 510 3968 548 os-

674 614 952 671 moderate
982 624 1175 665 canere
1208 629 1217 661 ;
1246 609 1443 676 quippe
1474 604 1829 659 ministerium
1858 617 2013 654 suum
2040 608 2164 654 ante
2184 598 2273 651 Di-

674 707 957 763 vinitatem
989 704 1210 774 implet,
1238 702 1468 756 docente
1498 701 1602 755 hoc
1632 698 1902 767 Propheta
1933 710 2055 749 cum
2098 694 2227 747 dicit
2256 712 2265 745 :

674 797 743 852 In
766 804 1041 866 conspectu
1069 796 1370 864 angelorum
1405 791 1627 861 psallam
1674 789 1764 843 tibi
1806 788 1975 856 (l’sal.
2007 786 2265 851 cxxxvu).

672 889 808 943 Nam
857 888 1203 941 considerare
1254 885 1413 939 debet
1441 884 1531 952 qni
1564 882 1741 953 psallit
1783 896 2013 950 semper,
2047 894 2113 933 ne
2145 876 2272 930 alibi

672 996 866 1035 sensus
896 981 1013 1049 ejus
1055 978 1346 1045 demigret,
1394 992 1460 1029 ne
1511 990 1633 1029 cum
1685 974 1841 1027 aliam
1890 972 2271 1039 cogitationem

672 1090 863 1128 sensus
889 1082 1071 1127 noster
1098 1072 1427 1139 migraverit,
1455 1071 1521 1125 dc
1544 1070 1698 1123 nobis
1716 1068 1862 1121 dicat
1886 1067 2023 1120 Deus
2050 1084 2061 1118 :
2096 1064 2272 1133 Popu-

671 1168 754 1221 lus
791 1168 889 1220 iste
920 1166 1071 1219 labiis
1101 1182 1179 1218 me
1206 1167 1462 1230 honorat,
1494 1180 1583 1217 cor
1618 1172 1785 1216 autem
1814 1177 1989 1216 eorum
2018 1162 2171 1229 longe
2196 1165 2275 1211 est

672 1278 703 1311 a
734 1276 814 1311 me
845 1258 1073 1325 (Matth.
1110 1260 1229 1327 xv).
1262 1258 1327 1310 Et
1369 1258 1493 1310 item
1535 1258 1598 1310 de
1646 1256 1799 1309 nobis
1840 1254 1970 1308 dicit
2003 1273 2012 1306 2
2050 1252 2154 1305 Ore
2182 1267 2273 1304 suo

673 1350 1060 1416 benedicebant,
1095 1360 1141 1403 et
1167 1350 1319 1403 corde
1350 1366 1441 1403 suo
1485 1350 1859 1402 maledicebant
1902 1348 1919 1415 (_
1936 1345 2083 1399 Psal.
2127 1346 2272 1413 LXI).

676 1441 738 1494 lit
772 1458 859 1505 ne,
894 1458 1014 1494 cum
1065 1443 1115 1496 in
1147 1443 1259 1497 sola
1304 1443 1479 1509 lingua
1534 1442 1700 1495 Deum
1748 1439 2042 1503 laudamus,
2077 1439 2129 1492 in
2160 1437 2277 1492 sola

675 1535 820 1595 regia
856 1536 965 1587 oris
998 1535 1167 1588 nostri
1211 1535 1373 1587 Deum
1422 1534 1801 1596 admittamus;
1836 1544 1889 1585 et
1922 1534 2063 1586 intus
2096 1532 2145 1584 in
2174 1530 2273 1584 do-

674 1642 822 1677 num
856 1626 1033 1679 cordis
1067 1626 1432 1681 introductum
1478 1628 1748 1682 diabolum
1781 1627 2135 1687 collocemus;
2171 1625 2279 1677 for-

676 1720 781 1771 tin-
812 1720 957 1771 enim
986 1720 1054 1772 ab
1077 1720 1217 1773 intus
1242 1721 1470 1775 ducente
1498 1722 1787 1790 judicatur,
1817 1720 1903 1789 qui
1938 1721 2077 1772 intus
2102 1718 2278 1787 ingre-

674 1810 838 1869 ditur,
874 1828 1035 1879 quam
1068 1815 1155 1881 qui
1200 1813 1327 1867 foris
1360 1823 1657 1882 exspectat.
1694 1813 1840 1881 Eigo
1883 1813 1946 1865 ad
1977 1820 2194 1865 cantum
2225 1820 2279 1864 et

677 1902 784 1955 tale
816 1904 1055 1956 ollirium
1096 1906 1450 1974 corporaliter
1485 1923 1579 1961 cor
1608 1922 1726 1961 cum
1758 1908 1935 1967 lingua
1969 1906 2277 1972 conveniat,
2314 1896 2353 1948 Π

674 2012 798 2049 cum
830 1995 1023 2051 timore
1048 1998 1276 2053 Domino
1306 2000 1675 2068 quotidianum
1699 2002 1937 2055 debitum
1972 2000 2273 2063 redhibere,

675 2100 729 2141 ct
771 2102 923 2143 notet
969 2092 1065 2145 sibi
1115 2094 1164 2145 in
1195 2094 1355 2147 corde
1385 2097 1473 2163 qui
1523 2098 1718 2164 psallit,
1755 2096 1819 2149 ad
1850 2095 2054 2162 singula
2099 2095 2275 2147 omnia

678 2184 993 2237 testimonia
1019 2201 1136 2253 quae
1160 2186 1287 2239 dicit
1314 2207 1323 2239 :
1360 2188 1481 2255 quia
1507 2188 1697 2255 singuli
1732 2203 1914 2242 versus
1937 2190 1980 2241 si
2005 2197 2275 2249 notentur,

677 2276 971 2343 proficiunt
1000 2280 1190 2331 animm
1217 2281 1281 2332 ad
1314 2282 1564 2343 salutem,
1598 2290 1651 2335 et
1682 2280 1732 2334 in
1763 2282 1841 2334 eis
1872 2290 2041 2334 totum
2074 2282 2280 2335 inveni-

676 2377 767 2422 tur
796 2370 939 2437 quod
972 2372 1260 2438 quaeritur;
1294 2374 1416 2440 quia
1448 2375 1625 2425 omnia
1660 2373 1722 2426 ad
1764 2372 2171 2427 aedificationem
2206 2375 2277 2425 lo-

679 2459 867 2526 quitur
889 2460 1145 2528 psalmus,
1180 2461 1393 2517 diccntc
1416 2461 1682 2533 Propheta
1710 2481 1722 2515 :
1752 2462 1984 2517 Psallam
2012 2476 2059 2516 et
2090 2466 2282 2518 intelli-

680 2567 807 2620 gam
848 2552 900 2604 in
948 2554 1026 2605 ria
1055 2555 1408 2619 immaculata,
1442 2558 1649 2623 quando
1680 2559 1852 2610 venies
1881 2556 1949 2608 ad
1979 2574 2057 2609 me
2103 2556 2278 2627 (Psal.

676 2646 817 2711 cux).
852 2644 1003 2711 Quod
1034 2656 1191 2700 sonat
1215 2648 1264 2700 in
1296 2664 1451 2713 voce,
1478 2650 1649 2717 ipsum
1678 2650 1747 2702 sit
1777 2660 1829 2702 et
1860 2650 1910 2703 in
1944 2658 2121 2703 mente
2150 2650 2283 2717 psal-

678 2728 866 2790 lentis.
900 2736 1198 2794 Psallamus
1228 2753 1355 2807 ergo
1402 2755 1535 2793 voce
1581 2751 1636 2795 et
1678 2751 1853 2794 mente
1900 2741 2279 2805 communiter,

678 2828 902 2880 dicente
943 2830 1202 2897 Apostolo
1237 2850 1246 2882 :
1285 2829 1515 2883 Psallam
1544 2834 1755 2899 spiritu,
1790 2836 2006 2901 psallam
2034 2844 2077 2885 et
2120 2843 2285 2886 mente

682 2915 739 2975 ll
777 2917 897 2970 Cor.
931 2920 1070 2987 xw);
1100 2935 1207 2973 non
1239 2921 1410 2974 solum
1450 2922 1691 2983 vocibus,
1726 2925 1817 2975 scd
1848 2932 1899 2975 et
1929 2924 2090 2978 corde
2132 2925 2287 2977 decet

680 3008 752 3062 ad
783 3009 946 3071 Deum
978 3010 1231 3065 clamare.
1262 3013 1571 3068 Cavendum
1598 3030 1830 3082 namque
1851 3025 1932 3069 est
1964 3032 2082 3070 cum
2107 3016 2286 3084 psalli-

680 3109 797 3162 tur,
834 3116 900 3155 ne
932 3103 1185 3170 frequens
1216 3105 1397 3167 tussis,
1432 3115 1523 3159 aut
1550 3106 1812 3160 anhelitus
1840 3107 2095 3175 prolixius
2118 3109 2285 3159 abun-

681 3194 801 3260 det,
844 3204 935 3247 aut
972 3196 1259 3249 salivarum
1287 3208 1598 3252 exsecratus
1646 3199 1910 3261 assiduus,
1956 3207 2048 3251 aut
2079 3199 2284 3251 narium

680 3290 962 3357 spurcitiae
992 3290 1243 3345 detracta:
1274 3307 1303 3345 a
1347 3293 1607 3361 psallente
1638 3293 1821 3348 inante
1858 3294 2161 3362 jactentur;
2194 3294 2284 3349 sed
2315 3274 2358 3333 (ἶ

680 3380 889 3435 debere
930 3382 1147 3436 fratrem
1198 3393 1317 3452 post
1361 3399 1419 3438 se
1462 3384 1745 3453 projicere,
1779 3386 1902 3456 quia
1950 3386 2121 3454 angeli
2161 3398 2287 3441 ante

684 3475 982 3541 psallentes
1029 3476 1288 3530 docentur
1337 3486 1498 3541 stare,
1552 3494 1672 3532 cum
1713 3480 1841 3533 dicit
1874 3479 2138 3549 Propheta
2178 3499 2186 3531 :
2223 3480 2286 3531 ln

683 3576 967 3634 conspectu
1017 3570 1316 3637 angelorum
1365 3571 1586 3638 psallam
1635 3572 1728 3623 tibi
1784 3570 1980 3641 (Psal.
2016 3574 2283 3639 cxxxvu).

686 3654 836 3721 Ergo
861 3672 982 3709 cum
1010 3658 1119 3711 haec
1139 3661 1319 3713 omnia
1344 3661 1723 3729 impedimenta
1751 3662 2099 3727 psallentibus
2123 3678 2148 3713 a
2174 3663 2285 3714 dia-

688 3751 820 3803 bolo
851 3750 1052 3805 fuerint
1076 3755 1396 3819 ministrata,
1425 3771 1553 3810 mox
1580 3756 1677 3810 sibi
1706 3755 1797 3824 qui
1824 3756 2002 3824 psallit
2031 3757 2206 3824 signet
2226 3770 2289 3809 os

692 3842 871 3896 crucis
900 3845 1091 3912 sigillo.

1238 3938 1463 3993 CAPUT
1504 3939 1729 3993 XLVIII.

1144 4070 1533 4109 INTI'ZBBOGATIO
1578 4070 1842 4108 IIISCII‘UIJ.

1158 4168 1187 4218 [ν
1206 4186 1233 4219 e
1262 4172 1539 4222 reverentia
1566 4170 1837 4221 orationis.

962 4298 1271 4339 ltl-LSPONDET
1312 4299 1539 4338 DOIINUS
1580 4301 1679 4337 PER
1719 4299 2015 4339 HAGIS'I'RU.“

774 4402 829 4455 Si
876 4400 1182 4454 hominibus
1226 4398 1531 4453 carnalibus
1562 4399 1660 4453 nisi
1693 4415 1812 4453 cum
1857 4401 2157 4455 humilitate
2188 4416 2291 4455 non

704 4496 763 4548 Iit
784 4494 1061 4563 precatio,
1092 4506 1210 4545 cum
1236 4491 1493 4545 bene-licia
1526 4507 1617 4545 eos
1646 4492 1817 4559 aliqua
1851 4493 2169 4559 tmnporalia
2194 4509 2291 4561 po-

694 4586 993 4649 stulamus;
1020 4596 1221 4653 quanto
1246 4586 1414 4653 magis
1443 4586 1714 4650 convenit,
1740 4592 1798 4639 ut
1819 4601 1916 4656 pro
1946 4588 2178 4655 peccatis
2198 4603 2296 4642 no-

2380 596 2643 649 tendimus
2666 604 2720 649 et
2752 607 2909 647 orare
2931 602 2986 647 et
3014 591 3261 662 psallere.
3298 588 3428 643 Nam
3453 589 3572 642 ideo
3597 587 3830 643 diximus
3853 588 3974 642 bre-

2377 705 2497 744 vem
2531 689 2641 741 lieri
2664 689 2988 748 orationem,
3016 702 3080 739 nc
3109 685 3229 756 quis
3256 699 3354 755 per
3377 683 3717 738 occasionem
3749 680 3976 753 prolixa:

2376 780 2636 837 orationis
2665 778 3001 842 obdormiat;
3036 786 3130 831 aut
3162 778 3297 831 forte
3340 774 3429 831 diu
3453 774 3701 842 jacentes
3731 772 3976 829 diabolus

2375 881 2453 937 eis
2494 889 2621 933 ante
2667 877 2858 932 oculos
2896 876 3107 931 diverse
3148 875 3388 944 ingerat,
3419 874 3504 929 vel
3536 876 3586 928 in
3635 871 3800 928 corde
3829 871 3977 927 aliud

2375 973 2763 1029 subministret.
2795 967 2936 1037 Ergo
2965 975 3183 1039 oportet
3211 981 3369 1022 orare
3397 981 3517 1021 cum
3549 967 3741 1020 timore
3766 964 3973 1034 simpli-

2377 1066 2545 1129 citer;
2589 1072 2647 1117 ut
2686 1064 2774 1133 qui
2807 1070 2955 1126 orat,
2988 1060 3266 1130 praesentis
3304 1058 3507 1113 Christi
3538 1058 3783 1111 videatur
3813 1056 3979 1125 pedes

2377 1168 2588 1213 tenere.
2614 1154 2674 1207 Et
2715 1171 2835 1209 cum
2875 1162 3028 1209 tanto
3057 1153 3313 1207 debemus
3341 1166 3501 1207 orare
3531 1152 3745 1216 timore,
3777 1160 3837 1204 ut
3877 1166 3973 1203 co-

2376 1265 2699 1321 gnoscamus
2736 1250 2859 1318 quia
2888 1264 3008 1305 cum
3062 1246 3173 1301 Deo
3202 1247 3489 1316 loquimur.
3525 1244 3692 1299 Orare
3723 1259 3852 1311 ergo
3883 1245 3976 1297 ele-

2379 1346 2567 1399 bemus
2598 1358 2717 1396 cum
2751 1344 2895 1397 omni
2927 1351 3106 1396 mente
3126 1380 3140 1403 ,
3172 1341 3312 1394 sicut
3342 1339 3632 1410 Apostolus
3664 1339 3769 1391 ait:
3800 1338 3976 1393 Urabo

2380 1436 2533 1491 simul
2562 1444 2608 1488 et
2642 1444 2806 1488 mente
2834 1445 2882 1487 et
2903 1435 3085 1503 spiritu
3120 1431 3208 1501 (Il
3232 1429 3354 1486 Cor.
3388 1433 3518 1500 xw).

2956 1564 3187 1619 CAPUT
3226 1563 3408 1619 XLIX.

2828 1675 3215 1715 LNTEBROGATIO
3256 1675 3532 1714 DISCIPI'LI.

2869 1770 2940 1824 Dc
2972 1772 3159 1841 vigiliis
3190 1774 3510 1825 monasterii.

2638 1902 2945 1941 RESPONDICT
2985 1902 3211 1941 DOMINUS
3251 1902 3351 1939 Ρειι
3394 1900 3711 1940 MAGISTBUN.

2454 2001 2608 2057 Omni
2639 2002 2863 2056 sabbato
2893 2002 3091 2057 debent
3132 2003 3183 2055 in
3215 2002 3546 2056 monasterio
3576 2002 3815 2056 exerceri
3847 2002 3979 2072 vigi-

2386 2100 2487 2161 lia-,
2520 2114 2547 2150 a
2580 2114 2697 2151 sera
2730 2112 2900 2165 usque
2931 2096 3057 2149 dum
3085 2095 3323 2150 secundo
3355 2096 3514 2149 fuerit
3538 2095 3710 2163 gallus
3740 2095 3975 2161 auditus,

2385 2199 2440 2244 et
2472 2189 2580 2258 jam
2616 2188 2746 2242 ﬁant
2773 2189 3041 2242 matutini.
3089 2187 3194 2240 Sed
3242 2195 3465 2256 prapter
3491 2186 3635 2255 quod
3669 2187 3863 2255 vigilia:
3893 2188 3976 2241 di-

2385 2291 2597 2347 cuntur,
2622 2298 2649 2335 a
2677 2298 2867 2336 somno
2896 2297 2954 2336 se
2981 2284 3172 2335 fratres
3207 2281 3547 2345 abstineant;
3578 2288 3631 2332 et
3652 2279 3900 2349 psallant,
3925 2288 3980 2334 et

2386 2376 2625 2443 legentes
2647 2374 2869 2428 audiant
2894 2374 3175 2428 lectiones.
3206 2372 3322 2426 Jam
3353 2380 3473 2442 post
3500 2373 3794 2426 matutinos
3824 2373 3979 2425 lectis

2386 2468 2497 2521 suis
2521 2474 2830 2535 repausent.

3019 2578 3246 2632 CAPIT?
3290 2579 3345 2631 I..

2822 2710 3218 2750 INTERROGATIO
3260 2708 3536 2747 IIISCIPI'LI.

2394 2808 2467 2863 De
2509 2817 2629 2861 actu
2658 2824 2871 2862 onerum
2903 2808 3355 2878 quotidianarum,
3403 2825 3491 2876 per
3540 2808 3769 2860 diversas
3804 2816 3978 2871 horas,

2945 2880 3142 2932 diverso
3169 2888 3414 2946 tempore.

2653 3009 2955 3047 DESI'ONIIET
2997 3008 3222 3046 DOMINUS
3263 3008 3367 3046 PER
3407 3008 3724 3045 UMBISTRIII.

2462 3110 2598 3163 Dum
2646 3116 2861 3163 cessant
2902 3108 2952 3161 in
2996 3105 3082 3161 die
3112 3105 3288 3159 divina
3321 3104 3529 3168 officia,
3559 3105 3838 3159 intervalla
3871 3105 3988 3175 ipsa

2390 3201 2714 3255 cessantium
2755 3215 2783 3253 a
2836 3200 3057 3268 psalmis
3102 3198 3354 3254 horarum
3404 3214 3509 3252 non
3538 3199 3710 3253 otiosa
3738 3198 3990 3254 volumus

2392 3292 2737 3361 perlransiri;
2773 3292 3104 3345 aestimantes
3150 3306 3218 3345 ne
3257 3291 3425 3344 otium
3457 3291 3648 3345 modici
3695 3291 3873 3347 minus
3902 3291 3987 3346 lu-

2392 3397 2541 3437 crum
2572 3382 2778 3435 securis
2818 3390 3124 3450 generaret.
3156 3382 3291 3447 Quia
3334 3383 3497 3437 homo
3524 3383 3731 3437 otiosus
3759 3393 3987 3438 mortem

2391 3482 2669 3543 operatur,
2698 3482 2752 3527 et
2774 3474 2826 3527 in
2849 3474 3133 3529 desideriis
3152 3484 3238 3529 est
3265 3489 3495 3545 semper.
3523 3474 3655 3528 Nam
3678 3490 3801 3530 cum
3824 3475 3993 3532 frater

2392 3568 2592 3637 aliquid
2622 3576 2911 3633 operatur,
2941 3568 3069 3621 dum
3099 3568 3316 3623 oculum
3347 3570 3400 3623 in
3432 3568 3631 3623 laboris
3655 3583 3821 3639 opere
3853 3571 3989 3639 figit,

2392 3660 2517 3713 inde
2566 3674 2785 3713 sensum
2839 3667 3073 3729 occupat
3123 3659 3192 3714 de
3245 3674 3355 3730 quo
3385 3661 3534 3727 facit,
3566 3670 3620 3716 et
3647 3662 3886 3730 cogitare
3914 3662 3992 3717 illi

2392 3752 2571 3821 aliqua
2602 3766 2707 3805 non
2741 3758 2927 3817 vacat;
2961 3760 3016 3806 et
3042 3751 3439 3807 desideriorum
3465 3768 3573 3808 non
3604 3755 3865 3823 mergitur
3893 3751 3994 3810 llu-

2393 3847 2569 3901 ctibus
2600 3865 2610 3897 :
2644 3847 2767 3915 quia
2814 3855 3035 3915 stupore
3083 3848 3429 3916 cogitationis
3470 3850 3586 3917 ejus
3629 3858 3756 3905 tunc
3802 3849 3994 3907 oculus

2395 3953 2501 3993 non
2532 3940 2766 4003 arescit,
2799 3940 3015 4009 quando
3046 3954 3235 3996 manus
3262 3957 3384 3995 cum
3412 3957 3572 3997 sensu
3604 3952 3868 4013 occupata
3889 3942 3992 3998 ali-

2393 4030 2521 4097 quid
2562 4029 2795 4099 perficit,
2844 4042 3128 4101 propterea
3179 4032 3391 4087 dicente
3444 4034 3702 4103 Apostolo
3735 4053 3747 4087 :
3784 4034 3849 4089 Et
3878 4050 3993 4087 eum

2394 4140 2619 4179 essemus
2645 4127 2783 4194 apud
2812 4143 2917 4189 vos,
2952 4127 3045 4179 hoc
3073 4128 3493 4196 prtrcipiebamus
3521 4128 3678 4192 vobis,
3712 4138 3769 4181 ut
3797 4108 3848 4183 si.
3878 4131 3993 4199 quis

2394 4234 2499 4271 non
2535 4218 2638 4271 vult
2665 4219 2904 4287 operari,
2938 4234 3028 4270 nec
3053 4220 3328 4273 manducet
3362 4219 3422 4289 (1
3434 4219 3459 4274 ι
3494 4219 3676 4276 Thess.
3707 4220 3818 4288 ιιι).
3854 4218 3994 4289 Ergo

2396 4311 2595 4366 debent
2624 4326 2743 4366 esse
2773 4321 2825 4365 et
2863 4321 2986 4380 post
3013 4313 3187 4367 officia
3219 4312 3312 4367 Dei
3361 4325 3415 4369 et
3458 4330 3621 4384 opera
3668 4316 3993 4385 corporalia,

2397 4404 2500 4459 hoc
2529 4414 2628 4459 εει.
2677 4420 2932 4459 manuum
2969 4424 2979 4457 :
3011 4413 3066 4459 et
3093 4404 3220 4459 dum
3253 4408 3412 4461 fuerit
3442 4409 3581 4462 unde
3612 4407 3869 4476 indigenti
3902 4409 3994 4463 de-

2400 4507 2500 4561 tur,
2544 4510 2708 4565 super
2758 4497 2896 4550 bona
2941 4505 3057 4551 acta
3108 4498 3467 4562 carricentnr,
3518 4508 3574 4553 et
3621 4500 3759 4555 bene
3804 4500 3941 4554 facta
3978 4520 3992 4557 :

2400 4589 2631 4659 ideoque
2658 4599 2877 4659 oportet
2905 4590 3046 4644 inter
3070 4590 3325 4645 horarum
3353 4592 3559 4646 alterna
3589 4594 3760 4663 spatia
3784 4592 3995 4648 diversa

694 4682 833 4735 stris
858 4680 943 4735 vel
994 4679 1319 4733 facinoribus
1358 4679 1504 4732 omni
1546 4693 1651 4747 qua
1701 4694 1984 4748 possumus
2022 4678 2292 4735 Christum
2332 4654 2377 4711 ι)
2403 4692 2618 4738 actuum
2662 4683 2917 4738 exercitia
2946 4685 3256 4738 convenire.
3290 4682 3346 4739 Id
3372 4694 3487 4749 est,
3517 4695 3761 4755 tempore
3789 4686 3997 4758 byemis

695 4788 863 4844 prece
909 4772 1192 4839 rogemus!
1246 4772 1396 4825 Nulla
1444 4787 1572 4839 ergo
1602 4773 1761 4826 debet
1791 4788 1909 4828 esse
1954 4775 2007 4827 in
2048 4776 2297 4830 oratione

692 4866 989 4935 duplicitas
1022 4883 1034 4917 τ
1070 4881 1175 4919 non
1216 4881 1350 4918 unus
1377 4865 1429 4918 in
1461 4879 1583 4928 ore,
1619 4865 1755 4919 alter
1782 4866 1833 4919 in
1862 4866 2027 4921 corde
2056 4866 2298 4921 invenia-

697 4968 798 5012 tur
826 4975 841 5010 :
868 4973 973 5011 non
1006 4956 1341 5023 multiloquio
1367 4957 1607 5026 protrahi
1634 4957 1931 5011 orationem
1954 4956 2169 5019 debere,
2188 4958 2296 5013 sic-

697 5064 762 5108 ut
792 5054 865 5106 ait
888 5060 1132 5106 sanclum
1156 5050 1504 5121 Evangelium
1537 5053 1843 5123 hypocritas
1872 5068 1967 5107 eos
1996 5052 2105 5109 ﬁeri
2139 5053 2295 5107 tales.

697 5145 825 5201 Non
868 5143 1119 5213 frequens
1148 5144 1341 5211 tussis,
1385 5160 1491 5198 non
1532 5153 1843 5199 exscreatus
1882 5147 2155 5211 assiduus,
2190 5162 2297 5200 non

699 5238 981 5294 anhelitus
1027 5238 1301 5301 abundet;
1337 5239 1462 5307 quia
1499 5238 1611 5292 haec
1655 5240 1833 5293 omnia
1872 5239 2201 5294 orationibus
2246 5247 2301 5295 et

702 5328 932 5401 psalmis
974 5329 1041 5383 ad
1084 5326 1522 5399 impedimentum
1573 5344 1602 5383 a
1654 5329 1867 5384 diabolo
1910 5331 2295 5386 ministrantur.

699 5426 841 5481 Nam
875 5425 1005 5479 illud
1027 5467 1042 5491 ,
1072 5424 1212 5492 quod
1241 5423 1476 5479 diximus
1500 5425 1771 5495 superius,
1803 5430 1857 5478 et
1885 5424 1934 5477 in
1966 5425 2300 5480 orationibus

699 5526 995 5580 caveatur;
1028 5526 1087 5571 ut
1112 5517 1201 5586 qui
1242 5526 1383 5582 orat,
1412 5516 1456 5570 si
1482 5517 1710 5571 voluerit
1753 5532 2034 5587 exspuere,
2078 5526 2171 5572 aut
2201 5534 2297 5572 na-

700 5612 846 5666 rium
871 5610 1399 5680 spurcitiasjaclare,
1428 5627 1529 5664 non
1563 5613 1768 5679 inante,
1799 5612 1889 5667 sed
1922 5621 2043 5683 post
2071 5627 2129 5667 se
2156 5622 2301 5667 retro

700 5705 977 5778 projiciat,
1030 5713 1249 5775 propter
1299 5706 1518 5774 angelos
1558 5707 1740 5762 inante
1781 5716 2020 5772 stantes,
2070 5708 2297 5765 demon-

695 5805 909 5853 strante
940 5795 1207 5867 Propheta
1240 5813 1302 5853 ac
1329 5800 1542 5854 dicente
1567 5817 1578 5850 :
1612 5798 1678 5852 In
1702 5810 1974 5871 conspectu
1999 5803 2296 5872 angelorum

694 5892 923 5945 osallam
973 5892 1088 5958 libi,
1129 5902 1176 5945 et
1218 5893 1443 5946 adorabo
1492 5894 1560 5945 ad
1600 5894 1837 5957 (emplum
1878 5905 2109 5949 sanctum
2158 5908 2294 5948 tuum

2402 4776 2467 4829 ab
2490 4777 2815 4846 mquinoctio
2840 4776 3096 4847 hyemali,
3127 4778 3270 4845 quod
3303 4786 3384 4831 est
3412 4792 3502 4832 vm
3533 4776 3801 4832 Kalendas
3830 4777 3994 4833 Octo-

2402 4869 2531 4933 bris,
2566 4885 2733 4941 usque
2766 4871 2817 4923 in
2851 4868 3077 4934 Pascha,
3107 4872 3232 4940 quia
3265 4872 3431 4940 frigus
3459 4883 3561 4939 est,
3607 4882 3663 4925 ct
3693 4889 3851 4927 mane
3892 4874 3999 4927 fra-

2403 4970 2512 5015 tres
2542 4977 2647 5015 non
2692 4970 2916 5030 possunt
2956 4962 3156 5031 aliquid
3196 4963 3431 5032 operari,
3466 4978 3493 5016 a
3542 4965 3714 5031 prima
3745 4979 3913 5033 usque
3944 4964 3998 5019 in

2404 5055 2615 5107 tertiam
2658 5062 3006 5123 sequestratae
3036 5070 3063 5105 a
3108 5069 3166 5107 se
3195 5069 3291 5124 per
3340 5056 3455 5109 loca
3503 5054 3713 5110 diversa
3757 5057 3993 5118 decadae,

2410 5160 2476 5199 ne
2505 5145 2557 5198 in
2588 5160 2694 5197 uno
2726 5146 2938 5199 redacta
2969 5146 3141 5199 omnis
3180 5149 3524 5216 congregatio
3556 5149 3664 5201 suis
3713 5149 3812 5203 sibi
3864 5150 3998 5203 invi-

2407 5254 2522 5293 cem
2571 5240 2793 5293 vocibus
2845 5241 3176 5308 obstrepent,
3225 5240 3273 5293 id
3326 5248 3427 5303 est,
3477 5240 3796 5295 lectionibus
3842 5252 4001 5297 vacet

2409 5346 2545 5385 unus
2572 5331 2639 5385 de
2683 5332 2867 5387 decem
2918 5347 3012 5401 per
3054 5332 3189 5392 loca,
3224 5341 3277 5385 et
3307 5332 3502 5385 residui
3545 5333 3610 5386 de
3640 5349 3738 5385 suo
3772 5350 3999 5388 numero

2408 5426 2646 5480 audiant.
2674 5426 2729 5479 In
2753 5425 2833 5479 his
2863 5424 3034 5479 tribus
3064 5425 3210 5477 horis
3232 5424 3475 5478 infantuli
3506 5424 3556 5477 in
3588 5425 3787 5478 decada
3819 5441 3913 5480 sua
3943 5425 3995 5480 in

2408 5518 2602 5572 tabulis
2628 5518 2735 5571 suis
2763 5517 2828 5570 ab
2850 5531 2956 5569 uno
2982 5516 3218 5569 litterato
3249 5515 3453 5568 litteras
3484 5514 3827 5570 meditentur.
3862 5515 3995 5572 Nam

2406 5614 2457 5665 in
2487 5609 2772 5681 alphabeto
2803 5607 3038 5677 majores
3076 5622 3247 5676 usque
3273 5606 3357 5660 vel
3385 5607 3451 5660 ad
3480 5608 3995 5678 quinquagenariam

2402 5718 2616 5764 (etatem
2646 5708 2853 5762 litteras
2875 5705 3118 5760 meditari
3149 5705 3450 5759 hortamur.
3481 5703 3653 5759 Simul
3674 5717 3803 5771 ergo
3833 5703 3885 5756 in
3916 5703 3999 5759 his

2402 5804 2568 5866 horis,
2615 5812 2668 5855 et
2717 5800 2949 5869 psalmos
2989 5797 3235 5853 meditari
3284 5816 3313 5853 a
3368 5797 3745 5863 nescientibus,
3779 5797 3991 5851 ordina-

2406 5898 2549 5949 tione
2569 5895 2974 5963 praepositorum
3006 5906 3247 5956 suorum,
3272 5891 3642 5947 admonemus.
3671 5888 3730 5945 In
3758 5902 3999 5956 unaqua-
