5174 6626
1710 508 1835 564 1011

2994 506 3332 564 AUCTORIS
3372 505 3642 563 INCERTI

4832 511 4968 568 1012

1705 640 1809 693 que
1831 621 2024 677 des-adn
2055 637 2186 693 ergo
2217 623 2268 677 in
2299 622 2376 676 his
2399 621 2566 676 tribus
2589 621 2735 676 horis
2754 618 2979 675 invicem
3003 629 3054 674 et
3081 621 3275 689 legant,
3309 623 3360 682 Α
3386 620 3625 674 noctium
3675 633 3862 672 so.;'.tto
3912 627 4148 674 careant.
4184 619 4314 675 ltem
4357 627 4479 689 post
4516 618 4711 674 dictam
4754 621 4965 674 tertiam

1704 727 1758 770 et
1788 717 2006 770 audiant
2050 717 2252 770 vicibus
2280 715 2510 780 litteras,
2543 722 2595 767 et
2644 711 2876 781 psalmos
2921 711 3286 779 ignorantibus

1704 808 2011 863 ostendant.
2042 807 2172 862 Cum
2205 821 2332 874 ergo
2361 807 2412 860 in
2444 805 2665 872 spiritali
2690 819 2854 873 opere
2883 803 2978 858 has
3001 813 3107 857 tres
3129 805 3287 859 horas

1706 899 2042 970 peregerint,
2076 898 2326 966 repositis
2357 896 2554 949 tabulis
2597 903 2653 948 et
2697 895 2974 949 codicibus
3003 895 3193 948 divinis
3221 894 3286 947 ad

1705 989 1917 1042 tertiam
1948 987 2190 1041 laudibus
2219 995 2430 1053 surgant
2461 986 2475 1051 ς
2509 995 2724 1052 agentes
2754 985 2805 1038 in
2837 987 3072 1040 oratorio
3103 985 3286 1039 Domi-

1706 1098 1776 1134 no
1802 1081 2031 1147 gratias,
2064 1079 2202 1147 quod
2233 1086 2541 1132 meruerunt
2578 1084 2688 1129 tres
2717 1076 2874 1131 horas
2903 1076 3006 1129 diei
3039 1075 3288 1142 spiritali-

1703 1173 1804 1227 bus
1825 1171 2077 1239 Operibus
2103 1171 2349 1238 occupati
2382 1171 2494 1221 sine
2516 1176 2736 1238 peccato
2766 1167 3056 1220 transiisse.
3084 1166 3202 1220 Mox
3233 1174 3291 1220 ut

1705 1264 1934 1316 exierint
1963 1276 1991 1314 a
2025 1261 2203 1323 tertia,
2236 1259 2466 1313 universi
2507 1258 2776 1328 prmpnsiti
2827 1259 3014 1312 oculos
3059 1258 3289 1310 habeant

1707 1354 1771 1405 ad
1823 1353 2105 1418 abbatem,
2139 1352 2465 1420 inquircn'cs
2495 1366 2613 1404 cum
2645 1349 2772 1418 quid
2797 1349 2978 1418 jubcat
3011 1365 3132 1401 suas
3161 1363 3289 1418 ope-

1705 1451 1810 1503 rari
1860 1451 2090 1504 decadas
2124 1469 2132 1500 :
2165 1459 2217 1502 ct
2264 1465 2382 1503 cmn
2437 1450 2720 1516 unicuique
2770 1447 2983 1502 decadm
3022 1447 3288 1501 diversum

1709 1541 1904 1594 laboris
1933 1541 2282 1606 assignaverit
2310 1557 2463 1610 Opus,
2497 1558 2615 1593 mox
2647 1540 2972 1596 obedientcs.
3009 1539 3089 1592 vcl
3121 1555 3148 1591 a
3180 1540 3290 1591 suis

1710 1633 2008 1700 pi-nzpnsitis
2036 1632 2288 1688 ordinati.
2317 1633 2640 1699 assignatum
2674 1631 2864 1682 labori
2899 1647 3032 1698 Opus
3061 1646 3180 1681 cum
3212 1638 3287 1681 ta-

1709 1727 2016 1779 t‘iturnitatc
2055 1740 2265 1794 semper
2307 1732 2626 1788 exerceant;
2658 1723 2728 1774 ita
2761 1736 2886 1789 (rgo
2921 1733 2975 1774 ut
3004 1729 3289 1788 antequam

1711 1820 1775 1869 ita
1798 1819 1962 1872 liuent
1987 1819 2250 1884 laborare,
2283 1827 2456 1878 nrenl,
2490 1826 2544 1870 cl
2576 1826 2854 1884 pOstqnatn
2882 1814 3286 1882 cxplicavcrint,

1710 1919 1964 1963 rmrcnt:
2005 1911 2245 1962 laborent
2290 1925 2504 1977 δειιιμιιι
2548 1908 2895 1977 ρι’;υ›ριιιὶιιιις
2936 1908 3046 1959 suis
3079 1923 3289 1976 prath-

3388 726 3557 780 usque
3595 711 3647 764 in
3679 717 3884 766 sextam
3915 711 4194 777 laborent;
4226 725 4438 782 semper
4477 720 4658 766 autem
4687 727 4810 766 cum
4844 712 4970 767 taci-

3387 805 3644 858 turnitate
3667 804 3994 859 srecularium
4020 806 4105 859 vel
4131 805 4420 860 otiosarum
4440 820 4641 872 rerum,
4662 806 4744 860 vel
4771 805 4972 860 scurri-

3387 898 3574 962 litatis,
3599 913 3718 966 qua:
3746 896 3812 950 ad
3832 896 4243 951 :editicationem
4268 909 4371 952 non
4397 899 4668 966 pertinent
4693 916 4706 952 :
4738 899 4972 968 psalmo-

3389 1007 3504 1044 rum
3533 1007 3659 1043 vero
3689 992 4083 1056 recensioncm,
4118 990 4198 1043 vel
4229 989 4625 1044 meditationem
4659 997 4710 1043 et
4736 990 4970 1043 interro-

3388 1084 3655 1152 gationem
3704 1092 4094 1152 pxzeceptorum
4126 1082 4458 1144 divinorum,
4492 1082 4574 1135 vel
4606 1097 4702 1150 pro
4730 1081 4971 1136 aedifica-

3389 1179 3534 1230 tionc
3583 1177 3780 1246 aliqui-l
3828 1175 3894 1229 de
3938 1175 4047 1228 Deo
4095 1175 4260 1243 loqui,
4311 1175 4554 1243 quamvis
4604 1173 4655 1226 in
4705 1173 4794 1226 illa
4837 1173 4969 1226 hora

3388 1267 3663 1336 discipulis
3713 1267 3978 1322 licentiam
4029 1267 4351 1331 relaxamus,
4404 1264 4457 1318 in
4506 1264 4805 1318 absentiam
4835 1263 4970 1316 dun-

3390 1370 3539 1416 taxat
3569 1361 3774 1415 abbatis
3807 1379 3820 1412 :
3855 1361 3906 1414 in
3934 1360 4214 1424 przcscntia
4237 1374 4366 1412 vero
4391 1359 4506 1425 ejus
4535 1357 4718 1421 labor,
4751 1357 4970 1410 humili-

3391 1462 3490 1517 tas,
3526 1454 3864 1506 taciturnitas
3885 1461 3936 1505 ct.
3965 1451 4263 1505 reverentia
4291 1451 4607 1519 prazbcatur.
4644 1447 4698 1502 In
4731 1449 4970 1502 absentia

3391 1559 3519 1598 vero
3549 1543 3754 1597 abbatis
3785 1543 3902 1596 ideo
3934 1543 3997 1594 de
4031 1541 4181 1594 bonis
4206 1548 4258 1592 et
4298 1539 4494 1593 sanctis
4523 1540 4682 1593 rebus
4711 1552 4806 1592 eos
4832 1536 4975 1604 loqai

3390 1635 3770 1706 permittimus,
3797 1642 3853 1685 ut
3884 1647 4152 1700 nunquam
4185 1631 4323 1685 desit
4351 1630 4621 1685 memoria:
4651 1643 4840 1682 eorum
4865 1643 4975 1682 srr-

3391 1728 3564 1782 vanda
3594 1743 3690 1796 pro
3719 1725 3938 1780 servitio
3966 1723 4056 1776 Dei
4087 1723 4197 1776 oris
4226 1737 4412 1777 eorum
4443 1719 4706 1784 custodia,
4733 1730 4787 1773 et
4817 1734 4976 1786 expe-

3391 1820 3553 1874 ditius
3595 1819 3663 1873 de
3694 1819 3837 1871 bono
3868 1833 4025 1885 quan:
4069 1816 4132 1866 de
4161 1813 4302 1867 malo
4333 1828 4517 1866 eorum
4566 1811 4781 1881 eloquia
4820 1827 4967 1866 oecuo

3392 1921 3606 1980 pentur.
3639 1909 3770 1964 Nam
3809 1911 3979 1976 ipsum
4012 1907 4210 1960 laboris
4253 1920 4387 1974 opus
4433 1913 4734 1968 terrenum,
4760 1912 4853 1955 aut
4881 1919 4976 1956 cu-

1707 2003 1844 2067 sitis,
1873 2011 1924 2055 ct
1953 2019 2072 2054 cum
2115 2002 2453 2071 impleverint
2485 2018 2602 2054 cum
2648 2001 2910 2066 gravitate
2950 2009 3004 2053 ct
3043 2001 3137 2053 has
3179 2011 3287 2056 tres
3319 1991 3364 2050 Β
3385 2007 3556 2077 jusvis
3588 2007 3718 2059 artis
3746 2028 3750 2052 ι

2950 2009 3004 2053 Cl
3043 2001 3137 2053 llas
3179 2011 3287 2056 lN'S
3319 1991 3364 2050 Β
3385 2007 3556 2077 jusvis
3588 2007 3718 2059 artis
3746 2020 3864 2059 cum
3897 2003 4174 2068 inclinant,
4205 2001 4451 2054 orati-,ne
4479 1997 4817 2068 praecedente
4849 1997 4975 2051 iur-i-

1708 2096 1868 2147 huras
1909 2095 1958 2147 in
1984 2103 2133 2148 tanto
2183 2094 2247 2146 la'
2273 2096 2379 2146 οτι-ς
2411 2113 2459 2161 ιιε
2483 2109 2594 2158 ere,
2626 2093 2817 2146 divinis
2844 2093 2907 2145 azl
2935 2104 3138 2146 sextam
3171 2093 3285 2144 latt-

1708 2185 1861 2239 dibus
1903 2195 2139 2246 currant,
2184 2194 2402 2253 agentes
2443 2185 2492 2237 in
2525 2186 2763 2239 oratorio
2802 2185 3027 2238 llourno
3068 2187 3284 2252 gratias,

1707 2279 1796 2348 qui
1829 2279 1956 2332 item
1989 2278 2278 2332 meruczint
2310 2287 2363 2330 rt
2406 2278 2538 2332 alias
2584 2289 2686 2331 tres
2720 2280 2876 2331 haras
2903 2279 2953 2332 di
2980 2281 3006 2331 -i
3038 2281 3288 2348 occupati

1709 2379 1857 2423 tanto
1881 2371 2077 2424 laboris
2103 2385 2266 2438 opere
2296 2371 2412 2425 sine
2442 2380 2662 2439 peccato
2695 2373 2964 2425 transisse.
2999 2371 3124 2426 Ideo
3145 2372 3287 2427 enim

1706 2462 1898 2515 fratres
1913 2462 2136 2516 dicimus
2163 2462 2341 2514 tacito:
2356 2463 2576 2516 nitatem
2600 2477 2813 2531 semper
2826 2462 3027 2518 debere
3049 2479 3284 2531 servare,

1705 2558 1765 2606 ut
1792 2569 1910 2606 cum
1951 2555 2095 2606 omni
2139 2554 2205 2604 ab
2244 2554 2459 2621 eloquio
2489 2569 2549 2606 os
2592 2553 2909 2620 CUslnditur,
2946 2564 3161 2622 peccata
3187 2556 3288 2608 lin-

1702 2658 1824 2713 ευω
1853 2661 1958 2700 non
1997 2648 2364 2699 admittuntur.
2393 2645 2749 2700 Taciturnitas
2777 2658 2953 2699 autem
2987 2649 3098 2701 harc
3127 2664 3156 2700 a
3189 2650 3291 2702 l't‘a-

1705 2737 1878 2788 tribus
1909 2736 2274 2791 laborantibus
2305 2737 2639 2790 custodiatur
2685 2752 2711 2788 a
2761 2738 2949 2790 fabulis
2997 2740 3110 2792 sine
3151 2739 3286 2806 lege,

1704 2833 1786 2884 vel
1812 2833 2150 2885 szecularibns
2174 2834 2352 2896 rebus,
2384 2834 2463 2885 vel
2499 2832 2670 2884 verbis
2702 2833 2910 2895 otiosis,
2936 2850 3005 2900 qu
3026 2854 3052 2880 ιε
3085 2834 3148 2886 τλά
3177 2850 3288 2888 rem

1704 2939 1810 2975 non
1863 2923 2146 2985 pertinent.
2181 2925 2310 2978 Nam
2351 2925 2585 2992 psalmos
2637 2923 2903 2987 meditari,
2940 2926 3020 2979 vel
3052 2925 3287 2994 Scriptur-

1704 3029 1790 3067 ra;
1834 3031 2134 3080 recensere,
2167 3019 2247 3070 vel
2280 3021 2342 3071 .le
2375 3019 2482 3071 l)c0
2523 3017 2719 3086 aliquid
2753 3021 2917 3089 loqui,
2950 3020 3209 3074 duntaxat
3239 3023 3288 3076 in

1704 3104 1942 3158 absentia
1971 3106 2209 3172 abbatis,
2253 3109 2525 3161 humiliter
2555 3115 2731 3162 tamen
2763 3119 2816 3165 et
2845 3111 3016 3176 lente,
3048 3113 3291 3178 quamvis

1704 3195 1756 3247 iu
1791 3196 1876 3247 illa
1903 3196 2033 3250 hora
2067 3198 2257 3252 fratres
2286 3199 2552 3254 licentiam
2587 3204 2840 3258 habeant.
2870 3201 2989 3254 Mox
3022 3217 3146 3270 erga
3178 3211 3235 3255 ut
3261 3219 3290 3258 a

1703 3297 1854 3339 sexta
1903 3289 2158 3353 exierint,
2193 3300 2524 3346 revertentes
2554 3294 2620 3346 ad
2664 3295 2780 3347 loca
2821 3309 2915 3346 sua
2946 3309 3098 3347 Suum
3131 3293 3293 3362 perfi-

3391 2101 3578 2169 piant;
3610 2095 3797 2151 eadem
3828 2110 4041 2162 semper
4071 2092 4317 2144 oratione
4359 2099 4412 2144 ct
4442 2090 4645 2142 tiniant.
4684 2088 4807 2142 Ideo
4837 2088 4976 2142 enim

3390 2191 3727 2262 przecedente
3776 2189 4023 2243 oratione
4076 2185 4351 2252 incipiant,
4384 2191 4442 2237 ut
4483 2189 4670 2251 petant
4701 2180 4890 2244 Deum,
4923 2190 4977 2234 ut

3390 2287 3478 2355 pio
3526 2283 3642 2351 ejus
3685 2281 3886 2335 auxilio
3926 2279 4198 2347 adjuvati,
4233 2285 4286 2331 ct
4331 2277 4446 2343 ejus
4484 2273 4801 2328 defensione
4834 2273 4975 2326 onmi

3389 2377 3520 2431 hora
3551 2375 3740 2429 muniti
3768 2374 3820 2428 in
3851 2373 3933 2429 his
3963 2371 4126 2432 horis,
4159 2371 4353 2438 quibus
4378 2369 4642 2428 laborant.
4669 2382 4735 2420 ne
4763 2365 4976 2434 aliquod

3391 2469 3443 2522 in
3483 2470 3560 2522 eis
3589 2473 3869 2536 peccatum
3912 2463 4191 2530 subripiat,
4225 2461 4291 2516 de
4338 2476 4446 2530 quo
4492 2460 4696 2528 possint
4748 2457 4974 2512 Domino

3392 2561 3696 2631 displicere.
3743 2558 3808 2612 Et
3839 2558 3956 2612 ideo
3990 2565 4276 2626 postquam
4307 2569 4336 2608 a
4375 2554 4556 2608 labore
4584 2552 4971 2620 disjunxerint,

3391 2663 3583 2717 orent;
3617 2659 3836 2718 agentes
3867 2649 4062 2718 gratias
4092 2647 4220 2707 lteo,
4252 2643 4395 2712 quod
4426 2643 4619 2696 fuerint
4651 2641 4741 2694 Dei
4775 2641 4969 2694 auxilio

3392 2743 3646 2810 adjuvati.
3673 2739 3809 2808 Ergo
3834 2748 4115 2809 postquam
4139 2737 4233 2790 has
4264 2745 4371 2789 tres
4399 2735 4560 2788 horas
4586 2733 4970 2797 laboraverint,

3392 2835 3585 2887 divinis
3626 2834 3690 2885 ad
3735 2832 3946 2886 tertiam
3978 2831 4078 2882 lana
4104 2828 4221 2882 ibus
4249 2834 4488 2889 currant,
4518 2833 4739 2892 agentes
4769 2824 4822 2876 in
4853 2837 4975 2876 ora-

3393 2925 3532 2978 tario
3563 2923 3790 2977 Domino
3819 2935 3850 2990 ε
3882 2923 4036 2984 atias,
4068 2919 4159 2988 qui
4201 2917 4495 2972 meruerint
4533 2915 4584 2969 in
4631 2914 4823 2968 labore
4864 2928 4973 2967 ma-

3394 3029 3556 3068 nuum
3598 3016 3842 3081 occupati
3892 3013 4007 3064 sine
4057 3017 4402 3078 peccatorum
4450 3006 4652 3059 offensa
4703 3005 4974 3059 transisse.

3393 3105 3513 3160 Mox
3546 3120 3676 3172 ergo
3727 3114 3784 3158 ut
3816 3119 3844 3156 a
3879 3103 4031 3156 tertia
4061 3100 4311 3162 exierint,
4346 3097 4710 3166 unusquisque
4739 3103 4976 3150 reverta-

3396 3207 3480 3252 tur
3517 3196 3582 3250 ad
3631 3212 3785 3251 suum
3832 3194 4030 3249 laboris
4076 3209 4253 3262 opus:
4285 3201 4339 3246 et
4385 3207 4506 3245 cum
4552 3204 4650 3260 per
4692 3200 4977 3259 sequentes

3395 3288 3554 3343 horas
3601 3285 3962 3340 laboraverint
4007 3283 4201 3338 divinis
4241 3283 4306 3336 ad
4353 3290 4559 3337 sextam
4590 3281 4838 3336 laudibus
4862 3297 4978 3335 cur-

1705 3377 1847 3431 ciant
1877 3393 2046 3446 opus;
2077 3389 2132 3432 et
2157 3382 2209 3434 in
2238 3397 2344 3449 quo
2384 3399 2549 3452 opere
2591 3399 2802 3454 semper
2830 3383 3035 3452 majore
3067 3353 3287 3439 fratrum
3318 3353 3365 3414 ο
3393 3387 3546 3442 rant,
3587 3385 3805 3445 agentes
3845 3376 3901 3429 in
3929 3375 4170 3430 oramrio
4197 3373 4424 3428 Domino
4461 3373 4697 3442 gratias,
4729 3374 4821 3442 qui
4851 3371 4980 3429 alias

1708 3469 2066 3524 laborantium
2108 3475 2393 3529 exhibeute
2434 3477 2671 3544 cujusvis
2699 3477 2901 3533 codicis
2931 3477 3089 3531 lectio
3115 3479 3291 3546 quoti-

1704 3559 1792 3614 die
1818 3561 1885 3616 ab
1926 3577 2032 3617 uno
2062 3564 2297 3620 litterato
2339 3567 2563 3634 legatur.
2599 3569 2720 3623 Ideo
2755 3570 2895 3622 enim
2927 3569 3291 3626 ordinavimus

1704 3653 1946 3720 quotidie
1985 3654 2353 3711 laborantibus
2379 3660 2500 3726 legi,
2537 3669 2591 3712 ut
2620 3677 2740 3713 cum
2770 3676 2798 3712 a
2831 3661 2983 3714 malis
3016 3668 3287 3727 tacemus,

1705 3741 1775 3796 de
1797 3744 1952 3798 bonis
1981 3745 2246 3810 audimus,
2277 3757 2331 3802 et
2357 3749 2646 3816 loquimur,
2685 3766 2952 3819 nunquam
2986 3767 3286 3820 peccemus.

1707 3833 1826 3901 Ipse
1853 3848 2084 3903 namque
2130 3836 2294 3892 frater
2335 3841 2496 3906 legat,
2539 3855 2697 3909 quem
2729 3844 2895 3897 abbas
2924 3859 3020 3911 per
3058 3845 3290 3909 aliquam

1707 3923 2193 3990 impossibilitatent
2258 3931 2594 3986 necessitatis
2657 3949 2763 3986 non
2826 3949 2982 4002 posse
3049 3935 3292 3989 laborare

1708 4018 2004 4084 agnoverit.
2039 4020 2190 4085 Quod
2231 4021 2274 4074 si
2303 4022 2414 4090 ipse
2445 4025 2617 4087 major
2645 4040 2898 4078 numerus
2925 4025 3172 4087 fratrum.
3206 4028 3290 4081 cui

1708 4107 1924 4176 legitur,
1956 4125 2122 4178 prope
2151 4113 2218 4165 sit
2248 4115 2592 4177 monasterio,
2621 4125 2908 4184 operantes
2941 4117 3084 4172 intus
3109 4135 3290 4173 mona-

1707 4203 1928 4254 sterium
1959 4202 2155 4271 aliquid
2180 4205 2284 4258 tale
2305 4206 2372 4259 de
2391 4207 2598 4262 artibus
2622 4208 2835 4274 fratres,
2859 4224 2978 4264 cum
3000 4226 3108 4278 quo
3129 4227 3293 4282 opere

1706 4291 1915 4360 possint
1939 4291 2005 4345 ad
2047 4293 2284 4362 legentes
2312 4298 2572 4363 migrare,
2603 4310 2726 4351 mox
2757 4313 2814 4352 se
2840 4299 3084 4367 juugaut,
3114 4310 3170 4354 et
3195 4316 3280 4354 an-

1706 4381 1858 4434 diant
1879 4381 2118 4446 auribus,
2141 4391 2318 4439 tamen
2346 4386 2586 4441 inanibus
2612 4397 2916 4455 operantes.
2944 4389 3093 4453 Quod
3116 4390 3158 4442 si
3187 4388 3290 4443 lixa

1705 4471 1777 4525 sit
1811 4473 1991 4541 operis
2040 4472 2274 4540 omcina,
2313 4487 2407 4530 aut
2446 4479 2551 4532 tale
2597 4480 2666 4532 sit
2706 4496 2859 4547 opus,
2900 4496 3019 4534 cum
3050 4497 3155 4549 quo
3186 4498 3290 4537 non

1707 4566 1918 4634 possint
1948 4566 2138 4621 fratres
2165 4569 2228 4622 ad
2261 4570 2498 4636 legentes
2533 4572 2796 4639 migrare,
2828 4574 2927 4626 alia
2963 4573 3050 4627 die
3083 4583 3136 4628 et
3166 4576 3292 4643 ipsis

1704 4654 1938 4720 legatur.
1971 4655 2114 4728 Ergo
2145 4675 2262 4713 cum
2305 4670 2360 4714 et
2386 4661 2482 4716 has
2511 4674 2616 4717 tres
2647 4665 2806 4718 horas
2832 4666 2884 4720 in
2908 4665 3106 4720 laboris
3130 4681 3291 4735 opere

1709 4748 2040 4814 transierint,
2070 4749 2266 4804 divinis
2290 4752 2350 4803 ad
2376 4768 2570 4806 nonam
2600 4754 2840 4809 laudibus
2866 4768 3104 4822 currant,
3130 4771 3291 4824 agen-

1710 4845 1790 4891 tes
1821 4837 1873 4891 in
1905 4841 2143 4894 oratorio
2186 4840 2416 4895 Domino
2463 4845 2680 4910 gratias,
2714 4847 2801 4915 qui
2834 4849 2956 4900 item
3001 4852 3291 4904 meruerint

1706 4939 1762 4983 et
1791 4929 1925 4984 alias
1963 4941 2070 4986 tres
2115 4933 2278 4988 horas
2317 4935 2420 4987 diei
2461 4936 2576 4989 sine
2605 4946 2823 5004 peccato
2855 4941 3129 4994 transisse.
3165 4941 3289 4995 Post

1707 5037 1905 5078 nonam
1939 5040 2066 5078 vero
2106 5036 2364 5092 quantum
2405 5030 2636 5097 spatium
2670 5031 2720 5082 in
2753 5030 3104 5086 lncernariam
3137 5037 3287 5088 resti-

1709 5117 1850 5178 teiit,
1897 5117 2123 5185 quisque
2170 5119 2312 5186 quod
2366 5122 2659 5173 occurrerit
2698 5133 2969 5190 operetur,
3011 5127 3290 5179 ordinante

1705 5205 1922 5271 abbate,
1956 5206 2036 5259 vel
2064 5208 2404 5261 iusisteutibu
2466 5213 2764 5278 praepositis
2793 5215 2920 5266 suis.
2955 5214 3052 5278 Qui
3083 5231 3286 5284 prmpo-

1706 5296 1792 5348 siti
1825 5295 1943 5349 ideo
1971 5297 2222 5351 fratribus
2253 5301 2396 5352 oumi
2429 5301 2557 5352 liora
2584 5300 2914 5367 immineant,
2948 5313 3004 5357 ut
3036 5306 3198 5358 frater
3222 5321 3286 5360 ex

1707 5395 1824 5439 toto
1871 5389 2080 5440 otiosus
2124 5405 2228 5441 non
2276 5391 2363 5442 sit.
2409 5391 2537 5444 Nam
2567 5409 2686 5446 cum
2719 5395 2769 5446 in
2810 5395 3006 5463 aliquid
3043 5396 3286 5451 faciendo

1707 5476 1871 5530 fuerit
1917 5488 2233 5547 occupatus.
2267 5497 2370 5534 non
2422 5491 2574 5536 vacat
2619 5485 2668 5536 ei
2718 5485 2818 5537 alia
2875 5486 3130 5551 cogitare,
3187 5487 3285 5540 nisi

1707 5571 1810 5625 boc
1869 5571 1921 5623 in
1973 5572 2114 5639 quod
2158 5574 2374 5628 intentis
2429 5569 2670 5629 manibus
2712 5585 2981 5646 Operatur.
3026 5577 3078 5630 In
3127 5587 3283 5631 (csta-

1707 5660 1776 5712 tis
1803 5675 1930 5713 vero
1957 5670 2218 5728 tempore,
2246 5665 2291 5713 id
2317 5675 2415 5731 est,
2441 5681 2468 5716 a
2494 5665 2695 5719 Pascha
2724 5684 2885 5734 usqur
2911 5672 3285 5737 tequiunctium

1707 5752 1984 5821 hyemale,
2022 5754 2165 5821 quod
2198 5765 2276 5807 est
2306 5772 2394 5810 vni
2428 5756 2690 5810 Kalendas
2719 5759 2992 5821 Octobris,
3025 5761 3146 5829 quia
3177 5777 3287 5812 Ina-

1707 5844 1788 5912 gis
1813 5859 1972 5896 mane
2003 5846 2307 5913 refrigerat,
2341 5863 2369 5900 a
2402 5847 2565 5914 prima
2591 5865 2758 5916 usque
2790 5851 2839 5901 in
2885 5852 3092 5902 tertiam
3125 5852 3289 5916 magis

1707 5942 2036 5991 operentur:
2083 5944 2138 5988 ut
2177 5942 2373 5992 recenti
2420 5951 2473 5993 et
2525 5942 2696 6006 suavi,
2730 5943 2808 5993 vel
2860 5943 3004 6002 gravi
3049 5944 3285 5996 brevium

3396 3476 3503 3521 tres
3539 3466 3700 3521 horas
3731 3466 3834 3520 diei
3875 3465 4123 3535 occupati
4167 3466 4296 3519 item
4341 3465 4394 3518 in
4424 3464 4625 3519 laboris
4671 3480 4840 3534 opere
4866 3465 4980 3520 sine

3393 3568 3615 3628 peccato
3669 3564 3981 3612 meruerunt
4031 3555 4308 3610 transisse.
4364 3554 4557 3608 Statim
4615 3563 4739 3624 post
4783 3555 4977 3610 dit-tam

3394 3659 3623 3712 sextam,
3659 3659 3749 3702 aut
3778 3657 3900 3718 post
3929 3647 4236 3716 prandium,
4263 3660 4424 3714 quam
4455 3647 4506 3700 in
4531 3644 4767 3716 jejunio,
4794 3661 4979 3699 omnes

3393 3743 3602 3796 modice
3653 3743 3704 3795 in
3754 3741 3865 3795 suis
3913 3741 4066 3795 lectis
4113 3739 4462 3794 meridicntur
4495 3758 4508 3793 :
4542 3748 4600 3794 ut
4652 3741 4978 3795 meridianas

3395 3834 3572 3894 horas.
3607 3833 3691 3888 vel
3720 3833 4014 3887 ferventem
4042 3841 4230 3886 :estnm
4258 3832 4312 3885 in
4341 3846 4538 3902 sopore
4565 3840 4975 3901 pertranseant;

3394 3933 3448 3978 et
3477 3927 3525 3978 in
3555 3925 3791 3991 fatigatis
3820 3926 4040 3978 fratrum
4072 3924 4417 3992 corporibus,
4449 3924 4500 3978 id
4543 3932 4653 3989 est,
4686 3925 4901 3994 jejunio
4930 3936 4977 3979 et

3395 4016 3600 4081 labore,
3626 4016 3790 4084 ipsius
3815 4015 4072 4083 temporis
4103 4014 4338 4070 brevitas
4360 4015 4599 4070 noctium
4634 4017 4838 4071 auxilio
4868 4033 4977 4071 me-

3396 4107 3587 4159 ridiani
3627 4106 3803 4160 somni
3843 4116 4292 4175 compensentur;
4323 4119 4377 4161 et
4416 4107 4629 4161 sobrius
4655 4107 4768 4176 jam
4801 4119 4979 4178 surgat

3397 4205 3559 4258 frater
3586 4205 3637 4258 iu
3670 4212 3849 4268 nocte,
3890 4219 4011 4258 cum
4044 4203 4272 4273 coeperit
4311 4213 4498 4258 astate
4526 4202 4766 4258 dormire
4791 4205 4847 4259 in
4876 4206 4974 4259 die.

3395 4299 3534 4364 Ergo
3583 4308 3703 4367 post
3742 4306 3947 4352 sextam
3979 4312 4100 4351 cum
4140 4297 4252 4353 suis
4290 4312 4350 4352 se
4373 4296 4761 4352 oollocaverint
4809 4299 4975 4362 lectis,

3397 4401 3518 4462 post
3539 4391 3801 4446 modicam
3833 4391 4072 4460 requiem
4117 4391 4352 4445 universi
4384 4389 4576 4444 fratres
4605 4405 4635 4443 a
4679 4394 4976 4461 pmposilis

3393 4486 3522 4546 suis,
3556 4485 3636 4538 vel
3665 4484 3764 4552 ipsi
3795 4484 3951 4538 simul
3981 4484 4251 4553 prmpositi
4280 4483 4348 4537 ab
4375 4482 4541 4550 ipsius
4564 4484 4884 4552 septimana:
4908 4485 4974 4536 vi.

3393 4577 3627 4644 giligallo
3654 4578 3906 4640 excitati,
3939 4586 4141 4646 quanto
4171 4575 4346 4643 spatio
4375 4574 4478 4628 diei
4508 4590 4652 4628 nona
4684 4577 4974 4635 restiterit,

3399 4671 3524 4723 item
3555 4681 3676 4722 cum
3710 4669 4078 4726 taciturnitate
4113 4666 4400 4734 vaniloqnii
4431 4665 4636 4720 artibus
4665 4666 4775 4719 suis
4803 4681 4975 4721 rever-

3399 4769 3579 4814 tantur
3603 4770 3656 4813 et
3679 4759 3884 4822 labori;
3915 4766 3969 4813 et
3995 4758 4048 4811 in
4073 4763 4183 4810 tot»
4207 4759 4324 4827 ipso
4349 4760 4551 4810 astatis
4583 4765 4851 4825 tempore,
4880 4770 4974 4809 tam

3395 4852 3556 4906 etiam
3605 4865 3726 4905 cum
3780 4860 3929 4904 sexta
3973 4849 4124 4912 hora,
4171 4847 4253 4901 vel
4299 4862 4439 4900 nona
4490 4847 4744 4900 reficitur.
4782 4847 4973 4900 Tamen

3395 4954 3516 5013 post
3546 4958 3740 4997 nonam
3772 4950 4028 5010 quantum
4080 4941 4308 5008 spatium
4357 4940 4462 4993 diei
4511 4940 4771 4993 restiterit
4817 4953 4975 5008 usque

3399 5035 3688 5104 temperius
3720 5034 4026 5087 inchoatam
4071 5032 4452 5095 Iuceruariam,
4483 5039 4609 5086 tunc
4637 5032 4974 5087 ordinatione

3397 5125 3801 5193 prmpositorum
3834 5139 4050 5179 suorum
4091 5132 4440 5192 sequestrata:
4470 5139 4499 5176 a
4533 5138 4594 5177 se
4621 5139 4717 5192 per
4747 5124 4870 5179 loca
4896 5125 4970 5179 di-

3394 5229 3544 5266 versa
3575 5215 3807 5275 decuriae,
3853 5215 3939 5268 alii
3980 5215 4180 5278 legant,
4221 5213 4310 5266 alii
4351 5212 4589 5279 audiant,
4627 5213 4719 5266 alii
4773 5214 4972 5269 litteras

3393 5304 3600 5357 disi-ant
3632 5311 3683 5356 et
3716 5303 3966 5364 doceant,
4009 5304 4093 5355 alii
4127 5303 4360 5371 psalmos
4397 5317 4533 5370 quos
4560 5303 4766 5357 habent
4792 5320 4971 5373 super-

3393 5397 3596 5464 positus
3640 5393 3980 5446 meditentur.
4029 5394 4158 5445 Nam
4191 5408 4311 5446 rum
4352 5408 4446 5445 eos
4485 5395 4895 5457 maturaverint,
4924 5403 4969 5447 et

3395 5486 3650 5538 memoria
3695 5484 3929 5553 perfecte
3975 5486 4283 5549 tenuerint,
4331 5484 4545 5538 adducti
4591 5500 4620 5536 a
4676 5487 4969 5556 praepositis

3395 5574 3504 5626 suis
3551 5574 3719 5641 ipsum
3752 5573 4010 5640 psalmum
4051 5581 4142 5625 aut
4172 5573 4459 5635 canticum,
4497 5588 4592 5625 seu
4632 5575 4881 5639 quamvis
4904 5574 4967 5628 le-

3395 5664 3626 5717 CllOllelll
3648 5664 3956 5716 memoriter
3979 5663 4154 5716 abbati
4183 5663 4465 5716 restituant
4492 5682 4502 5714 :
4533 5673 4587 5716 et
4609 5679 4732 5716 cum
4763 5665 4967 5734 perred—

3396 5756 3621 5819 uiderit,
3653 5772 3774 5808 mox
3807 5765 3954 5824 petet
3995 5772 4089 5825 pro
4115 5771 4172 5810 se
4202 5756 4399 5810 debere
4427 5757 4590 5810 orari.
4634 5755 4700 5810 Et
4731 5774 4851 5812 eum
4884 5774 4964 5827 pra

3394 5862 3459 5899 eo
3481 5862 3506 5897 τι
3541 5846 4010 5901 circumstantibus
4037 5857 4244 5902 oratum
4269 5848 4446 5912 fuerit,
4480 5850 4776 5918 complenti
4805 5848 4962 5903 abbati

3395 5958 3563 6009 genua
3596 5943 3889 6008 osculetur,
3923 5944 4010 6012 qui
4043 5942 4270 5998 reddidit
4327 5942 4424 5996 Cui
4471 5959 4594 6000 mox
4627 5953 4723 5997 aut
4767 5946 4832 6000 ab
4865 5946 4961 6008 ipsa
