5174 6538
712 427 858 483 1015

2239 425 2537 484 REGULA.

3855 427 3993 486 IOM

711 543 946 605 abbate,
986 546 1082 596 aut
1120 539 1421 612 pmpositis
1457 538 1681 610 jubetnr
1705 538 2030 608 superponi;
2061 546 2116 592 et
2155 548 2304 606 pust-
2335 548 2380 604 Α
2408 554 2601 610 penso,
2631 539 2833 592 artibus
2854 538 3098 608 quotidie
3125 538 3385 602 sedeant;
3418 538 3508 607 qui
3542 547 3718 593 tamen
3745 553 3866 594 cum
3896 541 3996 595 ali-

707 645 877 701 quam
904 629 1305 701 superpositum
1331 629 1494 685 fuerit
1519 628 1771 698 quodvis,
1803 637 2089 699 antequam
2118 642 2299 684 secum

707 720 1006 776 meditetur
1025 762 1042 788 ,
1074 722 1206 776 item
1234 737 1265 776 a
1295 719 1765 776 circumstantibus
1793 728 1940 789 petat
1970 735 2064 789 pro
2094 735 2154 775 se
2183 736 2302 774 ora-

705 816 779 878 ri,
809 823 860 868 et
904 813 982 867 sic
1026 812 1247 868 inchoet
1287 811 1555 868 meditari.
1603 811 1928 867 Lucernaria
1982 827 2110 867 vero
2153 811 2301 865 omni

705 914 980 974 tempore,
1023 905 1258 960 maxime
1283 919 1412 960 vero
1442 904 1494 958 in
1520 913 1729 969 testate,
1759 905 2050 973 temperius
2081 903 2299 958 inchoe-

704 1005 816 1055 tur,
849 996 1118 1066 pendente
1145 995 1321 1050 adhuc
1350 995 1486 1060 sole,
1514 995 1651 1049 sicut
1670 994 1800 1050 dicit
1823 993 2116 1062 Propheta,
2140 1010 2300 1064 usque

701 1087 776 1138 ad
815 1103 1056 1140 occasum
1105 1087 1123 1148 (
1153 1086 1301 1140 Psal.
1337 1102 1478 1141 cxxu
1512 1086 1530 1157 )
1565 1104 1577 1140 :
1609 1103 1716 1142 non
1755 1095 1932 1140 tamen
1974 1085 2136 1148 dixit,
2182 1094 2302 1155 post

701 1194 985 1232 occasum.
1035 1177 1176 1246 Ergo
1224 1177 1350 1232 inde
1403 1177 1635 1232 maxime
1682 1177 1736 1231 in
1783 1184 1968 1231 aestate
2009 1176 2300 1246 temperius

700 1267 1065 1321 lueernariam
1099 1268 1329 1324 diximus
1355 1269 1632 1334 inchoari,
1665 1278 1884 1338 propter
1911 1267 2102 1323 breves
2132 1267 2300 1338 ipsius

701 1362 968 1427 temporis
1021 1374 1228 1417 noctes.
1276 1359 1357 1416 Ad
1395 1361 1630 1415 laborem
1677 1376 1806 1415 vero
1856 1359 2036 1430 operis
2078 1358 2296 1424 terreni,

700 1451 784 1504 vel
816 1453 1101 1507 missiones
1125 1454 1352 1520 viarum,
1377 1452 1428 1506 bi
1453 1451 1644 1507 fratres
1671 1451 2012 1521 deputentur,
2039 1452 2130 1521 qui
2157 1459 2300 1506 artes

701 1544 974 1608 Ilt'SCIUIII,
1007 1553 1100 1598 aut
1129 1543 1339 1598 discere
1367 1543 1584 1607 nolunt,
1617 1551 1712 1597 aut.
1739 1559 1846 1598 non
1880 1551 2122 1612 possunt.
2156 1543 2299 1596 Arti-

700 1637 830 1685 IIt’CS
863 1649 994 1690 vero
1024 1635 1285 1706 deputato
1326 1637 1432 1701 die,
1468 1644 1522 1691 et
1562 1636 1990 1706 experimentato
2034 1636 2164 1690 artis
2193 1650 2302 1690 sua:

2406 646 2509 700 qua
2542 630 2835 686 necessitas
2861 630 3060 685 laboris
3094 629 3294 685 terreni
3323 640 3415 684 aut
3441 631 3648 685 viarum
3681 645 3778 699 pro
3807 647 3995 686 mona-

2404 722 2558 778 sterii
2589 721 2819 775 utilitate
2867 722 3178 790 perurserit,
3214 730 3339 776 tunc
3382 722 3583 778 relictis
3628 720 3854 786 artibus,
3903 734 3995 776 ant

2403 814 2628 868 fratrum
2660 811 2972 882 adjutoriis,
3005 823 3097 866 aut
3139 815 3346 867 viarum
3383 813 3791 870 necessitatibus
3829 829 3991 868 occu-

2402 915 2616 974 pentur.
2651 904 2929 959 Fratribus
2957 902 3200 958 delicatis
3239 913 3292 959 et
3323 903 3546 958 inlirmis
3577 905 3698 960 talis
3725 903 3879 960 labor
3907 904 3990 958 in-

2400 994 2678 1064 jungatur,
2712 1006 2767 1048 ut
2797 997 3100 1050 nutriantur
3129 993 3194 1047 ad
3225 997 3500 1050 servitium
3548 996 3666 1062 Dei,
3703 1011 3809 1049 non
3839 995 3993 1051 occi-

2403 1087 2599 1144 dantur
2630 1106 2640 1138 :
2675 1086 2989 1142 duricordcs
3014 1104 3140 1144 vero
3171 1096 3219 1141 et
3250 1090 3520 1158 simplices
3551 1089 3765 1156 fratres,
3797 1089 3880 1145 vel
3900 1089 3991 1159 qui

2400 1178 2608 1241 litteras
2650 1179 2831 1233 dicere
2878 1177 3086 1246 nolunt,
3120 1188 3174 1234 et
3216 1197 3323 1235 non
3370 1189 3612 1250 possunt,
3663 1181 3763 1252 ipsi
3809 1181 3992 1250 surdis

2403 1273 2657 1341 operibus
2699 1271 3044 1337 intrii-enitar;
3080 1281 3257 1327 tamen
3284 1287 3402 1331 cum
3451 1285 3874 1344 temperamento
3897 1275 3986 1342 ju-

2403 1361 2560 1415 stitia:
2588 1381 2597 1413 :
2627 1377 2690 1416 ne
2713 1361 3031 1432 solijugiter
3053 1362 3272 1418 diversis
3296 1365 3665 1434 opprimantur
3695 1363 3984 1418 laberibus.

2402 1449 2680 1519 Infantuli,
2715 1463 2767 1508 ct
2794 1454 2904 1523 jam
2931 1456 3083 1510 senio
3122 1453 3418 1525 decrepiti,
3457 1465 3513 1512 et
3562 1455 3755 1512 inﬁrmi
3797 1456 3991 1525 atquali

2404 1542 2599 1598 debent
2639 1545 2755 1612 cogi
2783 1545 3006 1612 judicio.

3116 1781 3984 1807 *Ἦ

1384 1885 1790 1961 INCIPIT
1852 1886 2256 1962 REGULA
2312 1886 3317 1979 QUA'IIAGESIMALIS.

1307 2103 1537 2162 CAPUT
1595 2105 1677 2160 LI.

1126 2215 1525 2255 INTERROGATIO
1568 2217 1838 2256 DISCIPULI.

905 2309 986 2366 De
1029 2311 1353 2366 orationibus
1410 2311 1835 2382 Quadragesimte
1908 2313 1961 2366 in
2011 2313 2113 2367 die.

969 2437 1276 2476 BESPONDET
1319 2437 1544 2476 DOIINUS
1584 2440 1682 2477 PER
1726 2440 2050 2481 MAGISTRUII.

768 2535 918 2589 Inter
948 2533 1240 2588 matutinos
1268 2545 1323 2588 et
1353 2535 1579 2602 primam
1621 2550 1751 2604 pura
1780 2535 1892 2590 ﬁeri
1926 2536 2086 2591 debet
2116 2545 2292 2594 oratio

693 2631 766 2681 ab
797 2628 1078 2688 omnibus;
1133 2627 1260 2680 item
1295 2627 1432 2680 inter
1480 2628 1708 2698 primam
1757 2635 1811 2682 et
1857 2629 2105 2684 tertiam:
2140 2632 2290 2685 simi-

698 2721 830 2773 liter
861 2719 974 2773 Iieri
1006 2720 1146 2773 inter
1199 2721 1410 2773 tertiam
1460 2728 1517 2774 et
1563 2729 1769 2774 sextam
1809 2721 2099 2776 :similiter
2155 2723 2293 2776 inter

692 2817 911 2862 sextam
929 2819 981 2863 et
1003 2824 1233 2862 nonam:
1259 2809 1507 2865 similiter
1525 2811 1666 2864 inter
1689 2826 1882 2864 nonam
1907 2822 1960 2866 et
1976 2829 2288 2882 vesperam;

698 2900 958 2955 similiter
991 2902 1132 2955 inter
1160 2917 1440 2970 veSperam
1487 2912 1542 2956 et
1584 2902 1968 2972 cornpletorios
1998 2918 2010 2954 :
2045 2903 2293 2958 similiter

700 2997 822 3049 tieri
854 2996 906 3048 in
939 2997 1067 3050 totis
1107 2994 1540 3063 Quadragesime
1566 2996 1755 3051 diebus
1784 3004 2018 3066 oportet.

1297 3128 1526 3185 CAPUT
1586 3129 1691 3184 LII.

1159 3241 1209 3278 IN
1223 3241 1546 3278 I‘l-.RII(!(}A'I‘IO
1589 3242 1858 3280 DISCII‘IZLI.

697 3339 779 3394 De
814 3338 1138 3394 orationibus
1180 3336 1604 3408 Quadrngesimw
1630 3342 1682 3392 in
1709 3348 1876 3405 nocte,
1905 3342 2008 3393 sive
2036 3339 2285 3394 Psalmis.

961 3467 1269 3507 RESPONDET
1310 3468 1536 3507 DOIIINIIS
1578 3469 1675 3507 PER
1714 3465 2013 3510 MAGISTRUM

770 3564 1004 3635 Oportet
1036 3571 1158 3633 post
1184 3564 1412 3635 primum
1444 3565 1755 3620 decubitum
1801 3582 1990 3622 omnes
2018 3583 2239 3638 surgere
2268 3610 2283 3634 ,

686 3666 750 3714 et
775 3665 902 3710 ante
930 3657 1100 3711 lectos
1125 3671 1250 3711 suos
1295 3669 1477 3724 orare,
1501 3658 1773 3727 complere
1793 3659 2066 3727 abbatem,
2095 3670 2151 3716 et
2200 3677 2285 3717 re-

684 3764 928 3822 pausare
951 3763 1161 3814 omnes,
1190 3750 1318 3803 item
1347 3753 1469 3819 post
1492 3761 1785 3807 nocturnos
1816 3769 2127 3823 repausare.
2152 3754 2285 3811 Item

685 3861 817 3900 cum
853 3844 1152 3897 cantavcrit
1187 3841 1378 3911 gdlus,
1407 3857 1595 3899 omnes
1620 3855 1866 3912 surgere,
1892 3855 1947 3900 et
1976 3862 2135 3902 orare
2161 3858 2285 3904 ante

683 3938 867 3993 lectos
899 3949 1045 3996 suos,
1073 3933 1350 4002 complere
1378 3934 1651 4003 abbatem,
1675 3943 1730 3988 et
1752 3951 2046 4004 repausare
2073 3954 2280 3994 omnes.

691 4025 855 4082 Unde
895 4032 1114 4093 oportet
1141 4022 1463 4092 vigiligallos
1491 4065 1505 4090 ,
1568 4024 1618 4078 in
1651 4026 1899 4082 nactibus
1955 4027 2040 4082 vel
2097 4029 2286 4085 diebus

685 4115 1132 4185 Qnadragesimre
1161 4114 1386 4169 multum
1421 4114 1707 4185 vigilantes
1739 4117 1790 4171 in
1842 4127 1999 4172 nocte
2039 4128 2092 4172 et
2121 4120 2284 4175 indie

682 4221 814 4262 esse
842 4205 1122 4269 sollicitos,
1157 4212 1217 4260 ut
1240 4206 1406 4262 horas
1447 4206 1728 4266 advenisse
1759 4210 2065 4265 orationum
2092 4213 2284 4269 fratres

686 4297 1041 4352 admoneant.
1074 4296 1201 4351 Ideo
1231 4297 1432 4353 debent
1479 4299 1532 4352 In
1579 4315 1684 4352 uno
1730 4301 1865 4355 atrio
1919 4317 2108 4358 omnes
2153 4303 2276 4358 dor-

687 4396 852 4461 mire,
887 4403 943 4446 nt
971 4394 1040 4448 ab
1068 4393 1318 4449 omnibus
1348 4395 1624 4449 orationes
1647 4395 1760 4449 istzc
1783 4406 1907 4451 ante
1933 4398 2100 4453 lectos
2132 4416 2282 4455 com-

686 4486 932 4539 muuitcr
980 4485 1352 4553 impleantur,
1413 4494 1471 4538 ut
1525 4502 1715 4540 omnes
1765 4489 1981 4542 audiant
2027 4492 2280 4548 abbatem

687 4575 1080 4644 compientem.
1110 4575 1257 4629 Idem
1289 4575 1487 4631 debent
1527 4591 1767 4647 surgere,
1795 4589 1848 4632 et
1893 4580 2067 4633 facere
2111 4594 2282 4635 matu-

687 4667 836 4720 tinos
861 4680 875 4718 :
905 4666 1030 4732 quia
1054 4665 1228 4720 adhuc
1261 4668 1508 4721 matutini
1536 4671 1769 4737 separati
1801 4685 1830 4723 a
1856 4673 2129 4728 nocturnis
2158 4683 2283 4729 ante

686 4755 901 4810 Pascha
923 4755 1192 4831 dicuntur.
1217 4755 1350 4811 Item
1381 4758 1519 4813 inter
1543 4761 1833 4816 matutinos
1859 4771 1912 4815 et
1953 4765 2175 4831 primam
2207 4767 2279 4822 si-

683 4849 891 4902 militer
914 4863 1044 4918 pura
1078 4826 1179 4902 fiat.
1207 4851 1402 4903 oratio.

1289 4963 1518 5019 CAPUT
1582 4966 1705 5020 LIII.

1135 5073 1462 5113 INTERROGA’I
1478 5076 1527 5112 ιτ)
1576 5076 1764 5114 DISCII'I
1780 5078 1828 5114 LI
1841 5103 1850 5114 .

751 5172 830 5224 Dc
868 5171 1182 5224 continentia
1213 5170 1438 5224 ciborum
1466 5182 1513 5225 et
1534 5185 1680 5241 potus
1705 5175 1755 5226 in
1787 5175 2216 5247 Qnadragesintn.

977 5299 1285 5338 ﬂESI’ONDET
1328 5300 1555 5341 DOJII-NUS
1595 5303 1694 5340 I'Iaﬂ
1737 5304 2058 5342 IACIS'IIIUM.

759 5400 936 5452 [fnum
962 5405 1177 5451 coctum
1208 5396 1456 5452 omnibus
1483 5399 1814 5468 pulmentum
1847 5399 2114 5467 sufliciat;
2149 5412 2203 5456 el
2229 5405 2280 5460 in

677 5489 942 5548 secundis
979 5489 1340 5560 quodcunque
1400 5490 1562 5546 fuerit
1612 5493 1835 5548 crudum
1892 5512 2013 5550 cutn
2064 5499 2277 5566 pontis:

677 5586 843 5657 panis
871 5582 1157 5638 hordeacei
1195 5584 1414 5651 quadra:
1445 5585 1581 5642 dum.
1620 5589 1700 5643 Ab
1741 5589 1857 5658 ipso
1908 5592 1992 5644 die
2039 5592 2272 5657 Quadra-

673 5677 907 5748 gesimzc
936 5689 1105 5744 usque
1136 5676 1186 5730 in
1221 5679 1550 5735 tricesimum
1599 5692 1824 5753 propter
1852 5684 2089 5740 laborem
2125 5687 2276 5742 binas

676 5774 748 5828 ad
775 5771 921 5826 diem
941 5771 1156 5838 fratres,
1182 5786 1286 5826 non
1315 5775 1566 5842 amplius,
1601 5778 1866 5846 accipiant
1898 5780 2176 5848 potiones;
2224 5781 2276 5836 id

677 5873 789 5933 est,
844 5879 1008 5921 unum
1043 5882 1250 5922 merum
1298 5875 1355 5922 et
1401 5883 1564 5923 unum
1618 5871 1850 5926 caldum.
1905 5872 1945 5926 A
2006 5877 2272 5932 tricesima

2331 2111 2374 2170 Β
2403 2125 2528 2164 vero
2559 2127 2724 2179 usque
2766 2112 2819 2164 in
2851 2112 3158 2166 vicesimam
3187 2114 3428 2184 singulos
3466 2133 3644 2172 meros
3675 2119 3983 2190 accipiant:

2400 2217 2429 2254 a
2462 2202 2713 2257 vicesima
2747 2219 2874 2258 vero
2928 2220 3093 2273 usque
3144 2204 3210 2260 ad
3266 2204 3469 2264 Pascha
3501 2211 3683 2264 vinum
3736 2215 3990 2272 omnibus

2395 2293 2784 2349 subtrahatur:
2818 2297 3020 2365 ab.~que
3071 2298 3335 2368 inlirmis,
3388 2311 3442 2355 et
3499 2301 3793 2359 infantibus
3850 2309 3986 2362 intra

2396 2383 2681 2439 duodecim
2711 2401 2904 2452 annos,
2932 2398 2985 2442 ct
3025 2389 3178 2445 senio
3215 2391 3323 2458 jam
3355 2383 3599 2449 defessis.
3631 2394 3736 2450 Sed
3768 2396 3870 2452 hoc
3920 2399 3987 2453 de

2395 2474 2621 2531 inlirmis
2648 2479 2952 2534 consideret
2981 2481 3145 2538 abbas
3171 2523 3185 2545 ,
3244 2500 3310 2538 ne
3364 2485 3557 2553 aliquis
3610 2487 3904 2541 mentiatur
3935 2488 3988 2543 et

2399 2568 2560 2636 lingat
2615 2571 2903 2625 inlirmum.
2960 2570 3152 2628 Firmis
3182 2589 3314 2628 vero
3342 2618 3354 2632 .
3411 2575 3496 2631 vel
3544 2592 3642 2632 suo
3667 2588 3792 2632 voto
3821 2579 3986 2632 absti-

2397 2661 2665 2724 uentilaus,
2697 2661 2858 2715 mist:
2891 2663 3094 2719 salibus
3115 2680 3234 2720 cum
3267 2667 3504 2736 eyn'uino,
3530 2667 3612 2722 vel
3643 2668 3749 2737 apii
3781 2671 3987 2724 setninc

2395 2749 2565 2803 calida
2594 2766 2731 2820 aqua
2765 2753 3076 2808 misceatur.
3111 2755 3298 2809 Oleum
3331 2774 3435 2811 mm
3486 2757 3536 2811 in
3583 2758 3796 2814 cacabis
3823 2802 3838 2826 ,
3891 2758 3985 2815 Sed

2396 2841 2449 2894 in
2483 2840 2694 2897 ferculis
2725 2853 2945 2913 propter
2975 2845 3306 2904 abstinentes
3359 2850 3621 2904 mittatur.
3670 2851 3770 2917 Qui
3819 2851 3984 2906 absti-

2397 2939 2585 2986 nentes
2608 2933 2658 2985 in
2689 2933 2818 3002 ipsis
2847 2942 3024 2988 tamen
3053 2939 3252 2990 mensis
3295 2938 3551 2993 decadnm
3585 2956 3824 3008 suarum,
3853 2949 3984 3005 -;uot

2395 3021 2659 3075 inmensa
2690 3038 2809 3092 quac
2841 3025 2891 3077 in
2937 3041 3035 3078 suo
3073 3041 3296 3082 numero
3345 3028 3541 3083 fuerint
3569 3071 3582 3094 ,
3642 3026 3986 3087 ordinatione

2394 3112 2614 3182 majoris
2657 3114 2807 3182 juxta
2847 3114 3138 3184 jubeantur
3180 3118 3405 3173 sedere:
3440 3128 3496 3174 ut
3546 3120 3878 3178 abSIincntcs
3916 3119 3984 3177 de

2396 3219 2501 3258 una
2533 3220 2714 3259 mensa
2742 3206 2794 3260 in
2821 3222 2921 3260 una
2953 3207 3244 3263 comedunt
3295 3210 3538 3265 scutella.
3577 3211 3698 3266 Ideo
3727 3213 3868 3266 enim
3901 3214 3977 3267 di-

2395 3297 2570 3350 ximus
2629 3300 2765 3352 inter
2813 3299 2949 3354 alios
3003 3300 3194 3355 fratres
3252 3306 3608 3359 Communitrr
3653 3307 3983 3361 abstinentes

2393 3382 2619 3446 sedere,
2673 3389 2730 3435 ut
2755 3384 3073 3439 erubescant
3101 3402 3325 3441 voraces
3376 3389 3427 3442 in
3477 3394 3746 3444 communi
3793 3400 3979 3446 natura

2317 3487 2362 3550 ρ
2397 3487 2502 3526 non
2535 3487 2691 3541 posse
2742 3474 2943 3541 pariter
2987 3477 3122 3544 gula:
3177 3477 3440 3532 desideria
3495 3481 3804 3548 refraenat'e,
3835 3486 3889 3536 et
3929 3483 3980 3536 in

2395 3564 2654 3631 eligendis
2684 3565 2839 3619 bonis
2868 3567 3101 3621 divinam
3130 3581 3250 3622 cum
3281 3572 3669 3627 abstinentibus
3693 3589 3799 3628 non
3824 3576 3982 3644 posse

2391 3657 2615 3723 gratiam
2647 3659 2960 3724 promereri.
2987 3659 3118 3714 Nam
3145 3661 3261 3731 ipso
3290 3661 3376 3717 die
3398 3663 3832 3733 Quatlragcsimze
3855 3671 3976 3721 cum

2391 3748 2812 3812 communicant,
2847 3750 3019 3819 primo
3058 3751 3265 3819 jejunio
3289 3792 3304 3819 ,
3366 3761 3656 3824 antequam
3681 3760 3982 3812 communi-

2389 3848 2529 3902 cent,
2560 3841 2718 3895 dctu'r
2747 3843 2960 3896 licentia
2989 3844 3057 3898 ab
3085 3840 3279 3900 abbate
3307 3847 3360 3901 in
3402 3849 3644 3903 oratorio
3667 3850 3806 3904 talis.
3827 3851 3975 3905 Dicat

2389 3935 2814 3990 abbasohmlbtts
2836 3937 3086 3990 fratribus
3114 3953 3127 3991 :
3160 3936 3394 4005 Fratres,
3419 3943 3509 4010 qni
3532 3942 3642 3996 vult
3672 3951 3769 4014 pro
3793 3945 3970 3998 anima

2389 4046 2483 4086 sua
2513 4031 2826 4100 spiritaliter
2852 4031 3118 4097 laborare,
3150 4038 3204 4087 et
3231 4033 3429 4102 aliquid
3459 4035 3747 4100 abstinere,
3780 4037 3845 4090 ad
3875 4037 3976 4093 bo-

2389 4142 2516 4180 num
2563 4127 2664 4182 boc
2693 4141 2830 4195 opus
2861 4128 3084 4183 liberam
3133 4130 3182 4183 ei
3227 4129 3929 4187 voluntatemronCedimus

2389 4218 2478 4285 qui
2511 4234 2636 4272 vero
2682 4219 2932 4282 noluerit,
2969 4219 3164 4287 regula:
3215 4221 3280 4275 de
3331 4221 3433 4277 hoc
3479 4223 3634 4278 titulo
3688 4225 3980 4279 constituta

2387 4310 2650 4378 accipiet,
2697 4322 2746 4362 et
2777 4309 3203 4380 quadragesima!
3233 4322 3521 4367 contentus
3551 4315 3654 4368 erit
3706 4322 3979 4369 mensura.

2386 4401 2503 4454 .lam
2529 4402 2617 4470 qui
2647 4400 2715 4456 de
2745 4400 2998 4457 fratribus
3039 4404 3309 4468 voluerint
3353 4404 3556 4473 aliquid
3585 4405 3874 4471 abstinere,
3908 4407 3982 4462 ibi

2388 4491 2439 4544 in
2471 4491 2712 4545 oratorio
2743 4493 2941 4547 vadant
2972 4533 2988 4558 ,
3044 4499 3097 4547 et
3156 4494 3442 4549 humilient
3486 4511 3543 4550 se
3573 4497 3637 4549 ad
3669 4510 3842 4566 genua
3893 4498 3983 4552 ab-

2387 4585 2546 4650 batis,
2579 4595 2799 4652 agentes
2829 4587 3028 4653 gratias
3058 4587 3126 4641 de
3158 4589 3280 4642 boni
3327 4597 3480 4642 actus
3531 4591 3806 4648 voluntate
3847 4604 3982 4655 con-

2385 4689 2534 4728 cessa
2567 4691 2579 4727 :
2609 4687 2662 4729 et
2692 4688 2808 4744 post
2839 4680 3044 4744 impens
3082 4695 3132 4732 m
3158 4680 3533 4747 humilitatem,
3578 4684 3733 4736 simul
3792 4692 3848 4739 et
3884 4699 3984 4742 ore

2383 4785 2484 4822 suo
2513 4770 2692 4824 abbati
2726 4771 3000 4832 indicent,
3051 4775 3170 4842 quis
3221 4774 3348 4843 quid
3403 4776 3626 4830 volueril
3685 4778 3978 4836 abstinere.

2315 4875 2360 4933 ι)
2389 4860 2516 4913 Nam
2547 4861 2665 4914 ideo
2692 4861 2741 4914 in
2774 4865 3014 4918 oratorio
3045 4866 3381 4921 abstinentes
3403 4869 3634 4924 diximus
3664 4871 3933 4940 designari
3963 4916 3979 4941 ,

2392 4962 2450 5005 ut
2471 4953 2536 5004 ad
2584 4967 2798 5007 mensas
2838 4971 2958 5009 cum
3006 4957 3106 5012 hoc
3138 4961 3308 5027 ipsum
3342 4961 3656 5026 continent,
3690 4963 3754 5016 ad
3799 4980 3977 5020 escam

2392 5047 2442 5097 in
2471 5046 2878 5113 quadragesima
2911 5049 3124 5118 corpori
3150 5051 3474 5118 perdenda."
3502 5069 3530 5107 a
3557 5054 3751 5122 tepidis
3775 5057 3860 5110 vel
3883 5069 3976 5125 gn.

2392 5134 2516 5189 losis
2547 5137 2800 5192 fratribus
2832 5156 2934 5192 nun
2977 5140 3086 5206 jam
3117 5142 3165 5193 be
3192 5159 3218 5195 c
3265 5143 3437 5212 ipsum
3469 5159 3853 5214 reprzcsumere
3892 5152 3977 5204 vel

2386 5243 2564 5282 secum
2589 5230 2873 5284 comedere
2901 5236 3267 5287 suadenntur:
3299 5251 3418 5289 cum
3456 5252 3560 5291 non
3591 5240 3702 5291 vult
3723 5239 3844 5308 quis
3895 5239 3974 5293 vl-

2384 5322 2563 5372 derea
2605 5335 2662 5374 se
2694 5320 2856 5373 alium
2899 5336 2949 5373 III
2990 5322 3198 5376 lior._rn.
3227 5324 3332 5379 Sed
3376 5328 3481 5379 sint
3529 5341 3659 5393 ergo
3711 5327 3795 5380 i5ti
3843 5329 3977 5382 talus

2383 5412 2692 5464 testimonio
2724 5412 2946 5465 oratorii
2987 5412 3054 5466 de
3077 5415 3325 5470 ovnuibus
3357 5416 3494 5484 apud
3549 5417 3716 5472 Deum
3770 5419 3928 5474 electi
3956 5460 3969 5482 ,

2379 5504 2541 5558 etiam
2577 5505 2905 5559 absunentes
2928 5506 3206 5575 designati.
3241 5507 3436 5565 Merito
3463 5512 3605 5566 enim
3634 5512 3700 5565 de
3727 5527 3972 5567 resurre-

2377 5598 2556 5651 ctione
2568 5595 2774 5650 Domini
2790 5597 2922 5654 tales
2935 5583 3130 5653 tlebent
3145 5601 3193 5653 in
3205 5598 3406 5660 Pascha
3420 5603 3586 5658 lauari
3601 5618 3722 5658 cum
3735 5601 3972 5670 Christo,

2387 5696 2473 5762 qui
2504 5711 2696 5764 corpus
2722 5713 2877 5751 suum
2919 5715 2953 5767 ρ
2989 5714 3014 5750 r
3039 5699 3412 5755 abstinentiam
3445 5719 3563 5757 cum
3589 5719 3655 5759 eo
3686 5702 3949 5761 crnciﬁxe

2386 5797 2509 5842 runt
2537 5789 2587 5841 in
2619 5790 3047 5857 quadragesima,
3079 5793 3289 5847 dicente
3316 5794 3382 5848 de
3411 5796 3623 5850 tristitia
3650 5796 3928 5868 Scriptura
3956 5819 3969 5858 :

2387 5877 2486 5941 Qui
2531 5897 2635 5935 sem
2658 5891 2783 5936 nnnt
2826 5884 2878 5934 δη
2933 5884 3208 5951 lacrumis,
3255 5888 3306 5940 in
3344 5891 3532 5952 gaudi:
3575 5900 3764 5945 metant
3793 5891 3949 5946 (I’sat
