5174 6602
1750 493 1877 548 ltili}

3028 507 3368 566 AUCTURIS
3410 510 3686 567 ιΝρειιτι

4874 519 5009 576 tota

1737 622 1909 686 xxxv).
1933 616 2018 682 Et,
2049 619 2100 670 in
2115 607 2302 688 'paucia
2335 620 2523 680 vexati,
2551 620 2604 671 in
2633 618 2802 670 muttis
2832 617 2957 670 bene
2978 618 3318 687 disponuntur
3355 628 3396 686 Α
3425 622 3544 677 aliis
3572 624 3638 676 ali
3668 624 3832 679 invito
3856 627 4120 682 interdum
4154 644 4250 700 per
4273 630 4517 685 triduana
4550 633 4784 688 transire
4810 631 5008 701 jejunizi

1729 715 1884 781 (δίῳ.
1916 712 2016 778 ιιι).
2051 710 2182 765 Nam
2221 711 2625 780 quadragesima
2673 711 2951 780 prmsentis
2982 711 3138 780 hujus
3165 718 3316 783 parvi

1729 807 1910 862 smcuh
1941 808 2149 862 obtinet
2179 815 2386 876 typum,
2413 805 2614 862 Pascha
2639 821 2764 859 vero
2793 808 2981 860 futurae
3009 806 3133 861 vita:
3161 817 3318 863 teter-

1730 914 1852 953 nam
1878 900 2114 964 laetitiam
2145 899 2531 954 bonis‘indicat
2561 916 2572 951 :
2617 901 2667 953 in
2717 908 2946 966 tantum,
2977 910 3035 955 ut
3071 901 3215 970 quod
3263 903 3315 957 in

1725 995 2080 1066 quadraginta
2119 993 2310 1050 diebus
2337 994 2658 1060 abstinetur,
2682 996 2992 1050 manducari
3025 996 3316 1054 liceattoto

1725 1104 1889 1144 anno.
1920 1089 2008 1143 Sic
2053 1088 2144 1157 qui
2189 1089 2241 1142 in
2298 1089 2550 1158 praesenti
2584 1089 2686 1142 vita
2717 1088 2895 1143 saeculi
2923 1088 3083 1156 hujus
3113 1089 3315 1160 aliquid

1725 1181 2005 1236 desideriis
2031 1184 2139 1237 suis
2172 1181 2255 1235 vel
2278 1183 2427 1237 carni
2462 1182 2818 1250 subduxerit,
2865 1181 2920 1236 in
2972 1182 3067 1237 illo
3119 1184 3316 1238 smculo

1725 1273 2063 1328 abundanter
2093 1275 2220 1329 licet
2273 1276 2467 1329 animae
2514 1277 2580 1329 de
2624 1274 2940 1329 melioribus
2966 1275 3161 1330 divinis
3215 1275 3314 1330 de-

1726 1369 1866 1423 liciis
1891 1369 1942 1422 in
1980 1378 2242 1439 perpetuo
2268 1370 2520 1436 saginari.
2565 1367 2698 1434 Quia
2748 1368 2799 1421 in
2827 1370 2929 1424 hoc
2958 1383 3126 1437 parvo
3175 1377 3316 1422 tem-

1728 1475 1859 1528 pore
1903 1476 2002 1529 pro
2027 1461 2251 1515 Domino
2301 1460 2470 1514 voluit
2506 1459 2836 1520 contristari.
2866 1475 2987 1514 cum
3039 1474 3104 1514 eo
3143 1475 3317 1514 mere-

1726 1553 1871 1607 hitur
1903 1555 1956 1607 in
1989 1555 2170 1607 futuro
2218 1553 2406 1608 laetari.
2461 1551 2671 1622 Jejunia
2704 1567 2834 1606 vero
2881 1549 3318 1620 Quadragesimte

1727 1647 2115 1714 protrahantur
2142 1647 2194 1699 in
2227 1662 2537 1713 vesperum;
2591 1645 2643 1699 id
2692 1658 2808 1711 est,
2839 1655 2964 1715 post
3017 1645 3316 1700 lucernaria

1727 1741 2000 1794 reficiatur
2047 1741 2297 1795 omnibus
2342 1741 2470 1808 ipsis
2531 1738 2884 1808 quadraginta
2948 1739 3316 1806 diebuszquia

1723 1835 1911 1903 quinta
1966 1834 2097 1889 feria
2155 1833 2447 1902 jejunatur,
2505 1835 2707 1901 absque
2736 1833 3002 1887 dominica
3055 1832 3151 1886 :in
3186 1847 3319 1902 quas

1727 1927 2020 1982 Jominicas
2063 1942 2183 1981 sera
2207 1927 2420 1996 penitus
2450 1926 2581 1980 nihil
2622 1934 2855 1990 cenent,
2885 1934 2943 1980 ut
2998 1939 3101 1980 una
3145 1925 3218 1981 sit
3267 1927 3317 1979 in

3423 715 3727 783 indigentia:
3782 717 4021 788 imponat
4049 722 4360 776 necessitas.
4397 723 4460 775 lit
4505 739 4630 778 cum
4679 738 4784 793 qua
4838 723 5011 777 fronte

3421 804 3599 860 futura
3630 817 3821 863 octava
3871 809 4091 866 Pascha
4137 813 4192 866 in
4233 811 4524 868 Dominicze
4573 813 5010 869 Resurrcctionis

3417 901 3643 955 victoria
3683 901 3954 958 desideret
3987 905 4222 974 cpulari,
4265 907 4354 974 qui
4402 907 4457 962 in
4504 907 4739 962 tristitiae
4793 921 5008 961 causam

3419 995 3588 1064 ipsius
3614 997 3882 1064 passionis
3913 1013 4016 1052 una
4065 999 4153 1054 die
4194 999 4430 1054 noluerit
4458 1016 4609 1055 suam
4641 1016 4766 1056 cum
4796 998 5010 1056 Christo

3418 1090 3730 1158 crucifigere
3781 1094 4033 1146 carnem?
4074 1095 4419 1148 Sacramenta
4450 1109 4580 1148 vero
4610 1093 4800 1147 altaris
4829 1093 4880 1146 in
4918 1107 5012 1161 pa-

3419 1191 3544 1238 tena
3599 1181 3802 1252 majore
3857 1185 4026 1239 vitrea
4074 1184 4367 1240 finiantur:
4404 1196 4462 1241 ut
4501 1186 4826 1241 cum'sexta
4878 1183 5011 1238 feria

3417 1275 3583 1330 Judaei
3615 1275 3680 1329 ad
3738 1277 4045 1345 passionem
4091 1277 4360 1332 Christum
4405 1278 4737 1350 qua-sierint,
4771 1277 4844 1332 sit
4892 1277 5012 1346 ipso

3421 1370 3506 1425 die
3537 1372 3807 1424 mentibus
3843 1373 4042 1428 nostris
4065 1373 4327 1438 reclusus,
4363 1381 4420 1427 ut
4466 1375 4692 1428 sabbato
4722 1372 4881 1427 nobis
4921 1386 5015 1442 per

3423 1463 3876 1519 resurrectionem
3910 1464 3963 1518 in
3994 1481 4136 1519 novo
4183 1475 4522 1520 sacramento
4570 1473 4854 1535 appareat.
4897 1461 5012 1516 Jam

3421 1557 3507 1623 qui
3540 1568 3688 1608 sexta
3725 1556 3852 1609 feria
3887 1557 4140 1611 refecturi
4183 1565 4330 1622 sunt,
4367 1557 4482 1612 sine
4512 1558 4900 1611 communione
4935 1573 5016 1608 re-

3424 1649 3634 1711 fieianl;
3685 1655 3743 1701 ut
3773 1657 4096 1716 agnoscatur
4149 1649 4258 1717 jam
4309 1650 4428 1718 quis
4470 1659 4619 1704 sexta
4653 1649 4786 1704 feria
4822 1647 5019 1718 injuste

3421 1736 3566 1792 refici
3597 1739 3713 1792 sine
3745 1737 3979 1792 Christo.
4015 1739 4172 1792 Lotio
4201 1755 4329 1793 vero
4360 1755 4540 1794 rerum
4561 1781 4576 1802 ,
4611 1740 4694 1794 vel
4727 1752 5020 1809 appara-tn:

3423 1831 3696 1883 Pasclnlis
3727 1832 3842 1899 ipso
3872 1830 3959 1884 die
4015 1839 4333 1885 procuretur
4364 1849 4375 1884 :
4411 1832 4463 1885 in
4521 1846 4624 1901 qua
4674 1839 4834 1886 sexta
4885 1831 5016 1883 fam

3425 1921 3608 1975 altaris
3641 1924 3910 1990 velamen,
3941 1924 4026 1977 vel
4057 1924 4339 1978 universus
4396 1925 4615 1978 oratorii
4669 1924 5023 1978 subtrahatur

1726 2019 1854 2086 ipsis
1910 2018 2102 2074 diebus
2172 2035 2202 2072 a
2254 2019 2340 2072 die
2407 2017 2650 2072 refectio.
2733 2017 3000 2086 Jejunium
3068 2032 3198 2073 vero
3266 2018 3319 2071 in
3352 2001 3677 2074 Bornatns;
3712 2015 3872 2069 simul
3903 2016 4219 2071 etlucernm
4272 2025 4326 2071 et
4367 2017 4837 2072 cicendelitotnm
4890 2030 5022 2070 intra

1723 2110 2147 2180 Quadragesima
2216 2119 2436 2180 propter
2493 2111 2937 2180 supervenientes
3011 2126 3121 2165 non
3178 2111 3323 2164 fran-

1727 2213 1883 2272 gatnr
1940 2220 1970 2257 a
2027 2203 2338 2257 domesticis
2391 2200 2662 2256 fratribus.
2733 2205 2832 2271 Qui
2857 2218 2986 2258 vero
3056 2203 3323 2257 voluerint

1724 2297 1919 2352 fratres
1981 2297 2246 2366 jejunium
2293 2313 2702 2369 superponere,
2771 2300 2822 2354 in
2884 2301 3001 2369 ipso
3056 2314 3320 2372 superpo-

1724 2392 1828 2447 sito
1877 2391 1964 2446 die
2008 2392 2059 2446 in
2105 2393 2292 2448 labore
2347 2409 2465 2447 cum
2515 2392 2766 2448 fratribus
2823 2410 2929 2448 non
2987 2401 3320 2464 spectentur,

1725 2485 2068 2540 solummodo
2114 2486 2484 2540 laborantibus
2524 2484 2776 2539 fratribus
2823 2485 3031 2554 legant,
3077 2495 3134 2539 ut
3163 2485 3322 2538 otiosi

1729 2594 1837 2632 non
1887 2578 2035 2642 sint,
2085 2587 2140 2631 et
2172 2593 2268 2646 pro
2326 2593 2466 2646 pane
2512 2576 2579 2631 de
2632 2577 2796 2631 verbo
2836 2577 2932 2631 Dei
2987 2576 3320 2632 reficiantur.

1727 2671 1854 2726 Ideo
1906 2671 2051 2723 enim
2092 2671 2144 2724 in
2196 2671 2387 2739 spiritu
2437 2671 2665 2740 legendo
2725 2671 3009 2736 laborent,
3077 2679 3135 2724 ut
3188 2669 3325 2723 sicut

1729 2765 1986 2832 scriptum
2055 2773 2138 2817 est
2177 2807 2190 2828 ,
2252 2764 2350 2830 Qui
2409 2781 2509 2818 non
2567 2764 2807 2826 laborat,
2877 2781 2979 2817 non
3050 2763 3326 2815 manducet

1729 2855 1817 2926 (fl
1850 2855 2002 2910 Thes.
2036 2856 2140 2925 ιιι),
2175 2856 2246 2910 ita
2278 2864 2334 2910 et
2361 2856 2576 2924 dignum
2609 2864 2714 2921 est,
2753 2854 2929 2923 utqui
2960 2868 3066 2908 non
3096 2852 3325 2906 mandu-

1731 2958 1818 3003 cat
1849 2964 1955 3002 non
1989 2949 2235 3011 laboret,
2293 2948 2393 3002 nisi
2425 2947 2476 3002 in
2522 2947 2613 3002 illa
2644 2947 2961 3011 refectione,
2992 2947 3044 3000 in
3072 2962 3174 3014 qua
3208 2947 3326 3002 sine

1731 3057 1868 3110 pane
1901 3041 2165 3105 reficitur;
2194 3041 2298 3094 hoc
2321 3050 2422 3105 est,
2450 3041 2502 3095 in
2551 3039 2766 3108 eloquio
2798 3039 2912 3104 Dei,
2937 3038 3152 3093 dicente
3177 3038 3324 3091 Scri-

1731 3141 1886 3202 ptura
1913 3150 1926 3187 :
1952 3131 2005 3185 Ν
2011 3150 2076 3187 an
2102 3136 2156 3186 in
2179 3150 2314 3202 pane
2339 3133 2450 3188 solo
2479 3134 2594 3186 τίνει
2626 3132 2904 3198 homo,sed
2930 3133 2982 3184 in
3005 3133 3143 3186 omni
3175 3130 3324 3184 uerbo

1730 3225 1827 3279 Dei
1879 3223 2032 3295 (Luc.
2084 3227 2179 3292 IV).
2211 3227 2266 3280 In
2305 3226 2436 3295 ipsis
2474 3240 2605 3280 vero
2657 3227 3014 3294 quadraginta
3042 3224 3230 3278 dii-bus
3273 3223 3324 3278 in

1732 3320 2069 3375 monasterio
2120 3319 2376 3374 fratribus
2429 3320 2496 3374 ab
2538 3319 2972 3374 hebdomadariis
3024 3318 3187 3388 pedes
3217 3333 3324 3372 non

1730 3412 2000 3480 laventur,
2016 3411 2357 3466 solummodo
2379 3411 2796 3476 discalceentur;
2821 3411 3323 3481 supervenientibus

1733 3504 2014 3576 quibusvis
2043 3505 2318 3559 extraneis
2347 3504 2616 3570 laventur,
2643 3513 2863 3575 propter
2890 3504 3036 3558 illius
3081 3504 3324 3558 mulieris

1729 3595 2124 3658 testimonium,
2160 3609 2279 3663 quae
2309 3594 2461 3660 lavit,
2489 3595 2632 3649 etde
2656 3595 2933 3648 alabastro
2973 3593 3128 3648 unxit
3159 3593 3327 3663 pedes

1732 3685 2000 3741 Salvatori
2023 3686 2282 3742 cinnami.
2309 3684 2366 3737 ln
2391 3701 2544 3742 creua
2577 3700 2708 3739 vero
2739 3685 2952 3740 Domini
2977 3685 3191 3738 mittant
3212 3700 3320 3738 ma-

1732 3793 1836 3833 nus
1864 3793 1962 3848 pro
1999 3778 2378 3834 benedictione
2403 3776 2471 3831 ad
2504 3776 2761 3830 lavandos
2787 3775 2950 3846 pedes
2991 3776 3173 3830 abbati
3201 3817 3216 3843 ,
3275 3784 3329 3829 et

1733 3879 1927 3941 postea
1958 3872 2208 3926 omnibus
2239 3868 2541 3940 praepositis
2568 3883 2689 3924 cum
2733 3869 2928 3924 solatio
2957 3867 3203 3922 fratrum.
3238 3868 3327 3921 Ιιι-⁹

1736 3964 1989 4021 choando
2021 3973 2201 4019 tamen
2233 3963 2401 4018 abbas
2451 3962 2594 4017 lavet
2621 3962 2780 4016 simul
2817 3980 2828 4014 :
2873 3970 2929 4016 et
2953 3961 3185 4018 ostiariis
3214 3961 3329 4030 ipse

1739 4054 1913 4123 major
1956 4053 2101 4108 lavet
2129 4051 2328 4123 pedes;
2368 4061 2430 4106 ut
2457 4067 2578 4107 cum
2609 4060 2666 4107 et
2710 4052 2840 4122 ipsis
2864 4051 3125 4106 humilem
3174 4066 3234 4106 se
3276 4051 3327 4105 in

1739 4151 1845 4204 hoc
1867 4147 2126 4217 obsequio
2158 4147 2380 4216 praebet,
2412 4153 2468 4199 et
2497 4145 2657 4214 digne
2686 4144 2935 4199 omnibus
2964 4145 3016 4198 in
3066 4145 3328 4199 honorem

1741 4243 2032 4298 exaltatior
2059 4241 2348 4309 iudicetur.
2384 4239 2588 4294 Deinde
2644 4239 2918 4309 praepositi
2946 4238 3197 4294 onmibus
3226 4237 3332 4291 fra-

1743 4335 1913 4388 tribus
1939 4334 1992 4387 in
2024 4333 2223 4387 decada
2257 4347 2350 4386 sua
2381 4333 2560 4386 law-nt
2584 4331 2770 4401 pedes,
2803 4340 2858 4386 et
2897 4339 3130 4399 tergant.
3167 4331 3330 4386 Sexta

1744 4442 1873 4481 vero
1904 4425 2035 4480 feria
2065 4424 2372 4478 lncescente
2397 4466 2409 4487 ,
2459 4438 2578 4491 qua:
2606 4432 2686 4477 est
2734 4431 2860 4477 ante
2896 4423 3177 4478 sabbatum
3210 4437 3333 4476 san-

1745 4527 1926 4581 ctum,
1983 4525 2277 4572 nocturnos
2327 4515 2668 4571 solummodo
2720 4515 3104 4585 faciantzquia
3152 4515 3327 4569 adhuc

1745 4614 1996 4671 nocturni
2025 4622 2151 4669 ante
2173 4612 2442 4683 pullorum
2466 4621 2686 4667 cantum
2719 4611 2931 4666 dictide
2956 4612 3142 4680 quinta
3160 4610 3335 4665 adhuc

3351 3364 3398 3427 C

3424 2107 3810 2162 menasterium
3842 2116 4067 2176 negetur
4099 2116 4355 2178 aspectus
4390 2127 4400 2160 :
4444 2118 4502 2162 ut
4528 2109 4578 2162 in
4610 2109 4768 2164 nobis
4813 2109 5022 2164 tristiti:

3424 2201 3688 2253 habeatur
3718 2200 3834 2269 ipso
3862 2201 3970 2266 die,
4000 2217 4118 2254 cum
4153 2201 4354 2256 mundo
4386 2216 4568 2255 verum
4604 2202 4818 2255 Domini
4846 2203 5024 2255 lumen

3424 2311 3522 2368 per
3573 2297 3880 2370 passionem
3911 2296 4193 2350 abscedit:
4229 2305 4284 2351 ct
4328 2297 4381 2350 in
4421 2297 4669 2367 sequenti
4723 2297 4905 2349 lumen
4948 2296 5024 2348 Ιιι-

3425 2398 3674 2446 cescente
3703 2389 3929 2445 sabbato
3960 2406 4055 2461 per
4086 2399 4257 2445 totum
4297 2389 4554 2445 mundum
4585 2405 4685 2456 pro
4718 2389 4908 2443 laetitia
4943 2405 5024 2442 re.

3428 2492 3680 2552 ponatur,
3711 2482 3924 2550 quando
3957 2499 4053 2552 per
4082 2484 4529 2538 resurrectionem
4568 2481 4770 2536 Christi
4832 2482 5024 2535 laetitia:

3427 2575 3492 2630 ad
3524 2591 3620 2630 nos
3646 2575 3826 2629 lumen
3868 2575 4178 2630 revertitur.
4212 2577 4341 2628 Nam
4367 2575 4511 2628 omni
4543 2584 4788 2644 tempore
4821 2575 4900 2628 sic
4941 2591 5024 2627 or-

3428 2676 3612 2722 natum
3643 2675 3696 2720 et
3724 2667 3982 2720 mundum
4015 2681 4132 2722 esse
4163 2668 4324 2721 debet
4352 2665 4744 2720 monasterium
4775 2704 4790 2728 ,
4845 2675 4901 2718 ut
4934 2680 5024 2733 ι-ρι·

3431 2759 3612 2813 omnia
3641 2758 3988 2813 introiturum
4011 2759 4130 2814 loca
4159 2758 4356 2814 munda
4382 2768 4576 2813 ornata
4607 2758 4742 2811 velis
4778 2757 5024 2810 videatur

3429 2851 3628 2919 ubique
3653 2850 3807 2919 quasi
3836 2866 3941 2905 una
3981 2849 4253 2915 Ecclesia;
4302 2860 4362 2904 ut
4387 2851 4585 2919 ubique
4608 2850 4676 2902 ad
4709 2865 4771 2903 se
4796 2850 5022 2904 invicem

3431 2953 3781 3000 occurrentes
3813 2943 4024 3008 deceat,
4055 2943 4240 3009 libeat,
4274 2955 4330 2998 et
4366 2943 4705 2998 delectentur
4732 2958 4918 2996 orare.

3741 3031 3992 3103 [Explicit
4021 3035 4201 3105 regula
4225 3033 4736 3104 quadragesimalis.|

4035 3142 4262 3196 CAPUT
4302 3142 4431 3196 LIV.

3858 3251 4086 3290 lNTEllltO
4125 3253 4250 3289 ΛΪΙΟ
4290 3252 4562 3290 υιεειιιιηλι.

3430 3327 3556 3382 Cum
3576 3329 3699 3380 ιὀωγε
3725 3329 3883 3382 divini
3911 3330 4062 3398 oﬁirii
4085 3331 4363 3392 advenerit,
4389 3347 4509 3383 mon:
4537 3329 4720 3382 debere
4740 3332 4934 3398 fratres
4959 3330 5024 3381 ad

3939 3402 4223 3454 oratorium
4245 3401 4510 3471 festinare.

3687 3507 3994 3548 RESPONDET
4037 3507 4266 3546 DOIINUS
4305 3508 4407 3547 PER
4446 3508 4773 3548 IACISTRUI.

3509 3586 3641 3640 Cum
3671 3570 3954 3639 advenisse
4005 3583 4240 3638 divinant
4272 3583 4459 3639 horam
4487 3601 4778 3654 percussus
4811 3587 4864 3639 in
4900 3601 5016 3638 ora-

3435 3687 3569 3740 torio
3631 3685 3784 3739 index
3839 3685 4266 3750 monstraverit,
4338 3699 4466 3738 mox
4518 3684 4829 3739 laborantes
4898 3701 5025 3754 opus

3435 3779 3755 3849 projicinnt;
3786 3778 4021 3833 artifices
4049 3779 4373 3833 ferramenta
4398 3778 4703 3842 dimittant;
4733 3779 5027 3848 scriptores

3435 3872 3669 3926 litteram
3704 3888 3808 3926 non
3857 3871 4167 3939 integrent,
4219 3871 4395 3926 omnis
4435 3870 4661 3926 fratrum
4705 3886 4901 3926 manus
4930 3871 5026 3925 de-

3432 3974 3579 4022 serat
3614 3966 3757 4036 qnod
3808 3965 4038 4033 agebat;
4084 3965 4300 4020 festinet
4337 3964 4520 4019 statim
4569 3980 4694 4019 mox
4732 3980 4856 4020 cum
4905 3979 5026 4032 gra-

3434 4061 3603 4115 vitate
3652 4074 3748 4129 pes
3792 4059 3859 4112 ad
3891 4059 4220 4122 oratorium,
4258 4073 4446 4113 sensus
4476 4057 4542 4112 ad
4569 4056 4780 4112 Deum:
4816 4067 4874 4110 ut
4902 4073 5025 4112 mox

3435 4153 3501 4207 ad
3538 4152 3762 4222 primam
3786 4150 4088 4205 orationem
4112 4158 4418 4214 occurrant,
4444 4159 4501 4204 et
4533 4158 4786 4216 tanquam
4809 4165 4938 4218 apes
4961 4150 5026 4201 ad

3436 4243 3562 4309 mel,
3598 4241 3916 4296 intrantium
3947 4241 3999 4294 iu
4025 4240 4319 4296 oratorium
4360 4240 4586 4294 fratrum
4615 4254 4843 4294 examen
4874 4240 5026 4292 cbul-

3436 4337 3566 4391 liat:
3601 4346 3652 4390 ut
3680 4335 3770 4404 qui
3796 4336 3988 4389 tacitus
4019 4343 4135 4387 erat
4159 4335 4333 4389 sancti
4363 4334 4584 4388 oratorii
4634 4334 4804 4398 locus,
4845 4335 5024 4388 statim

3439 4427 3764 4498 psalmorum
3801 4427 4128 4480 clamoribus
4176 4426 4487 4497 impleatur,
4512 4434 4568 4480 et
4617 4425 4895 4480 silentium
4927 4426 5027 4478 loci

3439 4521 3610 4576 sancti
3637 4520 3703 4573 ad
3732 4519 3944 4574 relictas
3974 4520 4165 4586 migret
4190 4519 4432 4574 officinas
4455 4529 4507 4573 et
4529 4535 4713 4589 opera.
4742 4519 4877 4573 Cum
4901 4535 5026 4573 vero

3440 4615 3598 4670 index
3647 4617 3701 4671 in
3757 4617 3998 4672 oratorio
4055 4631 4269 4687 semper
4321 4632 4604 4687 percussus
4636 4617 4843 4683 fuerit,
4901 4633 5022 4670 mox

1745 4707 1875 4763 feria
1907 4715 2032 4761 sunt
2060 4723 2074 4760 :
2105 4707 2268 4760 etiam
2301 4705 2609 4770 matutinos,
2639 4704 2724 4760 vel
2755 4712 2977 4759 ceteras
3005 4704 3200 4770 horas,
3244 4705 3328 4760 vel
3366 4747 3414 4808 D
3442 4723 3628 4764 omnes
3677 4709 3957 4766 audientes
3981 4749 3995 4772 ,
4050 4719 4340 4780 antequam
4387 4718 4643 4775 currant,
4679 4711 4882 4764 faciant
4928 4711 5025 4762 silli

1745 4801 2038 4856 constituta
2065 4799 2239 4854 of‘iicia
2274 4799 2390 4863 Dei,
2415 4813 2585 4868 usque
2617 4798 2683 4852 ad
2738 4798 2928 4852 missas
2955 4797 3164 4852 sabbati
3191 4815 3202 4859 ;
3238 4798 3328 4853 ubi

1745 4908 1853 4949 tam
1885 4895 2152 4964 prolixum
2205 4894 2533 4963 psalmorum
2565 4893 2834 4947 silentium
2888 4893 2940 4947 in
2971 4908 3066 4947 ore
3097 4893 3327 4962 psallen-

1744 4987 1877 5041 tium
1909 5001 2045 5040 nova
2075 4985 2486 5040 resurrectionis
2514 4984 2729 5039 alleluia
2758 4984 2986 5053 aperiat.
3040 4983 3181 5052 Ergo
3206 5001 3326 5040 cum

1743 5078 1813 5133 ad
1845 5087 2138 5133 nocturnos
2175 5078 2373 5146 quintae
2420 5075 2564 5129 feriae.
2608 5075 2784 5132 dictos
2807 5075 3034 5130 ulterius
3060 5091 3231 5146 usque
3261 5076 3329 5131 ad

1745 5170 1937 5224 missas
1977 5169 2184 5223 sabbati
2232 5184 2337 5223 non
2380 5167 2639 5238 psallent;
2683 5168 2956 5222 orationes
2989 5176 3166 5222 tamen
3210 5169 3328 5224 illas

1749 5263 2170 5332 quadragesima:
2200 5276 2360 5330 puras
2390 5261 2713 5331 compleant,
2747 5267 2801 5314 et
2850 5260 2967 5328 ipso
2995 5269 3161 5315 sexta:
3189 5260 3332 5315 feriae

1749 5358 1837 5412 die
1863 5359 2007 5411 lente
2037 5356 2138 5410 sibi
2169 5356 2456 5422 loquantur
2501 5354 2568 5407 de
2619 5353 2834 5406 tristitia
2866 5353 3156 5407 Dominicm
3206 5351 3335 5407 Pas-

1751 5448 1948 5512 sionis;
1992 5463 2090 5503 nec
2129 5463 2187 5501 se
2234 5448 2674 5516 superveniente-3
2717 5447 2972 5502 salutent.
3022 5446 3154 5500 Nam
3183 5456 3337 5503 extra

1752 5539 1996 5594 infirmos
2027 5549 2080 5593 et
2109 5539 2355 5599 infantes.
2391 5547 2446 5592 et
2487 5539 2637 5592 senio
2658 5539 2999 5607 pervinctos,
3031 5539 3337 5609 quicunque

1757 5630 1826 5685 de
1849 5630 1992 5682 sanis
2015 5627 2240 5682 reficere
2266 5629 2514 5694 voluerit,
2547 5631 2662 5683 sine
2691 5639 2911 5699 accepta
2936 5629 3335 5696 benedictione,

1757 5729 1816 5773 et
1842 5733 1949 5772 non
1994 5720 2200 5786 signata
2230 5719 2523 5775 refectione
2569 5721 2805 5786 reficiat;
2838 5729 2951 5774 uta
2976 5721 3098 5788 gula
3129 5736 3224 5776 sua
3257 5722 3341 5776 vel

1760 5826 1791 5863 a
1829 5809 2129 5877 semetipsis
2163 5813 2540 5864 cotnmunicati
2573 5813 2916 5877 erubescant,
2947 5828 3066 5866 cum
3108 5813 3226 5867 aliis
3255 5831 3342 5868 su-

1764 5903 2184 5972 perponentibus
2201 5921 2294 5972 pm
2318 5904 2408 5958 Dei
2426 5905 2689 5974 speranda
2712 5906 2982 5970 mercede,
3009 5900 3171 5959 unum
3199 5906 3339 5961 diem

1767 6006 1875 6048 non
1929 6009 2084 6062 posse
2133 5995 2394 6062 jejunium
2449 5996 2747 6050 voluntarie
2814 5997 3174 6062 pertransire;
3217 6014 3339 6052 cum

3439 4816 3656 4857 crucem
3687 4802 3738 4855 in
3765 4801 3960 4867 fronte,
3994 4802 4384 4871 respondentes
4410 4819 4424 4858 :
4457 4802 4569 4858 Deo
4597 4803 4822 4872 gratias.

4040 4912 4267 4968 CAPUT
4308 4914 4414 4966 LV.

3889 5021 4281 5060 lNTI-ZliROGATlO
4322 5021 4591 5060 ltlSClPULl.

3436 5096 3516 5152 De
3533 5108 3652 5168 quo!
3697 5099 3924 5166 passibus
3959 5100 4116 5167 frater
4141 5139 4154 5161 ,
4192 5099 4368 5150 relicto
4413 5097 4431 5149 ι
4469 5097 4604 5159 bore,
4639 5099 4707 5149 ad
4749 5099 5028 5152 oratorinn

4001 5170 4142 5222 debet
4180 5185 4464 5222 accurrere.

3703 5277 4009 5314 RE‘PDN'ET
4051 5275 4272 5314 Df‘tSIINU‘,
4316 5275 4412 5313 PER
4454 5275 4770 5314 lAGlSTRl'll.

3513 5352 3648 5409 Cum
3679 5355 3921 5409 sonuerit
3943 5353 4101 5408 index
4136 5353 4201 5406 ab
4233 5353 4426 5406 abbate
4450 5367 4703 5421 percussu
4723 5386 4755 5418 η,
4783 5351 5033 5406 laborans

3445 5447 3633 5515 frater,
3657 5457 3748 5502 aut
3785 5447 3956 5514 solus,
3985 5456 4076 5500 aut
4132 5445 4279 5499 multi
4312 5461 4436 5500 mox
4465 5445 4654 5499 relicto
4705 5445 5031 5499 ferramento

3446 5540 3804 5595 aestimatione
3833 5539 4114 5595 oculorum
4160 5553 4382 5593 suorum
4411 5537 4569 5591 citius
4599 5536 4933 5606 perpendat,
4988 5537 5028 5590 si

3448 5633 3641 5688 debeat
3673 5631 3740 5686 ad
3770 5631 4066 5686 oratorium
4098 5631 4374 5692 festinare,
4407 5645 4474 5682 an
4504 5643 4646 5691 non;
4674 5638 4731 5682 et
4783 5629 4888 5683 hoc
4931 5630 5029 5684 eli-

3446 5733 3554 5792 gat,
3580 5734 3639 5777 ut
3665 5721 3733 5777 de
3762 5723 4147 5792 quinquaginta
4194 5721 4442 5790 passibus
4470 5723 4627 5789 longe
4655 5735 4683 5773 a
4717 5723 5031 5777 monasterii

3447 5815 3650 5881 limine,
3683 5829 3803 5869 cum
3829 5815 4091 5882 gravitate
4117 5813 4305 5867 .lebeat
4327 5812 4390 5866 ad
4422 5812 4719 5866 oratorium
4749 5811 5028 5868 festinare.

3447 5907 3672 5974 Quodsi
3704 5921 3865 5976 supra
3919 5909 4060 5962 hunc
4116 5919 4394 5960 numerum
4444 5903 4606 5958 fuerit
4661 5904 4763 5958 loci
4818 5904 5030 5974 longin-

3449 6000 3649 6063 quitas,
3672 6000 3785 6064 jam
3835 6014 3938 6052 non
3969 5997 4189 6056 vadant.
4224 5996 4315 6051 sed
4368 5997 4438 6050 ibi
4470 5995 4658 6050 relicto
4688 5996 4754 6050 de
4783 5997 5034 6050 manibus
