5174 6576
702 480 845 534 1017

2208 469 2513 528 REGIUM.

3858 484 3994 540 1018

694 593 1053 653 ferramento,
1086 602 1211 643 suas
1234 588 1513 642 flectentes
1552 585 1812 653 cervices,
1837 598 1957 656 quae
1982 591 2211 655 aguntur
2242 585 2295 638 in
2322 588 2375 647 Α
2401 581 2573 652 gloria
2628 583 2933 653 explicent;
2973 584 3169 641 deinde
3212 586 3453 643 dicentes
3492 601 3744 656 versum,
3790 597 3996 663 etpost

696 686 948 736 nratorlo
976 694 1147 749 genua
1178 720 1194 746 ,
1242 694 1378 748 opus
1400 678 1493 733 Dei
1522 678 1623 733 sibi
1654 678 1798 732 lente
1838 679 2021 731 dicant
2060 684 2113 729 et
2161 676 2297 745 ipsi:

692 784 799 830 aut
818 775 865 829 si
892 782 1085 843 urgent
1112 773 1337 827 fratrum
1360 772 1563 843 quaevis
1584 784 1749 841 opera
1778 768 2040 834 facienda,
2065 767 2301 838 psalmos

691 870 810 925 sibi
840 878 1169 924 tamencum
1200 867 1385 937 gloriis
1429 866 1542 923 suis
1566 872 1926 925 conternent;
1962 862 2085 931 quia
2117 860 2300 932 gloria:

691 963 807 1017 illa:
833 976 953 1032 qua:
975 961 1115 1015 inter
1143 976 1235 1016 eos
1258 959 1508 1015 dicuntur
1552 975 1647 1028 pro
1702 956 2036 1013 orationibus
2062 964 2295 1012 constat.

691 1052 833 1107 Nam
867 1052 996 1122 ipsae
1023 1051 1208 1122 gloriae
1238 1049 1378 1106 flexo
1407 1065 1621 1119 semper
1648 1051 1827 1118 capite
1873 1063 1901 1100 a
1934 1047 2197 1117 psallente
2226 1044 2302 1099 di-

690 1155 932 1209 cantur;
971 1142 1164 1212 psalmi
1212 1158 1345 1198 vero
1376 1142 1671 1197 directanei
1702 1141 1950 1196 dicantur
1974 1180 1989 1206 ,
2032 1148 2296 1210 propter,

689 1244 757 1289 ιιι
800 1251 964 1305 supra
995 1234 1230 1290 diximus
1255 1279 1269 1303 ,
1320 1234 1566 1301 urgentia
1617 1232 1816 1287 laboris
1845 1247 2008 1303 opera
2036 1274 2050 1298 ,
2108 1230 2300 1301 quibus

684 1329 933 1398 expletis
955 1343 1168 1382 versum
1193 1338 1247 1381 et
1271 1328 1571 1382 orationem
1600 1325 1879 1396 complens
1899 1324 2000 1379 sibi
2028 1325 2144 1393 ipse
2172 1339 2297 1378 mox

686 1423 845 1491 quod
898 1421 1131 1476 faciebat
1179 1421 1561 1490 reprehendat.
1619 1419 1744 1474 Ideo
1793 1418 1937 1472 enim
1990 1418 2033 1472 si
2093 1416 2211 1487 plus
2266 1431 2295 1470 a

684 1514 1083 1583 quinquaginta
1112 1512 1359 1583 passibus
1397 1513 1675 1582 longitudo
1714 1510 1915 1567 fuerint
1944 1510 2047 1566 loci
2077 1525 2106 1564 a
2147 1510 2296 1564 labo-

684 1617 851 1662 rante
881 1607 1073 1675 fratre,
1100 1607 1211 1676 jam
1241 1623 1349 1663 non
1396 1608 1627 1662 diximus
1671 1606 1738 1660 ad
1769 1604 2063 1661 oratorium
2116 1604 2296 1657 ambu-

688 1700 853 1765 lare,
914 1715 983 1755 ne
1012 1709 1294 1756 currentes
1349 1701 1416 1755 de
1464 1700 1622 1768 longe
1669 1699 1900 1763 fratres,
1952 1690 2295 1752 festinatione

692 1791 864 1845 nimia
891 1800 1104 1846 concita
1128 1792 1373 1846 certatim
1404 1792 1544 1846 inter
1571 1806 1629 1846 se
1660 1792 1859 1857 cursio,
1889 1806 1995 1846 non
2028 1807 2148 1844 cum
2174 1805 2294 1859 gra-

686 1883 864 1937 vitate
891 1923 907 1947 ,
955 1884 1048 1938 sed
1089 1900 1211 1939 cum
1262 1884 1480 1941 lascivia
1531 1892 1779 1950 currant;
1835 1892 1889 1937 et
1927 1882 2105 1937 lassati
2134 1884 2291 1951 fungo

2404 690 2618 732 versum
2674 676 2937 731 modicam
2964 679 3264 734 orationem
3312 679 3566 737 facientes
3596 724 3609 748 ,
3659 683 3996 753 complentes

2403 776 2715 836 exsurgant,
2748 777 2804 824 et
2824 779 3114 839 sequantur
3138 772 3238 826 via:
3264 772 3516 841 collegas.
3548 772 3675 829 Ideo
3702 773 3845 830 enim
3871 776 3993 847 plus

2403 864 2469 917 ad
2493 862 2697 930 singula
2724 863 2896 933 capita
2920 864 3078 917 trium
3120 865 3450 935 psalmorum
3482 881 3601 921 cum
3632 883 3740 923 una
3760 868 3931 937 gloria
3961 883 3991 924 a

2402 955 2654 1013 fratribus
2682 973 2787 1013 non
2810 957 3043 1013 diximus
3084 958 3212 1025 dici,
3245 976 3311 1015 ne
3362 962 3770 1032 perambulante
3794 964 3991 1021 solatio

2402 1041 2560 1105 laico,
2594 1043 2675 1097 cui
2707 1044 2770 1099 de
2794 1060 2954 1100 causa
2985 1045 3078 1100 Dei
3114 1061 3239 1101 cura
3280 1061 3385 1101 non
3417 1047 3534 1115 fuit,
3564 1048 3822 1106 derelicto
3851 1051 3992 1107 forte

2401 1134 2655 1190 fratribus
2680 1137 3007 1205 spiritalibus
3038 1138 3196 1194 trivio
3223 1180 3237 1204 ,
3288 1142 3589 1197 nescientes
3633 1142 3772 1199 forte
3802 1143 3992 1202 fratres

2401 1228 2565 1297 viam,
2593 1229 2643 1284 in
2678 1229 3028 1285 multifariam
3080 1244 3400 1302 separentur
3455 1234 3700 1290 semitam
3754 1252 3852 1308 per
3907 1253 3992 1293 er-

2402 1339 2618 1389 rorem,
2674 1334 2727 1379 et
2780 1334 2968 1395 postea
3024 1340 3208 1379 amara
3260 1327 3472 1381 tristitia
3519 1339 3878 1399 occupentur;
3937 1340 3993 1386 et

2401 1417 2659 1486 pmniteat
2684 1415 2821 1471 forte
2849 1433 2944 1472 eos
2986 1418 3039 1472 in
3091 1418 3253 1473 lucris
3282 1419 3473 1474 anima:
3516 1435 3834 1475 remorasse.
3885 1421 3990 1477 Sed

2400 1509 2525 1571 hoc,
2558 1518 2615 1563 ut
2640 1510 2715 1564 sic
2741 1512 3068 1579 compleant,
3101 1523 3362 1567 exeuntes
3389 1512 3457 1566 de
3504 1516 3831 1570 monasterio
3880 1514 3984 1567 fra-

2402 1610 2508 1656 tres
2535 1602 2601 1657 ab
2632 1604 2828 1658 abbate
2854 1612 2947 1658 aut
2973 1618 3003 1658 a
3032 1605 3331 1674 praepositis
3359 1604 3470 1660 suis
3514 1604 3712 1660 debent
3760 1607 3989 1661 moneri.

2398 1692 2455 1746 ln
2486 1693 2669 1748 nubilo
2711 1708 2839 1748 vero
2863 1693 2967 1759 die,
3001 1709 3121 1749 cum
3170 1693 3351 1750 radios
3378 1711 3504 1752 suos
3531 1696 3611 1751 sol
3643 1695 3842 1751 mundo
3873 1699 3991 1754 alis—

2398 1786 2680 1853 conderit,
2718 1788 2831 1841 sive
2874 1788 2925 1842 in
2959 1787 3308 1854 monasterio,
3341 1787 3455 1843 sive
3503 1789 3556 1843 in
3602 1791 3687 1845 via
3716 1833 3730 1859 ,
3776 1792 3890 1845 sive
3940 1792 3991 1847 in

2400 1893 2530 1947 agro
2562 1882 2974 1949 perpensatione
3030 1883 3287 1936 horarum
3322 1890 3589 1939 transacta
3623 1885 3814 1939 fratres
3843 1887 3989 1940 aesti-

690 1976 897 2030 itinere
927 1992 1050 2031 cum
1101 1977 1239 2031 tardi
1284 1979 1506 2046 ingressi
1552 1979 1846 2032 oratorium
1896 1978 2080 2040 fuerit,
2118 1979 2285 2047 μειρὶ-
2329 1982 2368 2040 Β
2400 1980 2563 2035 ment,
2598 1979 2652 2025 et
2690 1973 2891 2040 quaevis
2938 1972 3071 2027 liora
3122 1972 3227 2039 sit,
3274 1984 3589 2029 consuetum
3619 1987 3797 2031 tamen
3838 1992 3986 2032 com-

694 2077 853 2124 tante
878 2078 1002 2139 post
1031 2070 1171 2123 viam
1201 2070 1705 2132 stomacho,vocem
1738 2071 1929 2140 psalmi
1951 2088 2054 2125 non
2081 2072 2293 2124 valeant

690 2164 1038 2233 adimplere:
1072 2173 1127 2219 et
1158 2179 1279 2219 cum
1308 2163 1375 2218 de
1424 2164 1492 2217 lo:
1517 2178 1581 2233 ge
1623 2166 1867 2233 quamvis
1909 2165 2081 2219 lassus
2128 2166 2287 2218 adve-

694 2258 866 2322 nerit,
893 2274 1030 2328 opus
1062 2258 1155 2312 Dei
1186 2274 1215 2312 a
1247 2258 1601 2328 praesentibus
1630 2256 1886 2312 fratribus
1903 2259 2011 2323 jam
2058 2257 2293 2312 inveniat

696 2350 1059 2418 explicatum,
1084 2358 1147 2425 et
1179 2359 1303 2404 tunc
1334 2349 1385 2403 in
1430 2350 1808 2419 desperatione
1838 2349 1921 2402 vel
1952 2348 2146 2403 damno
2194 2364 2290 2404 suo

690 2443 963 2512 Spiritalis
995 2443 1159 2497 frater
1188 2452 1457 2507 versetur,
1520 2452 1576 2497 et
1627 2442 1861 2511 graviter
1901 2443 2250 2497 contristatus
2274 2483 2287 2507 ,

691 2536 797 2604 qui
827 2551 933 2589 non
989 2535 1248 2589 meruerit
1303 2551 1441 2604 opus
1487 2535 1621 2599 Dei,
1681 2549 1780 2589 nec
1830 2535 1879 2587 in
1932 2534 2293 2587 oratoriozet

689 2632 955 2684 damnum
1007 2631 1311 2684 constituta:
1367 2631 1514 2684 hora:
1581 2629 1631 2684 ei
1696 2630 2057 2699 longinquitas
2113 2626 2289 2681 faciat.

681 2722 840 2777 Intra
890 2722 1278 2776 monasterium
1311 2736 1441 2776 vero
1485 2721 1575 2790 qui
1631 2720 1945 2788 urgentibus
1993 2719 2293 2773 communis

683 2816 945 2871 utilitatis
972 2816 1384 2871 necessitatibus
1408 2824 1742 2885 occupantur
1768 2854 1782 2877 ,
1835 2813 1978 2867 clara
2011 2826 2141 2867 voce
2170 2827 2290 2867 eum

682 2925 715 2963 a
754 2910 974 2977 psalmo
1029 2918 1294 2975 cessatur,
1328 2918 1383 2963 et
1436 2909 1667 2964 orationi
1725 2906 2071 2969 iucumbitur,
2106 2914 2293 2973 petant

684 3001 761 3055 ad
789 3001 1091 3055 oratorium
1121 3016 1180 3056 se
1221 2999 1419 3055 debere
1451 3000 1652 3054 habere
1682 3000 1733 3053 in
1779 3007 1978 3063 mente,
2007 3007 2061 3050 et
2102 3006 2206 3050 tam
2240 2996 2290 3050 in

684 3094 887 3149 eodem
915 3095 1037 3149 loco
1070 3094 1122 3148 in
1167 3109 1274 3164 quo
1306 3101 1640 3162 occupantur
1669 3092 1814 3145 lente
1855 3089 1954 3143 sibi
1985 3105 2118 3157 opus
2152 3088 2242 3141 Dei
2273 3130 2285 3153 ,

685 3189 974 3257 sequendo
1005 3188 1230 3242 oratorii
1269 3202 1475 3249 vocem,
1508 3183 1837 3255 adimpleant
1884 3183 2063 3249 simul,
2096 3192 2149 3236 et
2196 3196 2290 3237 ex-

683 3281 903 3351 plicatis
924 3295 1019 3349 per
1048 3282 1191 3335 vices
1221 3280 1439 3348 psalmis
1470 3280 1520 3332 in
1553 3276 1740 3331 eodem
1769 3276 1911 3343 loro,
1936 3275 2118 3343 inquo
2148 3282 2289 3327 stunt

684 3380 785 3427 aut
807 3374 1018 3439 sedent,
1052 3373 1104 3427 in
1147 3372 1483 3447 orationibus
1506 3385 1679 3439 genua
1708 3370 1945 3423 flectant.

1291 3479 1516 3534 CAPUT
1550 3478 1679 3533 LW.

1127 3590 1523 3629 inritamenta
1566 3564 1837 3627 nisurum.

789 3668 1059 3735 Quomodo
1108 3670 1327 3721 debeant
1370 3670 1557 3789 {mices
1602 3666 1657 3717 in
1706 3666 1889 3717 itinere
1923 3680 2049 3732 Opus
2099 3661 2190 3716 Dei

1342 3754 1487 3789 conm
1510 3753 1611 3789 ere.

1342 3754 1397 3791 co
1405 3755 1451 3789 ut
1457 3753 1611 3806 prere.

951 3846 1253 3887 IIESPUNDET
1287 3844 1513 3884 DOIINIIS
1554 3842 1653 3881 PER
1692 3841 2013 3881 IAGISTRUM.

760 3952 898 4006 Cum
932 3950 1125 4002 fratres
1157 3944 1425 4013 spiritales
1473 3941 1590 3997 sine
1619 3940 1758 3997 laico
1787 3939 2065 3995 ambulant
2112 3940 2287 4008 juncti

682 4048 756 4104 ad
790 4061 852 4102 se
885 4054 941 4099 et
968 4049 1270 4100 cantantes,
1304 4038 1516 4092 modice
1554 4037 1622 4091 de
1645 4037 1731 4090 via
1757 4034 1976 4091 flectant
2007 4052 2201 4107 genua,
2233 4048 2287 4091 et

679 4148 818 4211 post
874 4137 1176 4190 orationem
1237 4131 1458 4185 redeant
1512 4131 1564 4183 in
1628 4130 1767 4183 viain
1802 4144 1815 4181 :
1849 4145 1972 4182 mox
2030 4130 2096 4182 ab
2137 4130 2283 4183 omni

679 4234 863 4288 verbo
902 4230 1080 4284 alieno
1111 4242 1139 4279 a
1172 4226 1284 4280 Deo
1325 4233 1569 4280 tacentes
1592 4264 1606 4290 ,
1656 4232 1878 4293 propter
1926 4225 2281 4279 reverentiam

677 4326 870 4398 operis
901 4324 1026 4389 Dei,
1079 4332 1133 4377 et
1187 4323 1265 4376 sic
1323 4318 1648 4374 ambulando
1706 4318 1873 4388 petita
1928 4319 2072 4388 prius
2123 4319 2285 4373 bene-

676 4419 928 4477 dictione
959 4416 1266 4485 impositnm
1319 4418 1673 4481 prorumpam
1701 4411 1754 4463 in
1806 4410 2090 4480 psalmum,
2124 4426 2280 4480 quem

682 4527 819 4569 eum
866 4506 1244 4579 expleverint,
1296 4510 1440 4558 stent
1467 4502 1773 4564 modicum;
1829 4509 1885 4554 et
1911 4501 2167 4556 inclinato
2192 4517 2282 4556 ca-

676 4609 799 4679 pite
830 4602 1048 4659 modice
1080 4607 1237 4654 orent
1270 4614 1281 4650 :
1323 4610 1427 4665 qua
1459 4596 1708 4651 oratione
1755 4594 1988 4665 expleta,
2024 4610 2149 4650 mox
2200 4596 2280 4649 in-

680 4702 890 4753 i-hoent
941 4695 1081 4748 viam
1129 4689 1405 4745 ambulare
1433 4703 1555 4743 cum
1608 4688 1844 4757 psalmo;
1886 4703 1995 4757 quo
2037 4687 2255 4757 expleto

678 4794 885 4847 iterato
950 4794 1156 4841 stantes
1189 4789 1348 4837 orent
1378 4797 1391 4834 :
1420 4795 1525 4850 qua
1575 4780 1702 4832 item
1750 4780 1963 4849 expleta
2012 4781 2276 4847 oratione,

674 4880 953 4954 psalmum
1022 4874 1269 4929 similiter
1323 4870 1645 4926 ambulando
1704 4872 1996 4926 inchoent:
2028 4887 2135 4941 quo
2187 4888 2282 4926 ex-

674 4974 858 5046 pleto,
890 4971 1087 5024 iterato
1118 4965 1322 5021 curvati
1355 4965 1406 5018 in
1436 4963 1737 5017 humilitate
1762 4973 1937 5017 orent.
1971 4962 2112 5032 Ergo
2156 4980 2275 5018 cum

674 5076 902 5120 omnem
936 5059 1101 5128 ipsius
1132 5057 1278 5111 horae
1300 5053 1750 5110 consuetudinem
1779 5054 2134 5123 expleverint,
2162 5070 2278 5111 mo-

676 5157 866 5209 dicum
896 5150 1147 5206 sedentes
1198 5151 1247 5202 in
1294 5155 1503 5217 partem
1537 5144 1689 5201 ﬂexis
1719 5144 1942 5215 genibus
1992 5156 2187 5201 orent:
2221 5157 2277 5204 et

671 5244 1022 5313 complentes
1051 5239 1259 5295 vicibus
1288 5239 1406 5304 sibi,
1440 5248 1567 5292 tunc
1593 5238 1805 5292 demum
1843 5248 2182 5294 revertantur
2204 5240 2274 5294 ad

673 5341 825 5395 viam
851 5379 868 5403 ,
902 5344 958 5390 et
1004 5335 1082 5390 sic
1128 5350 1186 5388 se
1216 5332 1591 5389 communibus
1623 5332 1835 5394 fabulis,
1868 5333 1911 5386 si
1966 5334 2275 5403 voluerint,

676 5433 966 5489 misceant.
1002 5426 1203 5481 Tamen
1230 5425 1332 5480 illis
1360 5425 1527 5491 horis,
1561 5425 1755 5494 quibus
1784 5439 1918 5493 opus
1950 5426 2042 5480 Dei
2084 5427 2271 5481 ambu-

676 5525 846 5581 lando
876 5522 1181 5594 perficiunt,
1215 5526 1442 5573 caveant
1466 5532 1533 5572 ne
1558 5517 1740 5571 divino
1759 5519 2010 5587 occupati
2033 5520 2085 5573 in
2112 5535 2277 5588 opere

677 5616 826 5673 aliud
857 5617 999 5670 inter
1025 5628 1084 5668 se
1099 5612 1319 5667 verbum
1352 5610 1706 5666 immisceant.
1736 5610 1791 5663 Si
1820 5624 1948 5664 vero
1972 5610 2122 5663 mixti
2153 5626 2277 5666 cum

675 5714 831 5772 laicis
860 5710 1161 5773 ambulant,
1186 5717 1584 5780 sequestrautes
1609 5723 1665 5762 se
1692 5707 1758 5761 ab
1786 5707 1863 5762 eis
1893 5707 1945 5760 in
1971 5715 2123 5777 parte
2149 5709 2276 5762 stir-

675 5809 849 5880 pium,
882 5812 975 5859 aut
1001 5804 1043 5859 si
1078 5802 1304 5857 mundus
1328 5802 1487 5856 fuerit
1515 5802 1664 5856 locus
1690 5841 1704 5863 ,
1761 5810 1816 5853 et
1864 5798 2122 5853 latebram
2168 5815 2275 5855 non

677 5898 971 5973 praebuerit
996 5897 1093 5962 eis,
1124 5903 1271 5950 retro
1292 5910 1351 5950 se
1380 5892 1768 5965 aliquantulum
1798 5892 2016 5953 faciant.
2048 5902 2103 5947 et
2122 5891 2276 5950 flexis

677 5994 903 6065 genibus
931 5993 1095 6049 trium
1125 5989 1451 6058 psalmorum
1479 5987 1654 6057 capita
1714 5986 1970 6051 dicentes,
2003 6001 2125 6041 mox
2172 6001 2275 6043 una

2263 4731 2276 4757 ’
2312 4738 2360 4797 D

2394 2066 2605 2133 plealur
2649 2062 2879 2119 ofiicium
2913 2084 2921 2117 :
2956 2074 3009 2120 et
3053 2066 3166 2120 sive
3208 2074 3369 2132 ante,
3429 2066 3543 2121 sive
3572 2078 3716 2123 retro
3770 2083 3799 2122 a
3841 2076 3988 2124 certa

2396 2159 2525 2211 liora
2557 2160 2757 2213 dictum
2804 2161 2909 2225 sit,
2962 2170 3275 2215 consuetum
3311 2161 3455 2215 hora:
3486 2176 3622 2231 Opus
3662 2171 3839 2215 tamen
3881 2178 3987 2217 non

2393 2259 2702 2321 praetereat,
2730 2251 2824 2307 sed
2871 2260 3097 2320 agatur:
3126 2254 3253 2322 quia
3283 2252 3585 2309 obscuritas
3612 2253 3832 2307 nubium
3880 2253 3989 2307 cito

2393 2345 2615 2397 absente
2645 2344 2780 2409 sole,
2803 2344 2907 2399 hoc
2938 2345 3126 2413 religio
3148 2355 3388 2411 excusat,
3421 2347 3566 2417 quod
3588 2348 3743 2417 cuipa
3766 2353 3988 2416 agentes

2396 2451 2499 2489 non
2532 2434 2753 2490 invenit.

2970 2574 3198 2629 CAPUT
3239 2575 3393 2631 LVII.

2842 2702 3237 2744 lNTl-IBRCGATIO
3278 2706 3531 2746 DlSClPUDl
3543 2732 3552 2743 .

2396 2795 2507 2862 Quo
2539 2801 2718 2853 ordine
2758 2802 2809 2854 in
2860 2803 2941 2855 via
3000 2805 3430 2926 ['ralresbaliquid
3479 2809 3671 2877 regqu
3699 2810 3986 2865 constituta

3054 2892 3192 2926 serua
3232 2887 3340 2926 mit.

3054 2887 3340 2928 servabunt.

2660 2999 2965 3040 RESI‘ONDET
3008 3002 3229 3042 DOMINUS
3271 3005 3370 3043 PER
3412 3005 3732 3046 IACISTllUM.

2464 3098 2652 3155 Frater
2692 3102 2781 3170 qui
2838 3118 2936 3172 pro
2985 3106 3191 3160 actibus
3244 3110 3554 3163 monasterii
3586 3126 3742 3166 mane
3792 3112 3985 3171 missus

2393 3192 2589 3257 fuerit,
2642 3202 2696 3247 et
2724 3197 2815 3263 qui
2848 3206 3071 3266 propter
3127 3199 3535 3267 occupationem
3585 3202 3684 3255 via:
3739 3217 3771 3256 a
3814 3204 3984 3274 prima

2394 3300 2561 3352 usque
2593 3286 2643 3339 in
2675 3288 2889 3341 tertiam
2923 3289 2975 3341 in
3013 3291 3205 3359 hyeme
3229 3331 3242 3355 ,
3303 3293 3415 3347 sive
3462 3308 3489 3346 a
3537 3309 3677 3349 nona
3726 3311 3893 3365 usque
3933 3296 3985 3350 in

2313 3348 2360 3412 (δ
2396 3392 2674 3446 vesperam
2720 3379 2774 3433 in
2820 3389 3029 3448 aestate,
3066 3382 3283 3451 legerit;
3318 3384 3360 3437 si
3390 3385 3489 3440 sub
3537 3386 3726 3440 eodem
3756 3348 3843 3441 die
3870 3403 3986 3442 mo-

2396 3472 2688 3525 nasterium
2738 3487 3057 3529 reversurus
3104 3474 3284 3541 fuerit,
3317 3478 3508 3543 quavis
3560 3480 3690 3532 liora
3723 3478 3981 3548 redierit,

2392 3564 2689 3632 prandeat;
2722 3566 3110 3636 aliquantulum
3152 3576 3331 3624 tamen
3363 3570 3504 3639 legat
3533 3581 3626 3626 aut
3656 3573 3982 3639 meditetur,

2394 3665 2451 3709 ut
2480 3657 2718 3725 regulam
2749 3659 2864 3728 ipso
2886 3660 2976 3713 die
3003 3659 3246 3715 videatur
3266 3659 3507 3730 implere.
3533 3662 3591 3717 Si
3616 3677 3741 3718 vero
3764 3663 3816 3718 in
3838 3665 3981 3720 viam

2392 3746 2686 3815 longiorem
2734 3750 3011 3817 dirigatur.
3064 3752 3368 3806 codiculnm
3414 3753 3684 3810 modicum
3715 3772 3836 3811 cum
3884 3757 3982 3813 ali-

2392 3838 2584 3905 quibus
2640 3840 2960 3896 lectionibus
3001 3843 3067 3897 de
3114 3844 3442 3899 monasterio
3472 3860 3654 3901 secum
3680 3856 3891 3917 portet;
3924 3859 3984 3903 ut

2388 3938 2577 4005 quavis
2606 3940 2737 3993 liora
2770 3941 2823 3994 in
2851 3941 2934 3995 via
2964 3945 3353 4012 repausaverit,
3384 3945 3770 4013 aliquantulum
3801 3954 3982 4002 tamen

2389 4036 2569 4102 legat:
2602 4035 2676 4089 ita
2708 4044 2885 4091 tamen
2945 4039 2990 4091 si
3018 4036 3182 4091 fuerit
3219 4039 3564 4108 psalteratus.
3596 4038 3653 4094 Si
3683 4054 3814 4094 vero
3873 4054 3982 4094 non

2388 4123 2567 4188 fuerit,
2596 4127 2803 4183 tabulas
2849 4145 2878 4183 a
2904 4129 3108 4197 majore
3145 4132 3511 4201 superpositas
3541 4131 3758 4201 psalmis
3796 4147 3979 4187 secum

2388 4228 2602 4287 portet;
2643 4228 2698 4273 ut
2729 4220 2794 4275 ad
2823 4220 3173 4277 refectionem
3204 4222 3410 4292 prandii
3435 4232 3527 4278 aut
3555 4224 3621 4278 ad
3645 4226 3978 4280 mansionem

2387 4327 2507 4366 cum
2538 4314 2927 4383 applicaverit,
2988 4314 3419 4386 aliquantulum,
3469 4327 3731 4386 quantum
3789 4333 3981 4373 occur-

2384 4404 2535 4469 rerit,
2568 4414 2747 4460 tamen
2795 4407 3114 4471 meditetur;
3172 4414 3231 4461 ut
3277 4408 3520 4476 quotidie
3550 4408 3748 4477 regulae
3790 4408 3982 4463 reddat

2384 4498 2527 4566 quod
2567 4514 2722 4554 suum
2769 4509 2868 4555 est.
2913 4499 2988 4553 Ita
3018 4508 3072 4554 et
3110 4500 3277 4555 frater
3309 4502 3399 4572 qui
3452 4500 3627 4555 adhuc
3660 4501 3868 4557 litteras
3895 4501 3976 4557 di-

2383 4590 2505 4653 scit,
2524 4588 2728 4643 tabulas
2744 4589 3111 4659 superpositas
3139 4605 3169 4644 a
3196 4591 3403 4659 majore
3431 4589 3499 4645 de
3527 4592 3861 4647 monasterio
3886 4606 3974 4647 se-

2385 4694 2505 4732 cum
2535 4688 2744 4748 portet;
2778 4688 2837 4733 ut
2865 4678 2908 4733 si
2931 4693 3051 4733 cum
3084 4679 3323 4734 litterato
3346 4678 3510 4747 vadit,
3537 4680 3651 4749 ipse
3678 4695 3800 4735 cum
3823 4695 3883 4736 se
3910 4682 3977 4736 ad

2386 4770 2733 4825 refectionem
2761 4813 2774 4836 ,
2817 4771 2901 4825 vel
2932 4772 3267 4826 mansionem
3320 4772 3676 4841 applicuerit,
3730 4787 3849 4827 cum
3909 4787 3975 4827 eo

2387 4875 2586 4925 tamen,
2618 4874 2714 4918 aut
2739 4865 2886 4920 solus
2917 4865 3331 4934 aliquantulum,
3364 4874 3623 4935 quantum
3652 4866 3971 4931 occurrerit,

2385 4959 2689 5027 meditetur,
2716 4971 2773 5015 ut
2802 4976 2960 5031 supra
2989 4962 3255 5027 diximus;
3285 4970 3379 5017 aut
3418 4960 3485 5015 ad
3512 4960 3794 5032 prandium
3819 5001 3835 5028 ,
3881 4968 3974 5014 aut

2384 5052 2448 5106 ad
2479 5054 2811 5108 mansionem
2836 5055 3225 5123 aliquantulum
3249 5064 3427 5110 tamen
3447 5054 3771 5110 meditetur:
3806 5062 3864 5108 ut
3894 5054 3973 5109 vi-

2382 5145 2570 5201 deatur
2598 5148 2837 5216 quotidie
2882 5158 3190 5203 consuetam
3222 5150 3458 5216 regulam
3487 5148 3805 5218 adimplere.
3838 5148 3969 5201 ltem

2383 5243 2565 5305 frater,
2599 5242 2687 5309 qui
2718 5256 2814 5310 pro
2849 5242 3054 5297 actibus
3106 5242 3418 5295 monasterii
3462 5250 3555 5295 aut
3593 5242 3828 5294 noluerit
3858 5241 3968 5306 ire,

2382 5344 2474 5388 aut
2500 5341 2648 5389 certe
2701 5334 2980 5391 ambulans
3011 5335 3452 5400 murmuraverit,
3481 5332 3567 5388 vel
3614 5348 3736 5388 cum
3791 5333 3969 5403 aliqua

2383 5429 2633 5483 tarditate
2661 5430 2808 5485 exire
2828 5428 3076 5494 voluerit,
3102 5428 3147 5483 si
3176 5428 3437 5499 placuerit
3482 5427 3685 5491 abbati,
3714 5425 3827 5495 jam
3860 5441 3969 5483 non

2381 5522 2624 5575 mittatur
2655 5541 2665 5574 :
2700 5532 2754 5577 et
2780 5520 2957 5575 statim
2985 5518 3560 5576 excommunicationis
3607 5533 3821 5589 pennam
3854 5530 3973 5574 sus-

2381 5615 2565 5684 cipiat,
2599 5623 2653 5669 et
2698 5612 2829 5668 sciat
2858 5628 2916 5669 se
2965 5614 3216 5682 adeptum
3261 5612 3565 5692 superbiam
3625 5611 3971 5682 praceptioni

2381 5722 2683 5778 repugnare
2720 5706 2948 5773 divinae;
2984 5706 3105 5762 ideo
3141 5704 3354 5771 divinae,
3380 5706 3505 5775 quia
3550 5704 3679 5759 dicit
3712 5704 3968 5759 Dominus

2380 5800 2691 5857 doctoribus
2704 5802 2900 5855 nostris
2914 5818 2929 5856 :
2945 5799 3046 5864 Qui
3063 5816 3148 5854 vos
3162 5800 3381 5870 spernit,
3396 5815 3475 5852 me
3492 5797 3687 5868 spernit
3710 5796 3862 5869 (Luc.
3883 5797 3964 5864 x).

2382 5896 2729 5965 Applicantes
2757 5908 2885 5949 vero
2912 5893 2963 5948 in
2995 5892 3079 5947 via
3112 5893 3180 5948 ad
3227 5894 3559 5948 mansionem
3607 5890 3799 5947 fratres
3822 5930 3837 5957 ,
3872 5890 3974 5946 tali‘

2380 5987 2501 6044 loco
2538 5986 2732 6041 lectum
2762 5986 2863 6041 sibi
2901 5985 3100 6053 eligant
3151 5986 3348 6052 facere,
3373 5972 3461 6053 qui
3511 5984 3580 6039 sit
3629 5995 3868 6039 semotus
3912 5992 3972 6038 et
