5174 6618
1726 481 1865 538 1019

3035 468 3377 530 Αυιιτοιιιε
3417 470 3685 528 INCER'I‘I

4862 480 4996 538 1010

1724 600 1982 663 mundus;
2036 596 2126 652 ubi
2156 596 2314 663 digne
2361 608 2519 664 supra
2548 602 2775 649 stratum
2820 591 3011 648 leniter
3041 592 3092 646 in
3144 588 3378 653 nocteA
3410 586 3587 643 tamen
3623 591 3734 645 tunc
3757 590 3809 648 in
3841 590 4033 661 hyeme
4075 606 4182 647 non
4215 592 4464 664 frangant
4511 594 4714 663 jejunia
4740 636 4757 661 ,
4804 594 4849 651 si
4882 611 5000 652 car-

1724 695 1892 749 Deum
1924 696 2315 745 memorentur.
2350 686 2482 740 Nam
2523 685 2703 741 ethoc
2731 692 3054 754 przeceptum
3106 682 3311 737 abbatis

1724 786 1807 840 vel
1840 784 2245 855 prarpositorum
2271 787 2531 835 exeuntes
2558 779 2612 832 in
2642 778 2782 831 viam
2808 776 2998 830 fratres
3024 776 3306 843 accipiant,

1722 887 1782 931 ut
1811 887 2158 945 quoscunque
2190 871 2381 926 fratres
2408 868 2676 939 spiritales
2715 868 2921 936 positos
2960 866 3209 930 visitent;
3258 873 3312 919 et

1724 985 1844 1025 cum
1886 981 2073 1021 eorum
2104 962 2408 1019 introierint
2447 960 2611 1015 cellas
2651 967 2743 1012 aut
2771 958 3004 1011 oratoria
3030 998 3046 1023 ,
3097 964 3311 1011 orantes

1724 1061 1907 1115 dicant
1954 1060 2094 1113 hunc
2143 1069 2395 1110 versum:
2430 1052 2759 1106 latroivimus
2809 1052 2863 1103 in
2927 1049 3310 1103 tabernaculum

1722 1150 1854 1220 ejus,
1888 1148 2216 1201 adoravimus
2267 1146 2321 1197 in
2376 1145 2487 1196 loco
2539 1140 2626 1194 ubi
2689 1148 2937 1194 steterunt
2990 1139 3143 1209 pedes
3198 1140 3309 1207 ejus

1726 1240 1899 1306 (l’sul.
1948 1240 2155 1304 cxxxr).
2228 1234 2503 1288 Exettnte.
2547 1230 2741 1285 exinde
2797 1238 3013 1282 orantes
3067 1228 3313 1282 similiter

1723 1329 1900 1382 dicant
1932 1328 2073 1380 hunc
2129 1340 2338 1378 versum
2394 1336 2645 1389 semper:
2684 1318 2807 1371 Vias
2852 1328 3002 1384 ltt.‘:s,
3055 1316 3307 1382 Domine,

1724 1433 1874 1477 notas
1897 1424 1981 1491 fac
1999 1418 2144 1482 milii,
2169 1430 2216 1471 et
2250 1418 2453 1471 -emitas
2486 1426 2597 1467 tuas
2621 1414 2776 1467 edoi‘e
2797 1430 2894 1466 me.
2930 1411 3105 1483 Dirige
3144 1429 3223 1465 mc
3258 1413 3311 1464 in

1724 1518 1937 1566 veritate
1968 1522 2053 1563 tua
2080 1509 2247 1575 (ἔδεαι.
2295 1507 2459 1575 xx").
2491 1504 2597 1559 Ant
2627 1504 2766 1558 forte
2797 1505 2955 1557 alium
2982 1520 3191 1558 versum
3215 1518 3311 1572 pro

1726 1607 1848 1668 isto,
1871 1605 1913 1658 si
1937 1604 2057 1658 volu
2096 1604 2192 1656 rint
2222 1601 2399 1654 dicere
2428 1618 2437 1651 :
2468 1596 3094 1667 I’ei/ircgrcssusmeosiu
3117 1596 3310 1648 semitis

1727 1694 1866 1758 tuis,
1894 1703 1948 1746 ut
1988 1710 2088 1747 non
2131 1699 2428 1745 morrautur
2475 1689 2683 1761 vestigia
2720 1703 2833 1739 mea
2880 1684 3049 1755 (Psal.
3097 1689 3308 1754 CXVIII).

1727 1785 1867 1851 Ergo
1895 1800 2015 1839 enm
2063 1784 2324 1851 eruperint
2351 1799 2377 1832 a
2406 1778 2747 1833 monastetiis
2788 1787 2841 1832 et
2868 1777 3076 1832 cellulis
3102 1778 3314 1846 spirita-

1729 1878 1857 1932 lium
1891 1876 2057 1931 nostri
2089 1878 2275 1929 fratres
2307 1873 2476 1935 exire,
2519 1871 2665 1941 prius
2692 1870 2927 1924 oratorio
2953 1868 3270 1923 valcfacianl
3296 1910 3312 1934 ,

3413 681 3563 735 ricati
3598 683 3647 735 is.
3680 681 3852 737 dorsis
3900 683 4009 738 suis
4053 685 4303 752 gravibus
4344 686 4596 741 oneribus
4624 702 4730 741 non
4762 688 4995 756 vadunt,

3412 787 3534 827 nam
3568 782 3692 828 tunc
3720 776 3884 829 a‘rbas
3916 775 3967 830 in
3993 776 4076 831 via
4104 776 4443 833 ambulantes
4488 772 4681 835 fratres
4723 778 4884 835 faciat
4914 798 5000 837 re-

3413 863 3608 932 ficere;
3635 869 3970 922 considerata
4001 870 4415 939 perpensatione
4444 878 4537 924 aut
4568 872 4826 941 temporis
4851 915 4866 937 ,
4913 879 5004 928 aut

3413 961 3765 1021 necessitatis,
3792 961 3904 1014 sive
3934 960 3986 1014 in
4014 960 4233 1031 hyeme,
4265 962 4378 1016 sive
4428 963 4481 1017 in
4510 969 4718 1029 testate,
4746 964 4788 1018 si
4818 966 5002 1033 gravia

3411 1048 3654 1117 gelicidia
3686 1065 4021 1119 camporum,
4047 1059 4137 1104 aut
4168 1051 4434 1105 ferventes
4459 1059 4621 1107 tostus
4663 1054 5002 1123 viarum,ant

3413 1150 3619 1194 montes
3647 1140 3862 1194 excelso
3892 1141 4091 1208 subire,
4124 1150 4215 1195 aut
4244 1158 4406 1211 grave
4431 1144 4762 1198 sarcinarum
4796 1146 5007 1216 pondus

3412 1233 3774 1296 :BSlllllﬂW'fll,
3810 1234 3893 1286 vel
3938 1234 4333 1291 imbecillitales
4362 1236 4717 1306 quorumdam
4749 1238 5003 1308 impossi-

3413 1322 3634 1377 bilitatis
3653 1322 3873 1375 fratrum
3892 1322 4315 1377 consideraverit
4339 1342 4351 1376 :
4389 1333 4513 1380 tunc
4537 1323 4770 1380 refectos
4794 1327 5008 1397 aliquod

3415 1412 3575 1465 fici-it
3601 1411 3666 1464 de
3697 1413 4023 1466 monasterio
4052 1429 4359 1483 properare.
4412 1413 4467 1467 ln
4497 1414 4703 1484 byemis
4731 1417 4884 1484 gravi
4930 1418 5009 1471 al-

3416 1518 3544 1572 gore
3587 1503 3915 1571 calelactos,
3965 1504 4018 1559 in
4060 1503 4283 1559 ferventi
4324 1515 4511 1561 testate
4566 1515 4898 1577 temperatos
4956 1509 5008 1562 in

3416 1597 3553 1649 viam
3579 1595 3736 1648 debet
3762 1594 3954 1650 fratres
3983 1596 4235 1665 dirigere.
4274 1596 4521 1651 lnfantuli
4557 1613 4683 1651 vero
4716 1597 4853 1652 infra
4886 1601 5011 1654 duo-

3418 1686 3589 1741 decim
3617 1704 3803 1749 annos,
3834 1702 3939 1741 non
3987 1688 4160 1743 solum
4212 1689 4354 1742 nullo
4394 1697 4639 1760 tempore
4667 1690 4718 1743 in
4754 1691 4836 1743 via
4860 1691 5011 1760 jeju-

3417 1788 3567 1842 nent,
3594 1780 3685 1831 sed
3711 1779 3874 1832 etiam
3907 1777 4054 1833 nullo
4076 1778 4161 1832 die
4188 1778 4377 1847 jejunii
4404 1779 4470 1833 de
4500 1781 4832 1833 monasterio
4855 1794 5012 1847 egre-

3418 1871 3664 1933 dientur;
3694 1872 3952 1925 duntaxat
3984 1873 4024 1925 si
4048 1872 4099 1925 in
4132 1873 4379 1941 proximo
4400 1887 4503 1926 non
4536 1871 4844 1933 mittuntur,
4870 1872 5014 1926 unde

1731 1982 1785 2026 et
1816 1973 1938 2025 item
1967 1969 2310 2040 peculiariter
2340 1982 2436 2036 ['t‘o
2466 1981 2706 2033 cgrc~su,
2729 1979 2863 2030 quos
2895 1964 2944 2015 in
2972 1964 3314 2016 monasteriis
3347 1952 3392 2010 Β
3420 1972 3544 2018 ante
3593 1964 3803 2018 tertiam
3854 1965 3905 2017 in
3961 1974 4169 2029 testate,
4213 1973 4306 2018 aut
4334 1977 4457 2019 an'o
4487 1975 4694 2019 sextam
4734 1966 4787 2019 in
4819 1966 5016 2035 hyeme

1728 2066 1840 2120 suis
1869 2064 1952 2117 vel
1983 2062 2193 2117 cellulis
2221 2060 2625 2126 derelinquant,
2676 2071 2735 2110 se
2763 2054 2960 2108 debere
2986 2054 3036 2107 in
3067 2054 3313 2122 sequenti

1729 2154 1824 2208 Dei
1856 2169 2021 2223 opere
2073 2148 2356 2205 memorari
2386 2190 2401 2215 ,
2458 2157 2513 2201 et
2557 2147 2635 2201 sic
2677 2145 2967 2199 ambulent.
3024 2143 3156 2197 Cum
3186 2158 3315 2196 vero

1730 2246 1985 2300 ecclesias
2017 2243 2183 2295 nostri
2219 2240 2409 2294 fratres
2453 2240 2753 2294 introierint
2780 2282 2796 2306 ,
2849 2248 2972 2308 post
3017 2239 3315 2293 orationem

1732 2334 2051 2390 liumilitatas
2085 2334 2193 2387 Deo
2250 2335 2539 2387 incurvata:
2591 2333 2753 2386 erecti
2796 2331 2975 2385 dicant
3023 2331 3164 2385 hunc
3194 2347 3312 2385 ver-

1730 2444 1847 2482 sum
1874 2443 1885 2478 :
1924 2425 2264 2479 I'Ta'sullubuut
2288 2441 2379 2477 sau
2406 2434 2451 2476 't‘
2476 2424 2527 2477 iu
2559 2425 2745 2494 gloria,
2768 2427 2816 2475 tl:
2835 2422 3077 2475 labuntur
3102 2424 3156 2475 in
3178 2421 3318 2474 rubi-

1733 2518 1863 2572 libas
1894 2520 1997 2571 suis
2039 2517 2212 2584 (I’sal.
2256 2516 2474 2579 cxux);
2529 2515 2672 2568 lente
2729 2515 2966 2566 dicentes
3007 2520 3060 2566 et
3109 2511 3319 2565 modice

1737 2610 1997 2662 inetuwti
2034 2610 2081 2661 in
2116 2608 2415 2662 orationem
2448 2606 2781 2675 complentes
2827 2605 2925 2657 sibi
2954 2649 2966 2670 ,
3018 2604 3093 2658 sic
3123 2615 3319 2658 exeant

1734 2702 1895 2756 fttl‘ils.

2318 2809 2542 2865 tl.\l’i."l‘
2593 2807 2769 2863 LVIII.

2183 2942 2581 2984 INTERROGATI‘)
2620 2940 2888 2978 DISCII‘ULI.

1742 3048 1880 3109 (mos
1900 3042 2096 3112 palmas
2124 3040 2300 3094 debeat
2334 3044 2519 3110 fratres
2560 3040 2727 3093 dicere
2774 3041 2971 3093 diverso
3012 3047 3238 3107 tempore
3265 3040 3318 3093 in

2377 3115 2456 3166 via
2484 3123 2628 3165 noqte
2646 3116 2665 3163 1’

2002 3240 2305 3280 RESI‘ONDET
2346 3239 2570 3278 BOIIINUS
2609 3240 2705 3277 Pili
2746 3237 3064 3279 lAGlS‘I’RUM.

3417 2064 3818 2125 exspectentur,
3844 2056 3896 2110 in
3922 2057 4114 2125 quibus
4145 2057 4291 2110 horis
4312 2058 4665 2112 constitutum
4695 2068 4779 2112 est
4811 2058 4891 2113 eis
4920 2058 5016 2111 de-

3418 2153 3545 2206 bere
3569 2152 3807 2206 reticere.

4022 2242 4250 2298 CAPUT
4291 2243 4399 2297 LX.

3863 2350 4253 2389 INTI’RROGATIO
4292 2352 4508 2391 DISCIPIII
4526 2352 4559 2393 Ι.

3421 2423 3498 2479 De
3522 2426 3768 2479 mtalitatc
3792 2444 3921 2493 sum;
3942 2436 4081 2479 tuum
4103 2429 4321 2493 fratrum
4341 2430 4391 2482 in
4420 2430 4551 2482 riam
4567 2432 5012 2500 arrtpt’endoram.

3690 2534 3990 2572 RE‘lPON‘PIiT
4032 2535 4256 2573 DONINLS
4295 2537 4392 2575 Ρειι
4434 2538 4754 2578 ὶΙᾹϐΙΒΤΒυΙῘ.

3490 2614 3849 2670 Considerans
3905 2617 4068 2671 abbas
4125 2617 4347 2671 fratrum
4397 2618 4633 2673 debitum
4686 2621 5017 2691 quotidiana:

3422 2724 3703 2771 meusune,
3738 2723 3834 2762 nec
3888 2723 3993 2761 non
4044 2714 4099 2762 et
4127 2708 4574 2779 longinquitatem
4629 2711 4882 2777 itineris,
4932 2717 5016 2769 vel

3421 2812 3601 2854 moras
3628 2798 3817 2865 agendi
3848 2809 3999 2853 actus
4021 2837 4035 2862 ,
4081 2801 4234 2854 simul
4263 2811 4319 2855 et
4370 2816 4662 2870 perpensas
4700 2804 5016 2858 substantia:

3422 2890 3732 2945 monasterii
3784 2884 4135 2959 quantitatem
4180 2894 4230 2946 in
4278 2893 4527 2960 nummis,
4555 2903 4648 2948 aut
4700 2897 4751 2949 in
4784 2895 4868 2949 his
4898 2909 5017 2965 qua:

3424 2982 3585 3037 cruda
3617 2991 3842 3051 possunt
3872 2984 4092 3051 portari,
4126 2983 4512 3038 sufficientibus
4556 2997 4834 3041 consueta:
4864 3001 5019 3040 men-

3423 3090 3561 3129 surae
3588 3075 3884 3145 sumptibus
3913 3076 4293 3143 aliquantulum
4325 3092 4420 3145 pro
4447 3077 4630 3131 labore
4660 3077 4871 3134 itineris
4902 3094 5011 3132 ma-

3426 3167 3525 3234 gis,
3551 3177 3770 3235 propter
3813 3166 4049 3235 adjuncti
4082 3168 4221 3222 forte
4273 3169 4325 3222 in
4352 3169 4436 3222 via
4486 3170 4705 3237 collega:
4750 3170 4838 3225 vel
4880 3171 5016 3226 socii

3428 3260 3765 3323 cliaritatem,
3798 3269 4054 3329 quantum
4088 3261 4255 3315 abbas
4295 3261 4542 3324 voluerit,
4580 3263 4731 3331 panis
4757 3272 4849 3317 aut
4878 3265 5013 3325 vini,

1811 3336 1941 3393 Cum
1974 3337 2206 3392 surrexit
2255 3343 2415 3390 nocte
2469 3349 2628 3405 super
2676 3343 2901 3389 stratum
2932 3348 3087 3390 suum
3117 3332 3284 3389 frater
3305 3373 3321 3399 ,
3351 3318 3398 3381 C
3430 3366 3523 3405 seu
3554 3359 3609 3405 ει
3659 3318 3854 3405 ward“

2971 3348 3087 3388 “"m
3117 3332 3284 3389 ίτθίθτ
3305 3373 3321 3399 ι
3351 3318 3398 3381 c
3430 3366 3523 3405 seu
3554 3359 3609 3405 ct
3659 3352 3883 3405 aliarum
3914 3396 3924 3405 .
3952 3366 4089 3405 .rutn
4139 3351 4222 3404 vel
4254 3367 4591 3406 nummorum
4637 3353 4829 3421 jungat
4858 3369 5014 3408 men-

1740 3438 1834 3486 aut
1854 3428 2021 3492 solus,
2053 3436 2146 3483 aut
2174 3442 2295 3483 cum
2348 3426 2452 3481 alio
2481 3426 2774 3496 aslimplere
2816 3433 3109 3480 nocturnos
3136 3464 3151 3490 ,
3204 3434 3328 3494 post

1737 3537 1952 3577 versum
1983 3521 2350 3577 taciturnitate
2375 3562 2391 3587 ,
2440 3535 2470 3573 a
2501 3521 2705 3590 capite,
2754 3519 2836 3573 vel
2892 3519 3325 3588 responsorium,

1739 3617 1970 3686 primum
2001 3622 2107 3667 tres
2152 3612 2384 3681 js-dmos
2410 3611 2630 3677 dicant,
2682 3610 2845 3665 alium
2876 3612 3274 3680 rcsponsorium
3310 3650 3325 3674 ,

1743 3706 2029 3769 lectiones,
2063 3720 2292 3768 Vf'l'ﬁimt,
2323 3716 2426 3757 non
2450 3702 2694 3771 amplius,
2724 3710 2945 3771 propter
2970 3700 3207 3755 laborem
3231 3702 3329 3754 via:

1741 3797 2071 3866 praeteritum
2123 3802 2180 3848 et
2207 3793 2467 3848 futurum.
2500 3793 2793 3848 Matutinos
2844 3807 2974 3847 vero
3016 3793 3164 3847 omni
3194 3801 3329 3846 tem-

1742 3899 1874 3959 pore
1903 3888 1956 3942 in
1984 3888 2070 3941 via
2115 3895 2237 3957 post
2278 3894 2574 3942 nocturnos
2600 3884 2920 3955 explicitus,
2974 3899 3098 3938 mox
3150 3883 3333 3938 subse-

1743 3990 1970 4050 quentes
1999 3978 2366 4047 coniungant:
2401 3993 2470 4033 ne
2518 3992 2640 4031 cum
2687 3976 2779 4031 lux
2825 3990 2920 4030 eos
2944 3975 3323 4045 occupaverit,

1744 4073 2001 4126 matutina
2032 4072 2084 4126 in
2114 4071 2407 4140 squalidis,
2456 4070 2509 4124 in
2567 4069 2883 4138 importunis
2929 4068 3010 4122 vel
3065 4068 3329 4137 spurcatis

1746 4178 1885 4220 casae
1918 4164 2002 4217 vel
2029 4165 2265 4217 tabernae
2315 4163 2465 4229 locis,
2498 4161 2897 4223 antecedentes,
2927 4168 3019 4215 aut
3042 4168 3167 4230 post
3193 4159 3332 4213 deri-

1746 4260 1934 4313 dentes
1971 4266 2209 4312 nostrum
2240 4258 2573 4327 propositum
2621 4256 2788 4310 laieos
2816 4297 2830 4319 ,
2882 4254 2998 4309 sine
3030 4256 3329 4311 reverentia

1747 4351 1987 4405 videatur
2035 4349 2311 4419 compleri.
2371 4350 2508 4417 Ergo
2536 4363 2656 4402 cum
2696 4348 2808 4414 jam
2837 4348 3006 4402 secuti
3038 4347 3227 4402 fratres
3266 4347 3332 4401 de

1749 4442 1903 4497 factis
1932 4443 2205 4498 matutinis
2228 4456 2382 4495 mane
2408 4440 2627 4503 fuerint,
2650 4438 2717 4493 de
2745 4438 2858 4492 sola
2882 4439 2979 4492 via:
2999 4437 3333 4508 profectione

1750 4536 2011 4605 incipiant
2038 4537 2299 4604 cogitare.
2329 4536 2412 4589 vel
2438 4536 2506 4589 de
2527 4533 2916 4603 componendis
2964 4533 3186 4587 sarcinis
3214 4533 3331 4586 anl-

1752 4628 1992 4692 malittm,
2022 4629 2107 4682 vel
2133 4627 2201 4681 de
2229 4622 2613 4681 constrictione
2641 4624 2821 4679 oneris
2850 4624 3170 4679 bisaciarum
3207 4639 3331 4679 sna-

1753 4736 1869 4775 ruin
1900 4720 2189 4775 reddantur
2213 4718 2447 4774 solliciti.

2343 4846 2571 4903 CAPUT
2609 4845 2744 4901 LIX.

2195 4955 2582 4995 lNlE'ﬂOtiATIO
2620 4953 2893 4993 DISCII’ULI.

1955 5058 2074 5126 Qua
2100 5060 2224 5112 hora
2243 5059 2457 5111 debeant
2488 5059 2677 5127 fratres
2706 5057 2758 5107 in
2787 5054 2864 5107 via
2894 5054 3128 5121 reﬁcere.

2020 5188 2322 5228 RBSPONDET
2361 5185 2589 5225 DOIINUS
2628 5183 2727 5222 PER
2767 5180 3009 5220 ιιιςιδτιι
3034 5180 3087 5217 Il.

1830 5288 2176 5343 Ambulantes
2214 5285 2373 5353 longo
2405 5286 2593 5337 itinere
2621 5282 2813 5336 fratres
2852 5289 3039 5348 quarta
3069 5321 3084 5346 ,
3143 5290 3293 5333 sexta
3321 5318 3336 5343 ,

1758 5385 1982 5441 sabbato
2003 5382 2055 5436 in
2091 5380 2308 5451 hyeme;
2340 5380 2441 5433 hoc
2457 5385 2554 5433 est,
2576 5377 2643 5430 ab
2667 5374 2990 5443 aequinoctio
3022 5372 3338 5437 autumnali,

1761 5474 1902 5547 quod
1927 5483 2007 5527 est
2036 5488 2126 5527 vtu
2158 5470 2419 5525 Kalendas
2470 5467 2716 5523 Octobris
2747 5481 2914 5535 usque
2946 5464 2996 5517 in
3030 5465 3251 5525 Pascha,
3286 5464 3337 5516 in

1764 5569 1846 5626 via
1887 5565 2219 5621 ambulantes
2251 5568 2436 5618 fratres
2460 5563 2523 5615 ad
2565 5575 2843 5628 vesperam
2875 5557 3132 5611 reficiant.
3187 5556 3335 5609 Nulla

1766 5660 1973 5711 ratione
2022 5656 2133 5711 hzee
2193 5657 2434 5724 frangant
2470 5653 2687 5720 jejunia.
2740 5651 2861 5705 Ideo
2889 5652 3028 5704 enim
3056 5648 3121 5703 ad
3153 5664 3339 5717 vespe-

1765 5764 1877 5802 ram
1906 5748 2132 5802 diximus
2158 5790 2170 5812 ,
2218 5749 2339 5816 quia
2394 5747 2435 5799 si
2468 5761 2604 5798 nona
2643 5744 2822 5796 volunt
2873 5743 2924 5794 iu
2966 5744 3045 5794 via
3074 5738 3298 5794 refice:e
3322 5778 3336 5803 ,

1772 5842 2011 5911 occupati
2057 5842 2106 5894 iu
2158 5839 2449 5894 refectiOne
2489 5836 2736 5889 brevibus
2781 5833 2926 5887 boris
2979 5833 3289 5898 pro‘ougata
3322 5870 3335 5891 ,

1772 5936 1976 5992 mansio
2007 5936 2082 5989 eis
2133 5949 2297 6004 parvo
2351 5932 2532 5986 clauso
2580 5929 2667 5983 die
2713 5926 3045 5982 subducitur.
3091 5923 3198 5980 Sed
3243 5923 3337 5993 qui

3362 4689 3409 4749 D

3429 3459 3584 3497 SUl‘lL'.

4020 3512 4249 3569 CAPUT
4288 3512 4419 3567 LXI.

3867 3621 4265 3663 INTERROGATIO
4304 3622 4572 3661 DISCIPULI.

3429 3725 3622 3781 Missus
3655 3724 3815 3790 frater
3862 3721 3925 3775 de
3965 3724 4313 3783 monasterio,
4370 3731 4419 3775 et
4472 3723 4523 3773 iu
4581 3721 4759 3775 eodem
4814 3724 4900 3773 die
4925 3739 5015 3773 ex.-

3499 3794 3807 3859 spertaudus
3829 3833 3843 3856 ,
3878 3794 3921 3845 si
3976 3795 4220 3845 sittulerit.-
4251 3795 4420 3863 aliqua
4463 3794 4604 3860 foras
4634 3794 5018 3845 communicare

3502 3864 3680 3919 debet:
3729 3879 3793 3934 an
3835 3864 3903 3915 ad
3931 3865 4213 3917 oratorium
4242 3873 4494 3917 revertens
4521 3880 4721 3916 seniore
4758 3864 5018 3934 jejunium

3503 3951 3675 3988 coram
3703 3932 3884 3985 abbate
3910 3933 4316 4001 consignaudum
4342 3935 4685 3987 communioni
4706 3936 4730 3983 ?

3686 4065 3990 4104 BESI’ONDET
4030 4065 4254 4104 DOMINUS
4292 4065 4390 4103 PER
4428 4065 4747 4104 ιιλϐιςτιιωι.

3504 4161 3697 4215 Exiens
3721 4162 3889 4215 frater
3914 4163 3978 4214 de
4021 4160 4347 4215 monasterio
4374 4160 4670 4228 interrogat
4721 4159 4973 4214 abbatem
5001 4203 5016 4225 ,

3432 4257 3466 4311 d
3490 4272 3614 4311 cens
3643 4275 3653 4309 :
3688 4255 3821 4319 Quid
3850 4253 4067 4321 jubeas,
4096 4253 4313 4308 domine
4341 4260 4510 4321 pater,
4539 4253 4582 4308 si
4623 4268 4722 4323 pro
4750 4252 5021 4307 charitate

3434 4350 3502 4405 ab
3530 4364 3595 4403 eo
3626 4350 3688 4402 ad
3720 4364 3877 4417 quem
3928 4347 4130 4411 mittor,
4162 4358 4253 4400 aut
4282 4346 4349 4400 ab
4393 4346 4500 4401 alio
4542 4347 4719 4414 aliquo
4767 4356 5021 4400 reti-ntus

3434 4442 3584 4496 fuero
3622 4439 3685 4491 ad
3730 4453 3969 4493 mensam
3993 4446 4047 4491 et
4092 4452 4212 4492 cum
4255 4437 4561 4505 iuramento
4608 4452 4827 4493 suasum
4882 4439 5020 4491 mibi

3438 4536 3597 4590 fuerit
3626 4532 3693 4587 ad
3725 4530 4172 4593 manducandum,
4204 4529 4363 4596 quid?
4398 4527 4744 4599 frangendum
4772 4528 4893 4587 erit,
4922 4537 5024 4581 aut

3437 4644 3565 4694 non,
3589 4622 3892 4695 jejunium?
3930 4619 4272 4691 Respondeat
4317 4618 4503 4685 abbas,
4532 4617 4751 4672 dicens:
4783 4617 4841 4672 Si
4863 4618 5028 4687 spiri-

3438 4721 3557 4775 talis
3586 4720 3752 4772 frater
3780 4730 3876 4783 pro
3899 4712 4160 4768 adventus
4184 4712 4258 4765 tui
4304 4711 4485 4765 Letitia
4529 4724 4710 4765 secum
4732 4719 4920 4764 tamen
4954 4712 5025 4763 ad

3438 4807 3830 4867 comedendum
3858 4814 3914 4860 et
3938 4819 4033 4874 per
4073 4803 4388 4858 charitatem
4412 4811 4575 4872 petat,
4600 4803 4769 4872 prima
4799 4802 5029 4871 quidem

3439 4904 3555 4971 ejus
3584 4900 3861 4970 petitione,
3888 4899 3931 4952 si
3952 4904 4166 4968 quarta,
4198 4903 4288 4949 aut
4332 4902 4481 4949 sexta
4531 4892 4662 4947 feria
4690 4934 4706 4958 ,
4754 4904 4847 4947 aut
4892 4893 5032 4948 sab-

3441 4997 3623 5050 batum
3651 4992 3831 5057 fuerit,
3864 5004 3993 5054 nega
4020 5006 4033 5041 :
4065 4985 4311 5042 secunda:
4352 5000 4477 5040 vero
4501 4985 4706 5039 iterata:
4734 4985 4852 5053 ejus
4880 4987 5031 5053 peti—

3445 5087 3575 5141 tioni
3607 5099 3702 5153 pro
3729 5082 3992 5139 cbaritate
4014 5080 4123 5147 jam
4147 5078 4411 5133 censenti.
4452 5077 4584 5131 Aliis
4610 5092 4739 5131 vero
4785 5075 4991 5131 diebus
5014 5115 5032 5140 ,

3440 5188 3590 5232 extra
3636 5176 3765 5228 iStas
3813 5180 3920 5225 tres
3962 5169 4139 5233 ferias,
4170 5168 4353 5237 prima:
4381 5167 4625 5236 petitioni
4675 5164 4902 5235 spiritali
4965 5165 5037 5220 ad

3441 5269 3864 5325 manducandum
3895 5263 4142 5318 effectum
4194 5263 4448 5317 concede.
4504 5260 4560 5314 Si
4591 5274 4719 5314 vero
4745 5259 5037 5313 saecularis

3441 5366 3543 5419 erit
3572 5362 3710 5430 apud
3757 5370 3809 5414 te
3851 5356 4124 5413 retieiendi
4181 5357 4392 5427 petitio,
4417 5364 4627 5423 quarta,
4655 5363 4827 5415 sexta,
4860 5349 5035 5421 feria,

3441 5468 3495 5511 et
3520 5454 3746 5510 sabbato
3792 5467 3899 5508 non
3951 5449 4306 5519 permittimus
4350 5456 4403 5501 te
4441 5445 4701 5514 jejunium
4731 5444 5035 5511 frangere:

3441 5550 3737 5620 quantisvis
3763 5544 4106 5615 petitionibus
4139 5556 4271 5610 nega
4297 5583 4313 5608 ,
4354 5554 4520 5610 usque
4550 5549 4726 5592 tamen
4753 5536 4819 5590 ad
4874 5539 5014 5603 jura

3443 5652 3698 5698 mentum.
3720 5640 3847 5692 Nam
3873 5637 4013 5692 forte
4038 5651 4158 5690 cum
4183 5649 4279 5703 per
4307 5632 4483 5701 aliqua
4507 5630 4687 5684 divina
4713 5636 4808 5682 aut
4831 5644 5041 5685 saneta

3442 5738 3604 5791 fueris
3632 5732 3929 5802 adjuratus,
3949 5730 4060 5798 jam
4090 5726 4333 5784 censenti
4358 5726 4413 5780 in
4441 5725 4522 5779 bis
4554 5724 4721 5778 tribus
4749 5722 4905 5776 feriis
4936 5742 4953 5778 :
4989 5735 5040 5779 u'

3443 5840 3499 5885 et
3522 5827 3827 5898 agnosearis
3858 5823 4138 5879 Dominum
4170 5834 4351 5875 amare
4374 5858 4388 5881 .
4436 5832 4559 5872 cum
4591 5830 4686 5886 per
4722 5830 4849 5870 eum
4905 5833 5019 5873 con

3438 5922 3647 5992 jui'atus
3677 5918 3966 5975 censentis.
3997 5913 4063 5968 Et
4090 5912 4233 5982 quod
4276 5908 4524 5967 secundm
4571 5908 4823 5975 petitioni
4868 5911 5014 5979 Spiri
