  <div class='ocr_page' id='page_1' title='image "/cluster/home/n/w/nwhite01/storage/ocr_20150623/88-89/uc1.31175000868714/514.png"; bbox 0 0 5174 6538; ppageno 0'>
   <div class='ocr_carea' id='block_1_1' title="bbox 705 407 836 463">
    <p class='ocr_par' dir='ltr' id='par_1_1' title="bbox 705 407 836 463">
     <span class='ocr_line' id='line_1_1' title="bbox 705 407 836 463; baseline 0 -1"><span class='ocrx_word' id='word_1_1' title='bbox 705 407 836 463; x_wconf 62' lang='lat' dir='ltr'><strong>ibit</strong></span> 
     </span>
    </p>
   </div>
   <div class='ocr_carea' id='block_1_2' title="bbox 2186 404 2484 462">
    <p class='ocr_par' dir='ltr' id='par_1_2' title="bbox 2186 404 2484 462">
     <span class='ocr_line' id='line_1_2' title="bbox 2186 404 2484 462; baseline 0.013 -4"><span class='ocrx_word' id='word_1_2' title='bbox 2186 404 2484 462; x_wconf 65' lang='lat' dir='ltr'><strong>IllLGULA.</strong></span> 
     </span>
    </p>
   </div>
   <div class='ocr_carea' id='block_1_3' title="bbox 3836 408 3978 469">
    <p class='ocr_par' dir='ltr' id='par_1_3' title="bbox 3836 408 3978 469">
     <span class='ocr_line' id='line_1_3' title="bbox 3836 408 3978 469; baseline -0.014 0"><span class='ocrx_word' id='word_1_3' title='bbox 3836 408 3978 469; x_wconf 69' lang='lat' dir='ltr'><strong>im</strong></span> 
     </span>
    </p>
   </div>
   <div class='ocr_carea' id='block_1_4' title="bbox 704 518 3977 595">
    <p class='ocr_par' dir='ltr' id='par_1_4' title="bbox 704 518 3977 595">
     <span class='ocr_line' id='line_1_4' title="bbox 704 518 3977 595; baseline 0.001 -16"><span class='ocrx_word' id='word_1_4' title='bbox 704 524 797 579; x_wconf 91' lang='lat' dir='ltr'><strong>tali</strong></span> <span class='ocrx_word' id='word_1_5' title='bbox 824 522 972 576; x_wconf 87' lang='lat' dir='ltr'><strong>fratri</strong></span> <span class='ocrx_word' id='word_1_6' title='bbox 1007 538 1103 592; x_wconf 85' lang='lat' dir='ltr'><strong>pro</strong></span> <span class='ocrx_word' id='word_1_7' title='bbox 1124 521 1387 577; x_wconf 79' lang='lat' dir='ltr'><strong>charitate</strong></span> <span class='ocrx_word' id='word_1_8' title='bbox 1411 519 1935 585; x_wconf 22' lang='lat' dir='ltr'><strong>volendo‘concedis,</strong></span> <span class='ocrx_word' id='word_1_9' title='bbox 1978 518 2120 589; x_wconf 67' lang='lat' dir='ltr'><strong>iuste</strong></span> <span class='ocrx_word' id='word_1_10' title='bbox 2149 518 2286 573; x_wconf 91' lang='lat' dir='ltr'><strong>laico</strong></span> <span class='ocrx_word' id='word_1_11' title='bbox 2314 524 2367 583; x_wconf 75' lang='grc' dir='ltr'>Α</span> <span class='ocrx_word' id='word_1_12' title='bbox 2392 520 2544 587; x_wconf 90' lang='lat' dir='ltr'><strong>hora,</strong></span> <span class='ocrx_word' id='word_1_13' title='bbox 2578 520 2729 592; x_wconf 83' lang='lat' dir='ltr'><strong>prius</strong></span> <span class='ocrx_word' id='word_1_14' title='bbox 2757 522 2926 577; x_wconf 77' lang='lat' dir='ltr'><strong>nostri</strong></span> <span class='ocrx_word' id='word_1_15' title='bbox 2974 521 3169 579; x_wconf 85' lang='lat' dir='ltr'><strong>fratres</strong></span> <span class='ocrx_word' id='word_1_16' title='bbox 3207 522 3354 593; x_wconf 79' lang='lat' dir='ltr'><strong>justo</strong></span> <span class='ocrx_word' id='word_1_17' title='bbox 3404 534 3523 578; x_wconf 87' lang='lat' dir='ltr'><strong>cum</strong></span> <span class='ocrx_word' id='word_1_18' title='bbox 3577 525 3709 579; x_wconf 80' lang='lat' dir='ltr'><strong>hora</strong></span> <span class='ocrx_word' id='word_1_19' title='bbox 3751 525 3977 595; x_wconf 61' lang='lat' dir='ltr'><strong>justitite</strong></span> 
     </span>
    </p>
   </div>
   <div class='ocr_carea' id='block_1_5' title="bbox 699 612 2318 685">
    <p class='ocr_par' dir='ltr' id='par_1_5' title="bbox 699 612 2318 685">
     <span class='ocr_line' id='line_1_5' title="bbox 699 612 2318 685; baseline -0.003 -13"><span class='ocrx_word' id='word_1_20' title='bbox 699 618 885 673; x_wconf 89' lang='lat' dir='ltr'><strong>divino</strong></span> <span class='ocrx_word' id='word_1_21' title='bbox 917 624 969 671; x_wconf 91' lang='lat' dir='ltr'><strong>te</strong></span> <span class='ocrx_word' id='word_1_22' title='bbox 1016 616 1231 671; x_wconf 86' lang='lat' dir='ltr'><strong>nomine</strong></span> <span class='ocrx_word' id='word_1_23' title='bbox 1283 616 1618 685; x_wconf 72' lang='lat' dir='ltr'><strong>conjuranti,</strong></span> <span class='ocrx_word' id='word_1_24' title='bbox 1667 614 1793 670; x_wconf 90' lang='lat' dir='ltr'><strong>licet</strong></span> <span class='ocrx_word' id='word_1_25' title='bbox 1833 612 2105 679; x_wconf 80' lang='lat' dir='ltr'><strong>nolendo,</strong></span> <span class='ocrx_word' id='word_1_26' title='bbox 2157 627 2318 669; x_wconf 90' lang='lat' dir='ltr'><strong>con-.</strong></span> 
     </span>
    </p>
   </div>
   <div class='ocr_carea' id='block_1_6' title="bbox 700 705 2290 775">
    <p class='ocr_par' dir='ltr' id='par_1_6' title="bbox 700 705 2290 775">
     <span class='ocr_line' id='line_1_6' title="bbox 700 705 2290 775; baseline -0.002 -12"><span class='ocrx_word' id='word_1_27' title='bbox 700 709 891 763; x_wconf 83' lang='lat' dir='ltr'><strong>sentis.</strong></span> <span class='ocrx_word' id='word_1_28' title='bbox 940 707 994 762; x_wconf 89' lang='lat' dir='ltr'><strong>Si</strong></span> <span class='ocrx_word' id='word_1_29' title='bbox 1022 724 1150 762; x_wconf 91' lang='lat' dir='ltr'><strong>vero</strong></span> <span class='ocrx_word' id='word_1_30' title='bbox 1194 709 1247 761; x_wconf 90' lang='lat' dir='ltr'><strong>in</strong></span> <span class='ocrx_word' id='word_1_31' title='bbox 1278 708 1359 763; x_wconf 86' lang='lat' dir='ltr'><strong>his</strong></span> <span class='ocrx_word' id='word_1_32' title='bbox 1386 707 1556 763; x_wconf 90' lang='lat' dir='ltr'><strong>tribus</strong></span> <span class='ocrx_word' id='word_1_33' title='bbox 1587 705 1733 763; x_wconf 88' lang='lat' dir='ltr'><strong>feriis</strong></span> <span class='ocrx_word' id='word_1_34' title='bbox 1773 706 1888 761; x_wconf 86' lang='lat' dir='ltr'><strong>sine</strong></span> <span class='ocrx_word' id='word_1_35' title='bbox 1916 705 2290 775; x_wconf 58' lang='lat' dir='ltr'><strong>adiuraniento</strong></span> 
     </span>
    </p>
   </div>
   <div class='ocr_carea' id='block_1_7' title="bbox 699 796 2287 869">
    <p class='ocr_par' dir='ltr' id='par_1_7' title="bbox 699 796 2287 869">
     <span class='ocr_line' id='line_1_7' title="bbox 699 796 2287 869; baseline -0.001 -17"><span class='ocrx_word' id='word_1_36' title='bbox 699 798 865 853; x_wconf 73' lang='lat' dir='ltr'><strong>divini</strong></span> <span class='ocrx_word' id='word_1_37' title='bbox 883 799 1113 854; x_wconf 86' lang='lat' dir='ltr'><strong>nominis</strong></span> <span class='ocrx_word' id='word_1_38' title='bbox 1132 798 1271 869; x_wconf 89' lang='lat' dir='ltr'><strong>apud</strong></span> <span class='ocrx_word' id='word_1_39' title='bbox 1298 808 1350 853; x_wconf 91' lang='lat' dir='ltr'><strong>te</strong></span> <span class='ocrx_word' id='word_1_40' title='bbox 1365 799 1468 852; x_wconf 89' lang='lat' dir='ltr'><strong>erit</strong></span> <span class='ocrx_word' id='word_1_41' title='bbox 1485 799 1759 867; x_wconf 81' lang='lat' dir='ltr'><strong>persuasio</strong></span> <span class='ocrx_word' id='word_1_42' title='bbox 1776 796 2051 867; x_wconf 77' lang='lat' dir='ltr'><strong>frangendi</strong></span> <span class='ocrx_word' id='word_1_43' title='bbox 2074 797 2287 867; x_wconf 88' lang='lat' dir='ltr'><strong>jejunii,</strong></span> 
     </span>
    </p>
   </div>
   <div class='ocr_carea' id='block_1_8' title="bbox 697 886 2283 959">
    <p class='ocr_par' dir='ltr' id='par_1_8' title="bbox 697 886 2283 959">
     <span class='ocr_line' id='line_1_8' title="bbox 697 886 2283 959; baseline -0.001 -14"><span class='ocrx_word' id='word_1_44' title='bbox 697 891 1108 947; x_wconf 80' lang='lat' dir='ltr'><strong>communicare</strong></span> <span class='ocrx_word' id='word_1_45' title='bbox 1137 891 1276 959; x_wconf 84' lang='lat' dir='ltr'><strong>apud</strong></span> <span class='ocrx_word' id='word_1_46' title='bbox 1308 890 1477 943; x_wconf 92' lang='lat' dir='ltr'><strong>laicos</strong></span> <span class='ocrx_word' id='word_1_47' title='bbox 1517 906 1623 945; x_wconf 92' lang='lat' dir='ltr'><strong>non</strong></span> <span class='ocrx_word' id='word_1_48' title='bbox 1673 888 2032 958; x_wconf 77' lang='lat' dir='ltr'><strong>permittimus</strong></span> <span class='ocrx_word' id='word_1_49' title='bbox 2062 886 2283 951; x_wconf 81' lang='lat' dir='ltr'><strong>fratres,</strong></span> 
     </span>
    </p>
   </div>
   <div class='ocr_carea' id='block_1_9' title="bbox 695 977 2285 1047">
    <p class='ocr_par' dir='ltr' id='par_1_9' title="bbox 695 977 2285 1047">
     <span class='ocr_line' id='line_1_9' title="bbox 695 977 2285 1047; baseline -0.004 -11"><span class='ocrx_word' id='word_1_50' title='bbox 695 982 792 1036; x_wconf 90' lang='lat' dir='ltr'><strong>sed</strong></span> <span class='ocrx_word' id='word_1_51' title='bbox 824 982 889 1035; x_wconf 85' lang='lat' dir='ltr'><strong>ad</strong></span> <span class='ocrx_word' id='word_1_52' title='bbox 936 996 1086 1035; x_wconf 90' lang='lat' dir='ltr'><strong>suam</strong></span> <span class='ocrx_word' id='word_1_53' title='bbox 1119 980 1659 1034; x_wconf 71' lang='lat' dir='ltr'><strong>communicationem</strong></span> <span class='ocrx_word' id='word_1_54' title='bbox 1692 980 1963 1047; x_wconf 77' lang='lat' dir='ltr'><strong>exspectet</strong></span> <span class='ocrx_word' id='word_1_55' title='bbox 1993 977 2285 1031; x_wconf 89' lang='lat' dir='ltr'><strong>oratorium</strong></span> 
     </span>
    </p>
   </div>
   <div class='ocr_carea' id='block_1_10' title="bbox 694 1069 2288 1141">
    <p class='ocr_par' dir='ltr' id='par_1_10' title="bbox 694 1069 2288 1141">
     <span class='ocr_line' id='line_1_10' title="bbox 694 1069 2288 1141; baseline -0.002 -16"><span class='ocrx_word' id='word_1_56' title='bbox 694 1081 1053 1125; x_wconf 19' lang='lat' dir='ltr'><strong>rrvr-rtentes.</strong></span> <span class='ocrx_word' id='word_1_57' title='bbox 1112 1071 1166 1125; x_wconf 91' lang='lat' dir='ltr'><strong>Si</strong></span> <span class='ocrx_word' id='word_1_58' title='bbox 1217 1086 1345 1127; x_wconf 87' lang='lat' dir='ltr'><strong>vero</strong></span> <span class='ocrx_word' id='word_1_59' title='bbox 1400 1071 1710 1141; x_wconf 81' lang='lat' dir='ltr'><strong>prolixitate</strong></span> <span class='ocrx_word' id='word_1_60' title='bbox 1748 1072 1955 1126; x_wconf 80' lang='lat' dir='ltr'><strong>itineris</strong></span> <span class='ocrx_word' id='word_1_61' title='bbox 2013 1086 2133 1124; x_wconf 80' lang='lat' dir='ltr'><strong>sero</strong></span> <span class='ocrx_word' id='word_1_62' title='bbox 2183 1069 2288 1124; x_wconf 87' lang='lat' dir='ltr'><strong>erit</strong></span> 
     </span>
    </p>
   </div>
   <div class='ocr_carea' id='block_1_11' title="bbox 694 1157 2285 1229">
    <p class='ocr_par' dir='ltr' id='par_1_11' title="bbox 694 1157 2285 1229">
     <span class='ocr_line' id='line_1_11' title="bbox 694 1157 2285 1229; baseline -0.001 -15"><span class='ocrx_word' id='word_1_63' title='bbox 694 1157 861 1215; x_wconf 76' lang='lat' dir='ltr'><strong>frater</strong></span> <span class='ocrx_word' id='word_1_64' title='bbox 895 1176 1227 1226; x_wconf 81' lang='lat' dir='ltr'><strong>reversurus,</strong></span> <span class='ocrx_word' id='word_1_65' title='bbox 1259 1161 1302 1215; x_wconf 80' lang='lat' dir='ltr'><strong>si</strong></span> <span class='ocrx_word' id='word_1_66' title='bbox 1336 1169 1515 1215; x_wconf 89' lang='lat' dir='ltr'><strong>tamen</strong></span> <span class='ocrx_word' id='word_1_67' title='bbox 1564 1162 1631 1215; x_wconf 91' lang='lat' dir='ltr'><strong>ab</strong></span> <span class='ocrx_word' id='word_1_68' title='bbox 1676 1161 1881 1229; x_wconf 85' lang='lat' dir='ltr'><strong>aliquo,-</strong></span> <span class='ocrx_word' id='word_1_69' title='bbox 1908 1168 1967 1215; x_wconf 87' lang='lat' dir='ltr'><strong>ut</strong></span> <span class='ocrx_word' id='word_1_70' title='bbox 2015 1160 2244 1214; x_wconf 79' lang='lat' dir='ltr'><strong>diximus</strong></span> <span class='ocrx_word' id='word_1_71' title='bbox 2269 1200 2285 1227; x_wconf 92' lang='lat'><strong>,</strong></span> 
     </span>
    </p>
   </div>
   <div class='ocr_carea' id='block_1_12' title="bbox 692 1250 2287 1322">
    <p class='ocr_par' dir='ltr' id='par_1_12' title="bbox 692 1250 2287 1322">
     <span class='ocr_line' id='line_1_12' title="bbox 692 1250 2287 1322; baseline -0.003 -13"><span class='ocrx_word' id='word_1_72' title='bbox 692 1256 835 1309; x_wconf 85' lang='lat' dir='ltr'><strong>laico</strong></span> <span class='ocrx_word' id='word_1_73' title='bbox 867 1257 919 1309; x_wconf 91' lang='lat' dir='ltr'><strong>in</strong></span> <span class='ocrx_word' id='word_1_74' title='bbox 970 1255 1050 1309; x_wconf 85' lang='lat' dir='ltr'><strong>his</strong></span> <span class='ocrx_word' id='word_1_75' title='bbox 1082 1256 1251 1309; x_wconf 86' lang='lat' dir='ltr'><strong>tribus</strong></span> <span class='ocrx_word' id='word_1_76' title='bbox 1298 1253 1443 1311; x_wconf 91' lang='lat' dir='ltr'><strong>feriis</strong></span> <span class='ocrx_word' id='word_1_77' title='bbox 1497 1255 1615 1309; x_wconf 89' lang='lat' dir='ltr'><strong>sine</strong></span> <span class='ocrx_word' id='word_1_78' title='bbox 1640 1254 1948 1322; x_wconf 89' lang='lat' dir='ltr'><strong>juramento</strong></span> <span class='ocrx_word' id='word_1_79' title='bbox 1999 1250 2287 1308; x_wconf 83' lang='lat' dir='ltr'><strong>suadentur</strong></span> 
     </span>
    </p>
   </div>
   <div class='ocr_carea' id='block_1_13' title="bbox 689 1340 2277 1415">
    <p class='ocr_par' dir='ltr' id='par_1_13' title="bbox 689 1340 2277 1415">
     <span class='ocr_line' id='line_1_13' title="bbox 689 1340 2277 1415; baseline -0.006 -14"><span class='ocrx_word' id='word_1_80' title='bbox 689 1347 959 1415; x_wconf 81' lang='lat' dir='ltr'><strong>jejunium</strong></span> <span class='ocrx_word' id='word_1_81' title='bbox 992 1350 1264 1415; x_wconf 77' lang='lat' dir='ltr'><strong>frangere,</strong></span> <span class='ocrx_word' id='word_1_82' title='bbox 1310 1361 1416 1399; x_wconf 91' lang='lat' dir='ltr'><strong>non</strong></span> <span class='ocrx_word' id='word_1_83' title='bbox 1449 1354 1625 1397; x_wconf 83' lang='lat' dir='ltr'><strong>tamen</strong></span> <span class='ocrx_word' id='word_1_84' title='bbox 1672 1343 1720 1398; x_wconf 90' lang='lat' dir='ltr'><strong>ei</strong></span> <span class='ocrx_word' id='word_1_85' title='bbox 1765 1358 1825 1399; x_wconf 90' lang='lat' dir='ltr'><strong>se</strong></span> <span class='ocrx_word' id='word_1_86' title='bbox 1853 1342 2133 1412; x_wconf 82' lang='lat' dir='ltr'><strong>promittat</strong></span> <span class='ocrx_word' id='word_1_87' title='bbox 2162 1340 2277 1396; x_wconf 74' lang='lat' dir='ltr'><strong>reti.</strong></span> 
     </span>
    </p>
   </div>
   <div class='ocr_carea' id='block_1_14' title="bbox 685 1434 2283 1501">
    <p class='ocr_par' dir='ltr' id='par_1_14' title="bbox 685 1434 2283 1501">
     <span class='ocr_line' id='line_1_14' title="bbox 685 1434 2283 1501; baseline -0.007 -2"><span class='ocrx_word' id='word_1_88' title='bbox 685 1455 838 1499; x_wconf 76' lang='lat' dir='ltr'><strong>cere.</strong></span> <span class='ocrx_word' id='word_1_89' title='bbox 873 1439 929 1493; x_wconf 90' lang='lat' dir='ltr'><strong>Si</strong></span> <span class='ocrx_word' id='word_1_90' title='bbox 963 1449 1091 1494; x_wconf 81' lang='lat' dir='ltr'><strong>vero</strong></span> <span class='ocrx_word' id='word_1_91' title='bbox 1122 1438 1189 1492; x_wconf 90' lang='lat' dir='ltr'><strong>ad</strong></span> <span class='ocrx_word' id='word_1_92' title='bbox 1218 1439 1357 1492; x_wconf 90' lang='lat' dir='ltr'><strong>hunc</strong></span> <span class='ocrx_word' id='word_1_93' title='bbox 1380 1437 1691 1492; x_wconf 63' lang='lat' dir='ltr'><strong>saecularem</strong></span> <span class='ocrx_word' id='word_1_94' title='bbox 1721 1439 1887 1489; x_wconf 86' lang='lat' dir='ltr'><strong>frater</strong></span> <span class='ocrx_word' id='word_1_95' title='bbox 1914 1436 2177 1501; x_wconf 89' lang='lat' dir='ltr'><strong>mittatur,</strong></span> <span class='ocrx_word' id='word_1_96' title='bbox 2230 1434 2283 1488; x_wconf 90' lang='lat' dir='ltr'><strong>in</strong></span> 
     </span>
    </p>
   </div>
   <div class='ocr_carea' id='block_1_15' title="bbox 689 1527 2282 1599">
    <p class='ocr_par' dir='ltr' id='par_1_15' title="bbox 689 1527 2282 1599">
     <span class='ocr_line' id='line_1_15' title="bbox 689 1527 2282 1599; baseline -0.002 -15"><span class='ocrx_word' id='word_1_97' title='bbox 689 1532 944 1586; x_wconf 84' lang='lat' dir='ltr'><strong>omnibus</strong></span> <span class='ocrx_word' id='word_1_98' title='bbox 984 1530 1095 1599; x_wconf 88' lang='lat' dir='ltr'><strong>jam</strong></span> <span class='ocrx_word' id='word_1_99' title='bbox 1130 1543 1452 1584; x_wconf 89' lang='lat' dir='ltr'><strong>conversum</strong></span> <span class='ocrx_word' id='word_1_100' title='bbox 1482 1527 1805 1583; x_wconf 86' lang='lat' dir='ltr'><strong>similantetn</strong></span> <span class='ocrx_word' id='word_1_101' title='bbox 1836 1528 2100 1595; x_wconf 75' lang='lat' dir='ltr'><strong>religiosis</strong></span> <span class='ocrx_word' id='word_1_102' title='bbox 2144 1527 2282 1582; x_wconf 87' lang='lat' dir='ltr'><strong>acti-</strong></span> 
     </span>
    </p>
   </div>
   <div class='ocr_carea' id='block_1_16' title="bbox 689 1619 2283 1690">
    <p class='ocr_par' dir='ltr' id='par_1_16' title="bbox 689 1619 2283 1690">
     <span class='ocr_line' id='line_1_16' title="bbox 689 1619 2283 1690; baseline 0.001 -17"><span class='ocrx_word' id='word_1_103' title='bbox 689 1623 811 1684; x_wconf 75' lang='lat' dir='ltr'><strong>bus,</strong></span> <span class='ocrx_word' id='word_1_104' title='bbox 842 1623 930 1690; x_wconf 86' lang='lat' dir='ltr'><strong>qui</strong></span> <span class='ocrx_word' id='word_1_105' title='bbox 955 1622 1073 1677; x_wconf 88' lang='lat' dir='ltr'><strong>sola</strong></span> <span class='ocrx_word' id='word_1_106' title='bbox 1098 1624 1274 1677; x_wconf 87' lang='lat' dir='ltr'><strong>adhuc</strong></span> <span class='ocrx_word' id='word_1_107' title='bbox 1298 1619 1543 1675; x_wconf 69' lang='lat' dir='ltr'><strong>videatur</strong></span> <span class='ocrx_word' id='word_1_108' title='bbox 1568 1630 1785 1675; x_wconf 87' lang='lat' dir='ltr'><strong>tonsura</strong></span> <span class='ocrx_word' id='word_1_109' title='bbox 1815 1619 2283 1687; x_wconf 78' lang='lat' dir='ltr'><strong>di.~similis,hujns</strong></span> 
     </span>
    </p>
   </div>
   <div class='ocr_carea' id='block_1_17' title="bbox 680 1711 2281 1783">
    <p class='ocr_par' dir='ltr' id='par_1_17' title="bbox 680 1711 2281 1783">
     <span class='ocr_line' id='line_1_17' title="bbox 680 1711 2281 1783; baseline -0.002 -16"><span class='ocrx_word' id='word_1_110' title='bbox 680 1714 928 1767; x_wconf 78' lang='lat' dir='ltr'><strong>Suasioni</strong></span> <span class='ocrx_word' id='word_1_111' title='bbox 972 1715 1141 1769; x_wconf 89' lang='lat' dir='ltr'><strong>tribus</strong></span> <span class='ocrx_word' id='word_1_112' title='bbox 1195 1712 1340 1768; x_wconf 88' lang='lat' dir='ltr'><strong>feriis</strong></span> <span class='ocrx_word' id='word_1_113' title='bbox 1392 1727 1489 1782; x_wconf 90' lang='lat' dir='ltr'><strong>pro</strong></span> <span class='ocrx_word' id='word_1_114' title='bbox 1534 1711 1645 1783; x_wconf 83' lang='lat' dir='ltr'><strong>jam</strong></span> <span class='ocrx_word' id='word_1_115' title='bbox 1695 1713 1941 1768; x_wconf 67' lang='lat' dir='ltr'><strong>conversi</strong></span> <span class='ocrx_word' id='word_1_116' title='bbox 1984 1714 2154 1766; x_wconf 90' lang='lat' dir='ltr'><strong>forma</strong></span> <span class='ocrx_word' id='word_1_117' title='bbox 2199 1711 2281 1765; x_wconf 91' lang='lat' dir='ltr'><strong>vel</strong></span> 
     </span>
    </p>
   </div>
   <div class='ocr_carea' id='block_1_18' title="bbox 684 1806 2278 1877">
    <p class='ocr_par' dir='ltr' id='par_1_18' title="bbox 684 1806 2278 1877">
     <span class='ocr_line' id='line_1_18' title="bbox 684 1806 2278 1877; baseline 0.001 -18"><span class='ocrx_word' id='word_1_118' title='bbox 684 1807 950 1861; x_wconf 87' lang='lat' dir='ltr'><strong>charitate</strong></span> <span class='ocrx_word' id='word_1_119' title='bbox 979 1812 1101 1876; x_wconf 89' lang='lat' dir='ltr'><strong>post</strong></span> <span class='ocrx_word' id='word_1_120' title='bbox 1129 1808 1386 1877; x_wconf 89' lang='lat' dir='ltr'><strong>primam,</strong></span> <span class='ocrx_word' id='word_1_121' title='bbox 1440 1808 1497 1860; x_wconf 90' lang='lat' dir='ltr'><strong>ut</strong></span> <span class='ocrx_word' id='word_1_122' title='bbox 1536 1806 1766 1860; x_wconf 82' lang='lat' dir='ltr'><strong>diximus</strong></span> <span class='ocrx_word' id='word_1_123' title='bbox 1792 1846 1807 1872; x_wconf 94' lang='lat'><strong>,</strong></span> <span class='ocrx_word' id='word_1_124' title='bbox 1852 1806 2166 1876; x_wconf 84' lang='lat' dir='ltr'><strong>petitionem</strong></span> <span class='ocrx_word' id='word_1_125' title='bbox 2195 1821 2278 1860; x_wconf 85' lang='lat' dir='ltr'><strong>re-</strong></span> 
     </span>
    </p>
   </div>
   <div class='ocr_carea' id='block_1_19' title="bbox 2392 614 3978 691">
    <p class='ocr_par' dir='ltr' id='par_1_19' title="bbox 2392 614 3978 691">
     <span class='ocr_line' id='line_1_19' title="bbox 2392 614 3978 691; baseline 0.006 -24"><span class='ocrx_word' id='word_1_126' title='bbox 2392 614 2561 684; x_wconf 85' lang='lat' dir='ltr'><strong>magis</strong></span> <span class='ocrx_word' id='word_1_127' title='bbox 2587 629 2716 671; x_wconf 90' lang='lat' dir='ltr'><strong>snas</strong></span> <span class='ocrx_word' id='word_1_128' title='bbox 2743 616 2902 670; x_wconf 86' lang='lat' dir='ltr'><strong>horas</strong></span> <span class='ocrx_word' id='word_1_129' title='bbox 2932 615 3255 683; x_wconf 81' lang='lat' dir='ltr'><strong>efficiantur,</strong></span> <span class='ocrx_word' id='word_1_130' title='bbox 3288 625 3344 673; x_wconf 89' lang='lat' dir='ltr'><strong>et</strong></span> <span class='ocrx_word' id='word_1_131' title='bbox 3375 620 3499 672; x_wconf 86' lang='lat' dir='ltr'><strong>tunc</strong></span> <span class='ocrx_word' id='word_1_132' title='bbox 3522 617 3589 672; x_wconf 90' lang='lat' dir='ltr'><strong>de</strong></span> <span class='ocrx_word' id='word_1_133' title='bbox 3613 620 3727 675; x_wconf 82' lang='lat' dir='ltr'><strong>suis</strong></span> <span class='ocrx_word' id='word_1_134' title='bbox 3744 622 3978 691; x_wconf 69' lang='lat' dir='ltr'><strong>Qttmpti-</strong></span> 
     </span>
    </p>
   </div>
   <div class='ocr_carea' id='block_1_20' title="bbox 2390 703 3977 780">
    <p class='ocr_par' dir='ltr' id='par_1_20' title="bbox 2390 703 3977 780">
     <span class='ocr_line' id='line_1_20' title="bbox 2390 703 3977 780; baseline 0.006 -21"><span class='ocrx_word' id='word_1_135' title='bbox 2390 703 2489 760; x_wconf 86' lang='lat' dir='ltr'><strong>bus</strong></span> <span class='ocrx_word' id='word_1_136' title='bbox 2517 703 2629 775; x_wconf 89' lang='lat' dir='ltr'><strong>jam</strong></span> <span class='ocrx_word' id='word_1_137' title='bbox 2663 716 2925 777; x_wconf 86' lang='lat' dir='ltr'><strong>ponentes</strong></span> <span class='ocrx_word' id='word_1_138' title='bbox 2950 748 2965 771; x_wconf 92' lang='lat'><strong>,</strong></span> <span class='ocrx_word' id='word_1_139' title='bbox 3015 710 3158 777; x_wconf 84' lang='lat' dir='ltr'><strong>quod</strong></span> <span class='ocrx_word' id='word_1_140' title='bbox 3190 710 3265 764; x_wconf 88' lang='lat' dir='ltr'><strong>illi</strong></span> <span class='ocrx_word' id='word_1_141' title='bbox 3314 724 3416 780; x_wconf 89' lang='lat' dir='ltr'><strong>pro</strong></span> <span class='ocrx_word' id='word_1_142' title='bbox 3452 710 3564 765; x_wconf 86' lang='lat' dir='ltr'><strong>sola</strong></span> <span class='ocrx_word' id='word_1_143' title='bbox 3597 710 3862 768; x_wconf 75' lang='lat' dir='ltr'><strong>charitate</strong></span> <span class='ocrx_word' id='word_1_144' title='bbox 3891 713 3977 767; x_wconf 90' lang='lat' dir='ltr'><strong>in-</strong></span> 
     </span>
    </p>
   </div>
   <div class='ocr_carea' id='block_1_21' title="bbox 2384 793 3975 872">
    <p class='ocr_par' dir='ltr' id='par_1_21' title="bbox 2384 793 3975 872">
     <span class='ocr_line' id='line_1_21' title="bbox 2384 793 3975 872; baseline 0.006 -24"><span class='ocrx_word' id='word_1_145' title='bbox 2384 793 2530 863; x_wconf 81' lang='lat' dir='ltr'><strong>juste</strong></span> <span class='ocrx_word' id='word_1_146' title='bbox 2550 803 3027 868; x_wconf 66' lang='lat' dir='ltr'><strong>praesumpserant,</strong></span> <span class='ocrx_word' id='word_1_147' title='bbox 3053 799 3137 854; x_wconf 87' lang='lat' dir='ltr'><strong>isti</strong></span> <span class='ocrx_word' id='word_1_148' title='bbox 3168 812 3306 855; x_wconf 87' lang='lat' dir='ltr'><strong>nune</strong></span> <span class='ocrx_word' id='word_1_149' title='bbox 3346 810 3399 855; x_wconf 87' lang='lat' dir='ltr'><strong>et</strong></span> <span class='ocrx_word' id='word_1_150' title='bbox 3440 808 3537 872; x_wconf 82' lang='lat' dir='ltr'><strong>pro</strong></span> <span class='ocrx_word' id='word_1_151' title='bbox 3568 802 3764 857; x_wconf 82' lang='lat' dir='ltr'><strong>vicaria</strong></span> <span class='ocrx_word' id='word_1_152' title='bbox 3796 803 3975 857; x_wconf 82' lang='lat' dir='ltr'><strong>chari-</strong></span> 
     </span>
    </p>
   </div>
   <div class='ocr_carea' id='block_1_22' title="bbox 2390 890 3971 962">
    <p class='ocr_par' dir='ltr' id='par_1_22' title="bbox 2390 890 3971 962">
     <span class='ocr_line' id='line_1_22' title="bbox 2390 890 3971 962; baseline 0.004 -22"><span class='ocrx_word' id='word_1_153' title='bbox 2390 890 2521 946; x_wconf 87' lang='lat' dir='ltr'><strong>tate.</strong></span> <span class='ocrx_word' id='word_1_154' title='bbox 2553 898 2606 943; x_wconf 90' lang='lat' dir='ltr'><strong>et</strong></span> <span class='ocrx_word' id='word_1_155' title='bbox 2652 905 2753 960; x_wconf 87' lang='lat' dir='ltr'><strong>pro</strong></span> <span class='ocrx_word' id='word_1_156' title='bbox 2776 890 2992 959; x_wconf 74' lang='lat' dir='ltr'><strong>iustitia:</strong></span> <span class='ocrx_word' id='word_1_157' title='bbox 3024 891 3190 947; x_wconf 88' lang='lat' dir='ltr'><strong>modo</strong></span> <span class='ocrx_word' id='word_1_158' title='bbox 3220 891 3502 962; x_wconf 81' lang='lat' dir='ltr'><strong>dupliciter</strong></span> <span class='ocrx_word' id='word_1_159' title='bbox 3554 894 3928 950; x_wconf 77' lang='lat' dir='ltr'><strong>administrent</strong></span> <span class='ocrx_word' id='word_1_160' title='bbox 3959 913 3971 947; x_wconf 93' lang='lat'>:</span> 
     </span>
    </p>
   </div>
   <div class='ocr_carea' id='block_1_23' title="bbox 2388 983 3974 1055">
    <p class='ocr_par' dir='ltr' id='par_1_23' title="bbox 2388 983 3974 1055">
     <span class='ocr_line' id='line_1_23' title="bbox 2388 983 3974 1055; baseline 0.006 -21"><span class='ocrx_word' id='word_1_161' title='bbox 2388 991 2445 1034; x_wconf 86' lang='lat' dir='ltr'><strong>ut</strong></span> <span class='ocrx_word' id='word_1_162' title='bbox 2496 986 2631 1048; x_wconf 85' lang='lat' dir='ltr'><strong>quos</strong></span> <span class='ocrx_word' id='word_1_163' title='bbox 2678 983 2730 1034; x_wconf 89' lang='lat' dir='ltr'><strong>in</strong></span> <span class='ocrx_word' id='word_1_164' title='bbox 2781 983 2900 1039; x_wconf 88' lang='lat' dir='ltr'><strong>illos</strong></span> <span class='ocrx_word' id='word_1_165' title='bbox 2952 986 3266 1053; x_wconf 81' lang='lat' dir='ltr'><strong>ignorantes</strong></span> <span class='ocrx_word' id='word_1_166' title='bbox 3320 985 3537 1041; x_wconf 89' lang='lat' dir='ltr'><strong>modum</strong></span> <span class='ocrx_word' id='word_1_167' title='bbox 3587 988 3805 1055; x_wconf 78' lang='lat' dir='ltr'><strong>justitiae</strong></span> <span class='ocrx_word' id='word_1_168' title='bbox 3858 989 3974 1043; x_wconf 86' lang='lat' dir='ltr'><strong>istis</strong></span> 
     </span>
    </p>
   </div>
   <div class='ocr_carea' id='block_1_24' title="bbox 2389 1074 3970 1147">
    <p class='ocr_par' dir='ltr' id='par_1_24' title="bbox 2389 1074 3970 1147">
     <span class='ocr_line' id='line_1_24' title="bbox 2389 1074 3970 1147; baseline 0.005 -22"><span class='ocrx_word' id='word_1_169' title='bbox 2389 1080 2570 1128; x_wconf 89' lang='lat' dir='ltr'><strong>tamen</strong></span> <span class='ocrx_word' id='word_1_170' title='bbox 2606 1074 2843 1130; x_wconf 89' lang='lat' dir='ltr'><strong>eharitas</strong></span> <span class='ocrx_word' id='word_1_171' title='bbox 2884 1088 3238 1144; x_wconf 78' lang='lat' dir='ltr'><strong>persuaserat,</strong></span> <span class='ocrx_word' id='word_1_172' title='bbox 3275 1093 3370 1147; x_wconf 90' lang='lat' dir='ltr'><strong>per</strong></span> <span class='ocrx_word' id='word_1_173' title='bbox 3400 1080 3529 1134; x_wconf 87' lang='lat' dir='ltr'><strong>istos</strong></span> <span class='ocrx_word' id='word_1_174' title='bbox 3575 1079 3675 1133; x_wconf 90' lang='lat' dir='ltr'><strong>illis</strong></span> <span class='ocrx_word' id='word_1_175' title='bbox 3730 1082 3970 1134; x_wconf 80' lang='lat' dir='ltr'><strong>notitiam</strong></span> 
     </span>
    </p>
   </div>
   <div class='ocr_carea' id='block_1_25' title="bbox 2387 1165 3973 1236">
    <p class='ocr_par' dir='ltr' id='par_1_25' title="bbox 2387 1165 3973 1236">
     <span class='ocr_line' id='line_1_25' title="bbox 2387 1165 3973 1236; baseline 0.004 -17"><span class='ocrx_word' id='word_1_176' title='bbox 2387 1176 2536 1219; x_wconf 84' lang='lat' dir='ltr'><strong>suam</strong></span> <span class='ocrx_word' id='word_1_177' title='bbox 2583 1165 2793 1235; x_wconf 82' lang='lat' dir='ltr'><strong>ingerat</strong></span> <span class='ocrx_word' id='word_1_178' title='bbox 2832 1166 3131 1235; x_wconf 79' lang='lat' dir='ltr'><strong>disciplina.</strong></span> <span class='ocrx_word' id='word_1_179' title='bbox 3178 1169 3329 1236; x_wconf 86' lang='lat' dir='ltr'><strong>Quod</strong></span> <span class='ocrx_word' id='word_1_180' title='bbox 3383 1170 3425 1224; x_wconf 90' lang='lat' dir='ltr'><strong>si</strong></span> <span class='ocrx_word' id='word_1_181' title='bbox 3479 1178 3603 1223; x_wconf 90' lang='lat' dir='ltr'><strong>ante</strong></span> <span class='ocrx_word' id='word_1_182' title='bbox 3652 1170 3839 1225; x_wconf 86' lang='lat' dir='ltr'><strong>horam</strong></span> <span class='ocrx_word' id='word_1_183' title='bbox 3889 1186 3973 1225; x_wconf 91' lang='lat' dir='ltr'><strong>re-</strong></span> 
     </span>
    </p>
   </div>
   <div class='ocr_carea' id='block_1_26' title="bbox 2388 1253 3973 1329">
    <p class='ocr_par' dir='ltr' id='par_1_26' title="bbox 2388 1253 3973 1329">
     <span class='ocr_line' id='line_1_26' title="bbox 2388 1253 3973 1329; baseline 0.006 -22"><span class='ocrx_word' id='word_1_184' title='bbox 2388 1253 2631 1311; x_wconf 87' lang='lat' dir='ltr'><strong>fectionis</strong></span> <span class='ocrx_word' id='word_1_185' title='bbox 2653 1258 3101 1329; x_wconf 83' lang='lat' dir='ltr'><strong>adveniat,quam</strong></span> <span class='ocrx_word' id='word_1_186' title='bbox 3137 1260 3326 1313; x_wconf 75' lang='lat' dir='ltr'><strong>fratres</strong></span> <span class='ocrx_word' id='word_1_187' title='bbox 3356 1261 3417 1313; x_wconf 89' lang='lat' dir='ltr'><strong>ad</strong></span> <span class='ocrx_word' id='word_1_188' title='bbox 3450 1276 3627 1315; x_wconf 85' lang='lat' dir='ltr'><strong>casam</strong></span> <span class='ocrx_word' id='word_1_189' title='bbox 3660 1261 3973 1329; x_wconf 81' lang='lat' dir='ltr'><strong>perveniant</strong></span> 
     </span>
    </p>
   </div>
   <div class='ocr_carea' id='block_1_27' title="bbox 2386 1345 3971 1419">
    <p class='ocr_par' dir='ltr' id='par_1_27' title="bbox 2386 1345 3971 1419">
     <span class='ocr_line' id='line_1_27' title="bbox 2386 1345 3971 1419; baseline 0.004 -20"><span class='ocrx_word' id='word_1_190' title='bbox 2386 1345 2728 1413; x_wconf 86' lang='lat' dir='ltr'><strong>destinatam,</strong></span> <span class='ocrx_word' id='word_1_191' title='bbox 2757 1367 2881 1404; x_wconf 88' lang='lat' dir='ltr'><strong>mox</strong></span> <span class='ocrx_word' id='word_1_192' title='bbox 2915 1352 2967 1405; x_wconf 91' lang='lat' dir='ltr'><strong>in</strong></span> <span class='ocrx_word' id='word_1_193' title='bbox 2999 1366 3106 1419; x_wconf 80' lang='lat' dir='ltr'><strong>quo</strong></span> <span class='ocrx_word' id='word_1_194' title='bbox 3137 1351 3258 1407; x_wconf 91' lang='lat' dir='ltr'><strong>loco</strong></span> <span class='ocrx_word' id='word_1_195' title='bbox 3300 1353 3353 1405; x_wconf 89' lang='lat' dir='ltr'><strong>in</strong></span> <span class='ocrx_word' id='word_1_196' title='bbox 3381 1354 3461 1405; x_wconf 93' lang='lat' dir='ltr'><strong>via</strong></span> <span class='ocrx_word' id='word_1_197' title='bbox 3488 1354 3775 1407; x_wconf 90' lang='lat' dir='ltr'><strong>constituta</strong></span> <span class='ocrx_word' id='word_1_198' title='bbox 3806 1369 3971 1409; x_wconf 75' lang='lat' dir='ltr'><strong>oceu-</strong></span> 
     </span>
    </p>
   </div>
   <div class='ocr_carea' id='block_1_28' title="bbox 2386 1441 3967 1510">
    <p class='ocr_par' dir='ltr' id='par_1_28' title="bbox 2386 1441 3967 1510">
     <span class='ocr_line' id='line_1_28' title="bbox 2386 1441 3967 1510; baseline 0.004 -17"><span class='ocrx_word' id='word_1_199' title='bbox 2386 1441 2599 1509; x_wconf 88' lang='lat' dir='ltr'><strong>paverit</strong></span> <span class='ocrx_word' id='word_1_200' title='bbox 2628 1442 2759 1495; x_wconf 91' lang='lat' dir='ltr'><strong>hora</strong></span> <span class='ocrx_word' id='word_1_201' title='bbox 2784 1482 2799 1507; x_wconf 93' lang='lat'><strong>,</strong></span> <span class='ocrx_word' id='word_1_202' title='bbox 2849 1443 3084 1499; x_wconf 80' lang='lat' dir='ltr'><strong>reficiant</strong></span> <span class='ocrx_word' id='word_1_203' title='bbox 3119 1445 3309 1499; x_wconf 76' lang='lat' dir='ltr'><strong>fratres</strong></span> <span class='ocrx_word' id='word_1_204' title='bbox 3336 1463 3353 1510; x_wconf 87' lang='lat'><strong>:_</strong></span> <span class='ocrx_word' id='word_1_205' title='bbox 3380 1460 3446 1499; x_wconf 90' lang='lat' dir='ltr'><strong>ne</strong></span> <span class='ocrx_word' id='word_1_206' title='bbox 3478 1445 3614 1500; x_wconf 90' lang='lat' dir='ltr'><strong>forte</strong></span> <span class='ocrx_word' id='word_1_207' title='bbox 3640 1462 3759 1501; x_wconf 88' lang='lat' dir='ltr'><strong>cum</strong></span> <span class='ocrx_word' id='word_1_208' title='bbox 3788 1446 3855 1501; x_wconf 92' lang='lat' dir='ltr'><strong>ad</strong></span> <span class='ocrx_word' id='word_1_209' title='bbox 3886 1448 3967 1500; x_wconf 85' lang='lat' dir='ltr'><strong>Io-</strong></span> 
     </span>
    </p>
   </div>
   <div class='ocr_carea' id='block_1_29' title="bbox 2387 1536 3969 1607">
    <p class='ocr_par' dir='ltr' id='par_1_29' title="bbox 2387 1536 3969 1607">
     <span class='ocr_line' id='line_1_29' title="bbox 2387 1536 3969 1607; baseline 0.004 -20"><span class='ocrx_word' id='word_1_210' title='bbox 2387 1549 2509 1587; x_wconf 89' lang='lat' dir='ltr'><strong>cum</strong></span> <span class='ocrx_word' id='word_1_211' title='bbox 2539 1536 2882 1604; x_wconf 77' lang='lat' dir='ltr'><strong>perveneriat</strong></span> <span class='ocrx_word' id='word_1_212' title='bbox 2910 1537 3253 1605; x_wconf 84' lang='lat' dir='ltr'><strong>destinatum,</strong></span> <span class='ocrx_word' id='word_1_213' title='bbox 3287 1556 3393 1593; x_wconf 89' lang='lat' dir='ltr'><strong>uon</strong></span> <span class='ocrx_word' id='word_1_214' title='bbox 3424 1547 3686 1607; x_wconf 84' lang='lat' dir='ltr'><strong>cogantur</strong></span> <span class='ocrx_word' id='word_1_215' title='bbox 3715 1554 3743 1592; x_wconf 90' lang='lat' dir='ltr'><strong>a</strong></span> <span class='ocrx_word' id='word_1_216' title='bbox 3775 1540 3969 1596; x_wconf 85' lang='lat' dir='ltr'><strong>colono</strong></span> 
     </span>
    </p>
   </div>
   <div class='ocr_carea' id='block_1_30' title="bbox 2386 1625 3969 1688">
    <p class='ocr_par' dir='ltr' id='par_1_30' title="bbox 2386 1625 3969 1688">
     <span class='ocr_line' id='line_1_30' title="bbox 2386 1625 3969 1688; baseline 0.004 -10"><span class='ocrx_word' id='word_1_217' title='bbox 2386 1625 2627 1688; x_wconf 83' lang='lat' dir='ltr'><strong>reﬁcere,</strong></span> <span class='ocrx_word' id='word_1_218' title='bbox 2655 1635 2710 1680; x_wconf 85' lang='lat' dir='ltr'><strong>et</strong></span> <span class='ocrx_word' id='word_1_219' title='bbox 2741 1628 2933 1682; x_wconf 87' lang='lat' dir='ltr'><strong>missus</strong></span> <span class='ocrx_word' id='word_1_220' title='bbox 2961 1628 3127 1682; x_wconf 79' lang='lat' dir='ltr'><strong>frater</strong></span> <span class='ocrx_word' id='word_1_221' title='bbox 3155 1631 3338 1684; x_wconf 87' lang='lat' dir='ltr'><strong>horam</strong></span> <span class='ocrx_word' id='word_1_222' title='bbox 3390 1630 3697 1685; x_wconf 85' lang='lat' dir='ltr'><strong>refectionis</strong></span> <span class='ocrx_word' id='word_1_223' title='bbox 3726 1631 3969 1685; x_wconf 84' lang='lat' dir='ltr'><strong>videatur</strong></span> 
     </span>
    </p>
   </div>
   <div class='ocr_carea' id='block_1_31' title="bbox 2386 1719 3969 1787">
    <p class='ocr_par' dir='ltr' id='par_1_31' title="bbox 2386 1719 3969 1787">
     <span class='ocr_line' id='line_1_31' title="bbox 2386 1719 3969 1787; baseline 0.001 -15"><span class='ocrx_word' id='word_1_224' title='bbox 2386 1719 2703 1787; x_wconf 81' lang='lat' dir='ltr'><strong>perdidisse,</strong></span> <span class='ocrx_word' id='word_1_225' title='bbox 2737 1736 2857 1774; x_wconf 71' lang='lat' dir='ltr'><strong>enm</strong></span> <span class='ocrx_word' id='word_1_226' title='bbox 2885 1721 2949 1773; x_wconf 88' lang='lat' dir='ltr'><strong>ad</strong></span> <span class='ocrx_word' id='word_1_227' title='bbox 2981 1720 3329 1775; x_wconf 83' lang='lat' dir='ltr'><strong>refectionem</strong></span> <span class='ocrx_word' id='word_1_228' title='bbox 3351 1738 3378 1775; x_wconf 92' lang='lat' dir='ltr'><strong>a</strong></span> <span class='ocrx_word' id='word_1_229' title='bbox 3401 1723 3621 1777; x_wconf 88' lang='lat' dir='ltr'><strong>domino</strong></span> <span class='ocrx_word' id='word_1_230' title='bbox 3647 1723 3723 1776; x_wconf 92' lang='lat' dir='ltr'><strong>rei</strong></span> <span class='ocrx_word' id='word_1_231' title='bbox 3747 1732 3969 1777; x_wconf 87' lang='lat' dir='ltr'><strong>coactus</strong></span> 
     </span>
    </p>
   </div>
   <div class='ocr_carea' id='block_1_32' title="bbox 2387 1808 3968 1880">
    <p class='ocr_par' dir='ltr' id='par_1_32' title="bbox 2387 1808 3968 1880">
     <span class='ocr_line' id='line_1_32' title="bbox 2387 1808 3968 1880; baseline 0.003 -16"><span class='ocrx_word' id='word_1_232' title='bbox 2387 1826 2492 1864; x_wconf 89' lang='lat' dir='ltr'><strong>non</strong></span> <span class='ocrx_word' id='word_1_233' title='bbox 2536 1808 2733 1879; x_wconf 88' lang='lat' dir='ltr'><strong>fuerit,</strong></span> <span class='ocrx_word' id='word_1_234' title='bbox 2773 1818 2826 1864; x_wconf 88' lang='lat' dir='ltr'><strong>et</strong></span> <span class='ocrx_word' id='word_1_235' title='bbox 2883 1822 3066 1880; x_wconf 87' lang='lat' dir='ltr'><strong>postea</strong></span> <span class='ocrx_word' id='word_1_236' title='bbox 3118 1822 3271 1868; x_wconf 81' lang='lat' dir='ltr'><strong>extra</strong></span> <span class='ocrx_word' id='word_1_237' title='bbox 3313 1814 3496 1868; x_wconf 90' lang='lat' dir='ltr'><strong>horam</strong></span> <span class='ocrx_word' id='word_1_238' title='bbox 3557 1822 3780 1879; x_wconf 58' lang='lat' dir='ltr'><strong>cogatur</strong></span> <span class='ocrx_word' id='word_1_239' title='bbox 3831 1815 3968 1868; x_wconf 89' lang='lat' dir='ltr'><strong>fame</strong></span> 
     </span>
    </p>
   </div>
   <div class='ocr_carea' id='block_1_33' title="bbox 682 1891 3966 1973">
    <p class='ocr_par' dir='ltr' id='par_1_33' title="bbox 682 1891 3966 1973">
     <span class='ocr_line' id='line_1_33' title="bbox 682 1891 3966 1973; baseline 0.002 -20"><span class='ocrx_word' id='word_1_240' title='bbox 682 1899 935 1953; x_wconf 84' lang='lat' dir='ltr'><strong>fectionis</strong></span> <span class='ocrx_word' id='word_1_241' title='bbox 964 1898 1288 1953; x_wconf 85' lang='lat' dir='ltr'><strong>concedatur</strong></span> <span class='ocrx_word' id='word_1_242' title='bbox 1317 1898 1561 1953; x_wconf 80' lang='lat' dir='ltr'><strong>effectus.</strong></span> <span class='ocrx_word' id='word_1_243' title='bbox 1615 1898 1747 1952; x_wconf 88' lang='lat' dir='ltr'><strong>Aliis</strong></span> <span class='ocrx_word' id='word_1_244' title='bbox 1800 1912 1927 1952; x_wconf 87' lang='lat' dir='ltr'><strong>vero</strong></span> <span class='ocrx_word' id='word_1_245' title='bbox 1982 1897 2125 1952; x_wconf 85' lang='lat' dir='ltr'><strong>feriis</strong></span> <span class='ocrx_word' id='word_1_246' title='bbox 2159 1940 2172 1962; x_wconf 92' lang='lat'><strong>,</strong></span> <span class='ocrx_word' id='word_1_247' title='bbox 2234 1899 2277 1953; x_wconf 90' lang='lat' dir='ltr'><strong>si</strong></span> <span class='ocrx_word' id='word_1_248' title='bbox 2312 1891 2356 1951; x_wconf 87' lang='grc' dir='ltr'><strong>Β</strong></span> <span class='ocrx_word' id='word_1_249' title='bbox 2386 1901 2742 1969; x_wconf 73' lang='lat' dir='ltr'><strong>con-pellente</strong></span> <span class='ocrx_word' id='word_1_250' title='bbox 2772 1903 2996 1957; x_wconf 12' lang='lat' dir='ltr'><strong>reti-scre</strong></span> <span class='ocrx_word' id='word_1_251' title='bbox 3029 1945 3042 1969; x_wconf 94' lang='lat'><strong>,</strong></span> <span class='ocrx_word' id='word_1_252' title='bbox 3100 1913 3155 1957; x_wconf 88' lang='lat' dir='ltr'><strong>et</strong></span> <span class='ocrx_word' id='word_1_253' title='bbox 3179 1914 3422 1973; x_wconf 87' lang='lat' dir='ltr'><strong>sumptus</strong></span> <span class='ocrx_word' id='word_1_254' title='bbox 3462 1907 3765 1961; x_wconf 67' lang='lat' dir='ltr'><strong>constitutae</strong></span> <span class='ocrx_word' id='word_1_255' title='bbox 3820 1905 3966 1959; x_wconf 67' lang='lat' dir='ltr'><strong>hora:</strong></span> 
     </span>
    </p>
   </div>
   <div class='ocr_carea' id='block_1_34' title="bbox 681 1990 2276 2065">
    <p class='ocr_par' dir='ltr' id='par_1_34' title="bbox 681 1990 2276 2065">
     <span class='ocr_line' id='line_1_34' title="bbox 681 1990 2276 2065; baseline -0.003 -16"><span class='ocrx_word' id='word_1_256' title='bbox 681 1996 828 2065; x_wconf 89' lang='lat' dir='ltr'><strong>apud</strong></span> <span class='ocrx_word' id='word_1_257' title='bbox 872 1994 1190 2050; x_wconf 87' lang='lat' dir='ltr'><strong>suadentem</strong></span> <span class='ocrx_word' id='word_1_258' title='bbox 1246 1994 1311 2049; x_wconf 91' lang='lat' dir='ltr'><strong>de</strong></span> <span class='ocrx_word' id='word_1_259' title='bbox 1358 1993 1651 2049; x_wconf 84' lang='lat' dir='ltr'><strong>refectione</strong></span> <span class='ocrx_word' id='word_1_260' title='bbox 1695 2010 1724 2046; x_wconf 91' lang='lat' dir='ltr'><strong>a</strong></span> <span class='ocrx_word' id='word_1_261' title='bbox 1758 1994 2069 2046; x_wconf 83' lang='lat' dir='ltr'><strong>transmisso</strong></span> <span class='ocrx_word' id='word_1_262' title='bbox 2114 1990 2276 2044; x_wconf 87' lang='lat' dir='ltr'><strong>fratre</strong></span> 
     </span>
    </p>
   </div>
   <div class='ocr_carea' id='block_1_35' title="bbox 678 2085 2275 2154">
    <p class='ocr_par' dir='ltr' id='par_1_35' title="bbox 678 2085 2275 2154">
     <span class='ocr_line' id='line_1_35' title="bbox 678 2085 2275 2154; baseline -0.004 -15"><span class='ocrx_word' id='word_1_263' title='bbox 678 2086 861 2140; x_wconf 87' lang='lat' dir='ltr'><strong>adhuc</strong></span> <span class='ocrx_word' id='word_1_264' title='bbox 891 2086 1043 2139; x_wconf 88' lang='lat' dir='ltr'><strong>tarda</strong></span> <span class='ocrx_word' id='word_1_265' title='bbox 1068 2085 1226 2139; x_wconf 86' lang='lat' dir='ltr'><strong>fuerit</strong></span> <span class='ocrx_word' id='word_1_266' title='bbox 1257 2085 1460 2154; x_wconf 81' lang='lat' dir='ltr'><strong>agenda</strong></span> <span class='ocrx_word' id='word_1_267' title='bbox 1512 2100 1681 2145; x_wconf 88' lang='lat' dir='ltr'><strong>n.0ra,</strong></span> <span class='ocrx_word' id='word_1_268' title='bbox 1717 2093 1808 2137; x_wconf 90' lang='lat' dir='ltr'><strong>aut</strong></span> <span class='ocrx_word' id='word_1_269' title='bbox 1853 2098 2014 2145; x_wconf 80' lang='lat' dir='ltr'><strong>nona,</strong></span> <span class='ocrx_word' id='word_1_270' title='bbox 2048 2092 2138 2136; x_wconf 89' lang='lat' dir='ltr'><strong>aut</strong></span> <span class='ocrx_word' id='word_1_271' title='bbox 2186 2097 2275 2135; x_wconf 86' lang='lat' dir='ltr'><strong>vc-</strong></span> 
     </span>
    </p>
   </div>
   <div class='ocr_carea' id='block_1_36' title="bbox 675 2173 2274 2248">
    <p class='ocr_par' dir='ltr' id='par_1_36' title="bbox 675 2173 2274 2248">
     <span class='ocr_line' id='line_1_36' title="bbox 675 2173 2274 2248; baseline -0.005 -15"><span class='ocrx_word' id='word_1_272' title='bbox 675 2193 868 2248; x_wconf 85' lang='lat' dir='ltr'><strong>spera,</strong></span> <span class='ocrx_word' id='word_1_273' title='bbox 901 2178 1055 2231; x_wconf 85' lang='lat' dir='ltr'><strong>fratri</strong></span> <span class='ocrx_word' id='word_1_274' title='bbox 1085 2178 1407 2233; x_wconf 82' lang='lat' dir='ltr'><strong>manducare</strong></span> <span class='ocrx_word' id='word_1_275' title='bbox 1435 2178 1791 2245; x_wconf 64' lang='lat' dir='ltr'><strong>rermAttitur;</strong></span> <span class='ocrx_word' id='word_1_276' title='bbox 1825 2191 1890 2228; x_wconf 89' lang='lat' dir='ltr'><strong>ne</strong></span> <span class='ocrx_word' id='word_1_277' title='bbox 1933 2184 2083 2227; x_wconf 69' lang='lat' dir='ltr'><strong>cxira</strong></span> <span class='ocrx_word' id='word_1_278' title='bbox 2117 2173 2274 2226; x_wconf 86' lang='lat' dir='ltr'><strong>horas</strong></span> 
     </span>
    </p>
   </div>
   <div class='ocr_carea' id='block_1_37' title="bbox 678 2269 2273 2338">
    <p class='ocr_par' dir='ltr' id='par_1_37' title="bbox 678 2269 2273 2338">
     <span class='ocr_line' id='line_1_37' title="bbox 678 2269 2273 2338; baseline -0.003 -13"><span class='ocrx_word' id='word_1_279' title='bbox 678 2270 1041 2326; x_wconf 89' lang='lat' dir='ltr'><strong>refectionum</strong></span> <span class='ocrx_word' id='word_1_280' title='bbox 1073 2272 1394 2326; x_wconf 91' lang='lat' dir='ltr'><strong>constitutas</strong></span> <span class='ocrx_word' id='word_1_281' title='bbox 1422 2280 1711 2325; x_wconf 58' lang='lat' dir='ltr'><strong>consuetus</strong></span> <span class='ocrx_word' id='word_1_282' title='bbox 1739 2270 1929 2323; x_wconf 81' lang='lat' dir='ltr'><strong>modus</strong></span> <span class='ocrx_word' id='word_1_283' title='bbox 1950 2269 2117 2322; x_wconf 89' lang='lat' dir='ltr'><strong>sancti</strong></span> <span class='ocrx_word' id='word_1_284' title='bbox 2151 2284 2273 2338; x_wconf 89' lang='lat' dir='ltr'><strong>pro-</strong></span> 
     </span>
    </p>
   </div>
   <div class='ocr_carea' id='block_1_38' title="bbox 673 2362 2273 2434">
    <p class='ocr_par' dir='ltr' id='par_1_38' title="bbox 673 2362 2273 2434">
     <span class='ocr_line' id='line_1_38' title="bbox 673 2362 2273 2434; baseline -0.002 -18"><span class='ocrx_word' id='word_1_285' title='bbox 673 2364 844 2434; x_wconf 90' lang='lat' dir='ltr'><strong>positi</strong></span> <span class='ocrx_word' id='word_1_286' title='bbox 868 2363 1179 2418; x_wconf 86' lang='lat' dir='ltr'><strong>excedatur.</strong></span> <span class='ocrx_word' id='word_1_287' title='bbox 1204 2362 1319 2417; x_wconf 81' lang='lat' dir='ltr'><strong>Jam</strong></span> <span class='ocrx_word' id='word_1_288' title='bbox 1343 2364 1385 2418; x_wconf 90' lang='lat' dir='ltr'><strong>si</strong></span> <span class='ocrx_word' id='word_1_289' title='bbox 1414 2364 1556 2417; x_wconf 86' lang='lat' dir='ltr'><strong>nulla</strong></span> <span class='ocrx_word' id='word_1_290' title='bbox 1581 2372 1663 2416; x_wconf 89' lang='lat' dir='ltr'><strong>est</strong></span> <span class='ocrx_word' id='word_1_291' title='bbox 1708 2377 1878 2428; x_wconf 86' lang='lat' dir='ltr'><strong>mora,</strong></span> <span class='ocrx_word' id='word_1_292' title='bbox 1912 2374 1957 2415; x_wconf 88' lang='lat' dir='ltr'><strong>c&#39;</strong></span> <span class='ocrx_word' id='word_1_293' title='bbox 1995 2364 2073 2414; x_wconf 88' lang='lat' dir='ltr'><strong>via</strong></span> <span class='ocrx_word' id='word_1_294' title='bbox 2108 2378 2137 2414; x_wconf 89' lang='lat' dir='ltr'><strong>a</strong></span> <span class='ocrx_word' id='word_1_295' title='bbox 2170 2362 2273 2414; x_wconf 85' lang='lat' dir='ltr'><strong>fra-</strong></span> 
     </span>
    </p>
   </div>
   <div class='ocr_carea' id='block_1_39' title="bbox 677 2456 2273 2525">
    <p class='ocr_par' dir='ltr' id='par_1_39' title="bbox 677 2456 2273 2525">
     <span class='ocr_line' id='line_1_39' title="bbox 677 2456 2273 2525; baseline -0.003 -14"><span class='ocrx_word' id='word_1_296' title='bbox 677 2464 763 2512; x_wconf 90' lang='lat' dir='ltr'><strong>tre</strong></span> <span class='ocrx_word' id='word_1_297' title='bbox 788 2457 1033 2525; x_wconf 89' lang='lat' dir='ltr'><strong>repedari</strong></span> <span class='ocrx_word' id='word_1_298' title='bbox 1063 2458 1161 2511; x_wconf 89' lang='lat' dir='ltr'><strong>sub</strong></span> <span class='ocrx_word' id='word_1_299' title='bbox 1183 2457 1270 2512; x_wconf 92' lang='lat' dir='ltr'><strong>die</strong></span> <span class='ocrx_word' id='word_1_300' title='bbox 1298 2472 1520 2512; x_wconf 88' lang='lat' dir='ltr'><strong>necesse</strong></span> <span class='ocrx_word' id='word_1_301' title='bbox 1567 2469 1669 2521; x_wconf 89' lang='lat' dir='ltr'><strong>est,</strong></span> <span class='ocrx_word' id='word_1_302' title='bbox 1699 2471 1910 2525; x_wconf 82' lang='lat' dir='ltr'><strong>quaqua</strong></span> <span class='ocrx_word' id='word_1_303' title='bbox 1954 2457 2084 2509; x_wconf 91' lang='lat' dir='ltr'><strong>hora</strong></span> <span class='ocrx_word' id='word_1_304' title='bbox 2126 2456 2273 2507; x_wconf 64' lang='lat' dir='ltr'><strong>fusti-</strong></span> 
     </span>
    </p>
   </div>
   <div class='ocr_carea' id='block_1_40' title="bbox 674 2548 2269 2618">
    <p class='ocr_par' dir='ltr' id='par_1_40' title="bbox 674 2548 2269 2618">
     <span class='ocr_line' id='line_1_40' title="bbox 674 2548 2269 2618; baseline -0.003 -15"><span class='ocrx_word' id='word_1_305' title='bbox 674 2550 935 2605; x_wconf 88' lang='lat' dir='ltr'><strong>nantibus</strong></span> <span class='ocrx_word' id='word_1_306' title='bbox 956 2548 1208 2605; x_wconf 89' lang='lat' dir='ltr'><strong>fratribus</strong></span> <span class='ocrx_word' id='word_1_307' title='bbox 1235 2549 1390 2603; x_wconf 57' lang='lat' dir='ltr'><strong>fuerit</strong></span> <span class='ocrx_word' id='word_1_308' title='bbox 1422 2564 1756 2618; x_wconf 83' lang='lat' dir='ltr'><strong>persuasum,</strong></span> <span class='ocrx_word' id='word_1_309' title='bbox 1784 2566 1905 2602; x_wconf 71' lang='lat' dir='ltr'><strong>mox</strong></span> <span class='ocrx_word' id='word_1_310' title='bbox 1935 2548 2231 2601; x_wconf 76' lang='lat' dir='ltr'><strong>consentiat</strong></span> <span class='ocrx_word' id='word_1_311' title='bbox 2256 2565 2269 2613; x_wconf 89' lang='lat'><strong>;</strong></span> 
     </span>
    </p>
   </div>
   <div class='ocr_carea' id='block_1_41' title="bbox 673 2643 2267 2714">
    <p class='ocr_par' dir='ltr' id='par_1_41' title="bbox 673 2643 2267 2714">
     <span class='ocr_line' id='line_1_41' title="bbox 673 2643 2267 2714; baseline -0.006 -15"><span class='ocrx_word' id='word_1_312' title='bbox 673 2659 748 2699; x_wconf 88' lang='lat' dir='ltr'><strong>ne</strong></span> <span class='ocrx_word' id='word_1_313' title='bbox 776 2659 883 2699; x_wconf 93' lang='lat' dir='ltr'><strong>non</strong></span> <span class='ocrx_word' id='word_1_314' title='bbox 904 2652 1150 2714; x_wconf 91' lang='lat' dir='ltr'><strong>sumptus</strong></span> <span class='ocrx_word' id='word_1_315' title='bbox 1175 2643 1489 2699; x_wconf 78' lang='lat' dir='ltr'><strong>monasterii</strong></span> <span class='ocrx_word' id='word_1_316' title='bbox 1519 2643 1716 2697; x_wconf 87' lang='lat' dir='ltr'><strong>haheat</strong></span> <span class='ocrx_word' id='word_1_317' title='bbox 1747 2644 1930 2706; x_wconf 81' lang='lat' dir='ltr'><strong>frater,</strong></span> <span class='ocrx_word' id='word_1_318' title='bbox 1960 2652 2011 2694; x_wconf 81' lang='lat' dir='ltr'><strong>et</strong></span> <span class='ocrx_word' id='word_1_319' title='bbox 2039 2658 2267 2694; x_wconf 70' lang='lat' dir='ltr'><strong>consun-</strong></span> 
     </span>
    </p>
   </div>
   <div class='ocr_carea' id='block_1_42' title="bbox 672 2721 2273 2805">
    <p class='ocr_par' dir='ltr' id='par_1_42' title="bbox 672 2721 2273 2805">
     <span class='ocr_line' id='line_1_42' title="bbox 672 2721 2273 2805; baseline -0.004 -16"><span class='ocrx_word' id='word_1_320' title='bbox 672 2744 789 2789; x_wconf 90' lang='lat' dir='ltr'><strong>tam</strong></span> <span class='ocrx_word' id='word_1_321' title='bbox 816 2721 1334 2792; x_wconf 36' lang='lat' dir='ltr'><strong>refectionis&#39;horam</strong></span> <span class='ocrx_word' id='word_1_322' title='bbox 1384 2733 1688 2805; x_wconf 70' lang='lat' dir='ltr'><strong>longinqum</strong></span> <span class='ocrx_word' id='word_1_323' title='bbox 1716 2748 1999 2787; x_wconf 76' lang='lat' dir='ltr'><strong>occurrere</strong></span> <span class='ocrx_word' id='word_1_324' title='bbox 2046 2734 2173 2795; x_wconf 83' lang='lat' dir='ltr'><strong>viae,</strong></span> <span class='ocrx_word' id='word_1_325' title='bbox 2218 2741 2273 2785; x_wconf 90' lang='lat' dir='ltr'><strong>et</strong></span> 
     </span>
    </p>
   </div>
   <div class='ocr_carea' id='block_1_43' title="bbox 673 2822 2267 2895">
    <p class='ocr_par' dir='ltr' id='par_1_43' title="bbox 673 2822 2267 2895">
     <span class='ocr_line' id='line_1_43' title="bbox 673 2822 2267 2895; baseline -0.003 -17"><span class='ocrx_word' id='word_1_326' title='bbox 673 2823 831 2879; x_wconf 89' lang='lat' dir='ltr'><strong>tarde</strong></span> <span class='ocrx_word' id='word_1_327' title='bbox 868 2822 1018 2879; x_wconf 88' lang='lat' dir='ltr'><strong>fratri</strong></span> <span class='ocrx_word' id='word_1_328' title='bbox 1047 2840 1142 2895; x_wconf 91' lang='lat' dir='ltr'><strong>per</strong></span> <span class='ocrx_word' id='word_1_329' title='bbox 1164 2824 1533 2879; x_wconf 86' lang='lat' dir='ltr'><strong>lassitudinem</strong></span> <span class='ocrx_word' id='word_1_330' title='bbox 1577 2824 1866 2879; x_wconf 80' lang='lat' dir='ltr'><strong>revertenti</strong></span> <span class='ocrx_word' id='word_1_331' title='bbox 1896 2823 2267 2891; x_wconf 59' lang='lat' dir='ltr'><strong>imper-parata</strong></span> 
     </span>
    </p>
   </div>
   <div class='ocr_carea' id='block_1_44' title="bbox 668 2913 2261 2981">
    <p class='ocr_par' dir='ltr' id='par_1_44' title="bbox 668 2913 2261 2981">
     <span class='ocr_line' id='line_1_44' title="bbox 668 2913 2261 2981; baseline -0.004 -10"><span class='ocrx_word' id='word_1_332' title='bbox 668 2914 1014 2971; x_wconf 81' lang='lat' dir='ltr'><strong>diversorum</strong></span> <span class='ocrx_word' id='word_1_333' title='bbox 1069 2916 1364 2970; x_wconf 84' lang='lat' dir='ltr'><strong>refectione</strong></span> <span class='ocrx_word' id='word_1_334' title='bbox 1392 2930 1577 2970; x_wconf 88' lang='lat' dir='ltr'><strong>mensa</strong></span> <span class='ocrx_word' id='word_1_335' title='bbox 1607 2914 1917 2969; x_wconf 82' lang='lat' dir='ltr'><strong>monasterii</strong></span> <span class='ocrx_word' id='word_1_336' title='bbox 1960 2914 2069 2981; x_wconf 83' lang='lat' dir='ltr'><strong>jam</strong></span> <span class='ocrx_word' id='word_1_337' title='bbox 2102 2913 2261 2981; x_wconf 82' lang='lat' dir='ltr'><strong>expli-</strong></span> 
     </span>
    </p>
   </div>
   <div class='ocr_carea' id='block_1_45' title="bbox 668 3002 2269 3077">
    <p class='ocr_par' dir='ltr' id='par_1_45' title="bbox 668 3002 2269 3077">
     <span class='ocr_line' id='line_1_45' title="bbox 668 3002 2269 3077; baseline -0.004 -13"><span class='ocrx_word' id='word_1_338' title='bbox 668 3008 780 3064; x_wconf 85' lang='lat' dir='ltr'><strong>cita</strong></span> <span class='ocrx_word' id='word_1_339' title='bbox 810 3008 1021 3063; x_wconf 87' lang='lat' dir='ltr'><strong>levetur</strong></span> <span class='ocrx_word' id='word_1_340' title='bbox 1049 3048 1065 3073; x_wconf 91' lang='lat'><strong>,</strong></span> <span class='ocrx_word' id='word_1_341' title='bbox 1121 3016 1175 3061; x_wconf 90' lang='lat' dir='ltr'><strong>et</strong></span> <span class='ocrx_word' id='word_1_342' title='bbox 1204 3007 1456 3077; x_wconf 89' lang='lat' dir='ltr'><strong>utrinque</strong></span> <span class='ocrx_word' id='word_1_343' title='bbox 1504 3005 1806 3074; x_wconf 88' lang='lat' dir='ltr'><strong>decipiatur</strong></span> <span class='ocrx_word' id='word_1_344' title='bbox 1851 3004 2159 3058; x_wconf 70' lang='lat' dir='ltr'><strong>adveniens.</strong></span> <span class='ocrx_word' id='word_1_345' title='bbox 2206 3002 2269 3057; x_wconf 86' lang='lat' dir='ltr'><strong>Et</strong></span> 
     </span>
    </p>
   </div>
   <div class='ocr_carea' id='block_1_46' title="bbox 669 3096 2263 3154">
    <p class='ocr_par' dir='ltr' id='par_1_46' title="bbox 669 3096 2263 3154">
     <span class='ocr_line' id='line_1_46' title="bbox 669 3096 2263 3154; baseline -0.003 -1"><span class='ocrx_word' id='word_1_346' title='bbox 669 3099 803 3154; x_wconf 87' lang='lat' dir='ltr'><strong>item</strong></span> <span class='ocrx_word' id='word_1_347' title='bbox 835 3098 958 3153; x_wconf 90' lang='lat' dir='ltr'><strong>ideo</strong></span> <span class='ocrx_word' id='word_1_348' title='bbox 980 3114 1011 3152; x_wconf 90' lang='lat' dir='ltr'><strong>a</strong></span> <span class='ocrx_word' id='word_1_349' title='bbox 1040 3096 1326 3153; x_wconf 87' lang='lat' dir='ltr'><strong>festinante</strong></span> <span class='ocrx_word' id='word_1_350' title='bbox 1353 3098 1520 3153; x_wconf 87' lang='lat' dir='ltr'><strong>fratre</strong></span> <span class='ocrx_word' id='word_1_351' title='bbox 1546 3107 1701 3152; x_wconf 80' lang='lat' dir='ltr'><strong>extra</strong></span> <span class='ocrx_word' id='word_1_352' title='bbox 1729 3097 1917 3151; x_wconf 88' lang='lat' dir='ltr'><strong>horam</strong></span> <span class='ocrx_word' id='word_1_353' title='bbox 1947 3106 2263 3151; x_wconf 72' lang='lat' dir='ltr'><strong>consuetam</strong></span> 
     </span>
    </p>
   </div>
   <div class='ocr_carea' id='block_1_47' title="bbox 670 3188 2266 3258">
    <p class='ocr_par' dir='ltr' id='par_1_47' title="bbox 670 3188 2266 3258">
     <span class='ocr_line' id='line_1_47' title="bbox 670 3188 2266 3258; baseline -0.004 -13"><span class='ocrx_word' id='word_1_354' title='bbox 670 3188 958 3245; x_wconf 87' lang='lat' dir='ltr'><strong>refectioni</strong></span> <span class='ocrx_word' id='word_1_355' title='bbox 991 3205 1285 3245; x_wconf 89' lang='lat' dir='ltr'><strong>consensus</strong></span> <span class='ocrx_word' id='word_1_356' title='bbox 1315 3188 1649 3255; x_wconf 86' lang='lat' dir='ltr'><strong>conceditur,</strong></span> <span class='ocrx_word' id='word_1_357' title='bbox 1678 3197 1733 3242; x_wconf 89' lang='lat' dir='ltr'><strong>ut</strong></span> <span class='ocrx_word' id='word_1_358' title='bbox 1777 3204 1880 3243; x_wconf 92' lang='lat' dir='ltr'><strong>non</strong></span> <span class='ocrx_word' id='word_1_359' title='bbox 1914 3189 2143 3258; x_wconf 78' lang='lat' dir='ltr'><strong>petentis</strong></span> <span class='ocrx_word' id='word_1_360' title='bbox 2170 3202 2266 3258; x_wconf 89' lang='lat' dir='ltr'><strong>pro</strong></span> 
     </span>
    </p>
   </div>
   <div class='ocr_carea' id='block_1_48' title="bbox 669 3280 1840 3350">
    <p class='ocr_par' dir='ltr' id='par_1_48' title="bbox 669 3280 1840 3350">
     <span class='ocr_line' id='line_1_48' title="bbox 669 3280 1840 3350; baseline -0.001 -15"><span class='ocrx_word' id='word_1_361' title='bbox 669 3280 945 3336; x_wconf 90' lang='lat' dir='ltr'><strong>charitate</strong></span> <span class='ocrx_word' id='word_1_362' title='bbox 976 3281 1203 3350; x_wconf 88' lang='lat' dir='ltr'><strong>hospitis</strong></span> <span class='ocrx_word' id='word_1_363' title='bbox 1232 3282 1443 3337; x_wconf 90' lang='lat' dir='ltr'><strong>animus</strong></span> <span class='ocrx_word' id='word_1_364' title='bbox 1474 3281 1840 3336; x_wconf 81' lang='lat' dir='ltr'><strong>contristetur.</strong></span> 
     </span>
    </p>
   </div>
   <div class='ocr_carea' id='block_1_49' title="bbox 1263 3438 1689 3493">
    <p class='ocr_par' dir='ltr' id='par_1_49' title="bbox 1263 3438 1689 3493">
     <span class='ocr_line' id='line_1_49' title="bbox 1263 3438 1689 3493; baseline 0.002 -1"><span class='ocrx_word' id='word_1_365' title='bbox 1263 3438 1492 3493; x_wconf 76' lang='lat' dir='ltr'><strong>CAPUT</strong></span> <span class='ocrx_word' id='word_1_366' title='bbox 1535 3438 1689 3493; x_wconf 76' lang='lat' dir='ltr'><strong>LXII.</strong></span> 
     </span>
    </p>
   </div>
   <div class='ocr_carea' id='block_1_50' title="bbox 1131 3546 1809 3585">
    <p class='ocr_par' dir='ltr' id='par_1_50' title="bbox 1131 3546 1809 3585">
     <span class='ocr_line' id='line_1_50' title="bbox 1131 3546 1809 3585; baseline -0.001 -1"><span class='ocrx_word' id='word_1_367' title='bbox 1131 3548 1518 3585; x_wconf 67' lang='lat' dir='ltr'><strong>INTERROGATIO</strong></span> <span class='ocrx_word' id='word_1_368' title='bbox 1558 3549 1722 3584; x_wconf 58' lang='lat' dir='ltr'><strong>DIECIP</strong></span> <span class='ocrx_word' id='word_1_369' title='bbox 1760 3546 1809 3583; x_wconf 85' lang='lat' dir='ltr'><strong>LI</strong></span> 
     </span>
    </p>
   </div>
   <div class='ocr_carea' id='block_1_51' title="bbox 666 3644 2258 3712">
    <p class='ocr_par' dir='ltr' id='par_1_51' title="bbox 666 3644 2258 3712">
     <span class='ocr_line' id='line_1_51' title="bbox 666 3644 2258 3712; baseline -0.005 -9"><span class='ocrx_word' id='word_1_370' title='bbox 666 3646 731 3703; x_wconf 89' lang='lat' dir='ltr'><strong>Si</strong></span> <span class='ocrx_word' id='word_1_371' title='bbox 775 3644 921 3702; x_wconf 70' lang='lat' dir='ltr'><strong>debet</strong></span> <span class='ocrx_word' id='word_1_372' title='bbox 949 3654 1097 3701; x_wconf 76' lang='lat' dir='ltr'><strong>extra</strong></span> <span class='ocrx_word' id='word_1_373' title='bbox 1153 3646 1329 3699; x_wconf 79' lang='lat' dir='ltr'><strong>horam</strong></span> <span class='ocrx_word' id='word_1_374' title='bbox 1380 3648 1710 3698; x_wconf 80' lang='lat' dir='ltr'><strong>constitutam</strong></span> <span class='ocrx_word' id='word_1_375' title='bbox 1758 3646 1809 3696; x_wconf 78' lang='lat' dir='ltr'><strong>in</strong></span> <span class='ocrx_word' id='word_1_376' title='bbox 1862 3644 1941 3696; x_wconf 77' lang='lat' dir='ltr'><strong>riu</strong></span> <span class='ocrx_word' id='word_1_377' title='bbox 1978 3646 2139 3712; x_wconf 74' lang='lat' dir='ltr'><strong>frater</strong></span> <span class='ocrx_word' id='word_1_378' title='bbox 2170 3652 2258 3695; x_wconf 87' lang='lat' dir='ltr'><strong>aut</strong></span> 
     </span>
    </p>
   </div>
   <div class='ocr_carea' id='block_1_52' title="bbox 1153 3714 1777 3769">
    <p class='ocr_par' dir='ltr' id='par_1_52' title="bbox 1153 3714 1777 3769">
     <span class='ocr_line' id='line_1_52' title="bbox 1153 3714 1777 3769; baseline -0.003 -1"><span class='ocrx_word' id='word_1_379' title='bbox 1153 3718 1464 3769; x_wconf 83' lang='lat' dir='ltr'><strong>manducare</strong></span> <span class='ocrx_word' id='word_1_380' title='bbox 1490 3726 1577 3767; x_wconf 85' lang='lat' dir='ltr'><strong>aut</strong></span> <span class='ocrx_word' id='word_1_381' title='bbox 1606 3714 1777 3767; x_wconf 73' lang='lat' dir='ltr'><strong>libere.</strong></span> 
     </span>
    </p>
   </div>
   <div class='ocr_carea' id='block_1_53' title="bbox 954 3843 2021 3883">
    <p class='ocr_par' dir='ltr' id='par_1_53' title="bbox 954 3843 2021 3883">
     <span class='ocr_line' id='line_1_53' title="bbox 954 3843 2021 3883; baseline -0.001 -1"><span class='ocrx_word' id='word_1_382' title='bbox 954 3844 1259 3882; x_wconf 70' lang='lat' dir='ltr'><strong>BESPONDET</strong></span> <span class='ocrx_word' id='word_1_383' title='bbox 1300 3843 1525 3883; x_wconf 69' lang='lat' dir='ltr'><strong>DOIINIIS</strong></span> <span class='ocrx_word' id='word_1_384' title='bbox 1565 3844 1662 3881; x_wconf 74' lang='lat' dir='ltr'><strong>PER</strong></span> <span class='ocrx_word' id='word_1_385' title='bbox 1702 3843 2021 3883; x_wconf 70' lang='lat' dir='ltr'><strong>lAGISTIlUM.</strong></span> 
     </span>
    </p>
   </div>
   <div class='ocr_carea' id='block_1_54' title="bbox 739 3936 2256 4007">
    <p class='ocr_par' dir='ltr' id='par_1_54' title="bbox 739 3936 2256 4007">
     <span class='ocr_line' id='line_1_54' title="bbox 739 3936 2256 4007; baseline 0 -14"><span class='ocrx_word' id='word_1_386' title='bbox 739 3936 819 3993; x_wconf 86' lang='lat' dir='ltr'><strong>De</strong></span> <span class='ocrx_word' id='word_1_387' title='bbox 845 3938 1150 4007; x_wconf 86' lang='lat' dir='ltr'><strong>sumptibus</strong></span> <span class='ocrx_word' id='word_1_388' title='bbox 1180 3939 1290 3993; x_wconf 88' lang='lat' dir='ltr'><strong>suis</strong></span> <span class='ocrx_word' id='word_1_389' title='bbox 1333 3948 1485 3993; x_wconf 87' lang='lat' dir='ltr'><strong>extra</strong></span> <span class='ocrx_word' id='word_1_390' title='bbox 1536 3937 1726 3993; x_wconf 90' lang='lat' dir='ltr'><strong>horam</strong></span> <span class='ocrx_word' id='word_1_391' title='bbox 1754 3940 2099 3993; x_wconf 89' lang='lat' dir='ltr'><strong>constitutam</strong></span> <span class='ocrx_word' id='word_1_392' title='bbox 2152 3955 2256 3994; x_wconf 93' lang='lat' dir='ltr'><strong>non</strong></span> 
     </span>
    </p>
   </div>
   <div class='ocr_carea' id='block_1_55' title="bbox 662 4030 2256 4103">
    <p class='ocr_par' dir='ltr' id='par_1_55' title="bbox 662 4030 2256 4103">
     <span class='ocr_line' id='line_1_55' title="bbox 662 4030 2256 4103; baseline -0.001 -18"><span class='ocrx_word' id='word_1_393' title='bbox 662 4038 983 4103; x_wconf 68' lang='lat' dir='ltr'><strong>pmsumat,</strong></span> <span class='ocrx_word' id='word_1_394' title='bbox 1010 4031 1102 4099; x_wconf 89' lang='lat' dir='ltr'><strong>qui</strong></span> <span class='ocrx_word' id='word_1_395' title='bbox 1124 4037 1367 4098; x_wconf 78' lang='lat' dir='ltr'><strong>sumptus</strong></span> <span class='ocrx_word' id='word_1_396' title='bbox 1389 4030 1489 4099; x_wconf 93' lang='lat' dir='ltr'><strong>ipsi</strong></span> <span class='ocrx_word' id='word_1_397' title='bbox 1529 4047 1557 4083; x_wconf 86' lang='lat' dir='ltr'><strong>a</strong></span> <span class='ocrx_word' id='word_1_398' title='bbox 1590 4030 1865 4099; x_wconf 84' lang='lat' dir='ltr'><strong>privilegio</strong></span> <span class='ocrx_word' id='word_1_399' title='bbox 1900 4030 1979 4084; x_wconf 85' lang='lat' dir='ltr'><strong>vel</strong></span> <span class='ocrx_word' id='word_1_400' title='bbox 2014 4046 2256 4084; x_wconf 86' lang='lat' dir='ltr'><strong>mensura</strong></span> 
     </span>
    </p>
   </div>
   <div class='ocr_carea' id='block_1_56' title="bbox 662 4120 2257 4192">
    <p class='ocr_par' dir='ltr' id='par_1_56' title="bbox 662 4120 2257 4192">
     <span class='ocr_line' id='line_1_56' title="bbox 662 4120 2257 4192; baseline -0.003 -13"><span class='ocrx_word' id='word_1_401' title='bbox 662 4123 869 4192; x_wconf 74' lang='lat' dir='ltr'><strong>regulae</strong></span> <span class='ocrx_word' id='word_1_402' title='bbox 899 4122 1179 4187; x_wconf 88' lang='lat' dir='ltr'><strong>exierunt;</strong></span> <span class='ocrx_word' id='word_1_403' title='bbox 1229 4120 1355 4175; x_wconf 89' lang='lat' dir='ltr'><strong>ideo</strong></span> <span class='ocrx_word' id='word_1_404' title='bbox 1405 4122 1711 4177; x_wconf 88' lang='lat' dir='ltr'><strong>constitutis</strong></span> <span class='ocrx_word' id='word_1_405' title='bbox 1743 4122 1885 4175; x_wconf 82' lang='lat' dir='ltr'><strong>horis</strong></span> <span class='ocrx_word' id='word_1_406' title='bbox 1918 4138 2012 4191; x_wconf 90' lang='lat' dir='ltr'><strong>per</strong></span> <span class='ocrx_word' id='word_1_407' title='bbox 2060 4136 2257 4177; x_wconf 66' lang='lat' dir='ltr'><strong>normae</strong></span> 
     </span>
    </p>
   </div>
   <div class='ocr_carea' id='block_1_57' title="bbox 661 4212 2259 4284">
    <p class='ocr_par' dir='ltr' id='par_1_57' title="bbox 661 4212 2259 4284">
     <span class='ocr_line' id='line_1_57' title="bbox 661 4212 2259 4284; baseline -0.006 -9"><span class='ocrx_word' id='word_1_408' title='bbox 661 4231 978 4275; x_wconf 89' lang='lat' dir='ltr'><strong>mensuram</strong></span> <span class='ocrx_word' id='word_1_409' title='bbox 1009 4214 1295 4269; x_wconf 89' lang='lat' dir='ltr'><strong>debentur.</strong></span> <span class='ocrx_word' id='word_1_410' title='bbox 1321 4212 1375 4268; x_wconf 91' lang='lat' dir='ltr'><strong>Si</strong></span> <span class='ocrx_word' id='word_1_411' title='bbox 1407 4216 1536 4269; x_wconf 83' lang='lat' dir='ltr'><strong>vero</strong></span> <span class='ocrx_word' id='word_1_412' title='bbox 1566 4214 1631 4268; x_wconf 92' lang='lat' dir='ltr'><strong>de</strong></span> <span class='ocrx_word' id='word_1_413' title='bbox 1655 4214 1844 4268; x_wconf 89' lang='lat' dir='ltr'><strong>alienis</strong></span> <span class='ocrx_word' id='word_1_414' title='bbox 1873 4215 2171 4284; x_wconf 85' lang='lat' dir='ltr'><strong>sumptibus</strong></span> <span class='ocrx_word' id='word_1_415' title='bbox 2193 4216 2259 4267; x_wconf 89' lang='lat' dir='ltr'><strong>ab</strong></span> 
     </span>
    </p>
   </div>
   <div class='ocr_carea' id='block_1_58' title="bbox 663 4305 2258 4377">
    <p class='ocr_par' dir='ltr' id='par_1_58' title="bbox 663 4305 2258 4377">
     <span class='ocr_line' id='line_1_58' title="bbox 663 4305 2258 4377; baseline -0.003 -11"><span class='ocrx_word' id='word_1_416' title='bbox 663 4313 776 4367; x_wconf 89' lang='lat' dir='ltr'><strong>alio</strong></span> <span class='ocrx_word' id='word_1_417' title='bbox 804 4319 1063 4363; x_wconf 81' lang='lat' dir='ltr'><strong>extraneo</strong></span> <span class='ocrx_word' id='word_1_418' title='bbox 1114 4306 1263 4361; x_wconf 92' lang='lat' dir='ltr'><strong>socio</strong></span> <span class='ocrx_word' id='word_1_419' title='bbox 1312 4305 1506 4360; x_wconf 79' lang='lat' dir='ltr'><strong>dantUr</strong></span> <span class='ocrx_word' id='word_1_420' title='bbox 1552 4322 1651 4377; x_wconf 91' lang='lat' dir='ltr'><strong>pro</strong></span> <span class='ocrx_word' id='word_1_421' title='bbox 1694 4306 1878 4361; x_wconf 85' lang='lat' dir='ltr'><strong>labore</strong></span> <span class='ocrx_word' id='word_1_422' title='bbox 1909 4306 2145 4372; x_wconf 90' lang='lat' dir='ltr'><strong>itineris,</strong></span> <span class='ocrx_word' id='word_1_423' title='bbox 2207 4307 2258 4361; x_wconf 91' lang='lat' dir='ltr'><strong>in</strong></span> 
     </span>
    </p>
   </div>
   <div class='ocr_carea' id='block_1_59' title="bbox 659 4398 2259 4463">
    <p class='ocr_par' dir='ltr' id='par_1_59' title="bbox 659 4398 2259 4463">
     <span class='ocr_line' id='line_1_59' title="bbox 659 4398 2259 4463; baseline -0.005 -4"><span class='ocrx_word' id='word_1_424' title='bbox 659 4403 934 4461; x_wconf 86' lang='lat' dir='ltr'><strong>charitate</strong></span> <span class='ocrx_word' id='word_1_425' title='bbox 986 4399 1181 4455; x_wconf 88' lang='lat' dir='ltr'><strong>fratres</strong></span> <span class='ocrx_word' id='word_1_426' title='bbox 1227 4398 1568 4453; x_wconf 64' lang='lat' dir='ltr'><strong>concutiant</strong></span> <span class='ocrx_word' id='word_1_427' title='bbox 1596 4417 1605 4450; x_wconf 94' lang='lat'>:</span> <span class='ocrx_word' id='word_1_428' title='bbox 1636 4398 1707 4452; x_wconf 90' lang='lat' dir='ltr'><strong>ita</strong></span> <span class='ocrx_word' id='word_1_429' title='bbox 1746 4406 1922 4453; x_wconf 87' lang='lat' dir='ltr'><strong>tamen</strong></span> <span class='ocrx_word' id='word_1_430' title='bbox 1948 4440 1962 4463; x_wconf 92' lang='lat'><strong>,</strong></span> <span class='ocrx_word' id='word_1_431' title='bbox 2025 4407 2080 4451; x_wconf 92' lang='lat' dir='ltr'><strong>ut</strong></span> <span class='ocrx_word' id='word_1_432' title='bbox 2134 4408 2259 4451; x_wconf 86' lang='lat' dir='ltr'><strong>ante</strong></span> 
     </span>
    </p>
   </div>
   <div class='ocr_carea' id='block_1_60' title="bbox 660 4489 2257 4559">
    <p class='ocr_par' dir='ltr' id='par_1_60' title="bbox 660 4489 2257 4559">
     <span class='ocr_line' id='line_1_60' title="bbox 660 4489 2257 4559; baseline -0.006 -8"><span class='ocrx_word' id='word_1_433' title='bbox 660 4508 992 4551; x_wconf 85' lang='lat' dir='ltr'><strong>consensum</strong></span> <span class='ocrx_word' id='word_1_434' title='bbox 1063 4492 1166 4545; x_wconf 84' lang='lat' dir='ltr'><strong>hoc</strong></span> <span class='ocrx_word' id='word_1_435' title='bbox 1218 4489 1447 4544; x_wconf 89' lang='lat' dir='ltr'><strong>tradenti</strong></span> <span class='ocrx_word' id='word_1_436' title='bbox 1495 4490 1856 4559; x_wconf 86' lang='lat' dir='ltr'><strong>respondeant</strong></span> <span class='ocrx_word' id='word_1_437' title='bbox 1928 4504 1987 4545; x_wconf 89' lang='lat' dir='ltr'><strong>se</strong></span> <span class='ocrx_word' id='word_1_438' title='bbox 2056 4490 2257 4543; x_wconf 85' lang='lat' dir='ltr'><strong>habere</strong></span> 
     </span>
    </p>
   </div>
   <div class='ocr_carea' id='block_1_61' title="bbox 663 4580 2255 4657">
    <p class='ocr_par' dir='ltr' id='par_1_61' title="bbox 663 4580 2255 4657">
     <span class='ocr_line' id='line_1_61' title="bbox 663 4580 2255 4657; baseline -0.004 -17"><span class='ocrx_word' id='word_1_439' title='bbox 663 4593 996 4657; x_wconf 74' lang='lat' dir='ltr'><strong>przcceptum</strong></span> <span class='ocrx_word' id='word_1_440' title='bbox 1024 4582 1223 4652; x_wconf 70' lang='lat' dir='ltr'><strong>regulae</strong></span> <span class='ocrx_word' id='word_1_441' title='bbox 1262 4581 1344 4635; x_wconf 87' lang='lat' dir='ltr'><strong>vel</strong></span> <span class='ocrx_word' id='word_1_442' title='bbox 1391 4580 1620 4643; x_wconf 85' lang='lat' dir='ltr'><strong>abbatis,</strong></span> <span class='ocrx_word' id='word_1_443' title='bbox 1657 4580 1725 4635; x_wconf 92' lang='lat' dir='ltr'><strong>de</strong></span> <span class='ocrx_word' id='word_1_444' title='bbox 1751 4581 1920 4637; x_wconf 89' lang='lat' dir='ltr'><strong>sacris</strong></span> <span class='ocrx_word' id='word_1_445' title='bbox 1948 4582 2255 4635; x_wconf 75' lang='lat' dir='ltr'><strong>monasterii</strong></span> 
     </span>
    </p>
   </div>
   <div class='ocr_carea' id='block_1_62' title="bbox 660 4673 2257 4746">
    <p class='ocr_par' dir='ltr' id='par_1_62' title="bbox 660 4673 2257 4746">
     <span class='ocr_line' id='line_1_62' title="bbox 660 4673 2257 4746; baseline -0.004 -13"><span class='ocrx_word' id='word_1_446' title='bbox 660 4675 971 4746; x_wconf 81' lang='lat' dir='ltr'><strong>sumptibus</strong></span> <span class='ocrx_word' id='word_1_447' title='bbox 1001 4682 1152 4728; x_wconf 85' lang='lat' dir='ltr'><strong>extra</strong></span> <span class='ocrx_word' id='word_1_448' title='bbox 1180 4674 1367 4726; x_wconf 89' lang='lat' dir='ltr'><strong>horam</strong></span> <span class='ocrx_word' id='word_1_449' title='bbox 1397 4674 1479 4727; x_wconf 93' lang='lat' dir='ltr'><strong>eis</strong></span> <span class='ocrx_word' id='word_1_450' title='bbox 1509 4673 1745 4727; x_wconf 81' lang='lat' dir='ltr'><strong>debitam</strong></span> <span class='ocrx_word' id='word_1_451' title='bbox 1792 4690 1899 4728; x_wconf 92' lang='lat' dir='ltr'><strong>nou</strong></span> <span class='ocrx_word' id='word_1_452' title='bbox 1927 4688 2084 4743; x_wconf 67' lang='lat' dir='ltr'><strong>posse</strong></span> <span class='ocrx_word' id='word_1_453' title='bbox 2127 4689 2257 4727; x_wconf 91' lang='lat' dir='ltr'><strong>eon-</strong></span> 
     </span>
    </p>
   </div>
   <div class='ocr_carea' id='block_1_63' title="bbox 664 4766 2253 4837">
    <p class='ocr_par' dir='ltr' id='par_1_63' title="bbox 664 4766 2253 4837">
     <span class='ocr_line' id='line_1_63' title="bbox 664 4766 2253 4837; baseline -0.003 -14"><span class='ocrx_word' id='word_1_454' title='bbox 664 4770 902 4837; x_wconf 83' lang='lat' dir='ltr'><strong>tingere;</strong></span> <span class='ocrx_word' id='word_1_455' title='bbox 938 4767 1042 4821; x_wconf 91' lang='lat' dir='ltr'><strong>hoc</strong></span> <span class='ocrx_word' id='word_1_456' title='bbox 1069 4766 1190 4820; x_wconf 90' lang='lat' dir='ltr'><strong>ideo</strong></span> <span class='ocrx_word' id='word_1_457' title='bbox 1218 4781 1246 4819; x_wconf 91' lang='lat' dir='ltr'><strong>a</strong></span> <span class='ocrx_word' id='word_1_458' title='bbox 1279 4781 1373 4820; x_wconf 92' lang='lat' dir='ltr'><strong>san</strong></span> <span class='ocrx_word' id='word_1_459' title='bbox 1412 4767 1477 4819; x_wconf 92' lang='lat' dir='ltr'><strong>tis</strong></span> <span class='ocrx_word' id='word_1_460' title='bbox 1512 4766 1593 4819; x_wconf 85' lang='lat' dir='ltr'><strong>vel</strong></span> <span class='ocrx_word' id='word_1_461' title='bbox 1627 4766 1954 4835; x_wconf 85' lang='lat' dir='ltr'><strong>spiritalibus</strong></span> <span class='ocrx_word' id='word_1_462' title='bbox 1986 4768 2253 4829; x_wconf 69' lang='lat' dir='ltr'><strong>fratribus,</strong></span> 
     </span>
    </p>
   </div>
   <div class='ocr_carea' id='block_1_64' title="bbox 662 4856 2258 4928">
    <p class='ocr_par' dir='ltr' id='par_1_64' title="bbox 662 4856 2258 4928">
     <span class='ocr_line' id='line_1_64' title="bbox 662 4856 2258 4928; baseline -0.001 -14"><span class='ocrx_word' id='word_1_463' title='bbox 662 4858 1037 4928; x_wconf 61' lang='lat' dir='ltr'><strong>lgnoz‘antibus</strong></span> <span class='ocrx_word' id='word_1_464' title='bbox 1067 4856 1185 4909; x_wconf 83' lang='lat' dir='ltr'><strong>aliis</strong></span> <span class='ocrx_word' id='word_1_465' title='bbox 1235 4856 1375 4910; x_wconf 85' lang='lat' dir='ltr'><strong>hanc</strong></span> <span class='ocrx_word' id='word_1_466' title='bbox 1404 4856 1693 4925; x_wconf 78' lang='lat' dir='ltr'><strong>discipline</strong></span> <span class='ocrx_word' id='word_1_467' title='bbox 1742 4867 2049 4913; x_wconf 82' lang='lat' dir='ltr'><strong>mensuram</strong></span> <span class='ocrx_word' id='word_1_468' title='bbox 2079 4898 2094 4924; x_wconf 94' lang='lat'><strong>,</strong></span> <span class='ocrx_word' id='word_1_469' title='bbox 2157 4860 2258 4912; x_wconf 86' lang='lat' dir='ltr'><strong>illis</strong></span> 
     </span>
    </p>
   </div>
   <div class='ocr_carea' id='block_1_65' title="bbox 661 4949 2257 5016">
    <p class='ocr_par' dir='ltr' id='par_1_65' title="bbox 661 4949 2257 5016">
     <span class='ocr_line' id='line_1_65' title="bbox 661 4949 2257 5016; baseline -0.001 -10"><span class='ocrx_word' id='word_1_470' title='bbox 661 4950 1013 5016; x_wconf 77' lang='lat' dir='ltr'><strong>vicecollegis</strong></span> <span class='ocrx_word' id='word_1_471' title='bbox 1062 4949 1294 5001; x_wconf 77' lang='lat' dir='ltr'><strong>diximus</strong></span> <span class='ocrx_word' id='word_1_472' title='bbox 1342 4949 1713 5014; x_wconf 80' lang='lat' dir='ltr'><strong>innotescere,</strong></span> <span class='ocrx_word' id='word_1_473' title='bbox 1771 4966 1837 5003; x_wconf 92' lang='lat' dir='ltr'><strong>ne</strong></span> <span class='ocrx_word' id='word_1_474' title='bbox 1876 4966 1998 5005; x_wconf 90' lang='lat' dir='ltr'><strong>cum</strong></span> <span class='ocrx_word' id='word_1_475' title='bbox 2041 4950 2107 5003; x_wconf 88' lang='lat' dir='ltr'><strong>de</strong></span> <span class='ocrx_word' id='word_1_476' title='bbox 2147 4952 2257 5004; x_wconf 87' lang='lat' dir='ltr'><strong>suis</strong></span> 
     </span>
    </p>
   </div>
   <div class='ocr_carea' id='block_1_66' title="bbox 659 5041 2254 5113">
    <p class='ocr_par' dir='ltr' id='par_1_66' title="bbox 659 5041 2254 5113">
     <span class='ocr_line' id='line_1_66' title="bbox 659 5041 2254 5113; baseline -0.003 -14"><span class='ocrx_word' id='word_1_477' title='bbox 659 5044 866 5113; x_wconf 77' lang='lat' dir='ltr'><strong>sportis</strong></span> <span class='ocrx_word' id='word_1_478' title='bbox 896 5042 1213 5108; x_wconf 76' lang='lat' dir='ltr'><strong>incongrua:</strong></span> <span class='ocrx_word' id='word_1_479' title='bbox 1241 5041 1552 5095; x_wconf 88' lang='lat' dir='ltr'><strong>refectionis</strong></span> <span class='ocrx_word' id='word_1_480' title='bbox 1574 5042 1704 5096; x_wconf 90' lang='lat' dir='ltr'><strong>hora</strong></span> <span class='ocrx_word' id='word_1_481' title='bbox 1738 5041 1868 5095; x_wconf 86' lang='lat' dir='ltr'><strong>nihil</strong></span> <span class='ocrx_word' id='word_1_482' title='bbox 1892 5042 2254 5097; x_wconf 85' lang='lat' dir='ltr'><strong>communiter</strong></span> 
     </span>
    </p>
   </div>
   <div class='ocr_carea' id='block_1_67' title="bbox 659 5131 2255 5204">
    <p class='ocr_par' dir='ltr' id='par_1_67' title="bbox 659 5131 2255 5204">
     <span class='ocr_line' id='line_1_67' title="bbox 659 5131 2255 5204; baseline -0.001 -17"><span class='ocrx_word' id='word_1_483' title='bbox 659 5142 889 5204; x_wconf 85' lang='lat' dir='ltr'><strong>ponant.</strong></span> <span class='ocrx_word' id='word_1_484' title='bbox 915 5132 1248 5185; x_wconf 69' lang='lat' dir='ltr'><strong>mstimcntur</strong></span> <span class='ocrx_word' id='word_1_485' title='bbox 1279 5131 1569 5199; x_wconf 85' lang='lat' dir='ltr'><strong>cupiditate</strong></span> <span class='ocrx_word' id='word_1_486' title='bbox 1601 5133 1767 5201; x_wconf 76' lang='lat' dir='ltr'><strong>magis</strong></span> <span class='ocrx_word' id='word_1_487' title='bbox 1795 5132 1919 5200; x_wconf 86' lang='lat' dir='ltr'><strong>hoc,</strong></span> <span class='ocrx_word' id='word_1_488' title='bbox 1953 5148 2057 5185; x_wconf 91' lang='lat' dir='ltr'><strong>non</strong></span> <span class='ocrx_word' id='word_1_489' title='bbox 2098 5133 2255 5186; x_wconf 77' lang='lat' dir='ltr'><strong>disci-</strong></span> 
     </span>
    </p>
   </div>
   <div class='ocr_carea' id='block_1_68' title="bbox 658 5219 2253 5296">
    <p class='ocr_par' dir='ltr' id='par_1_68' title="bbox 658 5219 2253 5296">
     <span class='ocr_line' id='line_1_68' title="bbox 658 5219 2253 5296; baseline -0.001 -19"><span class='ocrx_word' id='word_1_490' title='bbox 658 5226 805 5296; x_wconf 81' lang='lat' dir='ltr'><strong>plina</strong></span> <span class='ocrx_word' id='word_1_491' title='bbox 838 5223 1150 5277; x_wconf 89' lang='lat' dir='ltr'><strong>observare.</strong></span> <span class='ocrx_word' id='word_1_492' title='bbox 1184 5219 1341 5285; x_wconf 86' lang='lat' dir='ltr'><strong>Quod</strong></span> <span class='ocrx_word' id='word_1_493' title='bbox 1369 5222 1412 5275; x_wconf 90' lang='lat' dir='ltr'><strong>si</strong></span> <span class='ocrx_word' id='word_1_494' title='bbox 1454 5222 1580 5275; x_wconf 71' lang='lat' dir='ltr'><strong>item</strong></span> <span class='ocrx_word' id='word_1_495' title='bbox 1616 5222 1696 5276; x_wconf 89' lang='lat' dir='ltr'><strong>his</strong></span> <span class='ocrx_word' id='word_1_496' title='bbox 1725 5221 1947 5276; x_wconf 90' lang='lat' dir='ltr'><strong>fratrum</strong></span> <span class='ocrx_word' id='word_1_497' title='bbox 1972 5223 2131 5277; x_wconf 89' lang='lat' dir='ltr'><strong>dictis</strong></span> <span class='ocrx_word' id='word_1_498' title='bbox 2176 5232 2253 5276; x_wconf 80' lang='lat' dir='ltr'><strong>ta-</strong></span> 
     </span>
    </p>
   </div>
   <div class='ocr_carea' id='block_1_69' title="bbox 657 5312 2249 5381">
    <p class='ocr_par' dir='ltr' id='par_1_69' title="bbox 657 5312 2249 5381">
     <span class='ocr_line' id='line_1_69' title="bbox 657 5312 2249 5381; baseline -0.005 -10"><span class='ocrx_word' id='word_1_499' title='bbox 657 5318 783 5371; x_wconf 88' lang='lat' dir='ltr'><strong>liter</strong></span> <span class='ocrx_word' id='word_1_500' title='bbox 850 5314 1142 5369; x_wconf 82' lang='lat' dir='ltr'><strong>suadentes</strong></span> <span class='ocrx_word' id='word_1_501' title='bbox 1196 5312 1613 5381; x_wconf 75' lang='lat' dir='ltr'><strong>rrspouderiut,</strong></span> <span class='ocrx_word' id='word_1_502' title='bbox 1680 5312 1743 5365; x_wconf 89' lang='lat' dir='ltr'><strong>ad</strong></span> <span class='ocrx_word' id='word_1_503' title='bbox 1796 5313 1963 5367; x_wconf 80' lang='lat' dir='ltr'><strong>solani</strong></span> <span class='ocrx_word' id='word_1_504' title='bbox 2027 5313 2249 5381; x_wconf 87' lang='lat' dir='ltr'><strong>gratiam</strong></span> 
     </span>
    </p>
   </div>
   <div class='ocr_carea' id='block_1_70' title="bbox 655 5404 2249 5473">
    <p class='ocr_par' dir='ltr' id='par_1_70' title="bbox 655 5404 2249 5473">
     <span class='ocr_line' id='line_1_70' title="bbox 655 5404 2249 5473; baseline -0.003 -11"><span class='ocrx_word' id='word_1_505' title='bbox 655 5409 900 5469; x_wconf 89' lang='lat' dir='ltr'><strong>illorum,</strong></span> <span class='ocrx_word' id='word_1_506' title='bbox 926 5404 1010 5459; x_wconf 87' lang='lat' dir='ltr'><strong>vel</strong></span> <span class='ocrx_word' id='word_1_507' title='bbox 1037 5404 1470 5459; x_wconf 84' lang='lat' dir='ltr'><strong>communionem</strong></span> <span class='ocrx_word' id='word_1_508' title='bbox 1498 5418 1682 5458; x_wconf 88' lang='lat' dir='ltr'><strong>eorum</strong></span> <span class='ocrx_word' id='word_1_509' title='bbox 1736 5404 1785 5457; x_wconf 90' lang='lat' dir='ltr'><strong>in</strong></span> <span class='ocrx_word' id='word_1_510' title='bbox 1836 5404 2126 5457; x_wconf 70' lang='lat' dir='ltr'><strong>reiieiendo</strong></span> <span class='ocrx_word' id='word_1_511' title='bbox 2160 5420 2249 5473; x_wconf 55' lang='grc' dir='ltr'><strong>μοι’</strong></span> 
     </span>
    </p>
   </div>
   <div class='ocr_carea' id='block_1_71' title="bbox 653 5494 2253 5564">
    <p class='ocr_par' dir='ltr' id='par_1_71' title="bbox 653 5494 2253 5564">
     <span class='ocr_line' id='line_1_71' title="bbox 653 5494 2253 5564; baseline -0.004 -10"><span class='ocrx_word' id='word_1_512' title='bbox 653 5498 981 5555; x_wconf 86' lang='lat' dir='ltr'><strong>cbaritatem</strong></span> <span class='ocrx_word' id='word_1_513' title='bbox 1008 5503 1281 5563; x_wconf 87' lang='lat' dir='ltr'><strong>appetere,</strong></span> <span class='ocrx_word' id='word_1_514' title='bbox 1310 5509 1469 5563; x_wconf 81' lang='lat' dir='ltr'><strong>quam</strong></span> <span class='ocrx_word' id='word_1_515' title='bbox 1522 5496 1617 5548; x_wconf 81' lang='lat' dir='ltr'><strong>viae</strong></span> <span class='ocrx_word' id='word_1_516' title='bbox 1643 5494 1871 5548; x_wconf 86' lang='lat' dir='ltr'><strong>societas</strong></span> <span class='ocrx_word' id='word_1_517' title='bbox 1908 5495 2165 5564; x_wconf 72' lang='lat' dir='ltr'><strong>injunxit,</strong></span> <span class='ocrx_word' id='word_1_518' title='bbox 2199 5504 2253 5547; x_wconf 86' lang='lat' dir='ltr'><strong>ct</strong></span> 
     </span>
    </p>
   </div>
   <div class='ocr_carea' id='block_1_72' title="bbox 653 5586 2243 5654">
    <p class='ocr_par' dir='ltr' id='par_1_72' title="bbox 653 5586 2243 5654">
     <span class='ocr_line' id='line_1_72' title="bbox 653 5586 2243 5654; baseline -0.003 -9"><span class='ocrx_word' id='word_1_519' title='bbox 653 5591 873 5647; x_wconf 85' lang='lat' dir='ltr'><strong>intactis</strong></span> <span class='ocrx_word' id='word_1_520' title='bbox 905 5603 1001 5641; x_wconf 91' lang='lat' dir='ltr'><strong>eos</strong></span> <span class='ocrx_word' id='word_1_521' title='bbox 1025 5586 1323 5654; x_wconf 85' lang='lat' dir='ltr'><strong>sumptibus</strong></span> <span class='ocrx_word' id='word_1_522' title='bbox 1355 5586 1419 5640; x_wconf 89' lang='lat' dir='ltr'><strong>de</strong></span> <span class='ocrx_word' id='word_1_523' title='bbox 1462 5602 1560 5640; x_wconf 91' lang='lat' dir='ltr'><strong>suo</strong></span> <span class='ocrx_word' id='word_1_524' title='bbox 1585 5586 1718 5639; x_wconf 86' lang='lat' dir='ltr'><strong>velle</strong></span> <span class='ocrx_word' id='word_1_525' title='bbox 1744 5601 1840 5654; x_wconf 87' lang='lat' dir='ltr'><strong>pro</strong></span> <span class='ocrx_word' id='word_1_526' title='bbox 1864 5586 2124 5639; x_wconf 51' lang='lat' dir='ltr'><strong>charitate</strong></span> <span class='ocrx_word' id='word_1_527' title='bbox 2152 5603 2243 5640; x_wconf 79' lang='lat' dir='ltr'><strong>ex-</strong></span> 
     </span>
    </p>
   </div>
   <div class='ocr_carea' id='block_1_73' title="bbox 651 5676 2248 5754">
    <p class='ocr_par' dir='ltr' id='par_1_73' title="bbox 651 5676 2248 5754">
     <span class='ocr_line' id='line_1_73' title="bbox 651 5676 2248 5754; baseline -0.002 -19"><span class='ocrx_word' id='word_1_528' title='bbox 651 5679 929 5754; x_wconf 82' lang='lat' dir='ltr'><strong>pendere;</strong></span> <span class='ocrx_word' id='word_1_529' title='bbox 966 5686 1095 5731; x_wconf 91' lang='lat' dir='ltr'><strong>tunc</strong></span> <span class='ocrx_word' id='word_1_530' title='bbox 1123 5677 1335 5731; x_wconf 86' lang='lat' dir='ltr'><strong>demum</strong></span> <span class='ocrx_word' id='word_1_531' title='bbox 1360 5677 1437 5731; x_wconf 91' lang='lat' dir='ltr'><strong>eis</strong></span> <span class='ocrx_word' id='word_1_532' title='bbox 1480 5676 1776 5731; x_wconf 87' lang='lat' dir='ltr'><strong>assentiaut</strong></span> <span class='ocrx_word' id='word_1_533' title='bbox 1804 5718 1817 5741; x_wconf 93' lang='lat'><strong>,</strong></span> <span class='ocrx_word' id='word_1_534' title='bbox 1869 5688 2248 5747; x_wconf 72' lang='lat' dir='ltr'><strong>perseverante</strong></span> 
     </span>
    </p>
   </div>
   <div class='ocr_carea' id='block_1_74' title="bbox 653 5770 2246 5840">
    <p class='ocr_par' dir='ltr' id='par_1_74' title="bbox 653 5770 2246 5840">
     <span class='ocr_line' id='line_1_74' title="bbox 653 5770 2246 5840; baseline -0.001 -13"><span class='ocrx_word' id='word_1_535' title='bbox 653 5785 837 5828; x_wconf 82' lang='lat' dir='ltr'><strong>tamen</strong></span> <span class='ocrx_word' id='word_1_536' title='bbox 862 5770 1250 5828; x_wconf 87' lang='lat' dir='ltr'><strong>servandorum</strong></span> <span class='ocrx_word' id='word_1_537' title='bbox 1288 5785 1395 5825; x_wconf 63' lang='lat' dir='ltr'><strong>sua:</strong></span> <span class='ocrx_word' id='word_1_538' title='bbox 1424 5771 1568 5824; x_wconf 74' lang='lat' dir='ltr'><strong>hora:</strong></span> <span class='ocrx_word' id='word_1_539' title='bbox 1598 5785 1923 5840; x_wconf 90' lang='lat' dir='ltr'><strong>suorumque</strong></span> <span class='ocrx_word' id='word_1_540' title='bbox 1940 5779 2246 5839; x_wconf 88' lang='lat' dir='ltr'><strong>sumptuum</strong></span> 
     </span>
    </p>
   </div>
   <div class='ocr_carea' id='block_1_75' title="bbox 652 5862 2247 5938">
    <p class='ocr_par' dir='ltr' id='par_1_75' title="bbox 652 5862 2247 5938">
     <span class='ocr_line' id='line_1_75' title="bbox 652 5862 2247 5938; baseline -0.001 -17"><span class='ocrx_word' id='word_1_541' title='bbox 652 5864 962 5938; x_wconf 83' lang='lat' dir='ltr'><strong>disciplina.</strong></span> <span class='ocrx_word' id='word_1_542' title='bbox 998 5863 1113 5921; x_wconf 80' lang='lat' dir='ltr'><strong>Jazn</strong></span> <span class='ocrx_word' id='word_1_543' title='bbox 1158 5865 1297 5922; x_wconf 91' lang='lat' dir='ltr'><strong>enim</strong></span> <span class='ocrx_word' id='word_1_544' title='bbox 1347 5879 1469 5922; x_wconf 89' lang='lat' dir='ltr'><strong>cum</strong></span> <span class='ocrx_word' id='word_1_545' title='bbox 1497 5863 1786 5921; x_wconf 87' lang='lat' dir='ltr'><strong>constituta</strong></span> <span class='ocrx_word' id='word_1_546' title='bbox 1826 5862 1922 5919; x_wconf 67' lang='lat' dir='ltr'><strong>vix</strong></span> <span class='ocrx_word' id='word_1_547' title='bbox 1970 5862 2247 5921; x_wconf 83' lang='lat' dir='ltr'><strong>advenerit</strong></span> 
     </span>
    </p>
   </div>
   <div class='ocr_carea' id='block_1_76' title="bbox 2381 1994 3965 2062">
    <p class='ocr_par' dir='ltr' id='par_1_76' title="bbox 2381 1994 3965 2062">
     <span class='ocr_line' id='line_1_76' title="bbox 2381 1994 3965 2062; baseline 0.003 -16"><span class='ocrx_word' id='word_1_548' title='bbox 2381 2000 2531 2046; x_wconf 76' lang='lat' dir='ltr'><strong>extra</strong></span> <span class='ocrx_word' id='word_1_549' title='bbox 2570 2000 2780 2062; x_wconf 89' lang='lat' dir='ltr'><strong>tempus</strong></span> <span class='ocrx_word' id='word_1_550' title='bbox 2809 1995 3033 2048; x_wconf 82' lang='lat' dir='ltr'><strong>violare.</strong></span> <span class='ocrx_word' id='word_1_551' title='bbox 3067 1998 3203 2048; x_wconf 87' lang='lat' dir='ltr'><strong>Ante</strong></span> <span class='ocrx_word' id='word_1_552' title='bbox 3235 2012 3430 2051; x_wconf 87' lang='lat' dir='ltr'><strong>nonam</strong></span> <span class='ocrx_word' id='word_1_553' title='bbox 3483 1997 3537 2050; x_wconf 89' lang='lat' dir='ltr'><strong>in</strong></span> <span class='ocrx_word' id='word_1_554' title='bbox 3578 1996 3661 2052; x_wconf 91' lang='lat' dir='ltr'><strong>via</strong></span> <span class='ocrx_word' id='word_1_555' title='bbox 3716 1994 3965 2050; x_wconf 84' lang='lat' dir='ltr'><strong>fratribus</strong></span> 
     </span>
    </p>
   </div>
   <div class='ocr_carea' id='block_1_77' title="bbox 2378 2084 3426 2156">
    <p class='ocr_par' dir='ltr' id='par_1_77' title="bbox 2378 2084 3426 2156">
     <span class='ocr_line' id='line_1_77' title="bbox 2378 2084 3426 2156; baseline 0.003 -19"><span class='ocrx_word' id='word_1_556' title='bbox 2378 2084 2605 2152; x_wconf 91' lang='lat' dir='ltr'><strong>quodvis</strong></span> <span class='ocrx_word' id='word_1_557' title='bbox 2645 2084 2830 2140; x_wconf 84' lang='lat' dir='ltr'><strong>bibere</strong></span> <span class='ocrx_word' id='word_1_558' title='bbox 2862 2085 3016 2139; x_wconf 87' lang='lat' dir='ltr'><strong>liceat</strong></span> <span class='ocrx_word' id='word_1_559' title='bbox 3046 2096 3265 2156; x_wconf 77' lang='lat' dir='ltr'><strong>propter</strong></span> <span class='ocrx_word' id='word_1_560' title='bbox 3285 2088 3426 2141; x_wconf 86' lang='lat' dir='ltr'><strong>sitim</strong></span> 
     </span>
    </p>
   </div>
   <div class='ocr_carea' id='block_1_78' title="bbox 2947 2216 3395 2271">
    <p class='ocr_par' dir='ltr' id='par_1_78' title="bbox 2947 2216 3395 2271">
     <span class='ocr_line' id='line_1_78' title="bbox 2947 2216 3395 2271; baseline 0.002 -3"><span class='ocrx_word' id='word_1_561' title='bbox 2947 2216 3175 2271; x_wconf 74' lang='lat' dir='ltr'><strong>CAPUT</strong></span> <span class='ocrx_word' id='word_1_562' title='bbox 3216 2216 3395 2270; x_wconf 69' lang='lat' dir='ltr'><strong>LXIII.</strong></span> 
     </span>
    </p>
   </div>
   <div class='ocr_carea' id='block_1_79' title="bbox 2780 2324 3514 2365">
    <p class='ocr_par' dir='ltr' id='par_1_79' title="bbox 2780 2324 3514 2365">
     <span class='ocr_line' id='line_1_79' title="bbox 2780 2324 3514 2365; baseline 0 -2"><span class='ocrx_word' id='word_1_563' title='bbox 2780 2349 2793 2363; x_wconf 77' lang='grc' dir='ltr'>ι</span> <span class='ocrx_word' id='word_1_564' title='bbox 2823 2324 3211 2365; x_wconf 72' lang='lat' dir='ltr'><strong>lNTERllOGAI‘IO</strong></span> <span class='ocrx_word' id='word_1_565' title='bbox 3246 2326 3425 2364; x_wconf 56' lang='grc' dir='ltr'><strong>[Μαι-ι</strong></span> <span class='ocrx_word' id='word_1_566' title='bbox 3446 2328 3514 2364; x_wconf 83' lang='lat' dir='ltr'><strong>LI.</strong></span> 
     </span>
    </p>
   </div>
   <div class='ocr_carea' id='block_1_80' title="bbox 2380 2424 3957 2497">
    <p class='ocr_par' dir='ltr' id='par_1_80' title="bbox 2380 2424 3957 2497">
     <span class='ocr_line' id='line_1_80' title="bbox 2380 2424 3957 2497; baseline 0.005 -23"><span class='ocrx_word' id='word_1_567' title='bbox 2380 2424 2563 2487; x_wconf 59' lang='lat' dir='ltr'><strong>Quales</strong></span> <span class='ocrx_word' id='word_1_568' title='bbox 2595 2432 2714 2476; x_wconf 79' lang='lat' dir='ltr'><strong>sunt</strong></span> <span class='ocrx_word' id='word_1_569' title='bbox 2738 2427 2927 2495; x_wconf 73' lang='lat' dir='ltr'><strong>fratres</strong></span> <span class='ocrx_word' id='word_1_570' title='bbox 2949 2427 3033 2495; x_wconf 77' lang='lat' dir='ltr'><strong>qui</strong></span> <span class='ocrx_word' id='word_1_571' title='bbox 3059 2426 3357 2478; x_wconf 80' lang='lat' dir='ltr'><strong>insalutatis</strong></span> <span class='ocrx_word' id='word_1_572' title='bbox 3386 2426 3664 2479; x_wconf 83' lang='lat' dir='ltr'><strong>abscedant</strong></span> <span class='ocrx_word' id='word_1_573' title='bbox 3690 2426 3957 2497; x_wconf 75' lang='lat' dir='ltr'><strong>fratribus.</strong></span> 
     </span>
    </p>
   </div>
   <div class='ocr_carea' id='block_1_81' title="bbox 2622 2552 3711 2593">
    <p class='ocr_par' dir='ltr' id='par_1_81' title="bbox 2622 2552 3711 2593">
     <span class='ocr_line' id='line_1_81' title="bbox 2622 2552 3711 2593; baseline 0.003 -3"><span class='ocrx_word' id='word_1_574' title='bbox 2622 2552 2923 2591; x_wconf 66' lang='lat' dir='ltr'><strong>RESPONlET</strong></span> <span class='ocrx_word' id='word_1_575' title='bbox 2975 2554 3194 2592; x_wconf 65' lang='lat' dir='ltr'><strong>DOMINUS</strong></span> <span class='ocrx_word' id='word_1_576' title='bbox 3255 2555 3350 2592; x_wconf 72' lang='grc' dir='ltr'><strong>Ριίιι</strong></span> <span class='ocrx_word' id='word_1_577' title='bbox 3393 2553 3711 2593; x_wconf 71' lang='lat' dir='ltr'><strong>IlAGlS&#39;I&#39;RUI.</strong></span> 
     </span>
    </p>
   </div>
   <div class='ocr_carea' id='block_1_82' title="bbox 2447 2638 3957 2721">
    <p class='ocr_par' dir='ltr' id='par_1_82' title="bbox 2447 2638 3957 2721">
     <span class='ocr_line' id='line_1_82' title="bbox 2447 2638 3957 2721; baseline 0.005 -19"><span class='ocrx_word' id='word_1_578' title='bbox 2447 2649 2660 2704; x_wconf 83' lang='lat' dir='ltr'><strong>Fratres</strong></span> <span class='ocrx_word' id='word_1_579' title='bbox 2683 2651 2955 2721; x_wconf 87' lang='lat' dir='ltr'><strong>spiritales</strong></span> <span class='ocrx_word' id='word_1_580' title='bbox 2986 2652 3037 2706; x_wconf 90' lang='lat' dir='ltr'><strong>in</strong></span> <span class='ocrx_word' id='word_1_581' title='bbox 3069 2653 3151 2706; x_wconf 88' lang='lat' dir='ltr'><strong>via</strong></span> <span class='ocrx_word' id='word_1_582' title='bbox 3193 2668 3331 2721; x_wconf 88' lang='lat' dir='ltr'><strong>quau</strong></span> <span class='ocrx_word' id='word_1_583' title='bbox 3360 2654 3407 2707; x_wconf 83' lang='grc' dir='ltr'>ὀ</span> <span class='ocrx_word' id='word_1_584' title='bbox 3455 2670 3485 2707; x_wconf 89' lang='lat' dir='ltr'><strong>a</strong></span> <span class='ocrx_word' id='word_1_585' title='bbox 3526 2670 3585 2708; x_wconf 86' lang='lat' dir='ltr'><strong>se</strong></span> <span class='ocrx_word' id='word_1_586' title='bbox 3612 2638 3957 2720; x_wconf 43' lang='lat' dir='ltr'><strong>.abscedunt,</strong></span> 
     </span>
    </p>
   </div>
   <div class='ocr_carea' id='block_1_83' title="bbox 2373 2742 3958 2811">
    <p class='ocr_par' dir='ltr' id='par_1_83' title="bbox 2373 2742 3958 2811">
     <span class='ocr_line' id='line_1_83' title="bbox 2373 2742 3958 2811; baseline 0.003 -17"><span class='ocrx_word' id='word_1_587' title='bbox 2373 2742 2416 2794; x_wconf 90' lang='lat' dir='ltr'><strong>si</strong></span> <span class='ocrx_word' id='word_1_588' title='bbox 2451 2742 2568 2797; x_wconf 83' lang='lat' dir='ltr'><strong>vale</strong></span> <span class='ocrx_word' id='word_1_589' title='bbox 2592 2742 2693 2796; x_wconf 92' lang='lat' dir='ltr'><strong>sibi</strong></span> <span class='ocrx_word' id='word_1_590' title='bbox 2726 2760 2831 2797; x_wconf 89' lang='lat' dir='ltr'><strong>non</strong></span> <span class='ocrx_word' id='word_1_591' title='bbox 2871 2742 3066 2797; x_wconf 90' lang='lat' dir='ltr'><strong>faciant</strong></span> <span class='ocrx_word' id='word_1_592' title='bbox 3096 2785 3112 2811; x_wconf 87' lang='lat'><strong>,</strong></span> <span class='ocrx_word' id='word_1_593' title='bbox 3161 2744 3243 2799; x_wconf 90' lang='lat' dir='ltr'><strong>vel</strong></span> <span class='ocrx_word' id='word_1_594' title='bbox 3267 2747 3567 2799; x_wconf 89' lang='lat' dir='ltr'><strong>orationem</strong></span> <span class='ocrx_word' id='word_1_595' title='bbox 3620 2760 3958 2801; x_wconf 88' lang='lat' dir='ltr'><strong>communem</strong></span> 
     </span>
    </p>
   </div>
   <div class='ocr_carea' id='block_1_84' title="bbox 2372 2832 3957 2902">
    <p class='ocr_par' dir='ltr' id='par_1_84' title="bbox 2372 2832 3957 2902">
     <span class='ocr_line' id='line_1_84' title="bbox 2372 2832 3957 2902; baseline 0.004 -15"><span class='ocrx_word' id='word_1_596' title='bbox 2372 2832 2600 2887; x_wconf 72' lang='lat' dir='ltr'><strong>offerant</strong></span> <span class='ocrx_word' id='word_1_597' title='bbox 2632 2834 2884 2902; x_wconf 89' lang='lat' dir='ltr'><strong>Domino,</strong></span> <span class='ocrx_word' id='word_1_598' title='bbox 2916 2836 3001 2889; x_wconf 89' lang='lat' dir='ltr'><strong>vel</strong></span> <span class='ocrx_word' id='word_1_599' title='bbox 3035 2852 3221 2902; x_wconf 86' lang='lat' dir='ltr'><strong>pacem</strong></span> <span class='ocrx_word' id='word_1_600' title='bbox 3253 2837 3352 2891; x_wconf 88' lang='lat' dir='ltr'><strong>sibi</strong></span> <span class='ocrx_word' id='word_1_601' title='bbox 3380 2836 3624 2899; x_wconf 87' lang='lat' dir='ltr'><strong>tradant,</strong></span> <span class='ocrx_word' id='word_1_602' title='bbox 3680 2840 3852 2892; x_wconf 90' lang='lat' dir='ltr'><strong>sciant</strong></span> <span class='ocrx_word' id='word_1_603' title='bbox 3898 2854 3957 2893; x_wconf 87' lang='lat' dir='ltr'><strong>se</strong></span> 
     </span>
    </p>
   </div>
   <div class='ocr_carea' id='block_1_85' title="bbox 2373 2926 3955 2997">
    <p class='ocr_par' dir='ltr' id='par_1_85' title="bbox 2373 2926 3955 2997">
     <span class='ocr_line' id='line_1_85' title="bbox 2373 2926 3955 2997; baseline 0.004 -20"><span class='ocrx_word' id='word_1_604' title='bbox 2373 2926 2875 2981; x_wconf 86' lang='lat' dir='ltr'><strong>exconnnunicatos</strong></span> <span class='ocrx_word' id='word_1_605' title='bbox 2915 2940 2943 2977; x_wconf 87' lang='lat' dir='ltr'><strong>a</strong></span> <span class='ocrx_word' id='word_1_606' title='bbox 2990 2926 3255 2980; x_wconf 83' lang='lat' dir='ltr'><strong>charitate</strong></span> <span class='ocrx_word' id='word_1_607' title='bbox 3305 2926 3600 2995; x_wconf 80' lang='lat' dir='ltr'><strong>discedere,</strong></span> <span class='ocrx_word' id='word_1_608' title='bbox 3626 2941 3792 2997; x_wconf 89' lang='lat' dir='ltr'><strong>usque</strong></span> <span class='ocrx_word' id='word_1_609' title='bbox 3830 2929 3955 2983; x_wconf 84' lang='lat' dir='ltr'><strong>dum</strong></span> 
     </span>
    </p>
   </div>
   <div class='ocr_carea' id='block_1_86' title="bbox 2370 3018 3954 3087">
    <p class='ocr_par' dir='ltr' id='par_1_86' title="bbox 2370 3018 3954 3087">
     <span class='ocr_line' id='line_1_86' title="bbox 2370 3018 3954 3087; baseline 0.003 -17"><span class='ocrx_word' id='word_1_610' title='bbox 2370 3033 2428 3071; x_wconf 91' lang='lat' dir='ltr'><strong>se</strong></span> <span class='ocrx_word' id='word_1_611' title='bbox 2451 3018 2753 3083; x_wconf 88' lang='lat' dir='ltr'><strong>revideant,</strong></span> <span class='ocrx_word' id='word_1_612' title='bbox 2780 3027 2835 3072; x_wconf 88' lang='lat' dir='ltr'><strong>et</strong></span> <span class='ocrx_word' id='word_1_613' title='bbox 2863 3019 3146 3074; x_wconf 86' lang='lat' dir='ltr'><strong>ebaritatis</strong></span> <span class='ocrx_word' id='word_1_614' title='bbox 3174 3020 3313 3075; x_wconf 87' lang='lat' dir='ltr'><strong>inter</strong></span> <span class='ocrx_word' id='word_1_615' title='bbox 3338 3036 3396 3074; x_wconf 76' lang='lat' dir='ltr'><strong>se</strong></span> <span class='ocrx_word' id='word_1_616' title='bbox 3418 3022 3688 3075; x_wconf 82' lang='lat' dir='ltr'><strong>vinculum</strong></span> <span class='ocrx_word' id='word_1_617' title='bbox 3718 3032 3954 3087; x_wconf 85' lang='lat' dir='ltr'><strong>nectaut,</strong></span> 
     </span>
    </p>
   </div>
   <div class='ocr_carea' id='block_1_87' title="bbox 2371 3108 3957 3179">
    <p class='ocr_par' dir='ltr' id='par_1_87' title="bbox 2371 3108 3957 3179">
     <span class='ocr_line' id='line_1_87' title="bbox 2371 3108 3957 3179; baseline 0.003 -18"><span class='ocrx_word' id='word_1_618' title='bbox 2371 3110 2509 3162; x_wconf 82' lang='lat' dir='ltr'><strong>sicut</strong></span> <span class='ocrx_word' id='word_1_619' title='bbox 2536 3111 2585 3163; x_wconf 92' lang='lat' dir='ltr'><strong>in</strong></span> <span class='ocrx_word' id='word_1_620' title='bbox 2618 3108 2658 3163; x_wconf 88' lang='lat' dir='ltr'><strong>V</strong></span> <span class='ocrx_word' id='word_1_621' title='bbox 2688 3111 2753 3163; x_wconf 89' lang='lat' dir='ltr'><strong>tis</strong></span> <span class='ocrx_word' id='word_1_622' title='bbox 2783 3111 2977 3179; x_wconf 89' lang='lat' dir='ltr'><strong>legitur</strong></span> <span class='ocrx_word' id='word_1_623' title='bbox 3008 3109 3257 3175; x_wconf 87' lang='lat' dir='ltr'><strong>Patrum;</strong></span> <span class='ocrx_word' id='word_1_624' title='bbox 3288 3112 3581 3167; x_wconf 77' lang='lat' dir='ltr'><strong>abscedens</strong></span> <span class='ocrx_word' id='word_1_625' title='bbox 3614 3128 3748 3167; x_wconf 90' lang='lat' dir='ltr'><strong>unus</strong></span> <span class='ocrx_word' id='word_1_626' title='bbox 3792 3114 3957 3167; x_wconf 84' lang='lat' dir='ltr'><strong>frater</strong></span> 
     </span>
    </p>
   </div>
   <div class='ocr_carea' id='block_1_88' title="bbox 2370 3199 3955 3271">
    <p class='ocr_par' dir='ltr' id='par_1_88' title="bbox 2370 3199 3955 3271">
     <span class='ocr_line' id='line_1_88' title="bbox 2370 3199 3955 3271; baseline 0.003 -19"><span class='ocrx_word' id='word_1_627' title='bbox 2370 3201 2437 3253; x_wconf 88' lang='lat' dir='ltr'><strong>de</strong></span> <span class='ocrx_word' id='word_1_628' title='bbox 2468 3200 2709 3269; x_wconf 90' lang='lat' dir='ltr'><strong>partibus</strong></span> <span class='ocrx_word' id='word_1_629' title='bbox 2737 3199 2990 3265; x_wconf 85' lang='lat' dir='ltr'><strong>Orientis,</strong></span> <span class='ocrx_word' id='word_1_630' title='bbox 3022 3204 3241 3256; x_wconf 86' lang='lat' dir='ltr'><strong>veniens</strong></span> <span class='ocrx_word' id='word_1_631' title='bbox 3291 3204 3341 3256; x_wconf 93' lang='lat' dir='ltr'><strong>iu</strong></span> <span class='ocrx_word' id='word_1_632' title='bbox 3401 3212 3581 3271; x_wconf 90' lang='lat' dir='ltr'><strong>partes</strong></span> <span class='ocrx_word' id='word_1_633' title='bbox 3626 3203 3955 3269; x_wconf 79' lang='lat' dir='ltr'><strong>Occidentis,</strong></span> 
     </span>
    </p>
   </div>
   <div class='ocr_carea' id='block_1_89' title="bbox 2374 3294 3957 3366">
    <p class='ocr_par' dir='ltr' id='par_1_89' title="bbox 2374 3294 3957 3366">
     <span class='ocr_line' id='line_1_89' title="bbox 2374 3294 3957 3366; baseline 0.005 -20"><span class='ocrx_word' id='word_1_634' title='bbox 2374 3303 2761 3348; x_wconf 77' lang='lat' dir='ltr'><strong>rememoratus</strong></span> <span class='ocrx_word' id='word_1_635' title='bbox 2784 3294 2927 3363; x_wconf 85' lang='lat' dir='ltr'><strong>quod</strong></span> <span class='ocrx_word' id='word_1_636' title='bbox 2959 3296 3048 3349; x_wconf 91' lang='lat' dir='ltr'><strong>uni</strong></span> <span class='ocrx_word' id='word_1_637' title='bbox 3089 3297 3238 3349; x_wconf 90' lang='lat' dir='ltr'><strong>fratri</strong></span> <span class='ocrx_word' id='word_1_638' title='bbox 3273 3296 3391 3350; x_wconf 91' lang='lat' dir='ltr'><strong>vale</strong></span> <span class='ocrx_word' id='word_1_639' title='bbox 3415 3311 3520 3350; x_wconf 90' lang='lat' dir='ltr'><strong>non</strong></span> <span class='ocrx_word' id='word_1_640' title='bbox 3560 3296 3777 3362; x_wconf 89' lang='lat' dir='ltr'><strong>fecerat,</strong></span> <span class='ocrx_word' id='word_1_641' title='bbox 3820 3312 3957 3366; x_wconf 71' lang='lat' dir='ltr'><strong>prai-</strong></span> 
     </span>
    </p>
   </div>
   <div class='ocr_carea' id='block_1_90' title="bbox 2370 3386 3957 3457">
    <p class='ocr_par' dir='ltr' id='par_1_90' title="bbox 2370 3386 3957 3457">
     <span class='ocr_line' id='line_1_90' title="bbox 2370 3386 3957 3457; baseline 0.004 -21"><span class='ocrx_word' id='word_1_642' title='bbox 2370 3386 2544 3438; x_wconf 77' lang='lat' dir='ltr'><strong>inissa:</strong></span> <span class='ocrx_word' id='word_1_643' title='bbox 2571 3386 2848 3439; x_wconf 88' lang='lat' dir='ltr'><strong>eharitatis</strong></span> <span class='ocrx_word' id='word_1_644' title='bbox 2878 3387 3159 3457; x_wconf 87' lang='lat' dir='ltr'><strong>repedavit</strong></span> <span class='ocrx_word' id='word_1_645' title='bbox 3209 3387 3431 3453; x_wconf 88' lang='lat' dir='ltr'><strong>itinera,</strong></span> <span class='ocrx_word' id='word_1_646' title='bbox 3480 3396 3540 3442; x_wconf 91' lang='lat' dir='ltr'><strong>ut</strong></span> <span class='ocrx_word' id='word_1_647' title='bbox 3583 3388 3727 3456; x_wconf 87' lang='lat' dir='ltr'><strong>quod</strong></span> <span class='ocrx_word' id='word_1_648' title='bbox 3781 3388 3957 3443; x_wconf 89' lang='lat' dir='ltr'><strong>minus</strong></span> 
     </span>
    </p>
   </div>
   <div class='ocr_carea' id='block_1_91' title="bbox 2368 3479 3955 3550">
    <p class='ocr_par' dir='ltr' id='par_1_91' title="bbox 2368 3479 3955 3550">
     <span class='ocr_line' id='line_1_91' title="bbox 2368 3479 3955 3550; baseline 0.001 -17"><span class='ocrx_word' id='word_1_649' title='bbox 2368 3480 2675 3547; x_wconf 87' lang='lat' dir='ltr'><strong>complevit,</strong></span> <span class='ocrx_word' id='word_1_650' title='bbox 2705 3480 2756 3532; x_wconf 91' lang='lat' dir='ltr'><strong>in</strong></span> <span class='ocrx_word' id='word_1_651' title='bbox 2793 3480 2960 3534; x_wconf 76' lang='lat' dir='ltr'><strong>fratre</strong></span> <span class='ocrx_word' id='word_1_652' title='bbox 2987 3481 3293 3550; x_wconf 84' lang='lat' dir='ltr'><strong>perliceret.</strong></span> <span class='ocrx_word' id='word_1_653' title='bbox 3325 3479 3474 3535; x_wconf 86' lang='lat' dir='ltr'><strong>Unde</strong></span> <span class='ocrx_word' id='word_1_654' title='bbox 3496 3481 3694 3535; x_wconf 90' lang='lat' dir='ltr'><strong>debent</strong></span> <span class='ocrx_word' id='word_1_655' title='bbox 3718 3480 3784 3534; x_wconf 93' lang='lat' dir='ltr'><strong>ad</strong></span> <span class='ocrx_word' id='word_1_656' title='bbox 3816 3480 3955 3535; x_wconf 79' lang='lat' dir='ltr'><strong>hanc</strong></span> 
     </span>
    </p>
   </div>
   <div class='ocr_carea' id='block_1_92' title="bbox 2366 3570 3571 3629">
    <p class='ocr_par' dir='ltr' id='par_1_92' title="bbox 2366 3570 3571 3629">
     <span class='ocr_line' id='line_1_92' title="bbox 2366 3570 3571 3629; baseline -0.002 -2"><span class='ocrx_word' id='word_1_657' title='bbox 2366 3573 2682 3628; x_wconf 82' lang='lat' dir='ltr'><strong>charitatem</strong></span> <span class='ocrx_word' id='word_1_658' title='bbox 2714 3570 2938 3627; x_wconf 84' lang='lat' dir='ltr'><strong>fratrum</strong></span> <span class='ocrx_word' id='word_1_659' title='bbox 2972 3574 3163 3629; x_wconf 89' lang='lat' dir='ltr'><strong>fratres</strong></span> <span class='ocrx_word' id='word_1_660' title='bbox 3192 3590 3309 3628; x_wconf 83' lang='lat' dir='ltr'><strong>esse</strong></span> <span class='ocrx_word' id='word_1_661' title='bbox 3338 3574 3571 3628; x_wconf 91' lang='lat' dir='ltr'><strong>solliciti.</strong></span> 
     </span>
    </p>
   </div>
   <div class='ocr_carea' id='block_1_93' title="bbox 2939 3709 3385 3765">
    <p class='ocr_par' dir='ltr' id='par_1_93' title="bbox 2939 3709 3385 3765">
     <span class='ocr_line' id='line_1_93' title="bbox 2939 3709 3385 3765; baseline -0.004 -1"><span class='ocrx_word' id='word_1_662' title='bbox 2939 3709 3163 3765; x_wconf 75' lang='lat' dir='ltr'><strong>(IAI’UT</strong></span> <span class='ocrx_word' id='word_1_663' title='bbox 3204 3710 3385 3763; x_wconf 81' lang='lat' dir='ltr'><strong>LXIV.</strong></span> 
     </span>
    </p>
   </div>
   <div class='ocr_carea' id='block_1_94' title="bbox 2812 3817 3503 3857">
    <p class='ocr_par' dir='ltr' id='par_1_94' title="bbox 2812 3817 3503 3857">
     <span class='ocr_line' id='line_1_94' title="bbox 2812 3817 3503 3857; baseline -0.003 -2"><span class='ocrx_word' id='word_1_664' title='bbox 2812 3818 3108 3857; x_wconf 71' lang='lat' dir='ltr'><strong>INTERROUA</strong></span> <span class='ocrx_word' id='word_1_665' title='bbox 3125 3820 3135 3855; x_wconf 92' lang='grc' dir='ltr'><strong>Ι</strong></span> <span class='ocrx_word' id='word_1_666' title='bbox 3153 3821 3203 3856; x_wconf 82' lang='lat' dir='ltr'><strong>l0</strong></span> <span class='ocrx_word' id='word_1_667' title='bbox 3234 3817 3503 3855; x_wconf 70' lang='grc' dir='ltr'><strong>υιέειιιυιι.</strong></span> 
     </span>
    </p>
   </div>
   <div class='ocr_carea' id='block_1_95' title="bbox 2368 3912 3953 3987">
    <p class='ocr_par' dir='ltr' id='par_1_95' title="bbox 2368 3912 3953 3987">
     <span class='ocr_line' id='line_1_95' title="bbox 2368 3912 3953 3987; baseline 0 -20"><span class='ocrx_word' id='word_1_668' title='bbox 2368 3915 2575 3983; x_wconf 77' lang='lat' dir='ltr'><strong>Quoties</strong></span> <span class='ocrx_word' id='word_1_669' title='bbox 2598 3915 2744 3970; x_wconf 78' lang='lat' dir='ltr'><strong>debet</strong></span> <span class='ocrx_word' id='word_1_670' title='bbox 2775 3918 2933 3987; x_wconf 75' lang='lat' dir='ltr'><strong>{mter</strong></span> <span class='ocrx_word' id='word_1_671' title='bbox 2962 3918 3251 3982; x_wconf 17' lang='lat' dir='ltr'><strong>relinquens</strong></span> <span class='ocrx_word' id='word_1_672' title='bbox 3282 3912 3649 3968; x_wconf 70' lang='lat' dir='ltr'><strong>monasterium</strong></span> <span class='ocrx_word' id='word_1_673' title='bbox 3690 3926 3737 3967; x_wconf 86' lang='lat' dir='ltr'><strong>et</strong></span> <span class='ocrx_word' id='word_1_674' title='bbox 3768 3916 3953 3967; x_wconf 79' lang='lat' dir='ltr'><strong>iterum</strong></span> 
     </span>
    </p>
   </div>
   <div class='ocr_carea' id='block_1_96' title="bbox 2778 3987 3536 4055">
    <p class='ocr_par' dir='ltr' id='par_1_96' title="bbox 2778 3987 3536 4055">
     <span class='ocr_line' id='line_1_96' title="bbox 2778 3987 3536 4055; baseline 0 -16"><span class='ocrx_word' id='word_1_675' title='bbox 2778 3988 2839 4041; x_wconf 88' lang='lat' dir='ltr'><strong>ab</strong></span> <span class='ocrx_word' id='word_1_676' title='bbox 2873 4004 3046 4041; x_wconf 84' lang='lat' dir='ltr'><strong>errore</strong></span> <span class='ocrx_word' id='word_1_677' title='bbox 3071 3998 3321 4039; x_wconf 77' lang='lat' dir='ltr'><strong>revertens</strong></span> <span class='ocrx_word' id='word_1_678' title='bbox 3361 3987 3536 4055; x_wconf 73' lang='lat' dir='ltr'><strong>reiipi.</strong></span> 
     </span>
    </p>
   </div>
   <div class='ocr_carea' id='block_1_97' title="bbox 2617 4108 3737 4152">
    <p class='ocr_par' dir='ltr' id='par_1_97' title="bbox 2617 4108 3737 4152">
     <span class='ocr_line' id='line_1_97' title="bbox 2617 4108 3737 4152; baseline -0.001 -1"><span class='ocrx_word' id='word_1_679' title='bbox 2617 4114 2917 4152; x_wconf 51' lang='grc' dir='ltr'><strong>κεδῑτυκυητ</strong></span> <span class='ocrx_word' id='word_1_680' title='bbox 2962 4114 3186 4151; x_wconf 64' lang='lat' dir='ltr'><strong>LUMINUS</strong></span> <span class='ocrx_word' id='word_1_681' title='bbox 3228 4113 3324 4150; x_wconf 69' lang='grc' dir='ltr'><strong>ΓΕΒ</strong></span> <span class='ocrx_word' id='word_1_682' title='bbox 3385 4112 3701 4151; x_wconf 60' lang='grc' dir='ltr'><strong>ηλοιδτιιυιι.</strong></span> <span class='ocrx_word' id='word_1_683' title='bbox 3729 4108 3737 4119; x_wconf 75' lang='grc'><em>’</em></span> 
     </span>
    </p>
   </div>
   <div class='ocr_carea' id='block_1_98' title="bbox 2437 4210 3950 4280">
    <p class='ocr_par' dir='ltr' id='par_1_98' title="bbox 2437 4210 3950 4280">
     <span class='ocr_line' id='line_1_98' title="bbox 2437 4210 3950 4280; baseline 0.001 -16"><span class='ocrx_word' id='word_1_684' title='bbox 2437 4211 2623 4265; x_wconf 82' lang='lat' dir='ltr'><strong>Frater</strong></span> <span class='ocrx_word' id='word_1_685' title='bbox 2653 4214 2694 4265; x_wconf 87' lang='lat' dir='ltr'><strong>si</strong></span> <span class='ocrx_word' id='word_1_686' title='bbox 2730 4213 2919 4265; x_wconf 66' lang='lat' dir='ltr'><strong>exierit</strong></span> <span class='ocrx_word' id='word_1_687' title='bbox 2960 4212 3271 4279; x_wconf 72' lang='lat' dir='ltr'><strong>frequenter</strong></span> <span class='ocrx_word' id='word_1_688' title='bbox 3297 4211 3364 4265; x_wconf 86' lang='lat' dir='ltr'><strong>de</strong></span> <span class='ocrx_word' id='word_1_689' title='bbox 3396 4210 3743 4274; x_wconf 85' lang='lat' dir='ltr'><strong>monasterio,</strong></span> <span class='ocrx_word' id='word_1_690' title='bbox 3781 4224 3950 4280; x_wconf 73' lang='lat' dir='ltr'><strong>usque</strong></span> 
     </span>
    </p>
   </div>
   <div class='ocr_carea' id='block_1_99' title="bbox 2367 4302 3949 4373">
    <p class='ocr_par' dir='ltr' id='par_1_99' title="bbox 2367 4302 3949 4373">
     <span class='ocr_line' id='line_1_99' title="bbox 2367 4302 3949 4373; baseline -0.002 -16"><span class='ocrx_word' id='word_1_691' title='bbox 2367 4305 2418 4357; x_wconf 90' lang='lat' dir='ltr'><strong>in</strong></span> <span class='ocrx_word' id='word_1_692' title='bbox 2452 4304 2669 4357; x_wconf 85' lang='lat' dir='ltr'><strong>tertium</strong></span> <span class='ocrx_word' id='word_1_693' title='bbox 2704 4320 2955 4357; x_wconf 81' lang='lat' dir='ltr'><strong>reversus</strong></span> <span class='ocrx_word' id='word_1_694' title='bbox 2989 4305 3387 4373; x_wconf 62' lang='lat' dir='ltr'><strong>resuSr-ipiattu&#39;,</strong></span> <span class='ocrx_word' id='word_1_695' title='bbox 3419 4302 3646 4371; x_wconf 87' lang='lat' dir='ltr'><strong>amplius</strong></span> <span class='ocrx_word' id='word_1_696' title='bbox 3670 4319 3773 4356; x_wconf 91' lang='lat' dir='ltr'><strong>non</strong></span> <span class='ocrx_word' id='word_1_697' title='bbox 3799 4302 3908 4370; x_wconf 87' lang='lat' dir='ltr'><strong>jam</strong></span> <span class='ocrx_word' id='word_1_698' title='bbox 3938 4321 3949 4354; x_wconf 91' lang='lat'>:</span> 
     </span>
    </p>
   </div>
   <div class='ocr_carea' id='block_1_100' title="bbox 2366 4395 3950 4467">
    <p class='ocr_par' dir='ltr' id='par_1_100' title="bbox 2366 4395 3950 4467">
     <span class='ocr_line' id='line_1_100' title="bbox 2366 4395 3950 4467; baseline 0.001 -20"><span class='ocrx_word' id='word_1_699' title='bbox 2366 4398 2487 4465; x_wconf 82' lang='lat' dir='ltr'><strong>quia</strong></span> <span class='ocrx_word' id='word_1_700' title='bbox 2522 4397 2642 4451; x_wconf 86' lang='lat' dir='ltr'><strong>talis</strong></span> <span class='ocrx_word' id='word_1_701' title='bbox 2674 4396 2815 4467; x_wconf 87' lang='lat' dir='ltr'><strong>apud</strong></span> <span class='ocrx_word' id='word_1_702' title='bbox 2848 4396 3128 4451; x_wconf 76' lang='lat' dir='ltr'><strong>Dominum</strong></span> <span class='ocrx_word' id='word_1_703' title='bbox 3159 4397 3274 4461; x_wconf 89' lang='lat' dir='ltr'><strong>ejus</strong></span> <span class='ocrx_word' id='word_1_704' title='bbox 3302 4397 3613 4462; x_wconf 82' lang='lat' dir='ltr'><strong>agnoscitur</strong></span> <span class='ocrx_word' id='word_1_705' title='bbox 3644 4395 3805 4448; x_wconf 88' lang='lat' dir='ltr'><strong>divini</strong></span> <span class='ocrx_word' id='word_1_706' title='bbox 3834 4410 3950 4449; x_wconf 85' lang='lat' dir='ltr'><strong>scr-</strong></span> 
     </span>
    </p>
   </div>
   <div class='ocr_carea' id='block_1_101' title="bbox 2366 4485 3954 4557">
    <p class='ocr_par' dir='ltr' id='par_1_101' title="bbox 2366 4485 3954 4557">
     <span class='ocr_line' id='line_1_101' title="bbox 2366 4485 3954 4557; baseline -0.001 -15"><span class='ocrx_word' id='word_1_707' title='bbox 2366 4488 2479 4542; x_wconf 91' lang='lat' dir='ltr'><strong>vitii</strong></span> <span class='ocrx_word' id='word_1_708' title='bbox 2507 4490 2657 4549; x_wconf 80' lang='lat' dir='ltr'><strong>fides,</strong></span> <span class='ocrx_word' id='word_1_709' title='bbox 2690 4488 2865 4557; x_wconf 91' lang='lat' dir='ltr'><strong>qualis</strong></span> <span class='ocrx_word' id='word_1_710' title='bbox 2908 4486 3049 4556; x_wconf 88' lang='lat' dir='ltr'><strong>apud</strong></span> <span class='ocrx_word' id='word_1_711' title='bbox 3080 4488 3327 4540; x_wconf 85' lang='lat' dir='ltr'><strong>homines</strong></span> <span class='ocrx_word' id='word_1_712' title='bbox 3380 4486 3573 4555; x_wconf 89' lang='lat' dir='ltr'><strong>pedum</strong></span> <span class='ocrx_word' id='word_1_713' title='bbox 3633 4485 3954 4541; x_wconf 86' lang='lat' dir='ltr'><strong>instabilitas</strong></span> 
     </span>
    </p>
   </div>
   <div class='ocr_carea' id='block_1_102' title="bbox 2365 4580 3952 4652">
    <p class='ocr_par' dir='ltr' id='par_1_102' title="bbox 2365 4580 3952 4652">
     <span class='ocr_line' id='line_1_102' title="bbox 2365 4580 3952 4652; baseline -0.001 -15"><span class='ocrx_word' id='word_1_714' title='bbox 2365 4582 2620 4637; x_wconf 88' lang='lat' dir='ltr'><strong>constitit.</strong></span> <span class='ocrx_word' id='word_1_715' title='bbox 2658 4580 2721 4634; x_wconf 86' lang='lat' dir='ltr'><strong>Et</strong></span> <span class='ocrx_word' id='word_1_716' title='bbox 2750 4592 2803 4634; x_wconf 93' lang='lat' dir='ltr'><strong>ut</strong></span> <span class='ocrx_word' id='word_1_717' title='bbox 2851 4582 2977 4649; x_wconf 82' lang='lat' dir='ltr'><strong>quid</strong></span> <span class='ocrx_word' id='word_1_718' title='bbox 3036 4582 3087 4634; x_wconf 92' lang='lat' dir='ltr'><strong>in</strong></span> <span class='ocrx_word' id='word_1_719' title='bbox 3141 4582 3470 4635; x_wconf 71' lang='lat' dir='ltr'><strong>m-naslcsio</strong></span> <span class='ocrx_word' id='word_1_720' title='bbox 3519 4581 3629 4648; x_wconf 80' lang='lat' dir='ltr'><strong>jam</strong></span> <span class='ocrx_word' id='word_1_721' title='bbox 3679 4597 3818 4652; x_wconf 84' lang='lat' dir='ltr'><strong>opus</strong></span> <span class='ocrx_word' id='word_1_722' title='bbox 3864 4582 3952 4648; x_wconf 91' lang='lat' dir='ltr'><strong>sit,</strong></span> 
     </span>
    </p>
   </div>
   <div class='ocr_carea' id='block_1_103' title="bbox 2366 4673 3952 4746">
    <p class='ocr_par' dir='ltr' id='par_1_103' title="bbox 2366 4673 3952 4746">
     <span class='ocr_line' id='line_1_103' title="bbox 2366 4673 3952 4746; baseline -0.001 -19"><span class='ocrx_word' id='word_1_723' title='bbox 2366 4691 2523 4746; x_wconf 85' lang='lat' dir='ltr'><strong>quem</strong></span> <span class='ocrx_word' id='word_1_724' title='bbox 2561 4675 2700 4728; x_wconf 77' lang='lat' dir='ltr'><strong>licus</strong></span> <span class='ocrx_word' id='word_1_725' title='bbox 2731 4691 2836 4728; x_wconf 89' lang='lat' dir='ltr'><strong>non</strong></span> <span class='ocrx_word' id='word_1_726' title='bbox 2870 4674 3142 4743; x_wconf 78' lang='lat' dir='ltr'><strong>possidet?</strong></span> <span class='ocrx_word' id='word_1_727' title='bbox 3185 4673 3414 4742; x_wconf 82' lang='lat' dir='ltr'><strong>Ideoque</strong></span> <span class='ocrx_word' id='word_1_728' title='bbox 3446 4683 3562 4741; x_wconf 82' lang='lat' dir='ltr'><strong>post</strong></span> <span class='ocrx_word' id='word_1_729' title='bbox 3591 4674 3800 4727; x_wconf 84' lang='lat' dir='ltr'><strong>tertiam</strong></span> <span class='ocrx_word' id='word_1_730' title='bbox 3832 4690 3952 4727; x_wconf 80' lang='lat' dir='ltr'><strong>eor-</strong></span> 
     </span>
    </p>
   </div>
   <div class='ocr_carea' id='block_1_104' title="bbox 2364 4764 3949 4835">
    <p class='ocr_par' dir='ltr' id='par_1_104' title="bbox 2364 4764 3949 4835">
     <span class='ocr_line' id='line_1_104' title="bbox 2364 4764 3949 4835; baseline -0.002 -14"><span class='ocrx_word' id='word_1_731' title='bbox 2364 4768 2665 4835; x_wconf 85' lang='lat' dir='ltr'><strong>reptionem</strong></span> <span class='ocrx_word' id='word_1_732' title='bbox 2692 4768 2837 4834; x_wconf 86' lang='lat' dir='ltr'><strong>juste</strong></span> <span class='ocrx_word' id='word_1_733' title='bbox 2862 4765 3192 4819; x_wconf 90' lang='lat' dir='ltr'><strong>monasterio</strong></span> <span class='ocrx_word' id='word_1_734' title='bbox 3213 4765 3283 4819; x_wconf 85' lang='lat' dir='ltr'><strong>sit</strong></span> <span class='ocrx_word' id='word_1_735' title='bbox 3314 4775 3371 4817; x_wconf 89' lang='lat' dir='ltr'><strong>ut</strong></span> <span class='ocrx_word' id='word_1_736' title='bbox 3398 4766 3643 4819; x_wconf 86' lang='lat' dir='ltr'><strong>ethnicus</strong></span> <span class='ocrx_word' id='word_1_737' title='bbox 3667 4774 3722 4818; x_wconf 91' lang='lat' dir='ltr'><strong>et</strong></span> <span class='ocrx_word' id='word_1_738' title='bbox 3774 4764 3949 4833; x_wconf 87' lang='lat' dir='ltr'><strong>publi-</strong></span> 
     </span>
    </p>
   </div>
   <div class='ocr_carea' id='block_1_105' title="bbox 2364 4876 2554 4916">
    <p class='ocr_par' dir='ltr' id='par_1_105' title="bbox 2364 4876 2554 4916">
     <span class='ocr_line' id='line_1_105' title="bbox 2364 4876 2554 4916; baseline -0.016 0"><span class='ocrx_word' id='word_1_739' title='bbox 2364 4876 2554 4916; x_wconf 87' lang='lat' dir='ltr'><strong>canus.</strong></span> 
     </span>
    </p>
   </div>
   <div class='ocr_carea' id='block_1_106' title="bbox 2935 4950 3371 5004">
    <p class='ocr_par' dir='ltr' id='par_1_106' title="bbox 2935 4950 3371 5004">
     <span class='ocr_line' id='line_1_106' title="bbox 2935 4950 3371 5004; baseline -0.002 0"><span class='ocrx_word' id='word_1_740' title='bbox 2935 4950 3163 5004; x_wconf 83' lang='lat' dir='ltr'><strong>CAPUT</strong></span> <span class='ocrx_word' id='word_1_741' title='bbox 3212 4951 3371 5003; x_wconf 88' lang='lat' dir='ltr'><strong>L\V.</strong></span> 
     </span>
    </p>
   </div>
   <div class='ocr_carea' id='block_1_107' title="bbox 2804 5078 3506 5117">
    <p class='ocr_par' dir='ltr' id='par_1_107' title="bbox 2804 5078 3506 5117">
     <span class='ocr_line' id='line_1_107' title="bbox 2804 5078 3506 5117; baseline 0 -1"><span class='ocrx_word' id='word_1_742' title='bbox 2804 5078 3193 5117; x_wconf 72' lang='lat' dir='ltr'><strong>INTERROGATIO</strong></span> <span class='ocrx_word' id='word_1_743' title='bbox 3235 5079 3506 5116; x_wconf 65' lang='lat' dir='ltr'><strong>DISCIPL‘IJ.</strong></span> 
     </span>
    </p>
   </div>
   <div class='ocr_carea' id='block_1_108' title="bbox 2362 5176 3948 5247">
    <p class='ocr_par' dir='ltr' id='par_1_108' title="bbox 2362 5176 3948 5247">
     <span class='ocr_line' id='line_1_108' title="bbox 2362 5176 3948 5247; baseline -0.001 -18"><span class='ocrx_word' id='word_1_744' title='bbox 2362 5176 2629 5241; x_wconf 83' lang='lat' dir='ltr'><strong>Quomodo</strong></span> <span class='ocrx_word' id='word_1_745' title='bbox 2667 5177 2849 5231; x_wconf 77' lang='lat' dir='ltr'><strong>debent</strong></span> <span class='ocrx_word' id='word_1_746' title='bbox 2876 5179 3060 5247; x_wconf 75' lang='lat' dir='ltr'><strong>fratres</strong></span> <span class='ocrx_word' id='word_1_747' title='bbox 3084 5177 3281 5229; x_wconf 74' lang='lat' dir='ltr'><strong>externi</strong></span> <span class='ocrx_word' id='word_1_748' title='bbox 3313 5194 3343 5228; x_wconf 78' lang='grc' dir='ltr'><em>α</em></span> <span class='ocrx_word' id='word_1_749' title='bbox 3368 5176 3659 5229; x_wconf 69' lang='grc' dir='ltr'><strong>άοηιιέιὶωε</strong></span> <span class='ocrx_word' id='word_1_750' title='bbox 3690 5177 3948 5230; x_wconf 75' lang='lat' dir='ltr'><strong>salui‘uri?</strong></span> 
     </span>
    </p>
   </div>
   <div class='ocr_carea' id='block_1_109' title="bbox 2617 5303 3691 5345">
    <p class='ocr_par' dir='ltr' id='par_1_109' title="bbox 2617 5303 3691 5345">
     <span class='ocr_line' id='line_1_109' title="bbox 2617 5303 3691 5345; baseline 0 -4"><span class='ocrx_word' id='word_1_751' title='bbox 2617 5303 2920 5345; x_wconf 65' lang='lat' dir='ltr'><strong>fit-.SPONDB&#39;I‘</strong></span> <span class='ocrx_word' id='word_1_752' title='bbox 2960 5304 3183 5345; x_wconf 70' lang='grc' dir='ltr'><strong>οοπιιωδ</strong></span> <span class='ocrx_word' id='word_1_753' title='bbox 3223 5305 3320 5343; x_wconf 75' lang='lat' dir='ltr'><strong>PER</strong></span> <span class='ocrx_word' id='word_1_754' title='bbox 3374 5305 3691 5342; x_wconf 67' lang='grc' dir='ltr'><strong>ιιΑπιδτιιωι.</strong></span> 
     </span>
    </p>
   </div>
   <div class='ocr_carea' id='block_1_110' title="bbox 2428 5404 3940 5473">
    <p class='ocr_par' dir='ltr' id='par_1_110' title="bbox 2428 5404 3940 5473">
     <span class='ocr_line' id='line_1_110' title="bbox 2428 5404 3940 5473; baseline -0.003 -15"><span class='ocrx_word' id='word_1_755' title='bbox 2428 5404 2645 5458; x_wconf 84' lang='lat' dir='ltr'><strong>Fratres</strong></span> <span class='ocrx_word' id='word_1_756' title='bbox 2694 5420 2813 5457; x_wconf 90' lang='lat' dir='ltr'><strong>cum</strong></span> <span class='ocrx_word' id='word_1_757' title='bbox 2858 5404 3186 5458; x_wconf 80' lang='lat' dir='ltr'><strong>monasterio</strong></span> <span class='ocrx_word' id='word_1_758' title='bbox 3232 5405 3471 5473; x_wconf 76' lang='lat' dir='ltr'><strong>extranei</strong></span> <span class='ocrx_word' id='word_1_759' title='bbox 3514 5404 3940 5471; x_wconf 60' lang='lat' dir='ltr'><strong>Eul‘teth‘ltel&#39;lttl,</strong></span> 
     </span>
    </p>
   </div>
   <div class='ocr_carea' id='block_1_111' title="bbox 2363 5478 3940 5561">
    <p class='ocr_par' dir='ltr' id='par_1_111' title="bbox 2363 5478 3940 5561">
     <span class='ocr_line' id='line_1_111' title="bbox 2363 5478 3940 5561; baseline -0.002 -11"><span class='ocrx_word' id='word_1_760' title='bbox 2363 5505 2417 5551; x_wconf 92' lang='lat' dir='ltr'><strong>et</strong></span> <span class='ocrx_word' id='word_1_761' title='bbox 2441 5495 2681 5561; x_wconf 68' lang='lat' dir='ltr'><strong>eiusdem</strong></span> <span class='ocrx_word' id='word_1_762' title='bbox 2717 5495 2911 5550; x_wconf 90' lang='lat' dir='ltr'><strong>fratres</strong></span> <span class='ocrx_word' id='word_1_763' title='bbox 2941 5495 3251 5549; x_wconf 87' lang='lat' dir='ltr'><strong>monasterii</strong></span> <span class='ocrx_word' id='word_1_764' title='bbox 3284 5478 3336 5547; x_wconf 88' lang='lat' dir='ltr'><strong>in</strong></span> <span class='ocrx_word' id='word_1_765' title='bbox 3367 5506 3706 5548; x_wconf 74' lang='lat' dir='ltr'><strong>communem</strong></span> <span class='ocrx_word' id='word_1_766' title='bbox 3766 5495 3940 5547; x_wconf 81' lang='lat' dir='ltr'><strong>locum</strong></span> 
     </span>
    </p>
   </div>
   <div class='ocr_carea' id='block_1_112' title="bbox 2360 5585 3919 5651">
    <p class='ocr_par' dir='ltr' id='par_1_112' title="bbox 2360 5585 3919 5651">
     <span class='ocr_line' id='line_1_112' title="bbox 2360 5585 3919 5651; baseline -0.002 -10"><span class='ocrx_word' id='word_1_767' title='bbox 2360 5589 2697 5651; x_wconf 76' lang='lat' dir='ltr'><strong>advenerint,</strong></span> <span class='ocrx_word' id='word_1_768' title='bbox 2732 5586 2823 5639; x_wconf 88' lang='lat' dir='ltr'><strong>ubi</strong></span> <span class='ocrx_word' id='word_1_769' title='bbox 2871 5585 2946 5639; x_wconf 91' lang='lat' dir='ltr'><strong>illi</strong></span> <span class='ocrx_word' id='word_1_770' title='bbox 2997 5586 3241 5640; x_wconf 84' lang='lat' dir='ltr'><strong>extranei</strong></span> <span class='ocrx_word' id='word_1_771' title='bbox 3294 5592 3385 5640; x_wconf 90' lang='lat' dir='ltr'><strong>aut</strong></span> <span class='ocrx_word' id='word_1_772' title='bbox 3424 5586 3632 5651; x_wconf 90' lang='lat' dir='ltr'><strong>sedent,</strong></span> <span class='ocrx_word' id='word_1_773' title='bbox 3665 5595 3919 5639; x_wconf 88' lang='lat' dir='ltr'><strong>autstant</strong></span> 
     </span>
    </p>
   </div>
   <div class='ocr_carea' id='block_1_113' title="bbox 2361 5675 3939 5747">
    <p class='ocr_par' dir='ltr' id='par_1_113' title="bbox 2361 5675 3939 5747">
     <span class='ocr_line' id='line_1_113' title="bbox 2361 5675 3939 5747; baseline -0.001 -16"><span class='ocrx_word' id='word_1_774' title='bbox 2361 5678 2693 5747; x_wconf 79' lang='lat' dir='ltr'><strong>autjaccnt,</strong></span> <span class='ocrx_word' id='word_1_775' title='bbox 2725 5685 2819 5730; x_wconf 89' lang='lat' dir='ltr'><strong>aut</strong></span> <span class='ocrx_word' id='word_1_776' title='bbox 2871 5675 3252 5741; x_wconf 86' lang='lat' dir='ltr'><strong>deambulant;</strong></span> <span class='ocrx_word' id='word_1_777' title='bbox 3303 5678 3475 5746; x_wconf 85' lang='lat' dir='ltr'><strong>primo</strong></span> <span class='ocrx_word' id='word_1_778' title='bbox 3521 5676 3584 5729; x_wconf 82' lang='lat' dir='ltr'><strong>ad</strong></span> <span class='ocrx_word' id='word_1_779' title='bbox 3643 5677 3939 5744; x_wconf 68' lang='lat' dir='ltr'><strong>ingrchum</strong></span> 
     </span>
    </p>
   </div>
   <div class='ocr_carea' id='block_1_114' title="bbox 2359 5766 3930 5837">
    <p class='ocr_par' dir='ltr' id='par_1_114' title="bbox 2359 5766 3930 5837">
     <span class='ocr_line' id='line_1_114' title="bbox 2359 5766 3930 5837; baseline -0.003 -11"><span class='ocrx_word' id='word_1_780' title='bbox 2359 5786 2513 5827; x_wconf 85' lang='lat' dir='ltr'><strong>suum</strong></span> <span class='ocrx_word' id='word_1_781' title='bbox 2568 5785 2690 5823; x_wconf 82' lang='lat' dir='ltr'><strong>mox</strong></span> <span class='ocrx_word' id='word_1_782' title='bbox 2747 5785 2882 5824; x_wconf 90' lang='lat' dir='ltr'><strong>voce</strong></span> <span class='ocrx_word' id='word_1_783' title='bbox 2928 5785 3043 5833; x_wconf 88' lang='lat' dir='ltr'><strong>sua,</strong></span> <span class='ocrx_word' id='word_1_784' title='bbox 3073 5766 3403 5837; x_wconf 84' lang='lat' dir='ltr'><strong>Benedicite,</strong></span> <span class='ocrx_word' id='word_1_785' title='bbox 3428 5768 3697 5834; x_wconf 85' lang='lat' dir='ltr'><strong>salutent;</strong></span> <span class='ocrx_word' id='word_1_786' title='bbox 3752 5770 3930 5823; x_wconf 80' lang='lat' dir='ltr'><strong>deind-</strong></span> 
     </span>
    </p>
   </div>
   <div class='ocr_carea' id='block_1_115' title="bbox 2358 5862 3913 5938">
    <p class='ocr_par' dir='ltr' id='par_1_115' title="bbox 2358 5862 3913 5938">
     <span class='ocr_line' id='line_1_115' title="bbox 2358 5862 3913 5938; baseline -0.002 -17"><span class='ocrx_word' id='word_1_787' title='bbox 2358 5873 2545 5938; x_wconf 90' lang='lat' dir='ltr'><strong>petant</strong></span> <span class='ocrx_word' id='word_1_788' title='bbox 2574 5879 2674 5936; x_wconf 91' lang='lat' dir='ltr'><strong>pro</strong></span> <span class='ocrx_word' id='word_1_789' title='bbox 2699 5878 2759 5920; x_wconf 87' lang='lat' dir='ltr'><strong>se</strong></span> <span class='ocrx_word' id='word_1_790' title='bbox 2787 5863 2951 5926; x_wconf 89' lang='lat' dir='ltr'><strong>orari,</strong></span> <span class='ocrx_word' id='word_1_791' title='bbox 2977 5871 3257 5933; x_wconf 85' lang='lat' dir='ltr'><strong>postquam</strong></span> <span class='ocrx_word' id='word_1_792' title='bbox 3298 5863 3601 5919; x_wconf 83' lang='lat' dir='ltr'><strong>orationem</strong></span> <span class='ocrx_word' id='word_1_793' title='bbox 3630 5862 3913 5931; x_wconf 83' lang='lat' dir='ltr'><strong>eompleve</strong></span> 
     </span>
    </p>
   </div>
  </div>
