5174 6624
1681 490 1703 542 l
1714 485 1824 542 023

2986 438 3323 500 ,ιυρτυιιιε
3366 434 3450 490 ιΝι
3465 431 3640 488 .ERTI

4839 412 4975 468 ιωι

1681 604 1747 657 τῃ
1775 604 2084 652 extr-ancus,
2116 598 2241 641 mox
2266 581 2429 637 vadat
2454 578 2618 632 frater
2643 567 2974 628 domesticus
2997 564 3275 617 incurvato
3306 556 3348 612 Α
3383 552 3474 606 Dei
3504 565 3564 605 se
3590 561 3701 604 non
3731 544 4049 605 levaverint,
4078 548 4133 594 et
4156 540 4412 593 continuo
4441 532 4728 603 jacuerint.
4757 532 4824 584 ad
4868 532 4977 583 cul-

3584 656 3589 657 ,
3692 655 3727 657 η
3750 646 3931 657 --_._---
3961 655 3968 657 _
3997 632 4086 657 --.ι
4128 633 4177 657 ι..
4230 628 4579 657 ..Αρηησιιιηωη
4633 623 4977 657 ρηιηιηιηωιη

1682 708 1778 764 per
1807 683 2169 743 humilitatem
2197 676 2372 746 capite
2398 666 2739 727 salutationis
2765 664 2880 733 ejus
2910 660 2976 713 ad
3005 668 3198 726 genua,
3225 658 3280 704 et

1689 751 1839 855 prius
1864 780 1967 834 hoc
1997 774 2237 842 erigatur
2264 768 2312 823 ei
2341 765 2408 820 ad
2438 778 2658 835 pacein;
2701 766 2761 814 ut
2788 751 3082 826 apostolica
3130 758 3279 801 com-

1686 878 1901 950 pleatur
1948 864 2214 925 sententia
2265 860 2455 916 dicens
2510 874 2525 913 :
2589 854 2801 909 Honore
2845 849 3058 903 invicem
3087 855 3283 912 prave-

1688 941 1888 1023 nientes
1912 960 2090 1032 (Rom.
2125 956 2247 1025 xu).
2273 953 2352 1008 Ad
2380 952 2679 1021 ingressum
2734 957 2864 999 vero
2913 941 3134 994 fratrum
3190 949 3285 989 ex.

1694 1068 2004 1113 traneorutn
2063 1059 2186 1121 post
2234 1046 2577 1107 orationem,
2640 1047 2927 1105 antequam
2975 1028 3283 1099 compleat,

1694 1154 1838 1207 hunc
1870 1160 2084 1203 versum
2114 1143 2260 1197 dicat
2289 1140 2455 1193 abbas
2484 1149 2606 1189 cum
2643 1126 2955 1185 domesticis
2984 1120 3240 1177 fratribus
3272 1135 3286 1171 :

1696 1247 2047 1316 Suscepimus,
2080 1240 2242 1307 Deus,
2273 1231 2655 1290 misericordias
2695 1236 2808 1280 tuas
2838 1224 2890 1275 iu
2922 1219 3084 1273 medio
3116 1211 3290 1281 templi

1697 1341 1771 1394 tui
1804 1336 1977 1395 (l’sal.
2024 1348 2142 1388 XLVI
2170 1331 2210 1397 ).

2280 1415 2505 1474 CAPUT
2537 1411 2719 1467 LXVI.

2125 1524 2519 1570 INTERROGATIO
2579 1519 2838 1561 BISCII‘ULI
2851 1545 2860 1555 .

1856 1638 1931 1691 De
1957 1647 2162 1706 egressu
2196 1632 2419 1700 fratrum
2447 1625 2510 1677 de
2535 1618 2847 1677 monasterio
2893 1615 2944 1667 in
2998 1626 3149 1664 viam.

1972 1760 2281 1801 “ILSPONDET
2324 1752 2546 1795 D‘iIIINUS
2590 1750 2686 1788 ιιιςιι
2731 1742 3047 1787 ιιιιθιετιιιδι.

1787 1862 2058 1918 Exeuntes
2118 1860 2169 1912 in
2222 1856 2360 1908 viam
2405 1851 2597 1906 fratres
2643 1852 2830 1916 petant
2869 1856 2966 1913 pro
3013 1854 3072 1894 se
3125 1837 3301 1900 orari,

3384 659 3507 715 pani
3534 656 3642 697 non
3668 646 3932 694 vocentur
3959 655 3968 686 :
3996 632 4087 688 sed
4128 633 4179 685 in
4230 628 4581 684 refectionem
4632 623 4978 679 solummodo

3386 748 3627 801 succum,
3651 730 3736 785 vel
3757 744 3880 791 ova,
3902 736 3993 780 aut
4020 723 4245 780 calidam
4277 734 4469 789 aquam
4498 716 4798 785 accipiant;
4832 714 4978 783 quod

3385 829 3475 882 vix
3524 824 3733 894 possint
3778 821 3893 874 veri
3927 816 4131 871 tazdiosi
4156 813 4402 881 accipere
4431 828 4444 863 :
4481 819 4558 874 ut,
4588 807 4631 861 si
4660 820 4718 860 se
4748 805 4979 870 fingunt,

3387 919 3471 973 vel
3535 916 3677 971 fame
3726 911 4118 982 compellantur
4176 906 4361 961 levari.
4411 902 4470 956 Si
4526 916 4655 955 vero
4702 905 4825 968 post
4871 896 4981 949 diei

3389 1015 3586 1068 dictum
3611 1007 3961 1071 surrexerint,
3981 1001 4540 1060 exeommuniceutur;
4574 1005 4630 1051 et
4650 996 4715 1049 ad
4740 1006 4983 1047 mensam

3390 1106 3662 1162 carnalem
3693 1119 3799 1158 non
3825 1103 4105 1163 accedant,
4131 1098 4256 1167 quia
4287 1096 4352 1149 ad
4399 1091 4698 1164 spiritalem
4752 1084 4984 1142 oratorii

3393 1215 3497 1256 non
3527 1197 3819 1264 affuerunt,
3848 1195 3973 1264 quia
4000 1193 4239 1247 laborem
4283 1188 4560 1256 fugerunt,
4593 1192 4649 1239 et
4692 1198 4832 1252 opus
4889 1180 4985 1234 Dei

3394 1297 3853 1361 contempserunt.
3884 1288 4015 1342 Nam
4039 1286 4091 1340 in
4119 1284 4201 1338 his
4235 1281 4432 1335 talibus
4459 1275 4773 1348 agnoscitur
4797 1272 4984 1327 diabo-

3397 1391 3478 1444 lus
3508 1404 3604 1458 per
3629 1383 4027 1440 excusationem
4055 1377 4197 1432 ttedii
4240 1373 4522 1442 somnique
4557 1369 4830 1440 pigritiam
4884 1366 4983 1418 mi-

3399 1483 3655 1544 nistrare;
3713 1477 3940 1545 ideoque
3985 1471 4145 1525 talem
4192 1464 4495 1521 mercedem
4551 1460 4841 1527 recipiant.
4890 1458 4987 1518 (ini

3402 1589 3528 1630 vero
3558 1574 3724 1626 frater
3753 1570 3867 1624 sine
3890 1565 4049 1622 febris
4075 1561 4548 1625 membrorumque
4587 1552 4777 1607 dolore.
4824 1550 4991 1603 1³εεί-

3404 1677 3508 1732 tur,
3539 1665 3582 1717 si
3615 1675 3826 1733 ptenam
3855 1656 4175 1727 supradicta:
4203 1646 4502 1706 lassitudini
4556 1640 4993 1699 excommunica-

3408 1760 3565 1815 tionis
3596 1756 3862 1811 sustinere
3883 1766 3991 1805 non
4013 1747 4151 1811 vult,
4180 1747 4344 1799 intret
4366 1752 4546 1796 tamen
4594 1737 4647 1791 in
4697 1732 4994 1789 oratorium

3410 1859 3671 1908 consueta
3700 1864 3820 1902 cum
3845 1842 4096 1899 fratribus
4125 1839 4276 1901 hora,
4307 1842 4363 1889 et
4399 1833 4441 1888 si
4483 1838 4629 1886 stare
4655 1842 4762 1881 non
4796 1830 4995 1895 potest,

1710 1958 1956 2014 δίθθηῑθε
1981 1966 2193 2006 τθτδυηι
2230 1967 2242 2001 ³
2284 1945 2407 1999 Vi“
2439 1954 2572 2005 ’καθ’
2607 1939 2847 1999 Domine,
2873 1944 3022 1991 "om
3053 1936 3135 2003 Ιάσ
3156 1931 3301 1995 mihi:
3340 1932 3383 1991 Β
3407 1946 3593 2013 jaceos
3615 1943 3669 1995 in
3693 1946 3858 1993 matta
3881 1935 4026 1990 velut
4056 1934 4106 1985 in
4138 1928 4384 1983 oratione
4408 1922 4598 1995 psallat
4626 1939 4640 1975 :
4670 1920 4805 1974 cuia
4824 1915 4997 1969 vicino

1719 2062 1766 2106 et
1794 2051 2004 2105 semitas
2051 2055 2165 2100 tuas
2193 2044 2349 2096 edoce
2376 2055 2458 2092 me
2506 2035 2681 2105 (Psal.
2728 2030 2913 2099 xxiv);
2974 2036 3065 2081 aut
3117 2025 3305 2079 volue-

1711 2145 1821 2200 rint
1845 2143 2008 2196 alium
2038 2157 2050 2191 :
2090 2136 2292 2204 Perﬁce
2323 2145 2529 2203 gressus
2555 2126 2761 2180 meosin
2779 2121 2972 2175 semitis
2998 2119 3307 2181 tuis,utmn

1716 2243 2015 2291 moveantur
2064 2228 2285 2297 vestigia
2333 2239 2447 2277 mea
2501 2219 2676 2288 (Psal.
2734 2216 2861 2283 xvi).
2894 2210 3123 2278 Semper
3166 2206 3309 2263 enim

1722 2342 1940 2385 versum
1995 2318 2219 2393 quando
2268 2322 2487 2378 exeunt,
2514 2312 2629 2366 sive
2652 2305 2880 2387 quando
2907 2301 3310 2371 ingrediuntur,

1722 2438 1846 2479 cum
1871 2419 2038 2490 gloria
2066 2414 2357 2484 explicent.
2382 2404 2641 2461 Similiter
2671 2410 2727 2456 et
2750 2402 3089 2453 revertentes
3126 2397 3314 2460 petant

1723 2532 1819 2586 pro
1870 2527 1930 2565 se
1982 2507 2158 2566 orari,
2207 2504 2448 2558 dicentes
2505 2498 2648 2550 hunc
2679 2504 2930 2546 versum:
2985 2483 3316 2537 Introivimus

1725 2612 1780 2664 in
1814 2602 2201 2676 tabernaculum
2227 2598 2360 2667 ejus,
2388 2590 2719 2645 adoravimus
2742 2587 2797 2638 in
2820 2584 2931 2636 loco
2959 2578 3045 2631 ubi
3072 2582 3318 2631 steterunt

1736 2704 1893 2769 pedes
1922 2666 2483 2769 ejus.(Psol.cxxxi);
2540 2694 2661 2735 cum
2704 2675 2871 2744 gloria
2908 2692 2917 2724 :
2956 2670 3036 2724 vel
3083 2666 3319 2737 quoties.-

1734 2806 1949 2858 cunque
1979 2789 2139 2841 limen
2170 2782 2345 2835 forum
2383 2776 2692 2831 ultimarum
2733 2763 3046 2822 monasterii
3073 2773 3323 2828 egressus

1732 2888 2116 2954 ingressusque
2161 2875 2319 2929 fuerit
2371 2872 2556 2931 frater,
2583 2866 2700 2920 sine
2749 2875 2909 2916 versu
2949 2867 3148 2919 tamen,
3174 2860 3326 2921 petat

1732 3000 1830 3054 pro
1859 2997 1917 3037 se
1942 2978 2080 3035 orari
2102 2986 2336 3043 semper.

2290 3078 2520 3136 CAPUT
2564 3072 2765 3130 XLVII.

2180 3184 2570 3231 ικτειιιιιιαλτιο
2610 3178 2886 3223 ῡιςειιηιιλ.

1742 3306 1817 3359 De
1855 3312 2088 3373 regressu
2111 3296 2330 3365 fratrum
2355 3285 2513 3340 deria
2549 3277 2904 3335 rever-tentiam
2942 3274 2995 3325 in
3026 3268 3326 3322 oratorium.

2001 3425 2306 3469 BESPONDET
2354 3417 2579 3460 DOIINUS
2619 3414 2720 3454 PFB
2765 3406 3066 3449 HAGISTBUI

1813 3512 2031 3566 Fratres
2057 3503 2246 3574 quovis
2286 3501 2431 3555 hom:
2478 3506 2723 3563 tempore
2769 3488 2837 3545 de
2887 3487 2970 3539 via
3018 3480 3222 3537 reversi
3270 3475 3337 3530 ad

1749 3600 2132 3659 monasterium
2158 3593 2373 3652 fuerint,
2391 3598 2447 3643 et
2477 3585 2669 3640 fratres
2695 3579 2986 3652 psallentes
3015 3575 3067 3627 in
3099 3568 3339 3625 oratorio

1746 3692 2070 3754 invenerint,
2099 3695 2317 3742 orantes
2346 3696 2471 3736 mox
2503 3675 2733 3749 psallant
2765 3684 2888 3725 cum
2925 3666 3082 3734 ipsis;
3115 3671 3173 3716 et
3218 3666 3343 3730 post

1748 3787 2011 3860 psalmum
2037 3780 2310 3847 expletum
2339 3790 2370 3827 a
2411 3765 2758 3841 psallentibus
2817 3759 3020 3830 pariter
3063 3767 3200 3808 voce
3245 3765 3341 3805 sua

1750 3846 2033 3935 universos
2062 3876 2249 3942 petant
2275 3882 2372 3935 pro
2399 3877 2458 3918 se
2486 3874 2643 3915 orare
2671 3854 2869 3910 debere
2903 3869 2915 3903 ε
2950 3856 3008 3902 ut
3060 3846 3341 3900 videantur

1753 3971 1824 4025 de
1851 3969 2093 4037 ingresso
2115 3960 2300 4015 limine
2329 3953 2529 4012 forensi
2555 3945 2840 4005 exterioris
2882 3941 3041 4009 regia:
3073 3943 3343 3991 monaste~

1756 4064 1820 4118 rii
1852 4028 2167 4130 invpetenda
2196 4051 2444 4107 oratione
2474 4042 2714 4113 regulam
2745 4035 3056 4104 adimplere.
3115 4028 3178 4081 Et
3229 4033 3351 4096 post

1761 4157 1953 4211 missas
1997 4149 2176 4220 rperis
2230 4142 2399 4199 sancti
2448 4142 2498 4193 in
2558 4132 2797 4190 oratorio
2848 4126 3021 4198 primo
3078 4121 3350 4180 abbatem,

1759 4249 1953 4304 deinde
1977 4246 2291 4316 prteposilos
2308 4251 2454 4299 suos,
2473 4232 2557 4285 vel
2581 4243 2767 4283 omnes
2790 4233 2911 4294 post
2930 4230 3231 4289 regressum
3254 4215 3351 4266 vim

1762 4340 1827 4394 ad
1860 4352 2045 4409 pacem
2068 4333 2355 4399 accipiant.

2338 4438 2562 4496 CAPUT
2590 4432 2818 4491 LXVIII.

2212 4545 2609 4592 INTERROGATIO
2643 4539 2894 4583 DISCII’IIII

1775 4662 2031 4714 Errantes
2058 4656 2119 4709 de
2149 4652 2380 4708 oratorio
2413 4666 2531 4701 mna'
2561 4644 2742 4696 (lebere
2769 4642 2833 4693 de
2880 4635 3114 4691 aninibus
3166 4641 3357 4685 tacere.

2021 4784 2321 4824 IiRSI‘ONItET
2378 4777 2602 4818 llOlIINUS
2655 4773 2752 4810 ιί-ῑιι
2786 4767 3104 4808 ΜΑΟΙΞΤΙΗἭ.

1846 4884 2117 4938 Exeuntes
2166 4880 2233 4934 de
2289 4876 2526 4930 oratorio
2572 4871 2763 4925 fratres
2813 4881 2940 4921 mox
2992 4867 3225 4920 taceant,
3259 4870 3360 4911 nec

1778 4981 1939 5031 etiam
1972 4976 2207 5046 psalmos
2237 4967 2543 5024 meditando
2574 4970 2795 5025 exeant;
2846 4972 2913 5012 ne
2952 4953 3092 5024 quod
3122 4952 3173 5005 iu
3232 4959 3363 5003 tem-

1782 5087 1911 5141 pore
1941 5085 2037 5122 suo
2064 5081 2184 5121 cum
2216 5059 2517 5116 reverentia
2565 5058 2764 5110 dictum
2812 5060 2914 5112 est,
2956 5054 3106 5100 extra
3153 5051 3363 5110 tempus

1784 5164 1909 5217 foris
1944 5177 2036 5232 per
2065 5155 2429 5212 extollentiam
2461 5152 2795 5206 decantetur.
2826 5142 2961 5210 Ergo
2994 5145 3252 5193 exeuntes
3298 5133 3364 5185 de

1786 5254 2022 5308 oratorio
2046 5258 2256 5305 taceant
2276 5246 2456 5302 statim
2487 5261 2500 5299 :
2532 5242 2657 5310 quia
2690 5237 3015 5310 psalmorum
3044 5228 3365 5299 explicatum

1788 5355 1867 5399 est
1902 5356 2151 5411 tempus,
2203 5347 2257 5392 et
2318 5332 2697 5389 taciturnitatis
2747 5328 3036 5393 illCt'Ppllllli
3084 5327 3182 5379 est,
3235 5317 3371 5367 sirut

1788 5435 1914 5488 dicit
1936 5410 2209 5501 Scriptura
2246 5446 2258 5481 :
2294 5427 2447 5479 Omni
2479 5423 2554 5477 rei
2585 5433 2779 5490 tempus
2808 5415 2983 5487 (Eccl.
3015 5410 3093 5478 ιιι)

2355 5535 2580 5595 CAPUT
2623 5530 2803 5586 LXIX.

2236 5643 2627 5689 IN'I'EllHthATIO
2657 5637 2929 5680 ιιιςριιδυω.

2264 5747 2336 5800 De
2393 5746 2636 5816 fratribus
2683 5738 2910 5810 aegrotis.

2078 5881 2378 5920 ltI'SI'Hﬁl'El'
2416 5874 2638 5914 ιιυιιιιιυδ
2664 5873 2763 5908 PI.“
2795 5862 3030 5904 SIAtilb'l‘Iii
3055 5861 3105 5895 ΣΞ.

1884 5992 1913 6043 ι·
1929 6000 2098 6044 ratns
2136 5970 2376 6057 .egrolos
2427 5982 2514 6050 qui
2557 5994 2615 6035 se
2664 5974 2897 6030 dixerint
2922 5983 3057 6024 esse.
3085 5974 3136 6018 et
3168 5962 3229 6015 ad
3261 5970 3395 6025 opus

3409 2035 3571 2088 fratre.
3600 2036 3777 2085 stante
3807 2024 4088 2081 insidietur
4128 2027 4330 2081 tamen,
4356 2031 4423 2070 ne
4467 2011 4719 2068 dormiat.
4766 2008 4826 2061 Si
4877 2019 5000 2058 vero

3412 2133 3599 2196 postea
3618 2138 3683 2177 ex
3707 2126 3824 2175 toto
3850 2116 3978 2171 nihil
4013 2111 4358 2173 laboraverit,
4375 2121 4535 2161 unam
4563 2101 4829 2173 quadram
4852 2097 5002 2169 panis

3413 2219 3588 2273 minus
3618 2217 3668 2269 iu
3709 2226 3922 2267 annona
3953 2209 4177 2277 accipiat
4200 2219 4317 2267 sua,
4348 2211 4399 2256 et
4424 2201 4671 2270 potiones
4711 2195 4848 2251 duas
4873 2193 5000 2246 sub-

3414 2313 3638 2375 ductas;
3696 2308 3881 2362 ethoc
3927 2311 4151 2365 tantum,
4198 2298 4321 2369 quia
4351 2295 4435 2349 vel
4465 2296 4530 2348 ad
4572 2307 4709 2362 opus
4753 2290 4848 2343 Dei
4887 2302 5004 2341 sur-

3417 2408 3575 2471 rexit,
3624 2403 3747 2473 quia
3778 2415 3879 2455 nee
3922 2399 4125 2469 justum
4169 2401 4251 2448 est
4281 2400 4340 2445 ut
4369 2388 4575 2444 otiosus
4608 2383 4780 2438 frater
4818 2388 5002 2436 contra

3421 2501 3756 2555 laborantem
3783 2494 4027 2554 fratrem,
4060 2489 4147 2543 cui
4169 2486 4315 2555 digni
4345 2482 4544 2537 laboris
4585 2491 4798 2533 meri-es
4850 2474 5009 2526 deite-

3425 2604 3530 2657 tur,
3574 2589 3854 2658 mqualiter
3878 2584 4145 2654 judicetur
4174 2597 4187 2632 :
4220 2586 4277 2632 et
4305 2575 4428 2645 quia
4459 2571 4572 2626 bovi
4604 2567 4872 2622 trituranti
4909 2580 5007 2616 non

3422 2654 3724 2752 (illigabitur
3745 2696 3800 2732 os
3828 2675 3881 2744 (1
3906 2674 4027 2729 Cor.
4062 2672 4160 2740 Ix).
4193 2670 4283 2723 Sic
4313 2674 4367 2720 et
4405 2664 4496 2733 qui
4544 2676 4649 2715 non
4704 2658 4935 2717 laborat,
4964 2654 5008 2707 si

3425 2785 3646 2849 propter
3670 2769 3958 2843 justitiam,
3979 2765 4088 2834 jam
4116 2763 4162 2817 si
4189 2776 4256 2815 ex
4285 2766 4399 2812 toto
4426 2770 4535 2809 non
4583 2750 4901 2807 mauducat,
4930 2745 5014 2800 vel

3427 2836 3696 2940 pro-tmdii
3726 2860 3983 2931 qualitate
4011 2863 4218 2908 tantum
4243 2847 4550 2907 manducet,
4576 2849 4836 2911 quantum
4866 2836 5011 2889 labo-

3429 2930 3553 3014 rans
3574 2968 3666 3009 aut
3695 2965 3859 3007 sanus
3884 2969 3893 3001 :
3927 2948 4053 3016 quia
4084 2946 4370 3014 impotens,
4394 2937 4485 3006 qui
4514 2933 4581 2988 ad
4612 2930 4854 2985 laborem
4884 2941 5010 2996 pro-

3432 3050 3628 3104 clamat
3658 3059 3715 3100 se
3737 3058 3842 3097 non
3865 3052 4044 3110 posse,
4063 3036 4192 3089 item
4214 3031 4280 3086 ad
4304 3024 4737 3084 manducandum
4751 3020 5015 3090 iudicetur

3436 3156 3540 3195 non
3571 3152 3731 3209 posse
3764 3153 3777 3187 :
3809 3134 3933 3203 quia
3964 3140 4250 3196 utrumque
4277 3139 4383 3178 non
4416 3134 4576 3192 posse
4621 3115 4844 3186 iustitia:
4892 3127 5021 3166 con-

3438 3234 3601 3295 venit,
3625 3238 3681 3284 et
3705 3242 3884 3282 veram
3926 3222 4302 3277 necessitatem
4351 3212 4610 3269 ostendit.
4671 3208 4727 3262 Si
4778 3221 4906 3259 vero
4956 3204 5021 3256 ad

3364 3311 3406 3371 (ἶ
3444 3322 3793 3381 laborandum
3844 3332 3950 3371 ιιοιι
4007 3327 4325 3385 possumus;
4378 3317 4429 3362 et
4480 3306 4547 3359 ad
4596 3297 5025 3355 man‘ucaudum

3438 3420 3586 3487 juste
3641 3411 3842 3468 debere
3886 3424 3994 3462 non
4053 3419 4237 3477 posse.
4267 3401 4368 3456 Per
4387 3396 4660 3470 pigritiam
4691 3394 4838 3445 enim
4868 3385 5026 3444 otiosi

3441 3508 3677 3580 glutouis
3706 3506 3829 3562 talis
3862 3502 4172 3571 agnoscitur
4196 3492 4481 3565 :egritudo,
4529 3499 4589 3543 ut
4615 3501 4738 3542 cum
4770 3483 4836 3538 ad
4885 3482 5030 3535 labo-

3444 3603 3671 3658 randum
3703 3614 3800 3651 suo
3832 3610 3928 3649 ore
3985 3591 4306 3663 proclamat.
4336 3600 4396 3641 se
4451 3597 4561 3638 non
4614 3592 4808 3651 posse;
4858 3583 4914 3629 et
4963 3573 5029 3626 ad

3448 3688 3877 3749 manducandum
3906 3662 4050 3739 tacet
4079 3683 4250 3750 ipsum
4283 3692 4392 3732 non
4440 3686 4629 3744 posse;
4679 3668 4724 3725 si
4769 3681 4868 3721 sua
4920 3662 5031 3715 vult

3449 3804 3555 3843 non
3585 3786 3785 3844 dicere,
3821 3781 3993 3835 aliena
4025 3792 4151 3831 mox
4179 3772 4394 3842 incipiat
4425 3771 4606 3839 lingua
4637 3764 4857 3831 audire,
4878 3776 4938 3816 se
4966 3757 5032 3814 ad

3450 3877 3880 3941 manducandum
3911 3890 4019 3929 non
4054 3871 4186 3925 velle
4209 3867 4350 3923 nolle
4379 3880 4484 3920 non
4516 3877 4709 3933 posse:
4745 3875 4862 3928 quae
4882 3855 5034 3925 justi-

3454 3979 3522 4030 tia
3553 3975 3660 4029 hoc
3688 3971 3943 4028 ostendit,
3969 3973 4029 4020 ut
4057 3964 4199 4020 sicut
4222 3963 4275 4015 in
4309 3973 4416 4013 uno
4436 3955 4655 4011 homine
4682 3953 4879 4013 anima,
4906 3963 5038 4001 ven-

3456 4079 3557 4134 ter,
3586 4065 3829 4121 memlira
3858 4057 4139 4130 atqualiter
4166 4052 4495 4109 conveniunt
4519 4066 4533 4115 ;
4584 4047 4663 4101 sic
4687 4053 4747 4100 et
4790 4056 4897 4097 una
4946 4056 5038 4093 ne-

3454 4160 3679 4217 cessitas
3713 4157 3762 4208 in
3796 4153 3875 4207 liis
3908 4151 4079 4203 tribus
4129 4144 4485 4200 communiter
4528 4136 4691 4194 debet
4743 4133 4953 4196 sentiri,
4986 4139 5040 4185 ut

3457 4249 3598 4323 quod
3629 4250 3681 4303 in
3705 4250 3935 4300 sanitate
3967 4252 4076 4296 tres
4106 4241 4219 4293 ista:
4246 4251 4334 4292 res
4376 4229 4692 4302 supradicta:
4743 4224 5043 4280 communi-

3459 4353 3543 4398 ter
3572 4346 3811 4412 possunt,
3868 4337 3922 4390 in
3971 4331 4292 4387 necessitate
4337 4341 4469 4381 vero
4512 4327 4834 4394 agnoscatur
4889 4316 5044 4372 simul

3463 4451 3572 4490 non
3601 4446 3781 4503 posse.
3812 4428 3944 4483 Nam
3971 4432 4138 4496 quare
4173 4422 4265 4476 uni
4294 4422 4371 4476 rei
4406 4433 4515 4472 non
4561 4428 4722 4486 posse
4770 4411 5046 4481 permittat

3464 4532 3786 4587 necessitas,
3822 4529 3877 4575 et
3926 4519 4043 4573 alim
4097 4529 4256 4586 posse
4304 4510 4613 4582 permittat;
4667 4518 4791 4559 cum
4841 4502 4895 4555 in
4945 4516 5045 4553 uno

3464 4617 3698 4674 hominis
3728 4627 3958 4683 corpore
3988 4610 4186 4673 anima,
4214 4614 4423 4667 venter,
4454 4608 4508 4656 et
4533 4596 4777 4652 membra
4831 4608 5047 4663 separa-

3390 4692 3438 4753 ί)
3468 4712 3557 4765 ιίιιι
3586 4712 3756 4779 ipsam
3786 4706 4163 4760 ueres~itatem
4194 4698 4392 4754 sentire
4422 4703 4475 4748 et
4503 4692 4726 4747 sufferre
4774 4705 4881 4743 non
4930 4700 5047 4756 pos-

3470 4811 3596 4858 sunt
3623 4819 3636 4855 :
3664 4801 3787 4871 quia
3820 4798 3992 4853 adhuc
4024 4795 4199 4849 anima
4222 4793 4273 4845 in
4298 4788 4451 4845 nobis
4477 4799 4667 4840 omnes
4694 4780 4859 4837 sentit
4901 4780 5048 4833 dolu-

3469 4912 3589 4960 res;
3621 4908 3724 4962 qua
3749 4889 4096 4955 abscedente,
4123 4885 4266 4956 quod
4296 4895 4515 4954 passum
4562 4877 4722 4932 fuerit
4779 4884 5047 4930 mortuum

3471 5006 3669 5062 corpus
3692 4990 3863 5044 uesc3t
3891 4985 4113 5039 sentire.
4146 4980 4191 5037 0
4217 4979 4489 5048 injustita:
4519 4971 4699 5028 nefas!
4735 4978 4900 5038 caput
4949 4979 5046 5020 tor-

3472 5097 3671 5158 quetur
3700 5083 3978 5138 doloribus
4027 5086 4250 5148 propter
4296 5071 4558 5131 laborem,
4604 5076 4658 5122 et
4709 5073 4902 5120 venter
4949 5075 5047 5114 non

3477 5187 3759 5249 torquetur
3790 5182 4009 5244 propter
4037 5169 4377 5225 dilectionem
4410 5162 4549 5219 cibi;
4579 5159 4729 5229 quasi
4782 5159 4834 5209 ιη
4885 5154 5046 5209 alieno

3476 5292 3704 5349 corpore
3736 5276 3846 5343 ipse
3870 5279 4053 5325 venter
4076 5266 4145 5320 sit
4172 5264 4398 5334 positus.

4063 5398 4288 5457 CAPUT
4325 5396 4484 5451 LXX.

3932 5512 4313 5557 ιιιτιῑιιιιοιιλτιο
4340 5502 4613 5548 DlSCli'l’LI.

3740 5618 3815 5672 De
3855 5616 4106 5669 charitate
4136 5613 4353 5682 fratrum
4397 5606 4534 5656 circa
4573 5607 4814 5668 (egrotos.

3741 5745 4043 5788 IIFSI‘ONDET
4087 5737 4309 5779 It0\ll'.\'US
4361 5734 4457 5772 PF.“
4498 5728 4820 5769 MAGISTRII“.

3564 5854 3780 5908 Fratres
3804 5847 3889 5919 qui
3921 5861 3978 5900 se
4000 5840 4271 5897 voluerint
4296 5845 4448 5891 osten
4470 5833 4604 5898 iere,
4621 5844 4781 5898 quam
4811 5824 4950 5897 pleni
4972 5820 5058 5874 sint

3499 5948 3783 6005 charitnte,
3818 5956 3939 5996 cum
3970 5933 4266 5990 certamine
4316 5935 4550 5990 :egrotos
4603 5922 4800 5975 fratres
4842 5917 5057 5969 visiteat.
