5174 6540
648 387 790 445 1025

2072 406 2077 411 η
2115 384 2252 443 RBG
2263 383 2419 443 ULA.

3798 383 3939 441 1026

657 513 1000 562 consctantur
1045 513 1103 557 et
1151 501 1419 567 serviant;
1472 510 1537 555 .ut
1589 501 1855 556 charitatc
1904 504 2141 556 fraterna
2187 504 2242 557 in
2270 509 2323 567 Α
2349 514 2493 557 mam
2521 501 2827 557 orationem
2878 508 2974 557 aut
3022 499 3291 571 psalmum
3346 497 3666 571 perdiderit,
3708 500 3941 569 ejectum

657 595 975 651 necessitate
1005 592 1307 665 probetur,
1365 601 1420 647 et
1469 592 1679 648 Domini
1716 593 1828 662 jam
1862 608 2047 648 vocem
2098 593 2251 650 factis

655 688 1001 759 adimpleant,
1032 688 1262 745 dicentis
1296 706 1308 742 :
1354 685 1605 757 Inﬁrmus
1655 688 1750 759 fui,
1782 696 1830 741 et
1872 688 2119 743 visitastis
2169 702 2248 741 me

657 780 868 851 (unum
901 782 1057 853 “‘0'
1204 850 1447 909 CAPUT
1483 849 1671 906 LXXI.

1095 962 1489 1003 INTERROGATIO
1529 960 1804 1000 DISCIPI’LI.

657 1062 714 1117 Si
739 1062 963 1117 debeant
995 1063 1184 1132 fratres
1212 1062 1472 1129 spiritales
1504 1062 1571 1113 ad
1600 1078 1654 1114 se
1680 1061 1894 1114 invicem
1923 1068 2246 1114 occurrentes

754 1136 897 1203 prius
938 1150 1114 1201 orare,
1140 1143 1227 1186 aut
1256 1134 1353 1187 sibi
1391 1149 1571 1201 pacem
1600 1133 1746 1197 dare,
1772 1141 1861 1184 aut
1887 1133 2134 1185 salutare.

903 1264 1206 1303 RESPONDET
1246 1262 1473 1302 υουικυδ
1524 1263 1622 1300 PER
1674 1262 1971 1302 IACISTRUM

720 1359 855 1417 Cum
889 1376 1022 1417 vero
1054 1360 1361 1417 introierint
1392 1360 1586 1416 fratres
1617 1359 2025 1426 monaSterium,
2058 1366 2148 1411 aut
2193 1357 2247 1411 in

657 1457 735 1508 \ia
784 1456 1043 1510 iratribus
1096 1453 1425 1524 spiritalibus
1473 1454 1830 1519 occurrerint,
1855 1460 2140 1522 postquam
2188 1465 2247 1506 se

653 1561 745 1617 per
772 1546 1210 1603 benedictionem
1258 1546 1636 1614 salutaverint,
1664 1546 1810 1614 prius
1863 1554 2021 1600 orent
2068 1556 2120 1600 et
2170 1546 2247 1600 sic

652 1639 748 1693 sibi
774 1653 965 1708 pacem
995 1638 1159 1705 dent;
1191 1638 1344 1694 sicuti
1376 1638 1529 1693 Pauli
1560 1645 1615 1692 et
1643 1637 1864 1693 Antonii
1896 1640 2245 1694 eremitarum

652 1748 939 1789 occursum
970 1733 1238 1802 legimus:
1286 1732 1377 1802 qui
1426 1747 1547 1787 cum
1606 1747 1663 1787 se
1711 1748 1833 1787 mox
1884 1732 2164 1799 vidissent,
2194 1741 2247 1787 et

654 1823 751 1877 sibi
782 1825 1016 1879 invicem
1047 1825 1432 1891 occurrissent,
1465 1833 1751 1896 postquam
1779 1840 1838 1880 se
1876 1827 2108 1897 propriis
2159 1842 2245 1882 sa-

2352 611 2477 652 cum
2508 596 2575 651 ab
2604 595 2845 653 oratorio
2890 610 3013 650 cum
3058 604 3269 651 terrore
3319 593 3372 647 in
3421 595 3598 665 capite
3640 592 3774 650 foris
3817 608 3943 650 eum

2351 686 2494 757 apud
2522 686 2870 757 semetipsum
2895 684 2963 741 de
2990 684 3367 742 emendatione
3395 683 3563 741 abbas
3601 693 3840 742 moneat.
3883 681 3945 744 Si

2351 776 2646 834 secundam
2691 778 2996 834 orationem
3033 776 3121 832 vel
3148 777 3415 847 psalmum
3446 775 3757 847 perdiderit,
3786 775 3861 833 ibi
3886 776 3943 835 in

2350 871 2611 936 oratorio,
2640 880 2906 941 praesente
2935 870 3380 942 congregatione,
3412 880 3537 943 post
3561 870 3826 943 psalmum
3848 887 3944 929 ex-

2350 962 2551 1032 pletum
2574 964 2900 1034 corripiatur
2925 965 3137 1021 acerbe.
3168 961 3227 1021 Si
3258 978 3387 1021 vero
3423 973 3542 1034 post
3571 966 3787 1023 tertiam
3817 980 3945 1023 ora-

2350 1056 2555 1122 tionem
2582 1057 2666 1111 vel
2692 1057 2957 1126 psalmum
2989 1058 3292 1126 intraverit,
3322 1073 3453 1114 mox
3486 1075 3586 1114 una
3625 1074 3750 1116 cum
3804 1075 3946 1131 prai-

2349 1148 2539 1219 positis
2567 1150 2679 1205 suis
2706 1149 2836 1206 foris
2864 1150 2931 1205 de
2960 1152 3201 1206 oratorio
3242 1153 3748 1225 excommunieatus
3769 1152 3945 1224 jacte-

2348 1248 2436 1297 tur
2461 1261 2471 1295 :
2502 1250 2558 1298 et
2584 1258 2690 1298 non
2722 1243 2872 1313 prius
2898 1243 2966 1298 ad
2997 1244 3210 1299 veniam
3250 1255 3578 1313 revertatur,
3608 1247 3713 1304 nisi
3759 1249 3944 1306 humi-

2347 1334 2512 1391 litatis
2550 1336 2847 1395 satisfactio
2866 1338 2933 1393 ab
2956 1353 3024 1393 eo
3050 1338 3329 1409 aequaliter
3358 1350 3484 1396 ante
3527 1339 3692 1396 limen
3722 1340 3947 1399 oratorii

2350 1426 2510 1482 fuerit
2530 1436 2758 1498 operata
2790 1447 2803 1483 :
2838 1430 2931 1485 sed
2961 1431 3082 1496 hoc,
3113 1434 3171 1486 ut
3199 1432 3466 1503 superiori
3490 1434 3645 1491 titulo
3671 1434 3906 1492 diximus
3928 1476 3943 1501 ,

2349 1518 2417 1573 de
2444 1520 2587 1574 intra
2617 1521 3011 1593 quinquaginta
3040 1539 3233 1593 passus
3258 1525 3669 1593 longitudinem.
3695 1527 3753 1583 In
3770 1529 3945 1599 prima

2349 1626 2497 1677 vero,
2530 1612 2707 1674 tertia,
2734 1622 2885 1669 sexta
2916 1624 2971 1668 et
3027 1632 3189 1681 noua,
3222 1618 3313 1687 qui
3342 1629 3465 1689 post
3501 1620 3713 1690 signum
3754 1621 3946 1676 indicis

2348 1702 2593 1772 percussi
2622 1704 2687 1757 ad
2720 1705 2946 1774 primum
2987 1708 3308 1775 orationem,
3344 1718 3397 1765 el
3427 1712 3659 1781 primum
3682 1712 3945 1783 psalmum

2348 1810 2458 1850 non
2514 1799 2827 1865 accurrerit,
2887 1800 2942 1855 in
2993 1803 3234 1857 oratorio
3290 1806 3643 1873 praesentibus
3699 1806 3948 1862 omnibus

654 1916 895 1973 lutavere
922 1916 1251 1983 nominibus,
1287 1934 1413 1971 mox
1440 1917 1688 1972 oratione
1717 1915 1860 1971 facta
1892 1918 2243 1987 complentes,
2280 1888 2324 1948 Β
2351 1888 2545 1987 ‘cf’rbe
2564 1905 2697 1987 cmi“

1900 1888 2243 1987 mhplemes’
2280 1888 2324 1948 B
2351 1888 2545 1943 acerbe
2564 1889 2889 1961 corripiatur
2923 1908 2935 1944 :
2970 1902 3094 1962 post
3122 1894 3415 1950 secundum
3445 1912 3571 1953 vero
3619 1898 3943 1967 orationem,

655 2011 999 2079 postmodum
1039 2025 1098 2065 se
1126 2011 1325 2066 mutuis
1355 2010 1688 2065 miscuerunt
1735 2010 2069 2080 amplexibus
2119 2012 2247 2067 cha-

654 2103 850 2171 ritatis,
879 2102 979 2159 sibi
1006 2118 1194 2173 pacem
1225 2101 1534 2158 reddentes.
1566 2102 1694 2156 inde
1723 2117 1852 2171 ergo
1884 2104 2034 2171 prius
2068 2118 2242 2171 orare,

652 2208 810 2262 quam
858 2210 1048 2264 pacem
1097 2194 1199 2249 sibi
1225 2194 1425 2249 debent
1456 2194 1669 2249 tradere
1698 2203 2046 2249 occurrentes
2082 2213 2092 2247 :
2122 2196 2246 2266 quia

651 2285 693 2339 si
722 2300 833 2340 non
860 2285 1014 2360 prius
1053 2294 1266 2341 oratum
1312 2286 1492 2351 fuerit,
1517 2287 1658 2342 unde
1704 2287 1807 2341 scit
1862 2287 2041 2354 frater,
2077 2303 2143 2344 ne
2192 2289 2247 2343 in

655 2376 820 2445 ligura
847 2376 1080 2432 humana
1110 2378 1427 2433 tentationis
1472 2377 1751 2434 diabolicae
1800 2395 2056 2436 occursus
2085 2381 2246 2436 adve-

652 2472 779 2537 niat,
817 2488 917 2542 pro
966 2473 1256 2528 manifesto
1304 2473 1547 2543 corporis
1596 2471 1708 2528 visu
1752 2472 2018 2529 diabolica
2068 2473 2246 2529 subito

652 2560 937 2631 phantasia
962 2570 1286 2629 evanescat,
1318 2573 1373 2618 et
1402 2573 1588 2619 nostro
1610 2578 1707 2618 nos
1736 2563 2068 2633 decipiamus
2094 2578 2249 2633 aspe-

651 2663 757 2719 ctu,
790 2655 841 2711 si
866 2654 1119 2712 humanis
1148 2654 1319 2711 oculis
1370 2655 1662 2723 credimus,
1683 2655 1830 2723 quod
1884 2655 2077 2711 divinis
2127 2670 2247 2709 ora-

649 2746 887 2803 tionibus
913 2762 1020 2801 non
1064 2747 1387 2816 probamus?
1419 2754 1472 2802 et
1504 2746 1629 2803 ideo
1678 2747 1825 2815 prius
1874 2761 2055 2814 orare,
2085 2762 2244 2817 quam

649 2852 838 2907 pacem
908 2840 1010 2895 sibi
1059 2838 1257 2896 debent
1312 2839 1525 2895 tradere
1580 2847 1961 2905 occurrentes;
2014 2850 2068 2895 et
2118 2841 2244 2908 quia

649 2930 869 3006 dignum
903 2942 1010 3001 est,
1038 2942 1095 2989 ut
1116 2951 1215 3006 pro
1248 2935 1518 2990 communi
1548 2934 1983 3004 praesentationis
2014 2932 2243 2988 adventu

648 3024 825 3099 primo
854 3042 954 3097 per
982 3031 1287 3084 orationem
1313 3030 1499 3098 gratim
1524 3027 1751 3084 Domino
1779 3027 2082 3083 referantur
2106 3044 2121 3094 ;
2154 3026 2244 3096 qui

649 3115 900 3187 dignatus
929 3128 1014 3177 est
1040 3120 1262 3178 alternis
1288 3121 1608 3177 desideratis
1648 3122 1954 3193 aspectibus
1987 3132 2244 3193 utrosque

649 3208 995 3270 innotescere
1021 3216 1123 3270 sibi
1148 3224 1242 3271 aut
1270 3216 1649 3286 repraesentari
1688 3235 1698 3269 :
1732 3216 1930 3273 deinde
1985 3227 2109 3287 post
2141 3218 2242 3275 Do-
2270 3251 2318 3317 ρ

648 3303 777 3359 mini
802 3305 1133 3377 completam
1165 3308 1465 3364 orationem
1496 3308 1691 3364 merito
1713 3309 1825 3377 jam
1857 3309 2063 3366 homini
2092 3313 2243 3381 pacis

646 3397 872 3464 gratiam
900 3397 1049 3453 reddi
1075 3397 1293 3454 debere.

1201 3489 1429 3547 CAPUT
1469 3492 1678 3559 LXXII,

1076 3597 1475 3639 INTERROGATIO
1536 3601 1807 3640 DISCIPULI.

644 3665 722 3721 De
760 3672 1042 3740 refectione
1084 3682 1292 3741 propter
1347 3674 1664 3755 firmitatem
1722 3677 1943 3746 fratrum
2001 3693 2241 3747 superve-

1305 3756 1551 3797 nmmum
1563 3787 1573 3797 .

908 3848 1212 3887 ltESPONDET
1244 3850 1468 3891 DOIIINUS
1500 3853 1597 3891 PER
1628 3854 1950 3893 IACISTRUII.

711 3948 847 4005 Cum
882 3948 1075 4005 fratres
1099 3953 1431 4008 monasterio
1462 3954 1705 4010 extranei
1737 3955 2163 4025 supervenerint,
2197 3957 2240 4013 si

642 4050 857 4110 quarta,
893 4049 1051 4098 sexta
1083 4041 1239 4109 feria,
1271 4052 1329 4100 et
1374 4046 1659 4101 sabbatum
1707 4047 1891 4117 fuerit,
1921 4064 2056 4104 voce
2108 4068 2238 4119 pra:-

641 4134 812 4188 sentis
839 4132 1074 4200 abbatis,
1116 4143 1210 4189 aut
1264 4135 1489 4204 cellarii,
1522 4137 1566 4193 si
1615 4138 1811 4195 absens
1860 4140 2023 4195 fuerit
2051 4142 2235 4210 abbas,

640 4232 903 4293 rogentur
926 4225 996 4279 ad
1024 4225 1379 4283 refectionem
1409 4230 1671 4285 remorari
1696 4230 1763 4284 ad
1797 4245 2017 4288 nonam.
2061 4230 2115 4287 Si
2146 4249 2239 4288 au-

642 4323 747 4369 tem
771 4330 950 4386 usque
980 4317 1048 4374 ad
1072 4318 1285 4373 tertiam
1313 4320 1757 4388 admonitionem,
1788 4339 1895 4379 non
1951 4338 2123 4395 usque
2170 4326 2237 4382 ad

639 4422 840 4463 nonam
873 4411 1247 4466 consenserint
1273 4413 1553 4481 remorari,
1578 4414 1673 4470 sed
1700 4428 1799 4485 pro
1847 4425 1999 4473 certo
2052 4418 2238 4474 ambu-

638 4497 751 4556 lare
771 4516 834 4558 se
860 4503 1116 4570 urserint,
1136 4514 1356 4576 propter
1382 4506 1699 4564 cbaritatem
1730 4510 1997 4567 adventus
2024 4528 2236 4582 eorum,

640 4591 813 4649 fracto
833 4593 1046 4663 jejunio
1067 4638 1081 4662 ,
1114 4610 1304 4653 omnes
1328 4597 1524 4654 fratres
1549 4602 1864 4657 monasterii
1887 4618 2007 4658 cum
2045 4604 2123 4658 eis
2171 4603 2237 4659 ad
2268 4639 2317 4699 ο

638 4689 846 4736 sextam
875 4684 1299 4741 communicent.
1332 4684 1388 4742 Si
1419 4696 1598 4743 autem
1621 4699 1745 4745 ante
1769 4700 1976 4747 sextam
2001 4709 2058 4749 se
2086 4709 2235 4749 urse-

638 4772 745 4827 rint
766 4774 1071 4842 ambulare,
1104 4778 1303 4847 quaevis
1349 4780 1483 4836 hora
1532 4781 1697 4837 fuerit
1747 4782 2108 4842 festinationis
2157 4788 2236 4841 in-

638 4872 817 4931 venta,
839 4865 956 4934 jam
986 4866 1105 4921 sine
1127 4869 1435 4925 domesticis
1456 4870 1707 4927 fratribus
1724 4873 1824 4944 ipsi
1845 4876 1946 4931 soli
1970 4877 2232 4947 reficiant,

637 4963 692 5009 et
713 4954 891 5024 jejuni
924 4956 993 5013 de
1019 4963 1350 5017 monasterio
1374 4978 1481 5017 non
1514 4965 1898 5033 permittantur
1939 4969 2234 5028 abscedere

638 5058 863 5119 propter
888 5051 1053 5118 viam,
1085 5054 1210 5121 quia
1261 5056 1312 5109 in
1367 5056 1520 5125 panis
1572 5058 1837 5117 fractioue
1882 5062 2095 5133 cognita
2150 5074 2233 5122 est

637 5142 875 5199 charitas
904 5141 1104 5199 Christi
1130 5188 1145 5213 ,
1178 5146 1319 5202 sicut
1342 5156 1394 5202 et
1419 5149 1471 5203 in
1501 5149 1723 5206 Actibus
1750 5154 2116 5223 apostolorum
2156 5156 2232 5214 le-

638 5232 799 5302 gitur,
839 5235 1016 5291 fracta
1043 5234 1380 5294 Eucharistia
1410 5250 1464 5295 et
1511 5252 1722 5313 sumpta
1773 5259 1803 5299 a
1846 5260 1922 5311 se,
1955 5249 2233 5317 apostolos

655 5321 949 5382 llscessisse
978 5326 1249 5384 Andream
1281 5338 1336 5385 et
1362 5332 1646 5390 Joannem.

1188 5441 1417 5501 CAPUT
1456 5446 1685 5504 LXXIII.

1083 5552 1471 5594 INTERROGATIO
1515 5557 1785 5597 IllSCIPUlJ.

761 5646 838 5703 De
864 5648 1115 5720 fratribus
1138 5652 1226 5721 qui
1254 5653 1324 5707 ad
1344 5670 1470 5722 opus
1502 5653 1601 5708 Dei
1627 5657 1773 5711 tarde
1803 5669 2099 5714 occurrunt.

900 5780 1210 5822 RESPONDET
1251 5783 1477 5824 DOIINUS
1518 5787 1614 5825 I‘ER
1655 5788 1976 5828 IACIST-BUI.

704 5870 894 5930 Frater
921 5876 1011 5944 qui
1042 5880 1343 5945 nocturnis,
1378 5882 1656 5938 matutinis
1683 5890 1737 5938 ct
1767 5884 2079 5942 lucernariis
2117 5902 2222 5956 prt«

2352 1978 2438 2034 vel
2467 1982 2765 2037 secundum
2797 1982 3062 2052 psalmum
3110 1987 3200 2055 qni
3250 1990 3570 2057 occurrerit,
3597 1993 3711 2060 jam
3741 1992 3821 2047 sic
3848 2008 3943 2048 ex-

2349 2078 2783 2132 communicatus
2812 2093 2935 2133 cum
2964 2079 3077 2135 suis
3097 2091 3254 2135 exeat
3296 2084 3595 2153 praepositis
3638 2085 3807 2142 foras.
3863 2087 3944 2141 Ad

2351 2181 2550 2222 mensaz
2580 2183 2709 2224 vero
2740 2170 3128 2242 Antiphonam,
3155 2174 3243 2229 vel
3302 2189 3512 2231 versum
3570 2177 3805 2247 priorem
3853 2179 3943 2249 qui

2349 2275 2460 2315 non
2489 2260 2782 2332 adfuerint,
2810 2273 3041 2333 semote,
3062 2274 3120 2320 et
3145 2283 3252 2322 non
3282 2268 3645 2338 signatum,et
3667 2272 3785 2328 sine
3817 2273 3942 2328 data

2350 2362 2406 2408 et
2462 2363 2684 2425 accepta
2733 2354 3111 2414 benedictione
3154 2360 3486 2418 manducent
3512 2372 3567 2418 et
3594 2364 3799 2432 bibant,
3827 2367 3944 2423 sine

2349 2447 2577 2517 alicujus
2606 2449 2840 2505 hominis
2870 2450 3111 2519 eloquio,
3138 2468 3309 2523 usque
3338 2455 3467 2511 dum
3524 2472 3584 2513 se
3640 2458 3839 2515 levent.
3874 2459 3943 2515 Et

2349 2538 2542 2593 merito
2565 2538 2683 2594 sine
2710 2539 2939 2609 alicujus
2971 2541 3191 2612 eloquio
3219 2543 3457 2602 hominis
3485 2546 3648 2604 debet
3692 2551 3939 2616 reticere,

2346 2628 2436 2696 qui
2465 2638 2592 2684 ante
2623 2629 2971 2685 refectionem
3004 2647 3126 2687 cum
3146 2634 3259 2692 Deo
3287 2653 3394 2693 non
3423 2648 3507 2695 est
3547 2639 3779 2698 locutus.
3839 2642 3941 2709 Qui

2347 2722 2633 2790 posteriori
2666 2737 2794 2778 vero
2824 2740 3022 2780 mensae
3052 2742 3159 2784 non
3190 2730 3422 2786 adfuerit
3463 2733 3575 2790 Deo
3639 2745 3760 2806 post
3803 2742 3943 2793 refe-

2347 2812 2582 2867 ctionem
2614 2813 2813 2881 gratias
2866 2816 3178 2886 redhibere,
3241 2822 3293 2875 in
3348 2826 3595 2893 sequenti
3646 2827 3943 2885 refectione

2346 2901 2507 2957 talem
2532 2917 2745 2973 pmnam
2773 2903 2828 2960 in
2850 2920 3189 2978 sequestrato
3215 2911 3490 2983 suscipiat,
3507 2917 3719 2985 qualem
3739 2918 3827 2974 ille
3848 2922 3939 2988 qui

2344 3006 2469 3053 ante
2499 2998 2850 3055 refectionem
2879 3018 2986 3057 non
3016 3012 3099 3060 est
3129 3005 3342 3062 locutus
3370 3023 3491 3064 cum
3527 3009 3659 3067 Deo.
3692 3011 3785 3067 Hae
3810 3028 3940 3071 vero

2345 3089 2713 3158 correptiones
2772 3091 2855 3145 vel
2905 3097 3492 3155 excommunicationes
3540 3102 3804 3158 duntaxat
3854 3104 3939 3160 his

2346 3184 2653 3239 constitutae
2690 3194 2835 3251 sunt,
2873 3188 2965 3255 qui
2988 3197 3112 3243 sunt
3138 3191 3431 3249 voluntatis
3459 3195 3783 3267 negligentia
3832 3207 3941 3254 tar-

2348 3274 2419 3341 di,
2447 3284 2501 3329 et
2520 3274 2679 3330 nullis
2706 3278 2940 3334 necessit
2959 3280 3120 3335 ilibus
3169 3293 3499 3354 occupantur
3529 3302 3544 3340 :
3575 3288 3667 3357 qui
3724 3290 3939 3348 etiamsi

2349 3366 2566 3435 propria
2589 3381 2725 3423 voce
2752 3368 2817 3422 ad
2868 3372 3165 3427 oratorium
3211 3373 3409 3431 debere
3456 3392 3517 3432 se
3565 3388 3624 3433 ut
3689 3381 3941 3439 absentes

2349 3455 2681 3524 proclament
2708 3458 2762 3510 in
2792 3460 3128 3518 orationibus
3178 3467 3499 3534 memorari,
3523 3474 3942 3537 praetermitten-

2349 3545 2779 3617 turafratribus,
2811 3558 2866 3603 et
2890 3550 3068 3605 sciant
3114 3569 3171 3609 se
3221 3561 3754 3630 excommunicatos;
3802 3580 3941 3636 quos

2344 3654 2453 3694 non
2516 3639 2723 3696 utilitas
2761 3644 3118 3713 monasterii,
3171 3647 3265 3702 sed
3325 3650 3649 3722 negligentia
3705 3670 3940 3727 occupa-

2343 3730 2440 3785 vit.
2496 3730 2632 3787 Nam
2692 3750 2791 3805 pro
2844 3736 3079 3792 utilitate
3130 3743 3449 3797 monasterii
3492 3747 3739 3816 occupati
3779 3748 3941 3819 digne

2343 3823 2597 3880 absentes
2652 3842 2682 3880 a
2739 3830 3093 3897 pra:sentibus
3152 3831 3205 3885 in
3236 3835 3478 3890 oratorio
3506 3848 3883 3896 memorantur
3921 3859 3935 3895 :

2341 3914 2422 3970 sic
2477 3925 2653 3973 tamen
2709 3923 2957 3991 occupati
3013 3923 3066 3978 in
3129 3927 3319 3980 eodem
3382 3928 3501 3985 loco
3553 3931 3797 3988 dicentes
3836 3933 3937 3989 sibi

2342 4022 2479 4076 opus
2542 4008 2635 4065 Dei
2694 4022 2751 4066 et
2796 4012 2918 4083 ipsi.
2979 4013 3113 4069 Nam
3170 4015 3339 4073 frater
3384 4021 3478 4089 qui
3540 4032 3829 4094 correptus
3883 4026 3938 4081 in

2343 4100 2582 4156 oratorio
2648 4103 2847 4171 fuerit,
2888 4108 2991 4162 etsi
3047 4124 3153 4163 non
3222 4113 3464 4169 oratorio
3522 4114 3782 4184 jubeatur
3836 4134 3933 4176 ex-

2341 4191 2440 4261 ire,
2472 4201 2653 4251 tamen
2694 4198 2957 4268 psalmum
3016 4210 3072 4259 et
3123 4208 3549 4277 responsorium,
3600 4221 3693 4267 aut
3748 4213 3937 4271 lectio-

2343 4300 2486 4353 nem,
2519 4298 2611 4342 aut
2632 4303 2844 4344 versum
2876 4292 3067 4348 tandiu
3095 4310 3199 4349 non
3249 4295 3511 4369 imponat,
3534 4304 3831 4372 usquedum
3880 4307 3931 4361 in

2341 4378 2458 4449 ipso
2491 4382 2727 4438 oratorio
2756 4398 2854 4452 pro
2887 4385 3045 4455 culpa
3076 4388 3419 4455 satisfecerit,
3449 4393 3514 4448 ad
3544 4409 3720 4464 genua
3751 4398 3934 4455 incur-

2339 4480 2515 4541 vatus,
2535 4483 2590 4530 et
2617 4474 2670 4529 in
2702 4492 2836 4533 voce
2866 4478 3053 4536 humili
3080 4483 3299 4551 petierit
3327 4500 3427 4556 pro
3457 4503 3516 4542 se
3547 4491 3933 4552 orare.Frater

2342 4564 2432 4635 qui
2459 4581 2555 4635 pro
2607 4569 2841 4625 utilitate
2892 4575 3203 4630 monasterii
3256 4588 3586 4651 occupatur,
3640 4584 3835 4642 absens
3880 4589 3932 4643 in

2344 4659 2584 4714 oratorio
2601 4659 2868 4717 habeatur
2894 4664 2945 4717 in
2974 4675 3157 4722 mente
3203 4685 3215 4721 :
3269 4670 3362 4739 qui
3411 4686 3509 4741 per
3555 4675 3932 4744 negligentiam

2340 4758 2433 4805 aut
2461 4753 2766 4809 tarditatem
2797 4766 3153 4825 occupantur,
3182 4761 3345 4817 tacite
3402 4769 3883 4833 praetermittantur
3916 4791 3928 4825 :

2339 4842 2463 4911 quia
2490 4845 2671 4914 potius
2697 4857 2980 4915 peccatum
3033 4850 3317 4921 acquirent
3368 4854 3615 4914 nolentes
3666 4860 3829 4917 Deum
3877 4863 3931 4918 in

2337 4934 2669 4991 orationibus
2700 4952 3018 4995 memorare.

2869 5052 3100 5109 CAPUT
3163 5055 3371 5113 LXXIV

2784 5181 3170 5224 INTEIIROGATIO
3203 5186 3468 5229 DISCIPULI.

2487 5277 2782 5347 Reframari
2808 5279 2990 5335 debere
3016 5281 3231 5336 liberum
3274 5286 3454 5355 fratris
3491 5290 3782 5350 arbitrium.

2582 5404 2886 5447 RESPONDBI'
2936 5409 3162 5449 υοκιΝυε
3213 5410 3314 5450 PER
3365 5414 3689 5459 [\GISTBUI.

2411 5508 2701 5579 Fraterqui
2730 5520 2911 5568 votum
2943 5512 3131 5571 fecerit
3158 5532 3316 5589 supra
3338 5522 3553 5577 modum
3576 5527 3929 5586 constitutum

2339 5611 2432 5660 aut
2452 5602 2720 5674 jejunare,
2744 5614 2838 5660 aut
2865 5621 3255 5679 superponere,
3284 5622 3377 5666 aut
3405 5616 3711 5685 abstinere,
3742 5629 3796 5675 et
3815 5622 3931 5679 sine

2333 5699 2483 5767 jussu
2513 5699 2721 5754 abbatis
2752 5699 2982 5755 voluerit
3029 5702 3207 5772 aliqua
3256 5718 3437 5776 agere,
3469 5724 3579 5764 διω
3637 5711 3928 5773 voluntatis

2336 5791 2559 5846 arbitrio
2605 5792 2772 5860 magis
2826 5808 2929 5847 non
2990 5796 3335 5863 permittatur
3384 5818 3398 5853 :
3446 5802 3571 5871 quia
3622 5804 3785 5860 etiam
3832 5823 3929 5876 per

2332 5883 2535 5941 bonum
2591 5884 2638 5938 ei
2693 5884 2921 5955 subripit
2960 5885 3228 5956 diabolus,
3261 5895 3607 5965 utpropriam
3632 5909 3785 5966 cogat
3813 5896 3927 5973 fras
