  <div class='ocr_page' id='page_1' title='image "/cluster/home/n/w/nwhite01/storage/ocr_20150623/88-89/uc1.31175000868714/518.png"; bbox 0 0 5174 6542; ppageno 0'>
   <div class='ocr_carea' id='block_1_1' title="bbox 680 439 821 497">
    <p class='ocr_par' dir='ltr' id='par_1_1' title="bbox 680 439 821 497">
     <span class='ocr_line' id='line_1_1' title="bbox 680 439 821 497; baseline 0.028 -3"><span class='ocrx_word' id='word_1_1' title='bbox 680 439 821 497; x_wconf 62' lang='grc' dir='ltr'><strong>ιω</strong></span> 
     </span>
    </p>
   </div>
   <div class='ocr_carea' id='block_1_2' title="bbox 681 639 2279 718">
    <p class='ocr_par' dir='ltr' id='par_1_2' title="bbox 681 639 2279 718">
     <span class='ocr_line' id='line_1_2' title="bbox 681 639 2279 718; baseline -0.008 -9"><span class='ocrx_word' id='word_1_2' title='bbox 681 652 874 709; x_wconf 82' lang='lat' dir='ltr'><strong>eadem</strong></span> <span class='ocrx_word' id='word_1_3' title='bbox 903 642 1109 705; x_wconf 85' lang='lat' dir='ltr'><strong>decada</strong></span> <span class='ocrx_word' id='word_1_4' title='bbox 1139 646 1251 705; x_wconf 87' lang='lat' dir='ltr'><strong>suis</strong></span> <span class='ocrx_word' id='word_1_5' title='bbox 1279 639 1490 703; x_wconf 86' lang='lat' dir='ltr'><strong>vicibus</strong></span> <span class='ocrx_word' id='word_1_6' title='bbox 1517 643 1795 718; x_wconf 76' lang='lat' dir='ltr'><strong>explicent</strong></span> <span class='ocrx_word' id='word_1_7' title='bbox 1814 644 2144 715; x_wconf 88' lang='lat' dir='ltr'><strong>septimanas</strong></span> <span class='ocrx_word' id='word_1_8' title='bbox 2169 660 2182 696; x_wconf 93' lang='lat'>:</span> <span class='ocrx_word' id='word_1_9' title='bbox 2223 649 2279 696; x_wconf 92' lang='lat' dir='ltr'><strong>et</strong></span> 
     </span>
    </p>
   </div>
   <div class='ocr_carea' id='block_1_3' title="bbox 679 731 2279 809">
    <p class='ocr_par' dir='ltr' id='par_1_3' title="bbox 679 731 2279 809">
     <span class='ocr_line' id='line_1_3' title="bbox 679 731 2279 809; baseline -0.008 -7"><span class='ocrx_word' id='word_1_10' title='bbox 679 761 804 802; x_wconf 89' lang='lat' dir='ltr'><strong>cum</strong></span> <span class='ocrx_word' id='word_1_11' title='bbox 835 743 905 801; x_wconf 92' lang='lat' dir='ltr'><strong>de</strong></span> <span class='ocrx_word' id='word_1_12' title='bbox 934 743 1040 797; x_wconf 88' lang='lat' dir='ltr'><strong>alia</strong></span> <span class='ocrx_word' id='word_1_13' title='bbox 1071 739 1273 797; x_wconf 89' lang='lat' dir='ltr'><strong>decada</strong></span> <span class='ocrx_word' id='word_1_14' title='bbox 1306 740 1684 796; x_wconf 88' lang='lat' dir='ltr'><strong>inchoaverint</strong></span> <span class='ocrx_word' id='word_1_15' title='bbox 1712 752 1971 809; x_wconf 84' lang='lat' dir='ltr'><strong>coquere,</strong></span> <span class='ocrx_word' id='word_1_16' title='bbox 2000 742 2056 792; x_wconf 93' lang='lat' dir='ltr'><strong>et</strong></span> <span class='ocrx_word' id='word_1_17' title='bbox 2083 738 2135 791; x_wconf 93' lang='lat' dir='ltr'><strong>in</strong></span> <span class='ocrx_word' id='word_1_18' title='bbox 2165 731 2279 791; x_wconf 89' lang='lat' dir='ltr'><strong>die-</strong></span> 
     </span>
    </p>
   </div>
   <div class='ocr_carea' id='block_1_4' title="bbox 676 830 2277 908">
    <p class='ocr_par' dir='ltr' id='par_1_4' title="bbox 676 830 2277 908">
     <span class='ocr_line' id='line_1_4' title="bbox 676 830 2277 908; baseline -0.006 -14"><span class='ocrx_word' id='word_1_19' title='bbox 676 836 779 894; x_wconf 90' lang='lat' dir='ltr'><strong>bus</strong></span> <span class='ocrx_word' id='word_1_20' title='bbox 822 836 1250 908; x_wconf 88' lang='lat' dir='ltr'><strong>septimanarum</strong></span> <span class='ocrx_word' id='word_1_21' title='bbox 1300 850 1540 899; x_wconf 88' lang='lat' dir='ltr'><strong>suarum,</strong></span> <span class='ocrx_word' id='word_1_22' title='bbox 1583 830 1630 890; x_wconf 88' lang='lat' dir='ltr'><strong>si</strong></span> <span class='ocrx_word' id='word_1_23' title='bbox 1673 830 2088 903; x_wconf 85' lang='lat' dir='ltr'><strong>supervenerint</strong></span> <span class='ocrx_word' id='word_1_24' title='bbox 2116 844 2277 901; x_wconf 80' lang='lat' dir='ltr'><strong>pere—</strong></span> 
     </span>
    </p>
   </div>
   <div class='ocr_carea' id='block_1_5' title="bbox 677 924 2278 1003">
    <p class='ocr_par' dir='ltr' id='par_1_5' title="bbox 677 924 2278 1003">
     <span class='ocr_line' id='line_1_5' title="bbox 677 924 2278 1003; baseline -0.003 -16"><span class='ocrx_word' id='word_1_25' title='bbox 677 931 859 1003; x_wconf 88' lang='lat' dir='ltr'><strong>grini;</strong></span> <span class='ocrx_word' id='word_1_26' title='bbox 890 930 1078 987; x_wconf 88' lang='lat' dir='ltr'><strong>tandiu</strong></span> <span class='ocrx_word' id='word_1_27' title='bbox 1108 938 1164 986; x_wconf 91' lang='lat' dir='ltr'><strong>et</strong></span> <span class='ocrx_word' id='word_1_28' title='bbox 1212 930 1280 986; x_wconf 91' lang='lat' dir='ltr'><strong>de</strong></span> <span class='ocrx_word' id='word_1_29' title='bbox 1327 929 1519 985; x_wconf 88' lang='lat' dir='ltr'><strong>eadem</strong></span> <span class='ocrx_word' id='word_1_30' title='bbox 1558 928 1763 985; x_wconf 85' lang='lat' dir='ltr'><strong>decada</strong></span> <span class='ocrx_word' id='word_1_31' title='bbox 1808 927 2053 998; x_wconf 85' lang='lat' dir='ltr'><strong>deputati</strong></span> <span class='ocrx_word' id='word_1_32' title='bbox 2094 943 2122 979; x_wconf 92' lang='lat' dir='ltr'><strong>a</strong></span> <span class='ocrx_word' id='word_1_33' title='bbox 2167 924 2278 982; x_wconf 85' lang='lat' dir='ltr'><strong>suis</strong></span> 
     </span>
    </p>
   </div>
   <div class='ocr_carea' id='block_1_6' title="bbox 676 1020 2277 1098">
    <p class='ocr_par' dir='ltr' id='par_1_6' title="bbox 676 1020 2277 1098">
     <span class='ocr_line' id='line_1_6' title="bbox 676 1020 2277 1098; baseline -0.007 -14"><span class='ocrx_word' id='word_1_34' title='bbox 676 1026 987 1098; x_wconf 68' lang='lat' dir='ltr'><strong>praepositis</strong></span> <span class='ocrx_word' id='word_1_35' title='bbox 1017 1024 1217 1081; x_wconf 80' lang='lat' dir='ltr'><strong>fratres</strong></span> <span class='ocrx_word' id='word_1_36' title='bbox 1256 1024 1707 1095; x_wconf 80' lang='lat' dir='ltr'><strong>supervenientes</strong></span> <span class='ocrx_word' id='word_1_37' title='bbox 1748 1038 1816 1077; x_wconf 80' lang='lat' dir='ltr'><strong>ex</strong></span> <span class='ocrx_word' id='word_1_38' title='bbox 1852 1020 2150 1091; x_wconf 89' lang='lat' dir='ltr'><strong>improviso</strong></span> <span class='ocrx_word' id='word_1_39' title='bbox 2182 1034 2277 1074; x_wconf 91' lang='lat' dir='ltr'><strong>cu-</strong></span> 
     </span>
    </p>
   </div>
   <div class='ocr_carea' id='block_1_7' title="bbox 676 1112 2274 1193">
    <p class='ocr_par' dir='ltr' id='par_1_7' title="bbox 676 1112 2274 1193">
     <span class='ocr_line' id='line_1_7' title="bbox 676 1112 2274 1193; baseline -0.007 -13"><span class='ocrx_word' id='word_1_40' title='bbox 676 1122 939 1187; x_wconf 89' lang='lat' dir='ltr'><strong>stodiant,</strong></span> <span class='ocrx_word' id='word_1_41' title='bbox 967 1120 1207 1193; x_wconf 90' lang='lat' dir='ltr'><strong>quandiu</strong></span> <span class='ocrx_word' id='word_1_42' title='bbox 1231 1127 1286 1175; x_wconf 91' lang='lat' dir='ltr'><strong>et</strong></span> <span class='ocrx_word' id='word_1_43' title='bbox 1315 1120 1446 1190; x_wconf 67' lang='lat' dir='ltr'><strong>ipsis</strong></span> <span class='ocrx_word' id='word_1_44' title='bbox 1475 1118 1580 1173; x_wconf 90' lang='lat' dir='ltr'><strong>alia</strong></span> <span class='ocrx_word' id='word_1_45' title='bbox 1610 1116 1811 1173; x_wconf 88' lang='lat' dir='ltr'><strong>decada</strong></span> <span class='ocrx_word' id='word_1_46' title='bbox 1840 1114 2115 1171; x_wconf 83' lang='lat' dir='ltr'><strong>succedat.</strong></span> <span class='ocrx_word' id='word_1_47' title='bbox 2135 1112 2274 1182; x_wconf 84' lang='lat' dir='ltr'><strong>Ergo</strong></span> 
     </span>
    </p>
   </div>
   <div class='ocr_carea' id='block_1_8' title="bbox 674 1202 2277 1282">
    <p class='ocr_par' dir='ltr' id='par_1_8' title="bbox 674 1202 2277 1282">
     <span class='ocr_line' id='line_1_8' title="bbox 674 1202 2277 1282; baseline -0.006 -11"><span class='ocrx_word' id='word_1_48' title='bbox 674 1216 754 1271; x_wconf 89' lang='lat' dir='ltr'><strong>sic</strong></span> <span class='ocrx_word' id='word_1_49' title='bbox 777 1229 969 1270; x_wconf 91' lang='lat' dir='ltr'><strong>omnes</strong></span> <span class='ocrx_word' id='word_1_50' title='bbox 989 1202 1206 1268; x_wconf 68' lang='lat' dir='ltr'><strong>decadae</strong></span> <span class='ocrx_word' id='word_1_51' title='bbox 1229 1208 1553 1282; x_wconf 82' lang='lat' dir='ltr'><strong>explicando</strong></span> <span class='ocrx_word' id='word_1_52' title='bbox 1575 1219 1632 1266; x_wconf 91' lang='lat' dir='ltr'><strong>et</strong></span> <span class='ocrx_word' id='word_1_53' title='bbox 1656 1207 2067 1281; x_wconf 88' lang='lat' dir='ltr'><strong>recapitulando</strong></span> <span class='ocrx_word' id='word_1_54' title='bbox 2086 1221 2277 1264; x_wconf 90' lang='lat' dir='ltr'><strong>omnes</strong></span> 
     </span>
    </p>
   </div>
   <div class='ocr_carea' id='block_1_9' title="bbox 678 1295 2276 1375">
    <p class='ocr_par' dir='ltr' id='par_1_9' title="bbox 678 1295 2276 1375">
     <span class='ocr_line' id='line_1_9' title="bbox 678 1295 2276 1375; baseline -0.003 -13"><span class='ocrx_word' id='word_1_55' title='bbox 678 1325 689 1374; x_wconf 81' lang='grc' dir='ltr'>ι</span> <span class='ocrx_word' id='word_1_56' title='bbox 712 1304 998 1374; x_wconf 85' lang='lat' dir='ltr'><strong>eregrinos</strong></span> <span class='ocrx_word' id='word_1_57' title='bbox 1020 1304 1377 1361; x_wconf 85' lang='lat' dir='ltr'><strong>advenientes</strong></span> <span class='ocrx_word' id='word_1_58' title='bbox 1398 1320 1615 1375; x_wconf 79' lang='lat' dir='ltr'><strong>semper</strong></span> <span class='ocrx_word' id='word_1_59' title='bbox 1638 1300 1972 1360; x_wconf 86' lang='lat' dir='ltr'><strong>custodiant.</strong></span> <span class='ocrx_word' id='word_1_60' title='bbox 2002 1295 2144 1372; x_wconf 81' lang='lat' dir='ltr'><strong>Ergo</strong></span> <span class='ocrx_word' id='word_1_61' title='bbox 2175 1302 2276 1373; x_wconf 92' lang='lat' dir='ltr'><strong>ipsi</strong></span> 
     </span>
    </p>
   </div>
   <div class='ocr_carea' id='block_1_10' title="bbox 674 1395 2275 1470">
    <p class='ocr_par' dir='ltr' id='par_1_10' title="bbox 674 1395 2275 1470">
     <span class='ocr_line' id='line_1_10' title="bbox 674 1395 2275 1470; baseline -0.004 -13"><span class='ocrx_word' id='word_1_62' title='bbox 674 1402 785 1457; x_wconf 86' lang='lat' dir='ltr'><strong>duo</strong></span> <span class='ocrx_word' id='word_1_63' title='bbox 816 1400 1034 1468; x_wconf 82' lang='lat' dir='ltr'><strong>fratres,</strong></span> <span class='ocrx_word' id='word_1_64' title='bbox 1060 1415 1293 1470; x_wconf 92' lang='lat' dir='ltr'><strong>quorum</strong></span> <span class='ocrx_word' id='word_1_65' title='bbox 1315 1398 1381 1454; x_wconf 90' lang='lat' dir='ltr'><strong>ad</strong></span> <span class='ocrx_word' id='word_1_66' title='bbox 1403 1397 1704 1454; x_wconf 86' lang='lat' dir='ltr'><strong>custodiam</strong></span> <span class='ocrx_word' id='word_1_67' title='bbox 1735 1395 1935 1453; x_wconf 81' lang='lat' dir='ltr'><strong>fuerint</strong></span> <span class='ocrx_word' id='word_1_68' title='bbox 1958 1396 2125 1463; x_wconf 83' lang='lat' dir='ltr'><strong>vices,</strong></span> <span class='ocrx_word' id='word_1_69' title='bbox 2151 1410 2275 1452; x_wconf 91' lang='lat' dir='ltr'><strong>cum</strong></span> 
     </span>
    </p>
   </div>
   <div class='ocr_carea' id='block_1_11' title="bbox 672 1485 2277 1569">
    <p class='ocr_par' dir='ltr' id='par_1_11' title="bbox 672 1485 2277 1569">
     <span class='ocr_line' id='line_1_11' title="bbox 672 1485 2277 1569; baseline -0.007 -16"><span class='ocrx_word' id='word_1_70' title='bbox 672 1495 950 1569; x_wconf 85' lang='lat' dir='ltr'><strong>peregrini</strong></span> <span class='ocrx_word' id='word_1_71' title='bbox 981 1491 1322 1558; x_wconf 79' lang='lat' dir='ltr'><strong>advenerim,</strong></span> <span class='ocrx_word' id='word_1_72' title='bbox 1355 1494 1408 1549; x_wconf 92' lang='lat' dir='ltr'><strong>in</strong></span> <span class='ocrx_word' id='word_1_73' title='bbox 1456 1491 1648 1548; x_wconf 91' lang='lat' dir='ltr'><strong>eadem</strong></span> <span class='ocrx_word' id='word_1_74' title='bbox 1680 1491 1816 1548; x_wconf 83' lang='lat' dir='ltr'><strong>cella</strong></span> <span class='ocrx_word' id='word_1_75' title='bbox 1848 1490 2007 1546; x_wconf 90' lang='lat' dir='ltr'><strong>simul</strong></span> <span class='ocrx_word' id='word_1_76' title='bbox 2048 1485 2150 1546; x_wconf 84' lang='lat' dir='ltr'><strong>sibi</strong></span> <span class='ocrx_word' id='word_1_77' title='bbox 2198 1490 2277 1543; x_wconf 87' lang='lat' dir='ltr'><strong>fa-</strong></span> 
     </span>
    </p>
   </div>
   <div class='ocr_carea' id='block_1_12' title="bbox 673 1579 2275 1653">
    <p class='ocr_par' dir='ltr' id='par_1_12' title="bbox 673 1579 2275 1653">
     <span class='ocr_line' id='line_1_12' title="bbox 673 1579 2275 1653; baseline -0.006 -8"><span class='ocrx_word' id='word_1_78' title='bbox 673 1590 824 1646; x_wconf 84' lang='lat' dir='ltr'><strong>ciant</strong></span> <span class='ocrx_word' id='word_1_79' title='bbox 844 1584 1017 1643; x_wconf 90' lang='lat' dir='ltr'><strong>lectos</strong></span> <span class='ocrx_word' id='word_1_80' title='bbox 1044 1606 1055 1641; x_wconf 90' lang='lat'><strong>:</strong></span> <span class='ocrx_word' id='word_1_81' title='bbox 1093 1596 1170 1653; x_wconf 91' lang='lat' dir='ltr'><strong>nt,</strong></span> <span class='ocrx_word' id='word_1_82' title='bbox 1204 1586 1249 1643; x_wconf 89' lang='lat' dir='ltr'><strong>si</strong></span> <span class='ocrx_word' id='word_1_83' title='bbox 1278 1584 1420 1642; x_wconf 87' lang='lat' dir='ltr'><strong>forte</strong></span> <span class='ocrx_word' id='word_1_84' title='bbox 1452 1600 1590 1641; x_wconf 90' lang='lat' dir='ltr'><strong>unus</strong></span> <span class='ocrx_word' id='word_1_85' title='bbox 1620 1584 1689 1640; x_wconf 92' lang='lat' dir='ltr'><strong>de</strong></span> <span class='ocrx_word' id='word_1_86' title='bbox 1711 1581 2017 1653; x_wconf 82' lang='lat' dir='ltr'><strong>hospitibus</strong></span> <span class='ocrx_word' id='word_1_87' title='bbox 2048 1579 2116 1637; x_wconf 89' lang='lat' dir='ltr'><strong>ad</strong></span> <span class='ocrx_word' id='word_1_88' title='bbox 2147 1596 2275 1636; x_wconf 87' lang='lat' dir='ltr'><strong>ora-</strong></span> 
     </span>
    </p>
   </div>
   <div class='ocr_carea' id='block_1_13' title="bbox 674 1674 2275 1745">
    <p class='ocr_par' dir='ltr' id='par_1_13' title="bbox 674 1674 2275 1745">
     <span class='ocr_line' id='line_1_13' title="bbox 674 1674 2275 1745; baseline -0.002 -12"><span class='ocrx_word' id='word_1_89' title='bbox 674 1679 879 1735; x_wconf 91' lang='lat' dir='ltr'><strong>torium</strong></span> <span class='ocrx_word' id='word_1_90' title='bbox 912 1688 1071 1735; x_wconf 90' lang='lat' dir='ltr'><strong>nocte</strong></span> <span class='ocrx_word' id='word_1_91' title='bbox 1092 1675 1328 1734; x_wconf 79' lang='lat' dir='ltr'><strong>Voluerit</strong></span> <span class='ocrx_word' id='word_1_92' title='bbox 1354 1675 1455 1743; x_wconf 91' lang='lat' dir='ltr'><strong>ire,</strong></span> <span class='ocrx_word' id='word_1_93' title='bbox 1475 1686 1531 1733; x_wconf 90' lang='lat' dir='ltr'><strong>et</strong></span> <span class='ocrx_word' id='word_1_94' title='bbox 1552 1677 1689 1732; x_wconf 90' lang='lat' dir='ltr'><strong>alius</strong></span> <span class='ocrx_word' id='word_1_95' title='bbox 1720 1676 1858 1731; x_wconf 77' lang='lat' dir='ltr'><strong>forte</strong></span> <span class='ocrx_word' id='word_1_96' title='bbox 1892 1674 2125 1741; x_wconf 79' lang='lat' dir='ltr'><strong>noluerit</strong></span> <span class='ocrx_word' id='word_1_97' title='bbox 2152 1690 2275 1745; x_wconf 87' lang='lat' dir='ltr'><strong>pro-</strong></span> 
     </span>
    </p>
   </div>
   <div class='ocr_carea' id='block_1_14' title="bbox 673 1768 2271 1842">
    <p class='ocr_par' dir='ltr' id='par_1_14' title="bbox 673 1768 2271 1842">
     <span class='ocr_line' id='line_1_14' title="bbox 673 1768 2271 1842; baseline -0.002 -15"><span class='ocrx_word' id='word_1_98' title='bbox 673 1782 798 1842; x_wconf 78' lang='lat' dir='ltr'><strong>pter</strong></span> <span class='ocrx_word' id='word_1_99' title='bbox 826 1769 1200 1829; x_wconf 83' lang='lat' dir='ltr'><strong>lassitudinem</strong></span> <span class='ocrx_word' id='word_1_100' title='bbox 1232 1787 1292 1827; x_wconf 88' lang='lat' dir='ltr'><strong>se</strong></span> <span class='ocrx_word' id='word_1_101' title='bbox 1322 1768 1526 1839; x_wconf 88' lang='lat' dir='ltr'><strong>levare,</strong></span> <span class='ocrx_word' id='word_1_102' title='bbox 1558 1780 1651 1826; x_wconf 88' lang='lat' dir='ltr'><strong>aut</strong></span> <span class='ocrx_word' id='word_1_103' title='bbox 1678 1770 1820 1827; x_wconf 84' lang='lat' dir='ltr'><strong>forte</strong></span> <span class='ocrx_word' id='word_1_104' title='bbox 1854 1770 2125 1826; x_wconf 90' lang='lat' dir='ltr'><strong>voluerint</strong></span> <span class='ocrx_word' id='word_1_105' title='bbox 2148 1771 2271 1825; x_wconf 86' lang='lat' dir='ltr'><strong>vici-</strong></span> 
     </span>
    </p>
   </div>
   <div class='ocr_carea' id='block_1_15' title="bbox 672 1863 2275 1937">
    <p class='ocr_par' dir='ltr' id='par_1_15' title="bbox 672 1863 2275 1937">
     <span class='ocr_line' id='line_1_15' title="bbox 672 1863 2275 1937; baseline 0.001 -17"><span class='ocrx_word' id='word_1_106' title='bbox 672 1865 779 1920; x_wconf 87' lang='lat' dir='ltr'><strong>bus</strong></span> <span class='ocrx_word' id='word_1_107' title='bbox 810 1864 955 1921; x_wconf 89' lang='lat' dir='ltr'><strong>foras</strong></span> <span class='ocrx_word' id='word_1_108' title='bbox 984 1866 1152 1931; x_wconf 82' lang='lat' dir='ltr'><strong>exire,</strong></span> <span class='ocrx_word' id='word_1_109' title='bbox 1188 1868 1405 1937; x_wconf 87' lang='lat' dir='ltr'><strong>utrique</strong></span> <span class='ocrx_word' id='word_1_110' title='bbox 1434 1863 1669 1921; x_wconf 81' lang='lat' dir='ltr'><strong>habeant</strong></span> <span class='ocrx_word' id='word_1_111' title='bbox 1697 1866 1938 1933; x_wconf 85' lang='lat' dir='ltr'><strong>singulos</strong></span> <span class='ocrx_word' id='word_1_112' title='bbox 1976 1882 2042 1921; x_wconf 83' lang='lat' dir='ltr'><strong>ex</strong></span> <span class='ocrx_word' id='word_1_113' title='bbox 2073 1866 2275 1937; x_wconf 88' lang='lat' dir='ltr'><strong>impro-</strong></span> 
     </span>
    </p>
   </div>
   <div class='ocr_carea' id='block_1_16' title="bbox 678 1926 2585 2026">
    <p class='ocr_par' dir='ltr' id='par_1_16' title="bbox 678 1926 2585 2026">
     <span class='ocr_line' id='line_1_16' title="bbox 678 1926 2585 2026; baseline 0.003 -16"><span class='ocrx_word' id='word_1_114' title='bbox 678 1957 798 2011; x_wconf 90' lang='lat' dir='ltr'><strong>viso</strong></span> <span class='ocrx_word' id='word_1_115' title='bbox 825 1966 959 2011; x_wconf 87' lang='lat' dir='ltr'><strong>cust-</strong></span> <span class='ocrx_word' id='word_1_116' title='bbox 983 1954 1077 2011; x_wconf 86' lang='lat' dir='ltr'><strong>des</strong></span> <span class='ocrx_word' id='word_1_117' title='bbox 1106 1926 1209 2010; x_wconf 21' lang='lat' dir='ltr'><strong>:rut</strong></span> <span class='ocrx_word' id='word_1_118' title='bbox 1248 1926 1333 2012; x_wconf 49' lang='lat' dir='ltr'><strong>et-</strong></span> <span class='ocrx_word' id='word_1_119' title='bbox 1352 1951 1464 2023; x_wconf 91' lang='lat' dir='ltr'><strong>ille,</strong></span> <span class='ocrx_word' id='word_1_120' title='bbox 1496 1958 1588 2026; x_wconf 87' lang='lat' dir='ltr'><strong>qui</strong></span> <span class='ocrx_word' id='word_1_121' title='bbox 1618 1966 1711 2011; x_wconf 90' lang='lat' dir='ltr'><strong>aut</strong></span> <span class='ocrx_word' id='word_1_122' title='bbox 1744 1955 1811 2011; x_wconf 88' lang='lat' dir='ltr'><strong>ad</strong></span> <span class='ocrx_word' id='word_1_123' title='bbox 1841 1957 2136 2012; x_wconf 86' lang='lat' dir='ltr'><strong>oratorium</strong></span> <span class='ocrx_word' id='word_1_124' title='bbox 2181 1965 2275 2012; x_wconf 88' lang='lat' dir='ltr'><strong>aut</strong></span> <span class='ocrx_word' id='word_1_125' title='bbox 2310 1929 2353 1989; x_wconf 70' lang='grc' dir='ltr'><strong>Β</strong></span> <span class='ocrx_word' id='word_1_126' title='bbox 2379 1926 2585 2026; x_wconf 34' lang='grc' dir='ltr'><strong>ξῖοἷιῗζ</strong></span> 
     </span>
    </p>
   </div>
   <div class='ocr_carea' id='block_1_17' title="bbox 673 2046 2269 2118">
    <p class='ocr_par' dir='ltr' id='par_1_17' title="bbox 673 2046 2269 2118">
     <span class='ocr_line' id='line_1_17' title="bbox 673 2046 2269 2118; baseline 0.003 -17"><span class='ocrx_word' id='word_1_127' title='bbox 673 2046 955 2116; x_wconf 78' lang='lat' dir='ltr'><strong>egreditur</strong></span> <span class='ocrx_word' id='word_1_128' title='bbox 983 2046 1149 2114; x_wconf 89' lang='lat' dir='ltr'><strong>foras,</strong></span> <span class='ocrx_word' id='word_1_129' title='bbox 1173 2062 1271 2118; x_wconf 89' lang='lat' dir='ltr'><strong>per</strong></span> <span class='ocrx_word' id='word_1_130' title='bbox 1294 2048 1534 2103; x_wconf 84' lang='lat' dir='ltr'><strong>incertos</strong></span> <span class='ocrx_word' id='word_1_131' title='bbox 1556 2049 1866 2103; x_wconf 84' lang='lat' dir='ltr'><strong>manasterii</strong></span> <span class='ocrx_word' id='word_1_132' title='bbox 1892 2050 2071 2105; x_wconf 84' lang='lat' dir='ltr'><strong>exitus</strong></span> <span class='ocrx_word' id='word_1_133' title='bbox 2093 2058 2269 2116; x_wconf 72' lang='lat' dir='ltr'><strong>nocte,</strong></span> 
     </span>
    </p>
   </div>
   <div class='ocr_carea' id='block_1_18' title="bbox 672 2139 2273 2210">
    <p class='ocr_par' dir='ltr' id='par_1_18' title="bbox 672 2139 2273 2210">
     <span class='ocr_line' id='line_1_18' title="bbox 672 2139 2273 2210; baseline 0.004 -16"><span class='ocrx_word' id='word_1_134' title='bbox 672 2145 731 2194; x_wconf 83' lang='lat' dir='ltr'><strong>et</strong></span> <span class='ocrx_word' id='word_1_135' title='bbox 761 2139 1037 2207; x_wconf 83' lang='lat' dir='ltr'><strong>ingressus</strong></span> <span class='ocrx_word' id='word_1_136' title='bbox 1077 2156 1174 2210; x_wconf 89' lang='lat' dir='ltr'><strong>per</strong></span> <span class='ocrx_word' id='word_1_137' title='bbox 1202 2141 1549 2198; x_wconf 90' lang='lat' dir='ltr'><strong>occasionem</strong></span> <span class='ocrx_word' id='word_1_138' title='bbox 1580 2143 1883 2204; x_wconf 74' lang='lat' dir='ltr'><strong>custOdilus</strong></span> <span class='ocrx_word' id='word_1_139' title='bbox 1912 2160 1939 2196; x_wconf 92' lang='lat' dir='ltr'><strong>a</strong></span> <span class='ocrx_word' id='word_1_140' title='bbox 1972 2142 2273 2200; x_wconf 86' lang='lat' dir='ltr'><strong>domestico</strong></span> 
     </span>
    </p>
   </div>
   <div class='ocr_carea' id='block_1_19' title="bbox 671 2226 2273 2295">
    <p class='ocr_par' dir='ltr' id='par_1_19' title="bbox 671 2226 2273 2295">
     <span class='ocr_line' id='line_1_19' title="bbox 671 2226 2273 2295; baseline 0.006 -12"><span class='ocrx_word' id='word_1_141' title='bbox 671 2226 844 2286; x_wconf 82' lang='lat' dir='ltr'><strong>fratre</strong></span> <span class='ocrx_word' id='word_1_142' title='bbox 872 2230 1121 2295; x_wconf 88' lang='lat' dir='ltr'><strong>ducatur,</strong></span> <span class='ocrx_word' id='word_1_143' title='bbox 1154 2242 1212 2289; x_wconf 90' lang='lat' dir='ltr'><strong>et</strong></span> <span class='ocrx_word' id='word_1_144' title='bbox 1245 2249 1371 2290; x_wconf 90' lang='lat' dir='ltr'><strong>cum</strong></span> <span class='ocrx_word' id='word_1_145' title='bbox 1402 2244 1657 2291; x_wconf 89' lang='lat' dir='ltr'><strong>manente</strong></span> <span class='ocrx_word' id='word_1_146' title='bbox 1686 2236 1824 2292; x_wconf 87' lang='lat' dir='ltr'><strong>alter</strong></span> <span class='ocrx_word' id='word_1_147' title='bbox 1854 2249 2132 2294; x_wconf 89' lang='lat' dir='ltr'><strong>remaneat</strong></span> <span class='ocrx_word' id='word_1_148' title='bbox 2177 2255 2273 2295; x_wconf 85' lang='lat' dir='ltr'><strong>cu-</strong></span> 
     </span>
    </p>
   </div>
   <div class='ocr_carea' id='block_1_20' title="bbox 669 2323 2273 2399">
    <p class='ocr_par' dir='ltr' id='par_1_20' title="bbox 669 2323 2273 2399">
     <span class='ocr_line' id='line_1_20' title="bbox 669 2323 2273 2399; baseline 0.007 -25"><span class='ocrx_word' id='word_1_149' title='bbox 669 2327 792 2375; x_wconf 86' lang='lat' dir='ltr'><strong>stos</strong></span> <span class='ocrx_word' id='word_1_150' title='bbox 826 2339 840 2376; x_wconf 89' lang='lat'><strong>:</strong></span> <span class='ocrx_word' id='word_1_151' title='bbox 892 2331 951 2375; x_wconf 91' lang='lat' dir='ltr'><strong>ut</strong></span> <span class='ocrx_word' id='word_1_152' title='bbox 990 2330 1046 2377; x_wconf 91' lang='lat' dir='ltr'><strong>et</strong></span> <span class='ocrx_word' id='word_1_153' title='bbox 1087 2323 1405 2380; x_wconf 88' lang='lat' dir='ltr'><strong>charitatem</strong></span> <span class='ocrx_word' id='word_1_154' title='bbox 1452 2326 1632 2381; x_wconf 87' lang='lat' dir='ltr'><strong>solatii</strong></span> <span class='ocrx_word' id='word_1_155' title='bbox 1658 2326 1942 2383; x_wconf 88' lang='lat' dir='ltr'><strong>videantur</strong></span> <span class='ocrx_word' id='word_1_156' title='bbox 1970 2328 2273 2399; x_wconf 81' lang='lat' dir='ltr'><strong>hOSpitibus</strong></span> 
     </span>
    </p>
   </div>
   <div class='ocr_carea' id='block_1_21' title="bbox 666 2410 2273 2492">
    <p class='ocr_par' dir='ltr' id='par_1_21' title="bbox 666 2410 2273 2492">
     <span class='ocr_line' id='line_1_21' title="bbox 666 2410 2273 2492; baseline 0.007 -26"><span class='ocrx_word' id='word_1_157' title='bbox 666 2412 991 2484; x_wconf 87' lang='lat' dir='ltr'><strong>adimplere,</strong></span> <span class='ocrx_word' id='word_1_158' title='bbox 1044 2410 1100 2471; x_wconf 81' lang='lat' dir='ltr'><strong>et</strong></span> <span class='ocrx_word' id='word_1_159' title='bbox 1143 2432 1230 2473; x_wconf 90' lang='lat' dir='ltr'><strong>res</strong></span> <span class='ocrx_word' id='word_1_160' title='bbox 1271 2420 1582 2474; x_wconf 88' lang='lat' dir='ltr'><strong>monasterii</strong></span> <span class='ocrx_word' id='word_1_161' title='bbox 1625 2420 1693 2475; x_wconf 92' lang='lat' dir='ltr'><strong>ab</strong></span> <span class='ocrx_word' id='word_1_162' title='bbox 1722 2420 1942 2477; x_wconf 88' lang='lat' dir='ltr'><strong>incertis</strong></span> <span class='ocrx_word' id='word_1_163' title='bbox 1972 2440 2037 2477; x_wconf 84' lang='lat' dir='ltr'><strong>ex</strong></span> <span class='ocrx_word' id='word_1_164' title='bbox 2070 2423 2214 2492; x_wconf 84' lang='lat' dir='ltr'><strong>impr</strong></span> <span class='ocrx_word' id='word_1_165' title='bbox 2247 2453 2273 2465; x_wconf 85' lang='lat'><strong>-</strong></span> 
     </span>
    </p>
   </div>
   <div class='ocr_carea' id='block_1_22' title="bbox 668 2504 2266 2582">
    <p class='ocr_par' dir='ltr' id='par_1_22' title="bbox 668 2504 2266 2582">
     <span class='ocr_line' id='line_1_22' title="bbox 668 2504 2266 2582; baseline 0.006 -23"><span class='ocrx_word' id='word_1_166' title='bbox 668 2504 788 2560; x_wconf 84' lang='lat' dir='ltr'><strong>viso</strong></span> <span class='ocrx_word' id='word_1_167' title='bbox 818 2507 1152 2562; x_wconf 85' lang='lat' dir='ltr'><strong>custodiant.</strong></span> <span class='ocrx_word' id='word_1_168' title='bbox 1196 2508 1329 2563; x_wconf 89' lang='lat' dir='ltr'><strong>Nam</strong></span> <span class='ocrx_word' id='word_1_169' title='bbox 1360 2518 1415 2565; x_wconf 91' lang='lat' dir='ltr'><strong>et</strong></span> <span class='ocrx_word' id='word_1_170' title='bbox 1453 2511 1506 2565; x_wconf 93' lang='lat' dir='ltr'><strong>in</strong></span> <span class='ocrx_word' id='word_1_171' title='bbox 1537 2510 1624 2566; x_wconf 89' lang='lat' dir='ltr'><strong>die</strong></span> <span class='ocrx_word' id='word_1_172' title='bbox 1654 2512 1756 2582; x_wconf 88' lang='lat' dir='ltr'><strong>ipsi</strong></span> <span class='ocrx_word' id='word_1_173' title='bbox 1802 2513 1905 2569; x_wconf 88' lang='lat' dir='ltr'><strong>sibi</strong></span> <span class='ocrx_word' id='word_1_174' title='bbox 1946 2513 2266 2569; x_wconf 89' lang='lat' dir='ltr'><strong>sollicitudi-</strong></span> 
     </span>
    </p>
   </div>
   <div class='ocr_carea' id='block_1_23' title="bbox 668 2600 2267 2668">
    <p class='ocr_par' dir='ltr' id='par_1_23' title="bbox 668 2600 2267 2668">
     <span class='ocr_line' id='line_1_23' title="bbox 668 2600 2267 2668; baseline 0.008 -16"><span class='ocrx_word' id='word_1_175' title='bbox 668 2614 795 2653; x_wconf 89' lang='lat' dir='ltr'><strong>nem</strong></span> <span class='ocrx_word' id='word_1_176' title='bbox 848 2600 1068 2668; x_wconf 80' lang='lat' dir='ltr'><strong>faciant,</strong></span> <span class='ocrx_word' id='word_1_177' title='bbox 1104 2618 1199 2658; x_wconf 91' lang='lat' dir='ltr'><strong>eos</strong></span> <span class='ocrx_word' id='word_1_178' title='bbox 1225 2603 1369 2659; x_wconf 88' lang='lat' dir='ltr'><strong>intra</strong></span> <span class='ocrx_word' id='word_1_179' title='bbox 1399 2607 1791 2661; x_wconf 89' lang='lat' dir='ltr'><strong>monasterium</strong></span> <span class='ocrx_word' id='word_1_180' title='bbox 1835 2606 1904 2663; x_wconf 91' lang='lat' dir='ltr'><strong>de</strong></span> <span class='ocrx_word' id='word_1_181' title='bbox 1943 2603 2077 2663; x_wconf 85' lang='lat' dir='ltr'><strong>nihil</strong></span> <span class='ocrx_word' id='word_1_182' title='bbox 2124 2608 2267 2665; x_wconf 90' lang='lat' dir='ltr'><strong>facto</strong></span> 
     </span>
    </p>
   </div>
   <div class='ocr_carea' id='block_1_24' title="bbox 667 2691 2267 2756">
    <p class='ocr_par' dir='ltr' id='par_1_24' title="bbox 667 2691 2267 2756">
     <span class='ocr_line' id='line_1_24' title="bbox 667 2691 2267 2756; baseline 0.006 -11"><span class='ocrx_word' id='word_1_183' title='bbox 667 2691 835 2747; x_wconf 91' lang='lat' dir='ltr'><strong>oculo</strong></span> <span class='ocrx_word' id='word_1_184' title='bbox 867 2693 1159 2749; x_wconf 73' lang='lat' dir='ltr'><strong>custodire.</strong></span> <span class='ocrx_word' id='word_1_185' title='bbox 1185 2693 1320 2751; x_wconf 89' lang='lat' dir='ltr'><strong>Nam</strong></span> <span class='ocrx_word' id='word_1_186' title='bbox 1350 2696 1472 2752; x_wconf 91' lang='lat' dir='ltr'><strong>ideo</strong></span> <span class='ocrx_word' id='word_1_187' title='bbox 1493 2696 1701 2753; x_wconf 91' lang='lat' dir='ltr'><strong>duobus</strong></span> <span class='ocrx_word' id='word_1_188' title='bbox 1724 2699 1841 2756; x_wconf 67' lang='lat' dir='ltr'><strong>haec</strong></span> <span class='ocrx_word' id='word_1_189' title='bbox 1863 2716 1989 2755; x_wconf 90' lang='lat' dir='ltr'><strong>cura</strong></span> <span class='ocrx_word' id='word_1_190' title='bbox 2015 2703 2267 2756; x_wconf 88' lang='lat' dir='ltr'><strong>commit-</strong></span> 
     </span>
    </p>
   </div>
   <div class='ocr_carea' id='block_1_25' title="bbox 665 2782 2267 2862">
    <p class='ocr_par' dir='ltr' id='par_1_25' title="bbox 665 2782 2267 2862">
     <span class='ocr_line' id='line_1_25' title="bbox 665 2782 2267 2862; baseline 0.009 -25"><span class='ocrx_word' id='word_1_191' title='bbox 665 2782 823 2850; x_wconf 88' lang='lat' dir='ltr'><strong>titur,</strong></span> <span class='ocrx_word' id='word_1_192' title='bbox 860 2792 919 2839; x_wconf 94' lang='lat' dir='ltr'><strong>ut</strong></span> <span class='ocrx_word' id='word_1_193' title='bbox 945 2792 999 2841; x_wconf 88' lang='lat' dir='ltr'><strong>et</strong></span> <span class='ocrx_word' id='word_1_194' title='bbox 1027 2786 1081 2841; x_wconf 91' lang='lat' dir='ltr'><strong>in</strong></span> <span class='ocrx_word' id='word_1_195' title='bbox 1104 2796 1266 2843; x_wconf 89' lang='lat' dir='ltr'><strong>nocte</strong></span> <span class='ocrx_word' id='word_1_196' title='bbox 1286 2789 1493 2845; x_wconf 89' lang='lat' dir='ltr'><strong>vicibus</strong></span> <span class='ocrx_word' id='word_1_197' title='bbox 1522 2790 1629 2845; x_wconf 91' lang='lat' dir='ltr'><strong>sint</strong></span> <span class='ocrx_word' id='word_1_198' title='bbox 1649 2793 1789 2847; x_wconf 89' lang='lat' dir='ltr'><strong>circa</strong></span> <span class='ocrx_word' id='word_1_199' title='bbox 1816 2794 2131 2862; x_wconf 67' lang='lat' dir='ltr'><strong>peregrinos</strong></span> <span class='ocrx_word' id='word_1_200' title='bbox 2154 2795 2267 2851; x_wconf 86' lang='lat' dir='ltr'><strong>sol-</strong></span> 
     </span>
    </p>
   </div>
   <div class='ocr_carea' id='block_1_26' title="bbox 664 2877 2264 2959">
    <p class='ocr_par' dir='ltr' id='par_1_26' title="bbox 664 2877 2264 2959">
     <span class='ocr_line' id='line_1_26' title="bbox 664 2877 2264 2959; baseline 0.008 -27"><span class='ocrx_word' id='word_1_201' title='bbox 664 2877 829 2946; x_wconf 90' lang='lat' dir='ltr'><strong>liciti,</strong></span> <span class='ocrx_word' id='word_1_202' title='bbox 865 2888 921 2934; x_wconf 93' lang='lat' dir='ltr'><strong>et</strong></span> <span class='ocrx_word' id='word_1_203' title='bbox 951 2881 1004 2935; x_wconf 93' lang='lat' dir='ltr'><strong>in</strong></span> <span class='ocrx_word' id='word_1_204' title='bbox 1031 2881 1141 2949; x_wconf 92' lang='lat' dir='ltr'><strong>die,</strong></span> <span class='ocrx_word' id='word_1_205' title='bbox 1164 2884 1210 2938; x_wconf 93' lang='lat' dir='ltr'><strong>si</strong></span> <span class='ocrx_word' id='word_1_206' title='bbox 1239 2882 1380 2939; x_wconf 91' lang='lat' dir='ltr'><strong>forte</strong></span> <span class='ocrx_word' id='word_1_207' title='bbox 1401 2900 1469 2941; x_wconf 79' lang='lat' dir='ltr'><strong>ex</strong></span> <span class='ocrx_word' id='word_1_208' title='bbox 1488 2887 1568 2942; x_wconf 88' lang='lat' dir='ltr'><strong>eis</strong></span> <span class='ocrx_word' id='word_1_209' title='bbox 1594 2903 1729 2942; x_wconf 91' lang='lat' dir='ltr'><strong>unus</strong></span> <span class='ocrx_word' id='word_1_210' title='bbox 1758 2886 1920 2943; x_wconf 79' lang='lat' dir='ltr'><strong>fuerit</strong></span> <span class='ocrx_word' id='word_1_211' title='bbox 1942 2899 2264 2959; x_wconf 90' lang='lat' dir='ltr'><strong>occupatus,</strong></span> 
     </span>
    </p>
   </div>
   <div class='ocr_carea' id='block_1_27' title="bbox 664 2970 2266 3052">
    <p class='ocr_par' dir='ltr' id='par_1_27' title="bbox 664 2970 2266 3052">
     <span class='ocr_line' id='line_1_27' title="bbox 664 2970 2266 3052; baseline 0.009 -28"><span class='ocrx_word' id='word_1_212' title='bbox 664 2970 815 3028; x_wconf 89' lang='lat' dir='ltr'><strong>alter</strong></span> <span class='ocrx_word' id='word_1_213' title='bbox 855 2975 1200 3042; x_wconf 88' lang='lat' dir='ltr'><strong>peregrinum</strong></span> <span class='ocrx_word' id='word_1_214' title='bbox 1229 2990 1261 3030; x_wconf 91' lang='lat' dir='ltr'><strong>a</strong></span> <span class='ocrx_word' id='word_1_215' title='bbox 1290 2975 1451 3047; x_wconf 90' lang='lat' dir='ltr'><strong>longe</strong></span> <span class='ocrx_word' id='word_1_216' title='bbox 1471 2980 1783 3036; x_wconf 89' lang='lat' dir='ltr'><strong>custodiens</strong></span> <span class='ocrx_word' id='word_1_217' title='bbox 1813 2981 2088 3052; x_wconf 83' lang='lat' dir='ltr'><strong>respiciat.</strong></span> <span class='ocrx_word' id='word_1_218' title='bbox 2117 2982 2266 3039; x_wconf 75' lang='lat' dir='ltr'><strong>Cella</strong></span> 
     </span>
    </p>
   </div>
   <div class='ocr_carea' id='block_1_28' title="bbox 662 3060 2263 3143">
    <p class='ocr_par' dir='ltr' id='par_1_28' title="bbox 662 3060 2263 3143">
     <span class='ocr_line' id='line_1_28' title="bbox 662 3060 2263 3143; baseline 0.007 -24"><span class='ocrx_word' id='word_1_219' title='bbox 662 3060 787 3135; x_wconf 88' lang='lat' dir='ltr'><strong>ipsa</strong></span> <span class='ocrx_word' id='word_1_220' title='bbox 816 3064 1017 3122; x_wconf 88' lang='lat' dir='ltr'><strong>habeat</strong></span> <span class='ocrx_word' id='word_1_221' title='bbox 1044 3067 1353 3124; x_wconf 81' lang='lat' dir='ltr'><strong>clausuram</strong></span> <span class='ocrx_word' id='word_1_222' title='bbox 1382 3069 1547 3126; x_wconf 87' lang='lat' dir='ltr'><strong>talem</strong></span> <span class='ocrx_word' id='word_1_223' title='bbox 1577 3071 1646 3128; x_wconf 88' lang='lat' dir='ltr'><strong>ab</strong></span> <span class='ocrx_word' id='word_1_224' title='bbox 1674 3073 1839 3141; x_wconf 90' lang='lat' dir='ltr'><strong>intus,</strong></span> <span class='ocrx_word' id='word_1_225' title='bbox 1881 3075 2095 3143; x_wconf 90' lang='lat' dir='ltr'><strong>qualem</strong></span> <span class='ocrx_word' id='word_1_226' title='bbox 2123 3091 2154 3131; x_wconf 88' lang='lat' dir='ltr'><strong>a</strong></span> <span class='ocrx_word' id='word_1_227' title='bbox 2180 3076 2263 3131; x_wconf 82' lang='lat' dir='ltr'><strong>lo-</strong></span> 
     </span>
    </p>
   </div>
   <div class='ocr_carea' id='block_1_29' title="bbox 664 3157 2260 3239">
    <p class='ocr_par' dir='ltr' id='par_1_29' title="bbox 664 3157 2260 3239">
     <span class='ocr_line' id='line_1_29' title="bbox 664 3157 2260 3239; baseline 0.008 -27"><span class='ocrx_word' id='word_1_228' title='bbox 664 3157 742 3214; x_wconf 89' lang='lat' dir='ltr'><strong>ris</strong></span> <span class='ocrx_word' id='word_1_229' title='bbox 766 3176 780 3212; x_wconf 90' lang='lat'><strong>:</strong></span> <span class='ocrx_word' id='word_1_230' title='bbox 820 3166 879 3213; x_wconf 92' lang='lat' dir='ltr'><strong>ut</strong></span> <span class='ocrx_word' id='word_1_231' title='bbox 906 3167 1071 3216; x_wconf 89' lang='lat' dir='ltr'><strong>nocte</strong></span> <span class='ocrx_word' id='word_1_232' title='bbox 1100 3169 1212 3216; x_wconf 87' lang='lat' dir='ltr'><strong>tam</strong></span> <span class='ocrx_word' id='word_1_233' title='bbox 1239 3163 1307 3218; x_wconf 92' lang='lat' dir='ltr'><strong>ab</strong></span> <span class='ocrx_word' id='word_1_234' title='bbox 1335 3163 1436 3231; x_wconf 90' lang='lat' dir='ltr'><strong>eis,</strong></span> <span class='ocrx_word' id='word_1_235' title='bbox 1462 3163 1681 3220; x_wconf 90' lang='lat' dir='ltr'><strong>inclusis</strong></span> <span class='ocrx_word' id='word_1_236' title='bbox 1708 3181 1893 3222; x_wconf 87' lang='lat' dir='ltr'><strong>secum</strong></span> <span class='ocrx_word' id='word_1_237' title='bbox 1935 3168 2260 3239; x_wconf 87' lang='lat' dir='ltr'><strong>hospitibus,</strong></span> 
     </span>
    </p>
   </div>
   <div class='ocr_carea' id='block_1_30' title="bbox 663 3249 2337 3353">
    <p class='ocr_par' dir='ltr' id='par_1_30' title="bbox 663 3249 2337 3353">
     <span class='ocr_line' id='line_1_30' title="bbox 663 3249 2337 3353; baseline 0.008 -49"><span class='ocrx_word' id='word_1_238' title='bbox 663 3249 736 3305; x_wconf 87' lang='lat' dir='ltr'><strong>ab</strong></span> <span class='ocrx_word' id='word_1_239' title='bbox 789 3251 939 3307; x_wconf 88' lang='lat' dir='ltr'><strong>intus</strong></span> <span class='ocrx_word' id='word_1_240' title='bbox 978 3252 1156 3310; x_wconf 85' lang='lat' dir='ltr'><strong>missis</strong></span> <span class='ocrx_word' id='word_1_241' title='bbox 1186 3253 1435 3310; x_wconf 84' lang='lat' dir='ltr'><strong>claustris</strong></span> <span class='ocrx_word' id='word_1_242' title='bbox 1471 3254 1641 3311; x_wconf 86' lang='lat' dir='ltr'><strong>clavis</strong></span> <span class='ocrx_word' id='word_1_243' title='bbox 1667 3258 1925 3327; x_wconf 86' lang='lat' dir='ltr'><strong>tollatur;</strong></span> <span class='ocrx_word' id='word_1_244' title='bbox 1956 3275 2141 3330; x_wconf 86' lang='lat' dir='ltr'><strong>quam,</strong></span> <span class='ocrx_word' id='word_1_245' title='bbox 2174 3261 2265 3317; x_wconf 89' lang='lat' dir='ltr'><strong>ubi</strong></span> <span class='ocrx_word' id='word_1_246' title='bbox 2294 3292 2337 3353; x_wconf 65' lang='grc' dir='ltr'>ρ</span> 
     </span>
    </p>
   </div>
   <div class='ocr_carea' id='block_1_31' title="bbox 663 3344 2263 3412">
    <p class='ocr_par' dir='ltr' id='par_1_31' title="bbox 663 3344 2263 3412">
     <span class='ocr_line' id='line_1_31' title="bbox 663 3344 2263 3412; baseline 0.009 -16"><span class='ocrx_word' id='word_1_247' title='bbox 663 3350 897 3407; x_wconf 86' lang='lat' dir='ltr'><strong>norunt,</strong></span> <span class='ocrx_word' id='word_1_248' title='bbox 928 3344 1294 3412; x_wconf 86' lang='lat' dir='ltr'><strong>abscondant;</strong></span> <span class='ocrx_word' id='word_1_249' title='bbox 1322 3354 1381 3401; x_wconf 90' lang='lat' dir='ltr'><strong>ut</strong></span> <span class='ocrx_word' id='word_1_250' title='bbox 1408 3360 1532 3403; x_wconf 89' lang='lat' dir='ltr'><strong>cum</strong></span> <span class='ocrx_word' id='word_1_251' title='bbox 1560 3348 1707 3405; x_wconf 88' lang='lat' dir='ltr'><strong>foras</strong></span> <span class='ocrx_word' id='word_1_252' title='bbox 1734 3349 1877 3407; x_wconf 89' lang='lat' dir='ltr'><strong>forte</strong></span> <span class='ocrx_word' id='word_1_253' title='bbox 1903 3353 2140 3409; x_wconf 90' lang='lat' dir='ltr'><strong>voluerit</strong></span> <span class='ocrx_word' id='word_1_254' title='bbox 2162 3355 2263 3411; x_wconf 92' lang='lat' dir='ltr'><strong>ho-</strong></span> 
     </span>
    </p>
   </div>
   <div class='ocr_carea' id='block_1_32' title="bbox 662 3434 2262 3507">
    <p class='ocr_par' dir='ltr' id='par_1_32' title="bbox 662 3434 2262 3507">
     <span class='ocr_line' id='line_1_32' title="bbox 662 3434 2262 3507; baseline 0.009 -19"><span class='ocrx_word' id='word_1_255' title='bbox 662 3448 795 3504; x_wconf 87' lang='lat' dir='ltr'><strong>spes</strong></span> <span class='ocrx_word' id='word_1_256' title='bbox 827 3434 1001 3503; x_wconf 79' lang='lat' dir='ltr'><strong>exire,</strong></span> <span class='ocrx_word' id='word_1_257' title='bbox 1020 3436 1135 3505; x_wconf 88' lang='lat' dir='ltr'><strong>ipse</strong></span> <span class='ocrx_word' id='word_1_258' title='bbox 1162 3437 1263 3492; x_wconf 90' lang='lat' dir='ltr'><strong>sibi</strong></span> <span class='ocrx_word' id='word_1_259' title='bbox 1278 3439 1534 3496; x_wconf 91' lang='lat' dir='ltr'><strong>custodes</strong></span> <span class='ocrx_word' id='word_1_260' title='bbox 1556 3441 1775 3507; x_wconf 82' lang='lat' dir='ltr'><strong>excitet,</strong></span> <span class='ocrx_word' id='word_1_261' title='bbox 1797 3459 1920 3499; x_wconf 89' lang='lat' dir='ltr'><strong>cum</strong></span> <span class='ocrx_word' id='word_1_262' title='bbox 1942 3446 2148 3501; x_wconf 76' lang='lat' dir='ltr'><strong>clavem</strong></span> <span class='ocrx_word' id='word_1_263' title='bbox 2178 3463 2262 3502; x_wconf 87' lang='lat' dir='ltr'><strong>re-</strong></span> 
     </span>
    </p>
   </div>
   <div class='ocr_carea' id='block_1_33' title="bbox 662 3525 2263 3605">
    <p class='ocr_par' dir='ltr' id='par_1_33' title="bbox 662 3525 2263 3605">
     <span class='ocr_line' id='line_1_33' title="bbox 662 3525 2263 3605; baseline 0.008 -26"><span class='ocrx_word' id='word_1_264' title='bbox 662 3525 876 3596; x_wconf 88' lang='lat' dir='ltr'><strong>quirit:</strong></span> <span class='ocrx_word' id='word_1_265' title='bbox 910 3541 1017 3596; x_wconf 91' lang='lat' dir='ltr'><strong>quo</strong></span> <span class='ocrx_word' id='word_1_266' title='bbox 1038 3536 1304 3597; x_wconf 67' lang='lat' dir='ltr'><strong>praesente</strong></span> <span class='ocrx_word' id='word_1_267' title='bbox 1324 3529 1547 3601; x_wconf 87' lang='lat' dir='ltr'><strong>incipiat</strong></span> <span class='ocrx_word' id='word_1_268' title='bbox 1568 3531 1636 3587; x_wconf 88' lang='lat' dir='ltr'><strong>ad</strong></span> <span class='ocrx_word' id='word_1_269' title='bbox 1657 3531 1898 3602; x_wconf 84' lang='lat' dir='ltr'><strong>ignotum</strong></span> <span class='ocrx_word' id='word_1_270' title='bbox 1928 3535 2263 3605; x_wconf 80' lang='lat' dir='ltr'><strong>refrigerium</strong></span> 
     </span>
    </p>
   </div>
   <div class='ocr_carea' id='block_1_34' title="bbox 660 3618 2263 3691">
    <p class='ocr_par' dir='ltr' id='par_1_34' title="bbox 660 3618 2263 3691">
     <span class='ocr_line' id='line_1_34' title="bbox 660 3618 2263 3691; baseline 0.007 -17"><span class='ocrx_word' id='word_1_271' title='bbox 660 3618 820 3677; x_wconf 85' lang='lat' dir='ltr'><strong>foras</strong></span> <span class='ocrx_word' id='word_1_272' title='bbox 848 3620 1020 3676; x_wconf 78' lang='lat' dir='ltr'><strong>exire.</strong></span> <span class='ocrx_word' id='word_1_273' title='bbox 1053 3621 1161 3691; x_wconf 91' lang='lat' dir='ltr'><strong>lpsi</strong></span> <span class='ocrx_word' id='word_1_274' title='bbox 1189 3622 1334 3676; x_wconf 89' lang='lat' dir='ltr'><strong>enim</strong></span> <span class='ocrx_word' id='word_1_275' title='bbox 1365 3623 1563 3680; x_wconf 73' lang='lat' dir='ltr'><strong>fratres</strong></span> <span class='ocrx_word' id='word_1_276' title='bbox 1591 3626 1827 3684; x_wconf 84' lang='lat' dir='ltr'><strong>bisacias</strong></span> <span class='ocrx_word' id='word_1_277' title='bbox 1849 3643 2036 3684; x_wconf 88' lang='lat' dir='ltr'><strong>eorum</strong></span> <span class='ocrx_word' id='word_1_278' title='bbox 2067 3639 2123 3685; x_wconf 92' lang='lat' dir='ltr'><strong>et</strong></span> <span class='ocrx_word' id='word_1_279' title='bbox 2155 3632 2263 3685; x_wconf 92' lang='lat' dir='ltr'><strong>vir-</strong></span> 
     </span>
    </p>
   </div>
   <div class='ocr_carea' id='block_1_35' title="bbox 660 3713 2267 3787">
    <p class='ocr_par' dir='ltr' id='par_1_35' title="bbox 660 3713 2267 3787">
     <span class='ocr_line' id='line_1_35' title="bbox 660 3713 2267 3787; baseline 0.009 -21"><span class='ocrx_word' id='word_1_280' title='bbox 660 3725 761 3782; x_wconf 89' lang='lat' dir='ltr'><strong>gas</strong></span> <span class='ocrx_word' id='word_1_281' title='bbox 783 3713 1089 3784; x_wconf 86' lang='lat' dir='ltr'><strong>suscipiant</strong></span> <span class='ocrx_word' id='word_1_282' title='bbox 1108 3715 1164 3769; x_wconf 91' lang='lat' dir='ltr'><strong>in</strong></span> <span class='ocrx_word' id='word_1_283' title='bbox 1185 3715 1324 3770; x_wconf 87' lang='lat' dir='ltr'><strong>cella</strong></span> <span class='ocrx_word' id='word_1_284' title='bbox 1347 3716 1537 3773; x_wconf 87' lang='lat' dir='ltr'><strong>eadem</strong></span> <span class='ocrx_word' id='word_1_285' title='bbox 1565 3721 1856 3787; x_wconf 85' lang='lat' dir='ltr'><strong>servaturi,</strong></span> <span class='ocrx_word' id='word_1_286' title='bbox 1882 3722 2034 3779; x_wconf 92' lang='lat' dir='ltr'><strong>clave</strong></span> <span class='ocrx_word' id='word_1_287' title='bbox 2064 3723 2267 3781; x_wconf 78' lang='lat' dir='ltr'><strong>foreuSI</strong></span> 
     </span>
    </p>
   </div>
   <div class='ocr_carea' id='block_1_36' title="bbox 662 3803 2266 3872">
    <p class='ocr_par' dir='ltr' id='par_1_36' title="bbox 662 3803 2266 3872">
     <span class='ocr_line' id='line_1_36' title="bbox 662 3803 2266 3872; baseline 0.01 -16"><span class='ocrx_word' id='word_1_288' title='bbox 662 3803 908 3860; x_wconf 83' lang='lat' dir='ltr'><strong>fideliter</strong></span> <span class='ocrx_word' id='word_1_289' title='bbox 956 3807 1372 3865; x_wconf 60' lang='lat' dir='ltr'><strong>conservandas.</strong></span> <span class='ocrx_word' id='word_1_290' title='bbox 1429 3806 1550 3864; x_wconf 86' lang='lat' dir='ltr'><strong>Jam</strong></span> <span class='ocrx_word' id='word_1_291' title='bbox 1600 3812 1647 3867; x_wconf 90' lang='lat' dir='ltr'><strong>si</strong></span> <span class='ocrx_word' id='word_1_292' title='bbox 1693 3812 1835 3868; x_wconf 85' lang='lat' dir='ltr'><strong>forte</strong></span> <span class='ocrx_word' id='word_1_293' title='bbox 1884 3814 2018 3870; x_wconf 87' lang='lat' dir='ltr'><strong>tales</strong></span> <span class='ocrx_word' id='word_1_294' title='bbox 2062 3816 2266 3872; x_wconf 91' lang='lat' dir='ltr'><strong>inventi</strong></span> 
     </span>
    </p>
   </div>
   <div class='ocr_carea' id='block_1_37' title="bbox 661 3896 2269 3974">
    <p class='ocr_par' dir='ltr' id='par_1_37' title="bbox 661 3896 2269 3974">
     <span class='ocr_line' id='line_1_37' title="bbox 661 3896 2269 3974; baseline 0.009 -23"><span class='ocrx_word' id='word_1_295' title='bbox 661 3896 876 3954; x_wconf 81' lang='lat' dir='ltr'><strong>fuerint</strong></span> <span class='ocrx_word' id='word_1_296' title='bbox 921 3898 1191 3970; x_wconf 88' lang='lat' dir='ltr'><strong>hospites,</strong></span> <span class='ocrx_word' id='word_1_297' title='bbox 1252 3902 1343 3971; x_wconf 91' lang='lat' dir='ltr'><strong>qni</strong></span> <span class='ocrx_word' id='word_1_298' title='bbox 1395 3903 1485 3957; x_wconf 94' lang='lat' dir='ltr'><strong>diu</strong></span> <span class='ocrx_word' id='word_1_299' title='bbox 1536 3906 1873 3974; x_wconf 89' lang='lat' dir='ltr'><strong>persistendo</strong></span> <span class='ocrx_word' id='word_1_300' title='bbox 1928 3906 2162 3964; x_wconf 86' lang='lat' dir='ltr'><strong>fideliter</strong></span> <span class='ocrx_word' id='word_1_301' title='bbox 2213 3922 2269 3967; x_wconf 88' lang='lat' dir='ltr'><strong>et</strong></span> 
     </span>
    </p>
   </div>
   <div class='ocr_carea' id='block_1_38' title="bbox 660 3988 2270 4070">
    <p class='ocr_par' dir='ltr' id='par_1_38' title="bbox 660 3988 2270 4070">
     <span class='ocr_line' id='line_1_38' title="bbox 660 3988 2270 4070; baseline 0.009 -27"><span class='ocrx_word' id='word_1_302' title='bbox 660 3989 855 4045; x_wconf 86' lang='lat' dir='ltr'><strong>animo</strong></span> <span class='ocrx_word' id='word_1_303' title='bbox 886 3988 1184 4047; x_wconf 84' lang='lat' dir='ltr'><strong>laborando</strong></span> <span class='ocrx_word' id='word_1_304' title='bbox 1222 3991 1585 4061; x_wconf 75' lang='lat' dir='ltr'><strong>indicaverint</strong></span> <span class='ocrx_word' id='word_1_305' title='bbox 1628 4011 1687 4052; x_wconf 89' lang='lat' dir='ltr'><strong>se</strong></span> <span class='ocrx_word' id='word_1_306' title='bbox 1716 4001 2046 4055; x_wconf 81' lang='lat' dir='ltr'><strong>monasterio</strong></span> <span class='ocrx_word' id='word_1_307' title='bbox 2080 4004 2270 4070; x_wconf 62' lang='lat' dir='ltr'><strong>pertin-</strong></span> 
     </span>
    </p>
   </div>
   <div class='ocr_carea' id='block_1_39' title="bbox 660 4088 2268 4157">
    <p class='ocr_par' dir='ltr' id='par_1_39' title="bbox 660 4088 2268 4157">
     <span class='ocr_line' id='line_1_39' title="bbox 660 4088 2268 4157; baseline 0.009 -20"><span class='ocrx_word' id='word_1_308' title='bbox 660 4098 842 4150; x_wconf 74' lang='lat' dir='ltr'><strong>mare,</strong></span> <span class='ocrx_word' id='word_1_309' title='bbox 877 4094 1172 4154; x_wconf 74' lang='lat' dir='ltr'><strong>suggerant</strong></span> <span class='ocrx_word' id='word_1_310' title='bbox 1201 4100 1389 4141; x_wconf 90' lang='lat' dir='ltr'><strong>eorum</strong></span> <span class='ocrx_word' id='word_1_311' title='bbox 1421 4088 1674 4144; x_wconf 60' lang='lat' dir='ltr'><strong>Custodes</strong></span> <span class='ocrx_word' id='word_1_312' title='bbox 1705 4091 1907 4157; x_wconf 88' lang='lat' dir='ltr'><strong>abbati,</strong></span> <span class='ocrx_word' id='word_1_313' title='bbox 1938 4100 1993 4147; x_wconf 92' lang='lat' dir='ltr'><strong>et</strong></span> <span class='ocrx_word' id='word_1_314' title='bbox 2019 4093 2160 4149; x_wconf 86' lang='lat' dir='ltr'><strong>lecta</strong></span> <span class='ocrx_word' id='word_1_315' title='bbox 2189 4096 2268 4152; x_wconf 91' lang='lat' dir='ltr'><strong>eis</strong></span> 
     </span>
    </p>
   </div>
   <div class='ocr_carea' id='block_1_40' title="bbox 661 4179 2265 4260">
    <p class='ocr_par' dir='ltr' id='par_1_40' title="bbox 661 4179 2265 4260">
     <span class='ocr_line' id='line_1_40' title="bbox 661 4179 2265 4260; baseline 0.008 -25"><span class='ocrx_word' id='word_1_316' title='bbox 661 4179 881 4249; x_wconf 75' lang='lat' dir='ltr'><strong>regula,</strong></span> <span class='ocrx_word' id='word_1_317' title='bbox 918 4180 1137 4236; x_wconf 77' lang='lat' dir='ltr'><strong>videant</strong></span> <span class='ocrx_word' id='word_1_318' title='bbox 1165 4190 1301 4252; x_wconf 80' lang='lat' dir='ltr'><strong>quot</strong></span> <span class='ocrx_word' id='word_1_319' title='bbox 1327 4183 1443 4239; x_wconf 86' lang='lat' dir='ltr'><strong>dies</strong></span> <span class='ocrx_word' id='word_1_320' title='bbox 1465 4184 1577 4253; x_wconf 77' lang='lat' dir='ltr'><strong>jam</strong></span> <span class='ocrx_word' id='word_1_321' title='bbox 1608 4185 1804 4241; x_wconf 83' lang='lat' dir='ltr'><strong>habent</strong></span> <span class='ocrx_word' id='word_1_322' title='bbox 1830 4188 1882 4242; x_wconf 93' lang='lat' dir='ltr'><strong>in</strong></span> <span class='ocrx_word' id='word_1_323' title='bbox 1908 4192 2265 4260; x_wconf 89' lang='lat' dir='ltr'><strong>monasterio,</strong></span> 
     </span>
    </p>
   </div>
   <div class='ocr_carea' id='block_1_41' title="bbox 657 4273 2266 4341">
    <p class='ocr_par' dir='ltr' id='par_1_41' title="bbox 657 4273 2266 4341">
     <span class='ocr_line' id='line_1_41' title="bbox 657 4273 2266 4341; baseline 0.008 -12"><span class='ocrx_word' id='word_1_324' title='bbox 657 4283 717 4329; x_wconf 91' lang='lat' dir='ltr'><strong>et</strong></span> <span class='ocrx_word' id='word_1_325' title='bbox 748 4273 956 4330; x_wconf 75' lang='lat' dir='ltr'><strong>residui</strong></span> <span class='ocrx_word' id='word_1_326' title='bbox 984 4274 1100 4330; x_wconf 85' lang='lat' dir='ltr'><strong>dies</strong></span> <span class='ocrx_word' id='word_1_327' title='bbox 1125 4274 1197 4331; x_wconf 90' lang='lat' dir='ltr'><strong>de</strong></span> <span class='ocrx_word' id='word_1_328' title='bbox 1239 4276 1471 4333; x_wconf 78' lang='lat' dir='ltr'><strong>induciis</strong></span> <span class='ocrx_word' id='word_1_329' title='bbox 1498 4278 1578 4332; x_wconf 81' lang='lat' dir='ltr'><strong>eis</strong></span> <span class='ocrx_word' id='word_1_330' title='bbox 1600 4278 1667 4333; x_wconf 83' lang='lat' dir='ltr'><strong>ad</strong></span> <span class='ocrx_word' id='word_1_331' title='bbox 1702 4282 2041 4337; x_wconf 80' lang='lat' dir='ltr'><strong>tractandum</strong></span> <span class='ocrx_word' id='word_1_332' title='bbox 2079 4299 2266 4341; x_wconf 88' lang='lat' dir='ltr'><strong>secum</strong></span> 
     </span>
    </p>
   </div>
   <div class='ocr_carea' id='block_1_42' title="bbox 658 4364 2265 4439">
    <p class='ocr_par' dir='ltr' id='par_1_42' title="bbox 658 4364 2265 4439">
     <span class='ocr_line' id='line_1_42' title="bbox 658 4364 2265 4439; baseline 0.007 -16"><span class='ocrx_word' id='word_1_333' title='bbox 658 4366 951 4423; x_wconf 84' lang='lat' dir='ltr'><strong>cedantur.</strong></span> <span class='ocrx_word' id='word_1_334' title='bbox 985 4364 1054 4422; x_wconf 86' lang='lat' dir='ltr'><strong>Et</strong></span> <span class='ocrx_word' id='word_1_335' title='bbox 1073 4382 1193 4423; x_wconf 82' lang='lat' dir='ltr'><strong>cum</strong></span> <span class='ocrx_word' id='word_1_336' title='bbox 1217 4368 1417 4439; x_wconf 76' lang='lat' dir='ltr'><strong>expleti</strong></span> <span class='ocrx_word' id='word_1_337' title='bbox 1442 4368 1644 4425; x_wconf 83' lang='lat' dir='ltr'><strong>fuerint</strong></span> <span class='ocrx_word' id='word_1_338' title='bbox 1669 4373 2087 4431; x_wconf 80' lang='lat' dir='ltr'><strong>constitutarum</strong></span> <span class='ocrx_word' id='word_1_339' title='bbox 2122 4378 2265 4434; x_wconf 85' lang='lat' dir='ltr'><strong>indi-</strong></span> 
     </span>
    </p>
   </div>
   <div class='ocr_carea' id='block_1_43' title="bbox 657 4458 2259 4539">
    <p class='ocr_par' dir='ltr' id='par_1_43' title="bbox 657 4458 2259 4539">
     <span class='ocr_line' id='line_1_43' title="bbox 657 4458 2259 4539; baseline 0.007 -25"><span class='ocrx_word' id='word_1_340' title='bbox 657 4459 876 4514; x_wconf 80' lang='lat' dir='ltr'><strong>ciarum</strong></span> <span class='ocrx_word' id='word_1_341' title='bbox 906 4458 1043 4527; x_wconf 86' lang='lat' dir='ltr'><strong>dies,</strong></span> <span class='ocrx_word' id='word_1_342' title='bbox 1074 4466 1131 4515; x_wconf 90' lang='lat' dir='ltr'><strong>et</strong></span> <span class='ocrx_word' id='word_1_343' title='bbox 1156 4468 1287 4517; x_wconf 85' lang='lat' dir='ltr'><strong>tunc</strong></span> <span class='ocrx_word' id='word_1_344' title='bbox 1313 4459 1530 4517; x_wconf 89' lang='lat' dir='ltr'><strong>demum</strong></span> <span class='ocrx_word' id='word_1_345' title='bbox 1562 4464 1607 4517; x_wconf 87' lang='lat' dir='ltr'><strong>si</strong></span> <span class='ocrx_word' id='word_1_346' title='bbox 1638 4463 1855 4534; x_wconf 82' lang='lat' dir='ltr'><strong>placent</strong></span> <span class='ocrx_word' id='word_1_347' title='bbox 1896 4469 1974 4522; x_wconf 87' lang='lat' dir='ltr'><strong>eis</strong></span> <span class='ocrx_word' id='word_1_348' title='bbox 2017 4464 2259 4539; x_wconf 79' lang='lat' dir='ltr'><strong>probatae</strong></span> 
     </span>
    </p>
   </div>
   <div class='ocr_carea' id='block_1_44' title="bbox 656 4550 2261 4625">
    <p class='ocr_par' dir='ltr' id='par_1_44' title="bbox 656 4550 2261 4625">
     <span class='ocr_line' id='line_1_44' title="bbox 656 4550 2261 4625; baseline 0.008 -18"><span class='ocrx_word' id='word_1_349' title='bbox 656 4552 787 4607; x_wconf 60' lang='lat' dir='ltr'><strong>vita</strong></span> <span class='ocrx_word' id='word_1_350' title='bbox 811 4550 903 4606; x_wconf 90' lang='lat' dir='ltr'><strong>vel</strong></span> <span class='ocrx_word' id='word_1_351' title='bbox 921 4552 1120 4621; x_wconf 64' lang='lat' dir='ltr'><strong>regula</strong></span> <span class='ocrx_word' id='word_1_352' title='bbox 1139 4553 1456 4625; x_wconf 80' lang='lat' dir='ltr'><strong>disciplinae,</strong></span> <span class='ocrx_word' id='word_1_353' title='bbox 1484 4557 1626 4613; x_wconf 85' lang='lat' dir='ltr'><strong>sicut</strong></span> <span class='ocrx_word' id='word_1_354' title='bbox 1644 4556 1715 4614; x_wconf 91' lang='lat' dir='ltr'><strong>de</strong></span> <span class='ocrx_word' id='word_1_355' title='bbox 1737 4556 2010 4616; x_wconf 75' lang='lat' dir='ltr'><strong>firmandis</strong></span> <span class='ocrx_word' id='word_1_356' title='bbox 2038 4578 2261 4621; x_wconf 87' lang='lat' dir='ltr'><strong>monas-</strong></span> 
     </span>
    </p>
   </div>
   <div class='ocr_carea' id='block_1_45' title="bbox 2170 428 2469 491">
    <p class='ocr_par' dir='ltr' id='par_1_45' title="bbox 2170 428 2469 491">
     <span class='ocr_line' id='line_1_45' title="bbox 2170 428 2469 491; baseline -0.007 -2"><span class='ocrx_word' id='word_1_357' title='bbox 2170 428 2469 491; x_wconf 72' lang='lat' dir='ltr'><strong>RBGULA.</strong></span> 
     </span>
    </p>
   </div>
   <div class='ocr_carea' id='block_1_46' title="bbox 679 539 2355 631">
    <p class='ocr_par' dir='ltr' id='par_1_46' title="bbox 679 539 2355 631">
     <span class='ocr_line' id='line_1_46' title="bbox 679 539 2355 631; baseline -0.007 -18"><span class='ocrx_word' id='word_1_358' title='bbox 679 558 867 631; x_wconf 75' lang='lat' dir='ltr'><strong>grinos</strong></span> <span class='ocrx_word' id='word_1_359' title='bbox 891 569 962 610; x_wconf 81' lang='lat' dir='ltr'><strong>ex</strong></span> <span class='ocrx_word' id='word_1_360' title='bbox 994 554 1290 625; x_wconf 89' lang='lat' dir='ltr'><strong>improviso</strong></span> <span class='ocrx_word' id='word_1_361' title='bbox 1320 548 1632 610; x_wconf 85' lang='lat' dir='ltr'><strong>custodiant</strong></span> <span class='ocrx_word' id='word_1_362' title='bbox 1667 567 1682 607; x_wconf 91' lang='lat'><strong>:</strong></span> <span class='ocrx_word' id='word_1_363' title='bbox 1714 549 1956 621; x_wconf 90' lang='lat' dir='ltr'><strong>quandiu</strong></span> <span class='ocrx_word' id='word_1_364' title='bbox 1987 561 2175 603; x_wconf 91' lang='lat' dir='ltr'><strong>omnes</strong></span> <span class='ocrx_word' id='word_1_365' title='bbox 2205 539 2273 602; x_wconf 90' lang='lat' dir='ltr'><strong>de</strong></span> <span class='ocrx_word' id='word_1_366' title='bbox 2301 553 2355 612; x_wconf 71' lang='grc' dir='ltr'><strong>Α</strong></span> 
     </span>
    </p>
   </div>
   <div class='ocr_carea' id='block_1_47' title="bbox 3837 434 3978 496">
    <p class='ocr_par' dir='ltr' id='par_1_47' title="bbox 3837 434 3978 496">
     <span class='ocr_line' id='line_1_47' title="bbox 3837 434 3978 496; baseline 0.014 -2"><span class='ocrx_word' id='word_1_367' title='bbox 3837 434 3978 496; x_wconf 71' lang='lat' dir='ltr'><strong>tceo</strong></span> 
     </span>
    </p>
   </div>
   <div class='ocr_carea' id='block_1_48' title="bbox 2932 542 3421 603">
    <p class='ocr_par' dir='ltr' id='par_1_48' title="bbox 2932 542 3421 603">
     <span class='ocr_line' id='line_1_48' title="bbox 2932 542 3421 603; baseline 0.004 -2"><span class='ocrx_word' id='word_1_368' title='bbox 2932 542 3166 601; x_wconf 70' lang='lat' dir='ltr'><strong>CAPUT</strong></span> <span class='ocrx_word' id='word_1_369' title='bbox 3207 544 3421 603; x_wconf 69' lang='lat' dir='ltr'><strong>LXXX.</strong></span> 
     </span>
    </p>
   </div>
   <div class='ocr_carea' id='block_1_49' title="bbox 2819 668 3534 719">
    <p class='ocr_par' dir='ltr' id='par_1_49' title="bbox 2819 668 3534 719">
     <span class='ocr_line' id='line_1_49' title="bbox 2819 668 3534 719; baseline 0.004 -6"><span class='ocrx_word' id='word_1_370' title='bbox 2819 669 3216 719; x_wconf 70' lang='lat' dir='ltr'><strong>INTERROGATID</strong></span> <span class='ocrx_word' id='word_1_371' title='bbox 3257 668 3534 717; x_wconf 67' lang='lat' dir='ltr'><strong>DlSClPl‘Ll.</strong></span> 
     </span>
    </p>
   </div>
   <div class='ocr_carea' id='block_1_50' title="bbox 2381 769 3969 899">
    <p class='ocr_par' dir='ltr' id='par_1_50' title="bbox 2381 769 3969 899">
     <span class='ocr_line' id='line_1_50' title="bbox 2381 769 3969 899; baseline 0.004 -70"><span class='ocrx_word' id='word_1_372' title='bbox 2381 769 2580 829; x_wconf 81' lang='lat' dir='ltr'><strong>Polluti</strong></span> <span class='ocrx_word' id='word_1_373' title='bbox 2615 791 2707 845; x_wconf 83' lang='lat' dir='ltr'><strong>per</strong></span> <span class='ocrx_word' id='word_1_374' title='bbox 2733 788 2972 829; x_wconf 79' lang='lat' dir='ltr'><strong>somnum</strong></span> <span class='ocrx_word' id='word_1_375' title='bbox 3011 774 3201 899; x_wconf 42' lang='lat' dir='ltr'><strong>{rgias</strong></span> <span class='ocrx_word' id='word_1_376' title='bbox 3229 774 3275 829; x_wconf 79' lang='lat' dir='ltr'><strong>si</strong></span> <span class='ocrx_word' id='word_1_377' title='bbox 3305 769 3525 830; x_wconf 83' lang='lat' dir='ltr'><strong>debeant</strong></span> <span class='ocrx_word' id='word_1_378' title='bbox 3553 794 3938 835; x_wconf 75' lang='lat' dir='ltr'><strong>communicare</strong></span> <span class='ocrx_word' id='word_1_379' title='bbox 3957 825 3969 846; x_wconf 89' lang='lat'><strong>,</strong></span> 
     </span>
     <span class='ocr_line' id='line_1_51' title="bbox 3171 862 3299 899; baseline 0 0"><span class='ocrx_word' id='word_1_380' title='bbox 3171 862 3299 899; x_wconf 79' lang='lat' dir='ltr'><strong>non.</strong></span> 
     </span>
    </p>
   </div>
   <div class='ocr_carea' id='block_1_51' title="bbox 3171 862 3299 900">
    <p class='ocr_par' dir='ltr' id='par_1_51' title="bbox 3171 862 3299 900">
     <span class='ocr_line' id='line_1_52' title="bbox 3171 862 3299 900; baseline 0.008 -1"><span class='ocrx_word' id='word_1_381' title='bbox 3171 862 3299 900; x_wconf 84' lang='lat' dir='ltr'><strong>non.</strong></span> 
     </span>
    </p>
   </div>
   <div class='ocr_carea' id='block_1_52' title="bbox 2644 967 3706 1018">
    <p class='ocr_par' dir='ltr' id='par_1_52' title="bbox 2644 967 3706 1018">
     <span class='ocr_line' id='line_1_53' title="bbox 2644 967 3706 1018; baseline 0.005 -5"><span class='ocrx_word' id='word_1_382' title='bbox 2644 974 2951 1014; x_wconf 73' lang='lat' dir='ltr'><strong>nesrouuer</strong></span> <span class='ocrx_word' id='word_1_383' title='bbox 2991 967 3224 1015; x_wconf 70' lang='lat' dir='ltr'><strong>animus</strong></span> <span class='ocrx_word' id='word_1_384' title='bbox 3260 976 3361 1016; x_wconf 73' lang='lat' dir='ltr'><strong>res</strong></span> <span class='ocrx_word' id='word_1_385' title='bbox 3398 969 3706 1018; x_wconf 72' lang='lat' dir='ltr'><strong>Iactsrncn</strong></span> 
     </span>
    </p>
   </div>
   <div class='ocr_carea' id='block_1_53' title="bbox 2451 1071 3974 1147">
    <p class='ocr_par' dir='ltr' id='par_1_53' title="bbox 2451 1071 3974 1147">
     <span class='ocr_line' id='line_1_54' title="bbox 2451 1071 3974 1147; baseline 0.005 -20"><span class='ocrx_word' id='word_1_386' title='bbox 2451 1071 2669 1129; x_wconf 84' lang='lat' dir='ltr'><strong>Fratres</strong></span> <span class='ocrx_word' id='word_1_387' title='bbox 2692 1073 2869 1145; x_wconf 87' lang='lat' dir='ltr'><strong>quise</strong></span> <span class='ocrx_word' id='word_1_388' title='bbox 2894 1071 3206 1131; x_wconf 90' lang='lat' dir='ltr'><strong>immundos</strong></span> <span class='ocrx_word' id='word_1_389' title='bbox 3234 1089 3331 1145; x_wconf 91' lang='lat' dir='ltr'><strong>per</strong></span> <span class='ocrx_word' id='word_1_390' title='bbox 3359 1091 3608 1133; x_wconf 89' lang='lat' dir='ltr'><strong>somnum</strong></span> <span class='ocrx_word' id='word_1_391' title='bbox 3636 1081 3974 1147; x_wconf 82' lang='lat' dir='ltr'><strong>agnoverint,</strong></span> 
     </span>
    </p>
   </div>
   <div class='ocr_carea' id='block_1_54' title="bbox 2379 1166 3976 1245">
    <p class='ocr_par' dir='ltr' id='par_1_54' title="bbox 2379 1166 3976 1245">
     <span class='ocr_line' id='line_1_55' title="bbox 2379 1166 3976 1245; baseline 0.003 -20"><span class='ocrx_word' id='word_1_392' title='bbox 2379 1176 2589 1226; x_wconf 86' lang='lat' dir='ltr'><strong>secrete</strong></span> <span class='ocrx_word' id='word_1_393' title='bbox 2618 1178 2749 1226; x_wconf 85' lang='lat' dir='ltr'><strong>ante</strong></span> <span class='ocrx_word' id='word_1_394' title='bbox 2777 1166 2923 1225; x_wconf 86' lang='lat' dir='ltr'><strong>fores</strong></span> <span class='ocrx_word' id='word_1_395' title='bbox 2948 1170 3197 1237; x_wconf 88' lang='lat' dir='ltr'><strong>oratorii,</strong></span> <span class='ocrx_word' id='word_1_396' title='bbox 3229 1178 3522 1241; x_wconf 86' lang='lat' dir='ltr'><strong>antequam</strong></span> <span class='ocrx_word' id='word_1_397' title='bbox 3555 1173 3621 1227; x_wconf 92' lang='lat' dir='ltr'><strong>ad</strong></span> <span class='ocrx_word' id='word_1_398' title='bbox 3654 1172 3800 1228; x_wconf 86' lang='lat' dir='ltr'><strong>illam</strong></span> <span class='ocrx_word' id='word_1_399' title='bbox 3831 1175 3976 1245; x_wconf 88' lang='lat' dir='ltr'><strong>psal-</strong></span> 
     </span>
    </p>
   </div>
   <div class='ocr_carea' id='block_1_55' title="bbox 2378 1261 3967 1332">
    <p class='ocr_par' dir='ltr' id='par_1_55' title="bbox 2378 1261 3967 1332">
     <span class='ocr_line' id='line_1_56' title="bbox 2378 1261 3967 1332; baseline 0.003 -15"><span class='ocrx_word' id='word_1_400' title='bbox 2378 1261 2519 1318; x_wconf 90' lang='lat' dir='ltr'><strong>lendi</strong></span> <span class='ocrx_word' id='word_1_401' title='bbox 2564 1261 2756 1317; x_wconf 87' lang='lat' dir='ltr'><strong>horam</strong></span> <span class='ocrx_word' id='word_1_402' title='bbox 2799 1261 3024 1328; x_wconf 87' lang='lat' dir='ltr'><strong>intrent,</strong></span> <span class='ocrx_word' id='word_1_403' title='bbox 3056 1276 3164 1332; x_wconf 90' lang='lat' dir='ltr'><strong>qua</strong></span> <span class='ocrx_word' id='word_1_404' title='bbox 3193 1262 3373 1318; x_wconf 88' lang='lat' dir='ltr'><strong>solent</strong></span> <span class='ocrx_word' id='word_1_405' title='bbox 3401 1264 3827 1331; x_wconf 89' lang='lat' dir='ltr'><strong>communicare,</strong></span> <span class='ocrx_word' id='word_1_406' title='bbox 3867 1266 3967 1320; x_wconf 83' lang='lat' dir='ltr'><strong>ab-</strong></span> 
     </span>
    </p>
   </div>
   <div class='ocr_carea' id='block_1_56' title="bbox 2379 1354 3979 1425">
    <p class='ocr_par' dir='ltr' id='par_1_56' title="bbox 2379 1354 3979 1425">
     <span class='ocr_line' id='line_1_57' title="bbox 2379 1354 3979 1425; baseline 0.001 -14"><span class='ocrx_word' id='word_1_407' title='bbox 2379 1356 2491 1412; x_wconf 88' lang='lat' dir='ltr'><strong>bati</strong></span> <span class='ocrx_word' id='word_1_408' title='bbox 2537 1356 2605 1411; x_wconf 88' lang='lat' dir='ltr'><strong>ad</strong></span> <span class='ocrx_word' id='word_1_409' title='bbox 2633 1369 2809 1425; x_wconf 87' lang='lat' dir='ltr'><strong>genua</strong></span> <span class='ocrx_word' id='word_1_410' title='bbox 2846 1354 3116 1412; x_wconf 89' lang='lat' dir='ltr'><strong>incurvati</strong></span> <span class='ocrx_word' id='word_1_411' title='bbox 3147 1354 3510 1411; x_wconf 88' lang='lat' dir='ltr'><strong>confiteantur</strong></span> <span class='ocrx_word' id='word_1_412' title='bbox 3538 1356 3641 1411; x_wconf 92' lang='lat' dir='ltr'><strong>hoc</strong></span> <span class='ocrx_word' id='word_1_413' title='bbox 3672 1356 3847 1425; x_wconf 87' lang='lat' dir='ltr'><strong>ipsum</strong></span> <span class='ocrx_word' id='word_1_414' title='bbox 3879 1375 3891 1412; x_wconf 89' lang='lat'><strong>:</strong></span> <span class='ocrx_word' id='word_1_415' title='bbox 3924 1366 3979 1413; x_wconf 85' lang='lat' dir='ltr'><strong>et</strong></span> 
     </span>
    </p>
   </div>
   <div class='ocr_carea' id='block_1_57' title="bbox 2379 1441 3979 1523">
    <p class='ocr_par' dir='ltr' id='par_1_57' title="bbox 2379 1441 3979 1523">
     <span class='ocr_line' id='line_1_58' title="bbox 2379 1441 3979 1523; baseline 0.003 -18"><span class='ocrx_word' id='word_1_416' title='bbox 2379 1458 2508 1508; x_wconf 86' lang='lat' dir='ltr'><strong>tunc</strong></span> <span class='ocrx_word' id='word_1_417' title='bbox 2538 1450 2707 1507; x_wconf 84' lang='lat' dir='ltr'><strong>abbas</strong></span> <span class='ocrx_word' id='word_1_418' title='bbox 2736 1441 3083 1521; x_wconf 83' lang='lat' dir='ltr'><strong>interrogans</strong></span> <span class='ocrx_word' id='word_1_419' title='bbox 3106 1464 3221 1516; x_wconf 86' lang='lat' dir='ltr'><strong>eos,</strong></span> <span class='ocrx_word' id='word_1_420' title='bbox 3267 1450 3393 1519; x_wconf 88' lang='lat' dir='ltr'><strong>quid</strong></span> <span class='ocrx_word' id='word_1_421' title='bbox 3440 1451 3720 1521; x_wconf 88' lang='lat' dir='ltr'><strong>potuerint</strong></span> <span class='ocrx_word' id='word_1_422' title='bbox 3748 1454 3979 1523; x_wconf 89' lang='lat' dir='ltr'><strong>turpiter</strong></span> 
     </span>
    </p>
   </div>
   <div class='ocr_carea' id='block_1_58' title="bbox 2376 1542 3979 1615">
    <p class='ocr_par' dir='ltr' id='par_1_58' title="bbox 2376 1542 3979 1615">
     <span class='ocr_line' id='line_1_59' title="bbox 2376 1542 3979 1615; baseline -0.001 -14"><span class='ocrx_word' id='word_1_423' title='bbox 2376 1544 2617 1615; x_wconf 87' lang='lat' dir='ltr'><strong>cogitare</strong></span> <span class='ocrx_word' id='word_1_424' title='bbox 2649 1545 2903 1599; x_wconf 90' lang='lat' dir='ltr'><strong>hesterna</strong></span> <span class='ocrx_word' id='word_1_425' title='bbox 2948 1542 3003 1597; x_wconf 93' lang='lat' dir='ltr'><strong>in</strong></span> <span class='ocrx_word' id='word_1_426' title='bbox 3042 1542 3151 1610; x_wconf 89' lang='lat' dir='ltr'><strong>die,</strong></span> <span class='ocrx_word' id='word_1_427' title='bbox 3187 1549 3243 1597; x_wconf 95' lang='lat' dir='ltr'><strong>ut</strong></span> <span class='ocrx_word' id='word_1_428' title='bbox 3273 1543 3353 1598; x_wconf 90' lang='lat' dir='ltr'><strong>eis</strong></span> <span class='ocrx_word' id='word_1_429' title='bbox 3398 1558 3694 1598; x_wconf 89' lang='lat' dir='ltr'><strong>consensus</strong></span> <span class='ocrx_word' id='word_1_430' title='bbox 3741 1543 3979 1599; x_wconf 80' lang='lat' dir='ltr'><strong>libidinis</strong></span> 
     </span>
    </p>
   </div>
   <div class='ocr_carea' id='block_1_59' title="bbox 2376 1636 3975 1707">
    <p class='ocr_par' dir='ltr' id='par_1_59' title="bbox 2376 1636 3975 1707">
     <span class='ocr_line' id='line_1_60' title="bbox 2376 1636 3975 1707; baseline -0.003 -12"><span class='ocrx_word' id='word_1_431' title='bbox 2376 1639 2618 1695; x_wconf 83' lang='lat' dir='ltr'><strong>venisset</strong></span> <span class='ocrx_word' id='word_1_432' title='bbox 2648 1638 2701 1694; x_wconf 91' lang='lat' dir='ltr'><strong>in</strong></span> <span class='ocrx_word' id='word_1_433' title='bbox 2734 1648 2915 1693; x_wconf 86' lang='lat' dir='ltr'><strong>nocte.</strong></span> <span class='ocrx_word' id='word_1_434' title='bbox 2968 1637 3036 1691; x_wconf 85' lang='lat' dir='ltr'><strong>Et</strong></span> <span class='ocrx_word' id='word_1_435' title='bbox 3079 1636 3122 1692; x_wconf 91' lang='lat' dir='ltr'><strong>si</strong></span> <span class='ocrx_word' id='word_1_436' title='bbox 3168 1636 3337 1692; x_wconf 85' lang='lat' dir='ltr'><strong>frater</strong></span> <span class='ocrx_word' id='word_1_437' title='bbox 3375 1637 3548 1706; x_wconf 87' lang='lat' dir='ltr'><strong>magis</strong></span> <span class='ocrx_word' id='word_1_438' title='bbox 3584 1637 3841 1707; x_wconf 80' lang='lat' dir='ltr'><strong>spiritalis</strong></span> <span class='ocrx_word' id='word_1_439' title='bbox 3871 1647 3975 1705; x_wconf 90' lang='lat' dir='ltr'><strong>est,</strong></span> 
     </span>
    </p>
   </div>
   <div class='ocr_carea' id='block_1_60' title="bbox 2378 1728 3979 1800">
    <p class='ocr_par' dir='ltr' id='par_1_60' title="bbox 2378 1728 3979 1800">
     <span class='ocr_line' id='line_1_61' title="bbox 2378 1728 3979 1800; baseline -0.001 -14"><span class='ocrx_word' id='word_1_440' title='bbox 2378 1746 2488 1786; x_wconf 89' lang='lat' dir='ltr'><strong>non</strong></span> <span class='ocrx_word' id='word_1_441' title='bbox 2516 1730 2806 1786; x_wconf 89' lang='lat' dir='ltr'><strong>erubescat</strong></span> <span class='ocrx_word' id='word_1_442' title='bbox 2834 1728 3083 1784; x_wconf 80' lang='lat' dir='ltr'><strong>confiteri</strong></span> <span class='ocrx_word' id='word_1_443' title='bbox 3123 1728 3325 1783; x_wconf 89' lang='lat' dir='ltr'><strong>malum</strong></span> <span class='ocrx_word' id='word_1_444' title='bbox 3356 1728 3512 1793; x_wconf 89' lang='lat' dir='ltr'><strong>illud,</strong></span> <span class='ocrx_word' id='word_1_445' title='bbox 3547 1729 3979 1800; x_wconf 56' lang='lat' dir='ltr'><strong>sicut‘superiori</strong></span> 
     </span>
    </p>
   </div>
   <div class='ocr_carea' id='block_1_61' title="bbox 2378 1820 3979 1890">
    <p class='ocr_par' dir='ltr' id='par_1_61' title="bbox 2378 1820 3979 1890">
     <span class='ocr_line' id='line_1_62' title="bbox 2378 1820 3979 1890; baseline 0.001 -13"><span class='ocrx_word' id='word_1_446' title='bbox 2378 1822 2539 1877; x_wconf 89' lang='lat' dir='ltr'><strong>titulo</strong></span> <span class='ocrx_word' id='word_1_447' title='bbox 2579 1822 2834 1888; x_wconf 80' lang='lat' dir='ltr'><strong>diximus,</strong></span> <span class='ocrx_word' id='word_1_448' title='bbox 2884 1820 2930 1876; x_wconf 91' lang='lat' dir='ltr'><strong>si</strong></span> <span class='ocrx_word' id='word_1_449' title='bbox 2976 1820 3123 1890; x_wconf 90' lang='lat' dir='ltr'><strong>cupit</strong></span> <span class='ocrx_word' id='word_1_450' title='bbox 3169 1821 3402 1876; x_wconf 90' lang='lat' dir='ltr'><strong>animam</strong></span> <span class='ocrx_word' id='word_1_451' title='bbox 3452 1836 3607 1877; x_wconf 89' lang='lat' dir='ltr'><strong>suam</strong></span> <span class='ocrx_word' id='word_1_452' title='bbox 3655 1821 3869 1877; x_wconf 87' lang='lat' dir='ltr'><strong>salvare</strong></span> <span class='ocrx_word' id='word_1_453' title='bbox 3913 1822 3979 1879; x_wconf 85' lang='lat' dir='ltr'><strong>do</strong></span> 
     </span>
    </p>
   </div>
   <div class='ocr_carea' id='block_1_62' title="bbox 2616 1914 3975 1985">
    <p class='ocr_par' dir='ltr' id='par_1_62' title="bbox 2616 1914 3975 1985">
     <span class='ocr_line' id='line_1_63' title="bbox 2616 1914 3975 1985; baseline 0.001 -16"><span class='ocrx_word' id='word_1_454' title='bbox 2616 1914 2761 1985; x_wconf 90' lang='lat' dir='ltr'><strong>quod</strong></span> <span class='ocrx_word' id='word_1_455' title='bbox 2792 1914 2959 1970; x_wconf 86' lang='lat' dir='ltr'><strong>abbas</strong></span> <span class='ocrx_word' id='word_1_456' title='bbox 3004 1914 3177 1983; x_wconf 85' lang='lat' dir='ltr'><strong>possit</strong></span> <span class='ocrx_word' id='word_1_457' title='bbox 3225 1915 3618 1970; x_wconf 79' lang='lat' dir='ltr'><strong>monitionibus</strong></span> <span class='ocrx_word' id='word_1_458' title='bbox 3662 1916 3975 1971; x_wconf 86' lang='lat' dir='ltr'><strong>emendare.</strong></span> 
     </span>
    </p>
   </div>
   <div class='ocr_carea' id='block_1_63' title="bbox 2379 2006 3975 2082">
    <p class='ocr_par' dir='ltr' id='par_1_63' title="bbox 2379 2006 3975 2082">
     <span class='ocr_line' id='line_1_64' title="bbox 2379 2006 3975 2082; baseline 0.003 -21"><span class='ocrx_word' id='word_1_459' title='bbox 2379 2007 2583 2062; x_wconf 89' lang='lat' dir='ltr'><strong>Tamen</strong></span> <span class='ocrx_word' id='word_1_460' title='bbox 2616 2006 2781 2063; x_wconf 92' lang='lat' dir='ltr'><strong>biduo</strong></span> <span class='ocrx_word' id='word_1_461' title='bbox 2808 2022 2868 2063; x_wconf 91' lang='lat' dir='ltr'><strong>se</strong></span> <span class='ocrx_word' id='word_1_462' title='bbox 2899 2022 2929 2061; x_wconf 92' lang='lat' dir='ltr'><strong>a</strong></span> <span class='ocrx_word' id='word_1_463' title='bbox 2958 2007 3360 2063; x_wconf 90' lang='lat' dir='ltr'><strong>communionis</strong></span> <span class='ocrx_word' id='word_1_464' title='bbox 3389 2009 3708 2078; x_wconf 79' lang='lat' dir='ltr'><strong>acceptione</strong></span> <span class='ocrx_word' id='word_1_465' title='bbox 3733 2024 3975 2082; x_wconf 87' lang='lat' dir='ltr'><strong>suspen-</strong></span> 
     </span>
    </p>
   </div>
   <div class='ocr_carea' id='block_1_64' title="bbox 2377 2097 3978 2167">
    <p class='ocr_par' dir='ltr' id='par_1_64' title="bbox 2377 2097 3978 2167">
     <span class='ocr_line' id='line_1_65' title="bbox 2377 2097 3978 2167; baseline 0.003 -14"><span class='ocrx_word' id='word_1_466' title='bbox 2377 2098 2528 2165; x_wconf 91' lang='lat' dir='ltr'><strong>dant,</strong></span> <span class='ocrx_word' id='word_1_467' title='bbox 2559 2106 2617 2153; x_wconf 92' lang='lat' dir='ltr'><strong>nt</strong></span> <span class='ocrx_word' id='word_1_468' title='bbox 2641 2097 2753 2167; x_wconf 87' lang='lat' dir='ltr'><strong>jam</strong></span> <span class='ocrx_word' id='word_1_469' title='bbox 2787 2098 2943 2153; x_wconf 86' lang='lat' dir='ltr'><strong>tertia</strong></span> <span class='ocrx_word' id='word_1_470' title='bbox 2986 2098 3076 2153; x_wconf 92' lang='lat' dir='ltr'><strong>die</strong></span> <span class='ocrx_word' id='word_1_471' title='bbox 3124 2099 3317 2154; x_wconf 91' lang='lat' dir='ltr'><strong>mundi</strong></span> <span class='ocrx_word' id='word_1_472' title='bbox 3360 2101 3785 2157; x_wconf 89' lang='lat' dir='ltr'><strong>communicent.</strong></span> <span class='ocrx_word' id='word_1_473' title='bbox 3819 2100 3978 2158; x_wconf 81' lang='lat' dir='ltr'><strong>Tales</strong></span> 
     </span>
    </p>
   </div>
   <div class='ocr_carea' id='block_1_65' title="bbox 2377 2188 3976 2262">
    <p class='ocr_par' dir='ltr' id='par_1_65' title="bbox 2377 2188 3976 2262">
     <span class='ocr_line' id='line_1_66' title="bbox 2377 2188 3976 2262; baseline 0.004 -18"><span class='ocrx_word' id='word_1_474' title='bbox 2377 2192 2520 2245; x_wconf 91' lang='lat' dir='ltr'><strong>enim</strong></span> <span class='ocrx_word' id='word_1_475' title='bbox 2551 2188 2745 2247; x_wconf 88' lang='lat' dir='ltr'><strong>fratres</strong></span> <span class='ocrx_word' id='word_1_476' title='bbox 2771 2191 2862 2262; x_wconf 91' lang='lat' dir='ltr'><strong>qui</strong></span> <span class='ocrx_word' id='word_1_477' title='bbox 2884 2190 3201 2261; x_wconf 89' lang='lat' dir='ltr'><strong>frequenter</strong></span> <span class='ocrx_word' id='word_1_478' title='bbox 3221 2192 3552 2258; x_wconf 85' lang='lat' dir='ltr'><strong>exstiterint,</strong></span> <span class='ocrx_word' id='word_1_479' title='bbox 3581 2194 3757 2250; x_wconf 90' lang='lat' dir='ltr'><strong>sciant</strong></span> <span class='ocrx_word' id='word_1_480' title='bbox 3785 2210 3844 2250; x_wconf 90' lang='lat' dir='ltr'><strong>se</strong></span> <span class='ocrx_word' id='word_1_481' title='bbox 3867 2211 3976 2251; x_wconf 87' lang='lat' dir='ltr'><strong>non</strong></span> 
     </span>
    </p>
   </div>
   <div class='ocr_carea' id='block_1_66' title="bbox 2377 2282 3974 2347">
    <p class='ocr_par' dir='ltr' id='par_1_66' title="bbox 2377 2282 3974 2347">
     <span class='ocr_line' id='line_1_67' title="bbox 2377 2282 3974 2347; baseline 0.004 -10"><span class='ocrx_word' id='word_1_482' title='bbox 2377 2283 2687 2347; x_wconf 88' lang='lat' dir='ltr'><strong>occasione,</strong></span> <span class='ocrx_word' id='word_1_483' title='bbox 2722 2282 2819 2339; x_wconf 87' lang='lat' dir='ltr'><strong>sed</strong></span> <span class='ocrx_word' id='word_1_484' title='bbox 2849 2284 3133 2341; x_wconf 89' lang='lat' dir='ltr'><strong>voluntate</strong></span> <span class='ocrx_word' id='word_1_485' title='bbox 3171 2300 3271 2341; x_wconf 88' lang='lat' dir='ltr'><strong>sua</strong></span> <span class='ocrx_word' id='word_1_486' title='bbox 3319 2286 3423 2342; x_wconf 81' lang='lat' dir='ltr'><strong>sibi</strong></span> <span class='ocrx_word' id='word_1_487' title='bbox 3455 2288 3974 2344; x_wconf 79' lang='lat' dir='ltr'><strong>excommunicatio-</strong></span> 
     </span>
    </p>
   </div>
   <div class='ocr_carea' id='block_1_67' title="bbox 2376 2376 3979 2451">
    <p class='ocr_par' dir='ltr' id='par_1_67' title="bbox 2376 2376 3979 2451">
     <span class='ocr_line' id='line_1_68' title="bbox 2376 2376 3979 2451; baseline 0.006 -22"><span class='ocrx_word' id='word_1_488' title='bbox 2376 2376 2521 2431; x_wconf 82' lang='lat' dir='ltr'><strong>nem&#39;</strong></span> <span class='ocrx_word' id='word_1_489' title='bbox 2546 2377 2845 2443; x_wconf 89' lang='lat' dir='ltr'><strong>accersire;</strong></span> <span class='ocrx_word' id='word_1_490' title='bbox 2880 2385 2938 2433; x_wconf 87' lang='lat' dir='ltr'><strong>et</strong></span> <span class='ocrx_word' id='word_1_491' title='bbox 2966 2393 2994 2431; x_wconf 92' lang='lat' dir='ltr'><strong>a</strong></span> <span class='ocrx_word' id='word_1_492' title='bbox 3028 2393 3260 2449; x_wconf 91' lang='lat' dir='ltr'><strong>corpore</strong></span> <span class='ocrx_word' id='word_1_493' title='bbox 3288 2377 3505 2436; x_wconf 87' lang='lat' dir='ltr'><strong>Domini</strong></span> <span class='ocrx_word' id='word_1_494' title='bbox 3536 2380 3637 2451; x_wconf 88' lang='lat' dir='ltr'><strong>ipsi</strong></span> <span class='ocrx_word' id='word_1_495' title='bbox 3676 2397 3735 2437; x_wconf 83' lang='lat' dir='ltr'><strong>se</strong></span> <span class='ocrx_word' id='word_1_496' title='bbox 3774 2381 3979 2438; x_wconf 88' lang='lat' dir='ltr'><strong>faciunt</strong></span> 
     </span>
    </p>
   </div>
   <div class='ocr_carea' id='block_1_68' title="bbox 2375 2467 3979 2543">
    <p class='ocr_par' dir='ltr' id='par_1_68' title="bbox 2375 2467 3979 2543">
     <span class='ocr_line' id='line_1_69' title="bbox 2375 2467 3979 2543; baseline 0.006 -23"><span class='ocrx_word' id='word_1_497' title='bbox 2375 2467 2604 2535; x_wconf 83' lang='lat' dir='ltr'><strong>alienos,</strong></span> <span class='ocrx_word' id='word_1_498' title='bbox 2632 2469 2725 2539; x_wconf 89' lang='lat' dir='ltr'><strong>qui</strong></span> <span class='ocrx_word' id='word_1_499' title='bbox 2751 2469 3175 2539; x_wconf 88' lang='lat' dir='ltr'><strong>cogitationibus</strong></span> <span class='ocrx_word' id='word_1_500' title='bbox 3205 2471 3319 2528; x_wconf 89' lang='lat' dir='ltr'><strong>suis</strong></span> <span class='ocrx_word' id='word_1_501' title='bbox 3348 2472 3451 2543; x_wconf 91' lang='lat' dir='ltr'><strong>ipsi</strong></span> <span class='ocrx_word' id='word_1_502' title='bbox 3490 2472 3595 2528; x_wconf 92' lang='lat' dir='ltr'><strong>sibi</strong></span> <span class='ocrx_word' id='word_1_503' title='bbox 3627 2473 3884 2530; x_wconf 86' lang='lat' dir='ltr'><strong>adescant</strong></span> <span class='ocrx_word' id='word_1_504' title='bbox 3914 2476 3979 2531; x_wconf 88' lang='lat' dir='ltr'><strong>li-</strong></span> 
     </span>
    </p>
   </div>
   <div class='ocr_carea' id='block_1_69' title="bbox 2373 2558 3976 2638">
    <p class='ocr_par' dir='ltr' id='par_1_69' title="bbox 2373 2558 3976 2638">
     <span class='ocr_line' id='line_1_70' title="bbox 2373 2558 3976 2638; baseline 0.007 -27"><span class='ocrx_word' id='word_1_505' title='bbox 2373 2558 2634 2625; x_wconf 90' lang='lat' dir='ltr'><strong>bidinem,</strong></span> <span class='ocrx_word' id='word_1_506' title='bbox 2664 2576 2784 2615; x_wconf 84' lang='lat' dir='ltr'><strong>cuin</strong></span> <span class='ocrx_word' id='word_1_507' title='bbox 2814 2577 3036 2618; x_wconf 89' lang='lat' dir='ltr'><strong>carnem</strong></span> <span class='ocrx_word' id='word_1_508' title='bbox 3065 2578 3217 2618; x_wconf 90' lang='lat' dir='ltr'><strong>suam</strong></span> <span class='ocrx_word' id='word_1_509' title='bbox 3260 2564 3467 2620; x_wconf 89' lang='lat' dir='ltr'><strong>faciunt</strong></span> <span class='ocrx_word' id='word_1_510' title='bbox 3494 2581 3593 2636; x_wconf 89' lang='lat' dir='ltr'><strong>per</strong></span> <span class='ocrx_word' id='word_1_511' title='bbox 3624 2568 3801 2638; x_wconf 90' lang='lat' dir='ltr'><strong>turpia</strong></span> <span class='ocrx_word' id='word_1_512' title='bbox 3832 2568 3976 2625; x_wconf 86' lang='lat' dir='ltr'><strong>desi-</strong></span> 
     </span>
    </p>
   </div>
   <div class='ocr_carea' id='block_1_70' title="bbox 2374 2648 3978 2729">
    <p class='ocr_par' dir='ltr' id='par_1_70' title="bbox 2374 2648 3978 2729">
     <span class='ocr_line' id='line_1_71' title="bbox 2374 2648 3978 2729; baseline 0.007 -26"><span class='ocrx_word' id='word_1_513' title='bbox 2374 2648 2525 2704; x_wconf 90' lang='lat' dir='ltr'><strong>deria</strong></span> <span class='ocrx_word' id='word_1_514' title='bbox 2572 2652 2874 2709; x_wconf 84' lang='lat' dir='ltr'><strong>sordidare.</strong></span> <span class='ocrx_word' id='word_1_515' title='bbox 2904 2652 3042 2719; x_wconf 84' lang='lat' dir='ltr'><strong>Quia</strong></span> <span class='ocrx_word' id='word_1_516' title='bbox 3088 2655 3229 2710; x_wconf 90' lang='lat' dir='ltr'><strong>sicut</strong></span> <span class='ocrx_word' id='word_1_517' title='bbox 3276 2655 3423 2712; x_wconf 90' lang='lat' dir='ltr'><strong>tinea</strong></span> <span class='ocrx_word' id='word_1_518' title='bbox 3471 2658 3880 2729; x_wconf 86' lang='lat' dir='ltr'><strong>vestimentum,</strong></span> <span class='ocrx_word' id='word_1_519' title='bbox 3921 2667 3978 2726; x_wconf 85' lang='lat' dir='ltr'><strong>et</strong></span> 
     </span>
    </p>
   </div>
   <div class='ocr_carea' id='block_1_71' title="bbox 2372 2742 3978 2823">
    <p class='ocr_par' dir='ltr' id='par_1_71' title="bbox 2372 2742 3978 2823">
     <span class='ocr_line' id='line_1_72' title="bbox 2372 2742 3978 2823; baseline 0.007 -28"><span class='ocrx_word' id='word_1_520' title='bbox 2372 2755 2583 2799; x_wconf 83' lang='lat' dir='ltr'><strong>vermes</strong></span> <span class='ocrx_word' id='word_1_521' title='bbox 2616 2742 2817 2815; x_wconf 84' lang='lat' dir='ltr'><strong>lignum</strong></span> <span class='ocrx_word' id='word_1_522' title='bbox 2844 2755 3202 2817; x_wconf 88' lang='lat' dir='ltr'><strong>corrumpunt</strong></span> <span class='ocrx_word' id='word_1_523' title='bbox 3230 2756 3287 2804; x_wconf 88' lang='lat' dir='ltr'><strong>et</strong></span> <span class='ocrx_word' id='word_1_524' title='bbox 3320 2748 3606 2817; x_wconf 87' lang='lat' dir='ltr'><strong>devorant,</strong></span> <span class='ocrx_word' id='word_1_525' title='bbox 3638 2752 3717 2808; x_wconf 90' lang='lat' dir='ltr'><strong>sic</strong></span> <span class='ocrx_word' id='word_1_526' title='bbox 3742 2761 3797 2808; x_wconf 90' lang='lat' dir='ltr'><strong>et</strong></span> <span class='ocrx_word' id='word_1_527' title='bbox 3830 2752 3978 2823; x_wconf 80' lang='lat' dir='ltr'><strong>cogi-</strong></span> 
     </span>
    </p>
   </div>
   <div class='ocr_carea' id='block_1_72' title="bbox 2374 2833 3974 2906">
    <p class='ocr_par' dir='ltr' id='par_1_72' title="bbox 2374 2833 3974 2906">
     <span class='ocr_line' id='line_1_73' title="bbox 2374 2833 3974 2906; baseline 0.01 -20"><span class='ocrx_word' id='word_1_528' title='bbox 2374 2833 2509 2889; x_wconf 89' lang='lat' dir='ltr'><strong>tatio</strong></span> <span class='ocrx_word' id='word_1_529' title='bbox 2542 2836 2716 2906; x_wconf 92' lang='lat' dir='ltr'><strong>turpis</strong></span> <span class='ocrx_word' id='word_1_530' title='bbox 2746 2839 3004 2903; x_wconf 86' lang='lat' dir='ltr'><strong>maculat,</strong></span> <span class='ocrx_word' id='word_1_531' title='bbox 3038 2850 3094 2894; x_wconf 92' lang='lat' dir='ltr'><strong>et</strong></span> <span class='ocrx_word' id='word_1_532' title='bbox 3123 2841 3361 2897; x_wconf 88' lang='lat' dir='ltr'><strong>animam</strong></span> <span class='ocrx_word' id='word_1_533' title='bbox 3390 2842 3659 2899; x_wconf 87' lang='lat' dir='ltr'><strong>sinceram</strong></span> <span class='ocrx_word' id='word_1_534' title='bbox 3687 2862 3795 2902; x_wconf 92' lang='lat' dir='ltr'><strong>non</strong></span> <span class='ocrx_word' id='word_1_535' title='bbox 3828 2845 3974 2902; x_wconf 89' lang='lat' dir='ltr'><strong>facit.</strong></span> 
     </span>
    </p>
   </div>
   <div class='ocr_carea' id='block_1_73' title="bbox 2370 2922 3972 3009">
    <p class='ocr_par' dir='ltr' id='par_1_73' title="bbox 2370 2922 3972 3009">
     <span class='ocr_line' id='line_1_74' title="bbox 2370 2922 3972 3009; baseline 0.011 -31"><span class='ocrx_word' id='word_1_536' title='bbox 2370 2922 2516 2992; x_wconf 84' lang='lat' dir='ltr'><strong>Ergo</strong></span> <span class='ocrx_word' id='word_1_537' title='bbox 2558 2927 2613 2982; x_wconf 91' lang='lat' dir='ltr'><strong>hi</strong></span> <span class='ocrx_word' id='word_1_538' title='bbox 2641 2928 2776 2985; x_wconf 89' lang='lat' dir='ltr'><strong>tales</strong></span> <span class='ocrx_word' id='word_1_539' title='bbox 2805 2931 2860 2985; x_wconf 94' lang='lat' dir='ltr'><strong>in</strong></span> <span class='ocrx_word' id='word_1_540' title='bbox 2903 2931 3099 3002; x_wconf 89' lang='lat' dir='ltr'><strong>spiritu</strong></span> <span class='ocrx_word' id='word_1_541' title='bbox 3131 2948 3252 2991; x_wconf 80' lang='lat' dir='ltr'><strong>esse</strong></span> <span class='ocrx_word' id='word_1_542' title='bbox 3280 2934 3576 2992; x_wconf 89' lang='lat' dir='ltr'><strong>creduntur</strong></span> <span class='ocrx_word' id='word_1_543' title='bbox 3597 2938 3746 3009; x_wconf 87' lang='lat' dir='ltr'><strong>apud</strong></span> <span class='ocrx_word' id='word_1_544' title='bbox 3780 2939 3972 3008; x_wconf 85' lang='lat' dir='ltr'><strong>Deum,</strong></span> 
     </span>
    </p>
   </div>
   <div class='ocr_carea' id='block_1_74' title="bbox 2371 3022 3973 3102">
    <p class='ocr_par' dir='ltr' id='par_1_74' title="bbox 2371 3022 3973 3102">
     <span class='ocr_line' id='line_1_75' title="bbox 2371 3022 3973 3102; baseline 0.011 -27"><span class='ocrx_word' id='word_1_545' title='bbox 2371 3022 2561 3090; x_wconf 86' lang='lat' dir='ltr'><strong>quales</strong></span> <span class='ocrx_word' id='word_1_546' title='bbox 2592 3039 2689 3094; x_wconf 90' lang='lat' dir='ltr'><strong>per</strong></span> <span class='ocrx_word' id='word_1_547' title='bbox 2717 3035 2928 3081; x_wconf 89' lang='lat' dir='ltr'><strong>reatum</strong></span> <span class='ocrx_word' id='word_1_548' title='bbox 2954 3028 3162 3084; x_wconf 87' lang='lat' dir='ltr'><strong>inventi</strong></span> <span class='ocrx_word' id='word_1_549' title='bbox 3190 3039 3319 3086; x_wconf 88' lang='lat' dir='ltr'><strong>sunt</strong></span> <span class='ocrx_word' id='word_1_550' title='bbox 3344 3031 3487 3102; x_wconf 86' lang='lat' dir='ltr'><strong>apud</strong></span> <span class='ocrx_word' id='word_1_551' title='bbox 3514 3032 3812 3090; x_wconf 88' lang='lat' dir='ltr'><strong>hominem.</strong></span> <span class='ocrx_word' id='word_1_552' title='bbox 3837 3033 3973 3093; x_wconf 78' lang='lat' dir='ltr'><strong>Nam</strong></span> 
     </span>
    </p>
   </div>
   <div class='ocr_carea' id='block_1_75' title="bbox 2371 3114 3971 3199">
    <p class='ocr_par' dir='ltr' id='par_1_75' title="bbox 2371 3114 3971 3199">
     <span class='ocr_line' id='line_1_76' title="bbox 2371 3114 3971 3199; baseline 0.011 -32"><span class='ocrx_word' id='word_1_553' title='bbox 2371 3114 2501 3170; x_wconf 87' lang='lat' dir='ltr'><strong>dicit</strong></span> <span class='ocrx_word' id='word_1_554' title='bbox 2542 3131 2698 3173; x_wconf 90' lang='lat' dir='ltr'><strong>sacra</strong></span> <span class='ocrx_word' id='word_1_555' title='bbox 2743 3119 3023 3191; x_wconf 86' lang='lat' dir='ltr'><strong>Scriptura</strong></span> <span class='ocrx_word' id='word_1_556' title='bbox 3067 3140 3078 3176; x_wconf 89' lang='lat'>:</span> <span class='ocrx_word' id='word_1_557' title='bbox 3134 3121 3403 3181; x_wconf 74' lang='lat' dir='ltr'><strong>Perversa</strong></span> <span class='ocrx_word' id='word_1_558' title='bbox 3443 3127 3583 3181; x_wconf 79' lang='lat' dir='ltr'><strong>enim</strong></span> <span class='ocrx_word' id='word_1_559' title='bbox 3628 3128 3971 3199; x_wconf 75' lang='lat' dir='ltr'><strong>cogitationes</strong></span> 
     </span>
    </p>
   </div>
   <div class='ocr_carea' id='block_1_76' title="bbox 2371 3209 3741 3284">
    <p class='ocr_par' dir='ltr' id='par_1_76' title="bbox 2371 3209 3741 3284">
     <span class='ocr_line' id='line_1_77' title="bbox 2371 3209 3741 3284; baseline 0.014 -25"><span class='ocrx_word' id='word_1_560' title='bbox 2371 3219 2617 3277; x_wconf 77' lang='lat' dir='ltr'><strong>separant</strong></span> <span class='ocrx_word' id='word_1_561' title='bbox 2646 3227 2678 3264; x_wconf 92' lang='lat' dir='ltr'><strong>a</strong></span> <span class='ocrx_word' id='word_1_562' title='bbox 2702 3209 2812 3267; x_wconf 84' lang='lat' dir='ltr'><strong>Deo</strong></span> <span class='ocrx_word' id='word_1_563' title='bbox 2843 3212 3002 3283; x_wconf 89' lang='lat' dir='ltr'><strong>(Sap.</strong></span> <span class='ocrx_word' id='word_1_564' title='bbox 3027 3216 3089 3284; x_wconf 82' lang='grc' dir='ltr'><strong>ι).</strong></span> <span class='ocrx_word' id='word_1_565' title='bbox 3736 3236 3741 3239; x_wconf 75' lang='lat'><em>‘</em></span> 
     </span>
    </p>
   </div>
   <div class='ocr_carea' id='block_1_77' title="bbox 2913 3366 3395 3428">
    <p class='ocr_par' dir='ltr' id='par_1_77' title="bbox 2913 3366 3395 3428">
     <span class='ocr_line' id='line_1_78' title="bbox 2913 3366 3395 3428; baseline 0.015 -7"><span class='ocrx_word' id='word_1_566' title='bbox 2913 3366 3143 3424; x_wconf 77' lang='lat' dir='ltr'><strong>CAPUT</strong></span> <span class='ocrx_word' id='word_1_567' title='bbox 3184 3370 3395 3428; x_wconf 76' lang='lat' dir='ltr'><strong>LXXXI</strong></span> 
     </span>
    </p>
   </div>
   <div class='ocr_carea' id='block_1_78' title="bbox 2813 3494 3516 3541">
    <p class='ocr_par' dir='ltr' id='par_1_78' title="bbox 2813 3494 3516 3541">
     <span class='ocr_line' id='line_1_79' title="bbox 2813 3494 3516 3541; baseline 0.013 -9"><span class='ocrx_word' id='word_1_568' title='bbox 2813 3494 3204 3539; x_wconf 75' lang='lat' dir='ltr'><strong>lNTElll&#39;lOGATIO</strong></span> <span class='ocrx_word' id='word_1_569' title='bbox 3246 3501 3516 3541; x_wconf 78' lang='lat' dir='ltr'><strong>DISCIPULI.</strong></span> 
     </span>
    </p>
   </div>
   <div class='ocr_carea' id='block_1_79' title="bbox 2590 3588 3746 3673">
    <p class='ocr_par' dir='ltr' id='par_1_79' title="bbox 2590 3588 3746 3673">
     <span class='ocr_line' id='line_1_80' title="bbox 2590 3588 3746 3673; baseline 0.015 -30"><span class='ocrx_word' id='word_1_570' title='bbox 2590 3588 2668 3645; x_wconf 78' lang='lat' dir='ltr'><strong>De</strong></span> <span class='ocrx_word' id='word_1_571' title='bbox 2694 3593 3006 3650; x_wconf 67' lang='lat' dir='ltr'><strong>uestimentis</strong></span> <span class='ocrx_word' id='word_1_572' title='bbox 3033 3606 3082 3650; x_wconf 77' lang='lat' dir='ltr'><strong>et</strong></span> <span class='ocrx_word' id='word_1_573' title='bbox 3112 3597 3474 3655; x_wconf 77' lang='lat' dir='ltr'><strong>calceantentis</strong></span> <span class='ocrx_word' id='word_1_574' title='bbox 3505 3604 3746 3673; x_wconf 77' lang='lat' dir='ltr'><strong>fratrum.</strong></span> 
     </span>
    </p>
   </div>
   <div class='ocr_carea' id='block_1_80' title="bbox 2621 3711 3703 3772">
    <p class='ocr_par' dir='ltr' id='par_1_80' title="bbox 2621 3711 3703 3772">
     <span class='ocr_line' id='line_1_81' title="bbox 2621 3711 3703 3772; baseline 0.011 -12"><span class='ocrx_word' id='word_1_575' title='bbox 2621 3711 2929 3764; x_wconf 72' lang='lat' dir='ltr'><strong>utsreunz&#39;r</strong></span> <span class='ocrx_word' id='word_1_576' title='bbox 2968 3723 3195 3767; x_wconf 62' lang='lat' dir='ltr'><strong>nouimus</strong></span> <span class='ocrx_word' id='word_1_577' title='bbox 3234 3722 3335 3769; x_wconf 74' lang='lat' dir='ltr'><strong>nn</strong></span> <span class='ocrx_word' id='word_1_578' title='bbox 3376 3728 3703 3772; x_wconf 68' lang='lat' dir='ltr'><strong>nacrs&#39;rauu.</strong></span> 
     </span>
    </p>
   </div>
   <div class='ocr_carea' id='block_1_81' title="bbox 2442 3819 3970 3907">
    <p class='ocr_par' dir='ltr' id='par_1_81' title="bbox 2442 3819 3970 3907">
     <span class='ocr_line' id='line_1_82' title="bbox 2442 3819 3970 3907; baseline 0.013 -32"><span class='ocrx_word' id='word_1_579' title='bbox 2442 3819 2655 3879; x_wconf 80' lang='lat' dir='ltr'><strong>Habere</strong></span> <span class='ocrx_word' id='word_1_580' title='bbox 2684 3824 2884 3880; x_wconf 80' lang='lat' dir='ltr'><strong>debent</strong></span> <span class='ocrx_word' id='word_1_581' title='bbox 2928 3825 3125 3884; x_wconf 87' lang='lat' dir='ltr'><strong>fratres</strong></span> <span class='ocrx_word' id='word_1_582' title='bbox 3166 3826 3219 3884; x_wconf 86' lang='lat' dir='ltr'><strong>in</strong></span> <span class='ocrx_word' id='word_1_583' title='bbox 3250 3829 3446 3902; x_wconf 85' lang='lat' dir='ltr'><strong>hyeme</strong></span> <span class='ocrx_word' id='word_1_584' title='bbox 3474 3844 3784 3903; x_wconf 85' lang='lat' dir='ltr'><strong>paraturam</strong></span> <span class='ocrx_word' id='word_1_585' title='bbox 3814 3851 3970 3907; x_wconf 91' lang='lat' dir='ltr'><strong>gros-</strong></span> 
     </span>
    </p>
   </div>
   <div class='ocr_carea' id='block_1_82' title="bbox 2370 3915 3970 3991">
    <p class='ocr_par' dir='ltr' id='par_1_82' title="bbox 2370 3915 3970 3991">
     <span class='ocr_line' id='line_1_83' title="bbox 2370 3915 3970 3991; baseline 0.014 -24"><span class='ocrx_word' id='word_1_586' title='bbox 2370 3922 2488 3968; x_wconf 84' lang='lat' dir='ltr'><strong>sam</strong></span> <span class='ocrx_word' id='word_1_587' title='bbox 2519 3915 2897 3984; x_wconf 76' lang='lat' dir='ltr'><strong>quotidianam</strong></span> <span class='ocrx_word' id='word_1_588' title='bbox 2923 3920 3273 3991; x_wconf 80' lang='lat' dir='ltr'><strong>stamineam,</strong></span> <span class='ocrx_word' id='word_1_589' title='bbox 3304 3926 3361 3979; x_wconf 82' lang='lat' dir='ltr'><strong>et</strong></span> <span class='ocrx_word' id='word_1_590' title='bbox 3404 3927 3643 3983; x_wconf 87' lang='lat' dir='ltr'><strong>tunicam</strong></span> <span class='ocrx_word' id='word_1_591' title='bbox 3684 3930 3843 3986; x_wconf 86' lang='lat' dir='ltr'><strong>aliam</strong></span> <span class='ocrx_word' id='word_1_592' title='bbox 3870 3948 3970 3989; x_wconf 87' lang='lat' dir='ltr'><strong>no-</strong></span> 
     </span>
    </p>
   </div>
   <div class='ocr_carea' id='block_1_83' title="bbox 2371 4008 3971 4091">
    <p class='ocr_par' dir='ltr' id='par_1_83' title="bbox 2371 4008 3971 4091">
     <span class='ocr_line' id='line_1_84' title="bbox 2371 4008 3971 4091; baseline 0.013 -30"><span class='ocrx_word' id='word_1_593' title='bbox 2371 4008 2643 4077; x_wconf 82' lang='lat' dir='ltr'><strong>cturnam,-</strong></span> <span class='ocrx_word' id='word_1_594' title='bbox 2659 4022 2822 4079; x_wconf 83' lang='lat' dir='ltr'><strong>quam</strong></span> <span class='ocrx_word' id='word_1_595' title='bbox 2842 4018 2966 4081; x_wconf 76' lang='lat' dir='ltr'><strong>post</strong></span> <span class='ocrx_word' id='word_1_596' title='bbox 2991 4016 3285 4070; x_wconf 81' lang='lat' dir='ltr'><strong>nocturnos</strong></span> <span class='ocrx_word' id='word_1_597' title='bbox 3312 4017 3625 4088; x_wconf 85' lang='lat' dir='ltr'><strong>pudnclent,</strong></span> <span class='ocrx_word' id='word_1_598' title='bbox 3650 4020 3775 4091; x_wconf 90' lang='lat' dir='ltr'><strong>quia</strong></span> <span class='ocrx_word' id='word_1_599' title='bbox 3804 4023 3858 4078; x_wconf 91' lang='lat' dir='ltr'><strong>in</strong></span> <span class='ocrx_word' id='word_1_600' title='bbox 3880 4024 3971 4081; x_wconf 91' lang='lat' dir='ltr'><strong>die</strong></span> 
     </span>
    </p>
   </div>
   <div class='ocr_carea' id='block_1_84' title="bbox 2372 4096 3971 4173">
    <p class='ocr_par' dir='ltr' id='par_1_84' title="bbox 2372 4096 3971 4173">
     <span class='ocr_line' id='line_1_85' title="bbox 2372 4096 3971 4173; baseline 0.011 -20"><span class='ocrx_word' id='word_1_601' title='bbox 2372 4096 2598 4156; x_wconf 78' lang='lat' dir='ltr'><strong>diversis</strong></span> <span class='ocrx_word' id='word_1_602' title='bbox 2656 4104 2994 4173; x_wconf 75' lang='lat' dir='ltr'><strong>occupantur</strong></span> <span class='ocrx_word' id='word_1_603' title='bbox 3046 4104 3347 4162; x_wconf 79' lang='lat' dir='ltr'><strong>laboribus.</strong></span> <span class='ocrx_word' id='word_1_604' title='bbox 3405 4109 3653 4165; x_wconf 83' lang='lat' dir='ltr'><strong>Habeant</strong></span> <span class='ocrx_word' id='word_1_605' title='bbox 3708 4112 3853 4169; x_wconf 84' lang='lat' dir='ltr'><strong>enim</strong></span> <span class='ocrx_word' id='word_1_606' title='bbox 3913 4115 3971 4172; x_wconf 82' lang='lat' dir='ltr'><strong>in</strong></span> 
     </span>
    </p>
   </div>
   <div class='ocr_carea' id='block_1_85' title="bbox 2371 4190 3973 4269">
    <p class='ocr_par' dir='ltr' id='par_1_85' title="bbox 2371 4190 3973 4269">
     <span class='ocr_line' id='line_1_86' title="bbox 2371 4190 3973 4269; baseline 0.011 -24"><span class='ocrx_word' id='word_1_607' title='bbox 2371 4190 2570 4264; x_wconf 82' lang='lat' dir='ltr'><strong>hyeme</strong></span> <span class='ocrx_word' id='word_1_608' title='bbox 2595 4197 2651 4249; x_wconf 82' lang='lat' dir='ltr'><strong>et</strong></span> <span class='ocrx_word' id='word_1_609' title='bbox 2673 4194 2897 4265; x_wconf 86' lang='lat' dir='ltr'><strong>pallium</strong></span> <span class='ocrx_word' id='word_1_610' title='bbox 2921 4198 3273 4266; x_wconf 66' lang='lat' dir='ltr'><strong>stamineum,</strong></span> <span class='ocrx_word' id='word_1_611' title='bbox 3305 4202 3534 4258; x_wconf 87' lang='lat' dir='ltr'><strong>braccas</strong></span> <span class='ocrx_word' id='word_1_612' title='bbox 3558 4198 3765 4269; x_wconf 82' lang='lat' dir='ltr'><strong>laneas,</strong></span> <span class='ocrx_word' id='word_1_613' title='bbox 3792 4215 3847 4262; x_wconf 90' lang='lat' dir='ltr'><strong>et</strong></span> <span class='ocrx_word' id='word_1_614' title='bbox 3870 4206 3973 4264; x_wconf 83' lang='lat' dir='ltr'><strong>fas—</strong></span> 
     </span>
    </p>
   </div>
   <div class='ocr_carea' id='block_1_86' title="bbox 2371 4282 3970 4369">
    <p class='ocr_par' dir='ltr' id='par_1_86' title="bbox 2371 4282 3970 4369">
     <span class='ocr_line' id='line_1_87' title="bbox 2371 4282 3970 4369; baseline 0.012 -32"><span class='ocrx_word' id='word_1_615' title='bbox 2371 4282 2557 4351; x_wconf 79' lang='lat' dir='ltr'><strong>ciolas,</strong></span> <span class='ocrx_word' id='word_1_616' title='bbox 2587 4288 2683 4340; x_wconf 84' lang='lat' dir='ltr'><strong>aut</strong></span> <span class='ocrx_word' id='word_1_617' title='bbox 2713 4287 2954 4356; x_wconf 79' lang='lat' dir='ltr'><strong>pedules.</strong></span> <span class='ocrx_word' id='word_1_618' title='bbox 2986 4288 3045 4344; x_wconf 85' lang='lat' dir='ltr'><strong>lu</strong></span> <span class='ocrx_word' id='word_1_619' title='bbox 3075 4299 3266 4347; x_wconf 68' lang='lat' dir='ltr'><strong>aestate</strong></span> <span class='ocrx_word' id='word_1_620' title='bbox 3298 4308 3432 4349; x_wconf 89' lang='lat' dir='ltr'><strong>vero</strong></span> <span class='ocrx_word' id='word_1_621' title='bbox 3478 4295 3717 4351; x_wconf 84' lang='lat' dir='ltr'><strong>habeant</strong></span> <span class='ocrx_word' id='word_1_622' title='bbox 3751 4308 3970 4369; x_wconf 88' lang='lat' dir='ltr'><strong>paratu-</strong></span> 
     </span>
    </p>
   </div>
   <div class='ocr_carea' id='block_1_87' title="bbox 2370 4377 3969 4458">
    <p class='ocr_par' dir='ltr' id='par_1_87' title="bbox 2370 4377 3969 4458">
     <span class='ocr_line' id='line_1_88' title="bbox 2370 4377 3969 4458; baseline 0.012 -27"><span class='ocrx_word' id='word_1_623' title='bbox 2370 4385 2489 4432; x_wconf 81' lang='lat' dir='ltr'><strong>ram</strong></span> <span class='ocrx_word' id='word_1_624' title='bbox 2517 4377 2863 4449; x_wconf 73' lang='lat' dir='ltr'><strong>linostiunm,</strong></span> <span class='ocrx_word' id='word_1_625' title='bbox 2896 4394 3007 4437; x_wconf 84' lang='lat' dir='ltr'><strong>non</strong></span> <span class='ocrx_word' id='word_1_626' title='bbox 3041 4384 3173 4439; x_wconf 87' lang='lat' dir='ltr'><strong>satis</strong></span> <span class='ocrx_word' id='word_1_627' title='bbox 3198 4396 3440 4454; x_wconf 79' lang='lat' dir='ltr'><strong>grassam</strong></span> <span class='ocrx_word' id='word_1_628' title='bbox 3473 4397 3697 4458; x_wconf 82' lang='lat' dir='ltr'><strong>propter</strong></span> <span class='ocrx_word' id='word_1_629' title='bbox 3725 4390 3969 4449; x_wconf 78' lang='lat' dir='ltr'><strong>laborem</strong></span> 
     </span>
    </p>
   </div>
   <div class='ocr_carea' id='block_1_88' title="bbox 2372 4470 3972 4548">
    <p class='ocr_par' dir='ltr' id='par_1_88' title="bbox 2372 4470 3972 4548">
     <span class='ocr_line' id='line_1_89' title="bbox 2372 4470 3972 4548; baseline 0.01 -24"><span class='ocrx_word' id='word_1_630' title='bbox 2372 4476 2429 4524; x_wconf 81' lang='lat' dir='ltr'><strong>et</strong></span> <span class='ocrx_word' id='word_1_631' title='bbox 2473 4470 2761 4527; x_wconf 78' lang='lat' dir='ltr'><strong>sudorem:</strong></span> <span class='ocrx_word' id='word_1_632' title='bbox 2791 4474 2845 4528; x_wconf 76' lang='lat' dir='ltr'><strong>et</strong></span> <span class='ocrx_word' id='word_1_633' title='bbox 2888 4473 3123 4531; x_wconf 77' lang='lat' dir='ltr'><strong>habeant</strong></span> <span class='ocrx_word' id='word_1_634' title='bbox 3150 4477 3350 4546; x_wconf 87' lang='lat' dir='ltr'><strong>pallios</strong></span> <span class='ocrx_word' id='word_1_635' title='bbox 3378 4479 3707 4548; x_wconf 82' lang='lat' dir='ltr'><strong>linostimos,</strong></span> <span class='ocrx_word' id='word_1_636' title='bbox 3742 4483 3972 4542; x_wconf 75' lang='lat' dir='ltr'><strong>subtiles</strong></span> 
     </span>
    </p>
   </div>
   <div class='ocr_carea' id='block_1_89' title="bbox 2375 4566 3967 4639">
    <p class='ocr_par' dir='ltr' id='par_1_89' title="bbox 2375 4566 3967 4639">
     <span class='ocr_line' id='line_1_90' title="bbox 2375 4566 3967 4639; baseline 0.013 -22"><span class='ocrx_word' id='word_1_637' title='bbox 2375 4576 2481 4619; x_wconf 86' lang='lat' dir='ltr'><strong>non</strong></span> <span class='ocrx_word' id='word_1_638' title='bbox 2510 4566 2641 4622; x_wconf 82' lang='lat' dir='ltr'><strong>satis</strong></span> <span class='ocrx_word' id='word_1_639' title='bbox 2675 4574 2901 4639; x_wconf 77' lang='lat' dir='ltr'><strong>propter</strong></span> <span class='ocrx_word' id='word_1_640' title='bbox 2928 4578 3093 4626; x_wconf 79' lang='lat' dir='ltr'><strong>:estus</strong></span> <span class='ocrx_word' id='word_1_641' title='bbox 3132 4572 3368 4637; x_wconf 67' lang='lat' dir='ltr'><strong>sudoris,</strong></span> <span class='ocrx_word' id='word_1_642' title='bbox 3403 4582 3460 4630; x_wconf 89' lang='lat' dir='ltr'><strong>et</strong></span> <span class='ocrx_word' id='word_1_643' title='bbox 3490 4575 3717 4634; x_wconf 85' lang='lat' dir='ltr'><strong>braccas</strong></span> <span class='ocrx_word' id='word_1_644' title='bbox 3747 4578 3921 4638; x_wconf 91' lang='lat' dir='ltr'><strong>lineas</strong></span> <span class='ocrx_word' id='word_1_645' title='bbox 3952 4600 3967 4638; x_wconf 91' lang='lat'><strong>:</strong></span> 
     </span>
    </p>
   </div>
   <div class='ocr_carea' id='block_1_90' title="bbox 656 4641 3967 4745">
    <p class='ocr_par' dir='ltr' id='par_1_90' title="bbox 656 4641 3967 4745">
     <span class='ocr_line' id='line_1_91' title="bbox 656 4641 3967 4745; baseline 0.01 -47"><span class='ocrx_word' id='word_1_646' title='bbox 656 4644 803 4699; x_wconf 85' lang='lat' dir='ltr'><strong>terio</strong></span> <span class='ocrx_word' id='word_1_647' title='bbox 856 4641 1114 4745; x_wconf 73' lang='lat' dir='ltr'><strong>fratribus</strong></span> <span class='ocrx_word' id='word_1_648' title='bbox 1144 4646 1429 4745; x_wconf 70' lang='lat' dir='ltr'><strong>posteriori</strong></span> <span class='ocrx_word' id='word_1_649' title='bbox 1474 4647 1631 4703; x_wconf 80' lang='lat' dir='ltr'><strong>titulo</strong></span> <span class='ocrx_word' id='word_1_650' title='bbox 1680 4650 2032 4745; x_wconf 79' lang='lat' dir='ltr'><strong>constitutum</strong></span> <span class='ocrx_word' id='word_1_651' title='bbox 2064 4664 2168 4723; x_wconf 89' lang='lat' dir='ltr'><strong>est,</strong></span> <span class='ocrx_word' id='word_1_652' title='bbox 2204 4672 2265 4711; x_wconf 91' lang='lat' dir='ltr'><strong>se</strong></span> <span class='ocrx_word' id='word_1_653' title='bbox 2292 4685 2345 4745; x_wconf 78' lang='grc' dir='ltr'><strong>Ι)</strong></span> <span class='ocrx_word' id='word_1_654' title='bbox 2378 4660 2624 4719; x_wconf 84' lang='lat' dir='ltr'><strong>fasciolas</strong></span> <span class='ocrx_word' id='word_1_655' title='bbox 2654 4665 2825 4722; x_wconf 81' lang='lat' dir='ltr'><strong>lineas</strong></span> <span class='ocrx_word' id='word_1_656' title='bbox 2868 4678 2999 4723; x_wconf 82' lang='lat' dir='ltr'><strong>vero</strong></span> <span class='ocrx_word' id='word_1_657' title='bbox 3031 4668 3110 4722; x_wconf 87' lang='lat' dir='ltr'><strong>uti</strong></span> <span class='ocrx_word' id='word_1_658' title='bbox 3150 4668 3247 4724; x_wconf 81' lang='lat' dir='ltr'><strong>Dei</strong></span> <span class='ocrx_word' id='word_1_659' title='bbox 3296 4669 3546 4727; x_wconf 88' lang='lat' dir='ltr'><strong>homines</strong></span> <span class='ocrx_word' id='word_1_660' title='bbox 3576 4674 3967 4745; x_wconf 80' lang='lat' dir='ltr'><strong>prohibemus;</strong></span> 
     </span>
    </p>
   </div>
   <div class='ocr_carea' id='block_1_91' title="bbox 657 4736 2261 4810">
    <p class='ocr_par' dir='ltr' id='par_1_91' title="bbox 657 4736 2261 4810">
     <span class='ocr_line' id='line_1_92' title="bbox 657 4736 2261 4810; baseline 0.007 -19"><span class='ocrx_word' id='word_1_661' title='bbox 657 4736 1005 4794; x_wconf 82' lang='lat' dir='ltr'><strong>monasterio</strong></span> <span class='ocrx_word' id='word_1_662' title='bbox 1031 4752 1203 4807; x_wconf 79' lang='lat' dir='ltr'><strong>usque</strong></span> <span class='ocrx_word' id='word_1_663' title='bbox 1241 4737 1307 4793; x_wconf 86' lang='lat' dir='ltr'><strong>ad</strong></span> <span class='ocrx_word' id='word_1_664' title='bbox 1349 4748 1579 4794; x_wconf 91' lang='lat' dir='ltr'><strong>mortem</strong></span> <span class='ocrx_word' id='word_1_665' title='bbox 1609 4743 2008 4810; x_wconf 81' lang='lat' dir='ltr'><strong>perseverando</strong></span> <span class='ocrx_word' id='word_1_666' title='bbox 2034 4756 2261 4802; x_wconf 87' lang='lat' dir='ltr'><strong>contra-</strong></span> 
     </span>
    </p>
   </div>
   <div class='ocr_carea' id='block_1_92' title="bbox 654 4829 2258 4903">
    <p class='ocr_par' dir='ltr' id='par_1_92' title="bbox 654 4829 2258 4903">
     <span class='ocr_line' id='line_1_93' title="bbox 654 4829 2258 4903; baseline 0.009 -19"><span class='ocrx_word' id='word_1_667' title='bbox 654 4830 823 4884; x_wconf 79' lang='lat' dir='ltr'><strong>dant.</strong></span> <span class='ocrx_word' id='word_1_668' title='bbox 847 4829 1004 4896; x_wconf 74' lang='lat' dir='ltr'><strong>Quod</strong></span> <span class='ocrx_word' id='word_1_669' title='bbox 1033 4830 1075 4884; x_wconf 92' lang='lat' dir='ltr'><strong>si</strong></span> <span class='ocrx_word' id='word_1_670' title='bbox 1105 4843 1215 4885; x_wconf 83' lang='lat' dir='ltr'><strong>non</strong></span> <span class='ocrx_word' id='word_1_671' title='bbox 1237 4845 1297 4886; x_wconf 89' lang='lat' dir='ltr'><strong>se</strong></span> <span class='ocrx_word' id='word_1_672' title='bbox 1317 4831 1586 4887; x_wconf 87' lang='lat' dir='ltr'><strong>voluerint</strong></span> <span class='ocrx_word' id='word_1_673' title='bbox 1614 4830 1850 4903; x_wconf 79' lang='lat' dir='ltr'><strong>firmare,</strong></span> <span class='ocrx_word' id='word_1_674' title='bbox 1876 4839 1973 4894; x_wconf 89' lang='lat' dir='ltr'><strong>sed</strong></span> <span class='ocrx_word' id='word_1_675' title='bbox 1998 4840 2075 4896; x_wconf 91' lang='lat' dir='ltr'><strong>sic</strong></span> <span class='ocrx_word' id='word_1_676' title='bbox 2107 4843 2258 4900; x_wconf 80' lang='lat' dir='ltr'><strong>labo-</strong></span> 
     </span>
    </p>
   </div>
   <div class='ocr_carea' id='block_1_93' title="bbox 656 4921 2259 4992">
    <p class='ocr_par' dir='ltr' id='par_1_93' title="bbox 656 4921 2259 4992">
     <span class='ocr_line' id='line_1_94' title="bbox 656 4921 2259 4992; baseline 0.009 -14"><span class='ocrx_word' id='word_1_677' title='bbox 656 4922 840 4978; x_wconf 78' lang='lat' dir='ltr'><strong>rando</strong></span> <span class='ocrx_word' id='word_1_678' title='bbox 869 4921 1115 4992; x_wconf 87' lang='lat' dir='ltr'><strong>quotidie</strong></span> <span class='ocrx_word' id='word_1_679' title='bbox 1153 4937 1275 4978; x_wconf 68' lang='lat' dir='ltr'><strong>mm</strong></span> <span class='ocrx_word' id='word_1_680' title='bbox 1322 4922 1578 4980; x_wconf 82' lang='lat' dir='ltr'><strong>fratribus</strong></span> <span class='ocrx_word' id='word_1_681' title='bbox 1614 4932 1946 4986; x_wconf 79' lang='lat' dir='ltr'><strong>monasterio</strong></span> <span class='ocrx_word' id='word_1_682' title='bbox 1985 4933 2259 4991; x_wconf 87' lang='lat' dir='ltr'><strong>voluerint</strong></span> 
     </span>
    </p>
   </div>
   <div class='ocr_carea' id='block_1_94' title="bbox 653 5015 2261 5090">
    <p class='ocr_par' dir='ltr' id='par_1_94' title="bbox 653 5015 2261 5090">
     <span class='ocr_line' id='line_1_95' title="bbox 653 5015 2261 5090; baseline 0.006 -16"><span class='ocrx_word' id='word_1_683' title='bbox 653 5015 955 5082; x_wconf 84' lang='lat' dir='ltr'><strong>remorari,</strong></span> <span class='ocrx_word' id='word_1_684' title='bbox 1003 5016 1049 5071; x_wconf 87' lang='lat' dir='ltr'><strong>si</strong></span> <span class='ocrx_word' id='word_1_685' title='bbox 1095 5016 1337 5072; x_wconf 79' lang='lat' dir='ltr'><strong>euntenti</strong></span> <span class='ocrx_word' id='word_1_686' title='bbox 1388 5026 1513 5072; x_wconf 88' lang='lat' dir='ltr'><strong>sunt</strong></span> <span class='ocrx_word' id='word_1_687' title='bbox 1558 5034 1766 5090; x_wconf 81' lang='lat' dir='ltr'><strong>pannos</strong></span> <span class='ocrx_word' id='word_1_688' title='bbox 1795 5037 1923 5079; x_wconf 89' lang='lat' dir='ltr'><strong>suos</strong></span> <span class='ocrx_word' id='word_1_689' title='bbox 1971 5026 2054 5081; x_wconf 85' lang='lat' dir='ltr'><strong>vel</strong></span> <span class='ocrx_word' id='word_1_690' title='bbox 2096 5027 2261 5085; x_wconf 83' lang='lat' dir='ltr'><strong>indu-</strong></span> 
     </span>
    </p>
   </div>
   <div class='ocr_carea' id='block_1_95' title="bbox 654 5109 2255 5180">
    <p class='ocr_par' dir='ltr' id='par_1_95' title="bbox 654 5109 2255 5180">
     <span class='ocr_line' id='line_1_96' title="bbox 654 5109 2255 5180; baseline 0.006 -14"><span class='ocrx_word' id='word_1_691' title='bbox 654 5120 854 5168; x_wconf 82' lang='lat' dir='ltr'><strong>menta</strong></span> <span class='ocrx_word' id='word_1_692' title='bbox 882 5111 936 5165; x_wconf 90' lang='lat' dir='ltr'><strong>iu</strong></span> <span class='ocrx_word' id='word_1_693' title='bbox 964 5109 1143 5164; x_wconf 82' lang='lat' dir='ltr'><strong>aliene</strong></span> <span class='ocrx_word' id='word_1_694' title='bbox 1170 5124 1338 5180; x_wconf 87' lang='lat' dir='ltr'><strong>opere</strong></span> <span class='ocrx_word' id='word_1_695' title='bbox 1376 5111 1623 5180; x_wconf 87' lang='lat' dir='ltr'><strong>stricare,</strong></span> <span class='ocrx_word' id='word_1_696' title='bbox 1652 5114 1769 5170; x_wconf 85' lang='lat' dir='ltr'><strong>sola</strong></span> <span class='ocrx_word' id='word_1_697' title='bbox 1800 5124 1980 5174; x_wconf 90' lang='lat' dir='ltr'><strong>tamen</strong></span> <span class='ocrx_word' id='word_1_698' title='bbox 2010 5135 2255 5176; x_wconf 88' lang='lat' dir='ltr'><strong>commu-</strong></span> 
     </span>
    </p>
   </div>
   <div class='ocr_carea' id='block_1_96' title="bbox 655 5201 2258 5284">
    <p class='ocr_par' dir='ltr' id='par_1_96' title="bbox 655 5201 2258 5284">
     <span class='ocr_line' id='line_1_97' title="bbox 655 5201 2258 5284; baseline 0.007 -25"><span class='ocrx_word' id='word_1_699' title='bbox 655 5206 743 5260; x_wconf 90' lang='lat' dir='ltr'><strong>nis</strong></span> <span class='ocrx_word' id='word_1_700' title='bbox 771 5216 964 5259; x_wconf 82' lang='lat' dir='ltr'><strong>mensa</strong></span> <span class='ocrx_word' id='word_1_701' title='bbox 996 5202 1081 5256; x_wconf 90' lang='lat' dir='ltr'><strong>vel</strong></span> <span class='ocrx_word' id='word_1_702' title='bbox 1121 5201 1244 5257; x_wconf 63' lang='lat' dir='ltr'><strong>vitae</strong></span> <span class='ocrx_word' id='word_1_703' title='bbox 1276 5217 1528 5259; x_wconf 63' lang='lat' dir='ltr'><strong>mensura</strong></span> <span class='ocrx_word' id='word_1_704' title='bbox 1557 5204 1636 5260; x_wconf 87' lang='lat' dir='ltr'><strong>eis</strong></span> <span class='ocrx_word' id='word_1_705' title='bbox 1666 5206 1734 5262; x_wconf 91' lang='lat' dir='ltr'><strong>de</strong></span> <span class='ocrx_word' id='word_1_706' title='bbox 1762 5213 2095 5268; x_wconf 83' lang='lat' dir='ltr'><strong>monasterio</strong></span> <span class='ocrx_word' id='word_1_707' title='bbox 2122 5230 2258 5284; x_wconf 73' lang='lat' dir='ltr'><strong>pra:-</strong></span> 
     </span>
    </p>
   </div>
   <div class='ocr_carea' id='block_1_97' title="bbox 655 5295 2254 5376">
    <p class='ocr_par' dir='ltr' id='par_1_97' title="bbox 655 5295 2254 5376">
     <span class='ocr_line' id='line_1_98' title="bbox 655 5295 2254 5376; baseline 0.006 -21"><span class='ocrx_word' id='word_1_708' title='bbox 655 5300 879 5363; x_wconf 78' lang='lat' dir='ltr'><strong>beatur,</strong></span> <span class='ocrx_word' id='word_1_709' title='bbox 912 5297 981 5352; x_wconf 87' lang='lat' dir='ltr'><strong>de</strong></span> <span class='ocrx_word' id='word_1_710' title='bbox 1011 5295 1224 5353; x_wconf 63' lang='lat' dir='ltr'><strong>caeteris</strong></span> <span class='ocrx_word' id='word_1_711' title='bbox 1245 5298 1565 5353; x_wconf 85' lang='lat' dir='ltr'><strong>necessariis</strong></span> <span class='ocrx_word' id='word_1_712' title='bbox 1586 5303 1913 5371; x_wconf 63' lang='lat' dir='ltr'><strong>praparatio</strong></span> <span class='ocrx_word' id='word_1_713' title='bbox 1938 5304 2254 5376; x_wconf 80' lang='lat' dir='ltr'><strong>derregetur.</strong></span> 
     </span>
    </p>
   </div>
   <div class='ocr_carea' id='block_1_98' title="bbox 654 5391 2259 5465">
    <p class='ocr_par' dir='ltr' id='par_1_98' title="bbox 654 5391 2259 5465">
     <span class='ocr_line' id='line_1_99' title="bbox 654 5391 2259 5465; baseline 0.007 -18"><span class='ocrx_word' id='word_1_714' title='bbox 654 5392 799 5460; x_wconf 80' lang='lat' dir='ltr'><strong>Quia</strong></span> <span class='ocrx_word' id='word_1_715' title='bbox 850 5391 1027 5446; x_wconf 77' lang='lat' dir='ltr'><strong>firmis</strong></span> <span class='ocrx_word' id='word_1_716' title='bbox 1050 5391 1251 5446; x_wconf 85' lang='lat' dir='ltr'><strong>debent</strong></span> <span class='ocrx_word' id='word_1_717' title='bbox 1279 5391 1465 5447; x_wconf 68' lang='lat' dir='ltr'><strong>(nimia</strong></span> <span class='ocrx_word' id='word_1_718' title='bbox 1508 5396 1837 5465; x_wconf 67' lang='lat' dir='ltr'><strong>pmparari;</strong></span> <span class='ocrx_word' id='word_1_719' title='bbox 1884 5398 2082 5456; x_wconf 82' lang='lat' dir='ltr'><strong>talibus</strong></span> <span class='ocrx_word' id='word_1_720' title='bbox 2127 5412 2259 5459; x_wconf 84' lang='lat' dir='ltr'><strong>vero</strong></span> 
     </span>
    </p>
   </div>
   <div class='ocr_carea' id='block_1_99' title="bbox 655 5484 2256 5553">
    <p class='ocr_par' dir='ltr' id='par_1_99' title="bbox 655 5484 2256 5553">
     <span class='ocr_line' id='line_1_100' title="bbox 655 5484 2256 5553; baseline 0.005 -9"><span class='ocrx_word' id='word_1_721' title='bbox 655 5488 729 5544; x_wconf 89' lang='lat' dir='ltr'><strong>de</strong></span> <span class='ocrx_word' id='word_1_722' title='bbox 760 5487 1026 5543; x_wconf 76' lang='lat' dir='ltr'><strong>ﬁrmitate</strong></span> <span class='ocrx_word' id='word_1_723' title='bbox 1050 5484 1231 5540; x_wconf 82' lang='lat' dir='ltr'><strong>dubiis</strong></span> <span class='ocrx_word' id='word_1_724' title='bbox 1257 5484 1375 5541; x_wconf 88' lang='lat' dir='ltr'><strong>sola</strong></span> <span class='ocrx_word' id='word_1_725' title='bbox 1405 5488 1719 5543; x_wconf 83' lang='lat' dir='ltr'><strong>monasterii</strong></span> <span class='ocrx_word' id='word_1_726' title='bbox 1762 5502 1946 5548; x_wconf 88' lang='lat' dir='ltr'><strong>mensa</strong></span> <span class='ocrx_word' id='word_1_727' title='bbox 1977 5492 2212 5551; x_wconf 80' lang='lat' dir='ltr'><strong>sufficiat</strong></span> <span class='ocrx_word' id='word_1_728' title='bbox 2241 5514 2256 5553; x_wconf 88' lang='lat'><strong>:</strong></span> 
     </span>
    </p>
   </div>
   <div class='ocr_carea' id='block_1_100' title="bbox 658 5582 2255 5652">
    <p class='ocr_par' dir='ltr' id='par_1_100' title="bbox 658 5582 2255 5652">
     <span class='ocr_line' id='line_1_101' title="bbox 658 5582 2255 5652; baseline 0.004 -9"><span class='ocrx_word' id='word_1_729' title='bbox 658 5596 714 5643; x_wconf 75' lang='lat' dir='ltr'><strong>et</strong></span> <span class='ocrx_word' id='word_1_730' title='bbox 746 5586 859 5642; x_wconf 85' lang='lat' dir='ltr'><strong>hoc</strong></span> <span class='ocrx_word' id='word_1_731' title='bbox 891 5591 1124 5650; x_wconf 75' lang='lat' dir='ltr'><strong>tantum,</strong></span> <span class='ocrx_word' id='word_1_732' title='bbox 1151 5582 1277 5652; x_wconf 85' lang='lat' dir='ltr'><strong>quia</strong></span> <span class='ocrx_word' id='word_1_733' title='bbox 1307 5582 1393 5637; x_wconf 89' lang='lat' dir='ltr'><strong>vel</strong></span> <span class='ocrx_word' id='word_1_734' title='bbox 1421 5582 1675 5641; x_wconf 78' lang='lat' dir='ltr'><strong>laborare</strong></span> <span class='ocrx_word' id='word_1_735' title='bbox 1703 5600 1825 5641; x_wconf 76' lang='lat' dir='ltr'><strong>cum</strong></span> <span class='ocrx_word' id='word_1_736' title='bbox 1874 5587 2129 5648; x_wconf 89' lang='lat' dir='ltr'><strong>fratribus</strong></span> <span class='ocrx_word' id='word_1_737' title='bbox 2160 5608 2255 5650; x_wconf 83' lang='lat' dir='ltr'><strong>vo-</strong></span> 
     </span>
    </p>
   </div>
   <div class='ocr_carea' id='block_1_101' title="bbox 660 5674 2262 5745">
    <p class='ocr_par' dir='ltr' id='par_1_101' title="bbox 660 5674 2262 5745">
     <span class='ocr_line' id='line_1_102' title="bbox 660 5674 2262 5745; baseline 0.001 -10"><span class='ocrx_word' id='word_1_738' title='bbox 660 5680 781 5735; x_wconf 85' lang='lat' dir='ltr'><strong>lunt</strong></span> <span class='ocrx_word' id='word_1_739' title='bbox 834 5674 1183 5739; x_wconf 78' lang='lat' dir='ltr'><strong>remorando,</strong></span> <span class='ocrx_word' id='word_1_740' title='bbox 1216 5690 1247 5730; x_wconf 87' lang='lat' dir='ltr'><strong>a</strong></span> <span class='ocrx_word' id='word_1_741' title='bbox 1277 5676 1533 5734; x_wconf 79' lang='lat' dir='ltr'><strong>fratribus</strong></span> <span class='ocrx_word' id='word_1_742' title='bbox 1574 5678 1681 5735; x_wconf 65' lang='lat' dir='ltr'><strong>illi</strong></span> <span class='ocrx_word' id='word_1_743' title='bbox 1707 5681 1965 5738; x_wconf 78' lang='lat' dir='ltr'><strong>custoditi</strong></span> <span class='ocrx_word' id='word_1_744' title='bbox 1998 5684 2262 5745; x_wconf 76' lang='lat' dir='ltr'><strong>duntaxat</strong></span> 
     </span>
    </p>
   </div>
   <div class='ocr_carea' id='block_1_102' title="bbox 658 5773 1070 5838">
    <p class='ocr_par' dir='ltr' id='par_1_102' title="bbox 658 5773 1070 5838">
     <span class='ocr_line' id='line_1_103' title="bbox 658 5773 1070 5838; baseline -0.012 -10"><span class='ocrx_word' id='word_1_745' title='bbox 658 5773 748 5828; x_wconf 88' lang='lat' dir='ltr'><strong>die</strong></span> <span class='ocrx_word' id='word_1_746' title='bbox 771 5777 1070 5838; x_wconf 86' lang='lat' dir='ltr'><strong>noctuque.</strong></span> 
     </span>
    </p>
   </div>
   <div class='ocr_carea' id='block_1_103' title="bbox 2373 4756 3969 4827">
    <p class='ocr_par' dir='ltr' id='par_1_103' title="bbox 2373 4756 3969 4827">
     <span class='ocr_line' id='line_1_104' title="bbox 2373 4756 3969 4827; baseline 0.009 -16"><span class='ocrx_word' id='word_1_747' title='bbox 2373 4765 2430 4811; x_wconf 80' lang='lat' dir='ltr'><strong>ut</strong></span> <span class='ocrx_word' id='word_1_748' title='bbox 2456 4756 2659 4827; x_wconf 70' lang='lat' dir='ltr'><strong>ahquid</strong></span> <span class='ocrx_word' id='word_1_749' title='bbox 2686 4757 2852 4814; x_wconf 84' lang='lat' dir='ltr'><strong>distet</strong></span> <span class='ocrx_word' id='word_1_750' title='bbox 2876 4762 2906 4814; x_wconf 64' lang='grc' dir='ltr'>ἁ</span> <span class='ocrx_word' id='word_1_751' title='bbox 2930 4761 3133 4817; x_wconf 72' lang='lat' dir='ltr'><strong>clelico</strong></span> <span class='ocrx_word' id='word_1_752' title='bbox 3161 4764 3484 4819; x_wconf 85' lang='lat' dir='ltr'><strong>monachus.</strong></span> <span class='ocrx_word' id='word_1_753' title='bbox 3508 4764 3575 4819; x_wconf 88' lang='lat' dir='ltr'><strong>Et</strong></span> <span class='ocrx_word' id='word_1_754' title='bbox 3600 4767 3835 4824; x_wconf 88' lang='lat' dir='ltr'><strong>habeant</strong></span> <span class='ocrx_word' id='word_1_755' title='bbox 3862 4771 3969 4826; x_wconf 87' lang='lat' dir='ltr'><strong>sin-</strong></span> 
     </span>
    </p>
   </div>
   <div class='ocr_carea' id='block_1_104' title="bbox 2366 4848 3965 4928">
    <p class='ocr_par' dir='ltr' id='par_1_104' title="bbox 2366 4848 3965 4928">
     <span class='ocr_line' id='line_1_105' title="bbox 2366 4848 3965 4928; baseline 0.009 -25"><span class='ocrx_word' id='word_1_756' title='bbox 2366 4848 2520 4918; x_wconf 79' lang='lat' dir='ltr'><strong>gulas</strong></span> <span class='ocrx_word' id='word_1_757' title='bbox 2544 4858 2827 4919; x_wconf 76' lang='lat' dir='ltr'><strong>paraturas</strong></span> <span class='ocrx_word' id='word_1_758' title='bbox 2851 4852 3158 4909; x_wconf 75' lang='lat' dir='ltr'><strong>lineinmas</strong></span> <span class='ocrx_word' id='word_1_759' title='bbox 3179 4854 3516 4926; x_wconf 75' lang='lat' dir='ltr'><strong>subtiliores,</strong></span> <span class='ocrx_word' id='word_1_760' title='bbox 3540 4873 3674 4928; x_wconf 91' lang='lat' dir='ltr'><strong>quas</strong></span> <span class='ocrx_word' id='word_1_761' title='bbox 3700 4860 3753 4915; x_wconf 92' lang='lat' dir='ltr'><strong>in</strong></span> <span class='ocrx_word' id='word_1_762' title='bbox 3776 4860 3965 4919; x_wconf 83' lang='lat' dir='ltr'><strong>diebus</strong></span> 
     </span>
    </p>
   </div>
   <div class='ocr_carea' id='block_1_105' title="bbox 2366 4939 3965 5014">
    <p class='ocr_par' dir='ltr' id='par_1_105' title="bbox 2366 4939 3965 5014">
     <span class='ocr_line' id='line_1_106' title="bbox 2366 4939 3965 5014; baseline 0.011 -20"><span class='ocrx_word' id='word_1_763' title='bbox 2366 4939 2515 4998; x_wconf 84' lang='lat' dir='ltr'><strong>festis</strong></span> <span class='ocrx_word' id='word_1_764' title='bbox 2542 4942 2713 4997; x_wconf 89' lang='lat' dir='ltr'><strong>solum</strong></span> <span class='ocrx_word' id='word_1_765' title='bbox 2744 4943 2796 4997; x_wconf 94' lang='lat' dir='ltr'><strong>in</strong></span> <span class='ocrx_word' id='word_1_766' title='bbox 2828 4944 3269 5014; x_wconf 85' lang='lat' dir='ltr'><strong>processionibus</strong></span> <span class='ocrx_word' id='word_1_767' title='bbox 3300 4955 3521 5003; x_wconf 89' lang='lat' dir='ltr'><strong>utantur</strong></span> <span class='ocrx_word' id='word_1_768' title='bbox 3548 4968 3562 5005; x_wconf 75' lang='grc' dir='ltr'><strong>ε</strong></span> <span class='ocrx_word' id='word_1_769' title='bbox 3606 4959 3663 5005; x_wconf 85' lang='lat' dir='ltr'><strong>et</strong></span> <span class='ocrx_word' id='word_1_770' title='bbox 3692 4950 3747 5007; x_wconf 90' lang='lat' dir='ltr'><strong>in</strong></span> <span class='ocrx_word' id='word_1_771' title='bbox 3775 4964 3965 5011; x_wconf 75' lang='lat' dir='ltr'><strong>testate</strong></span> 
     </span>
    </p>
   </div>
   <div class='ocr_carea' id='block_1_106' title="bbox 2367 5032 3959 5115">
    <p class='ocr_par' dir='ltr' id='par_1_106' title="bbox 2367 5032 3959 5115">
     <span class='ocr_line' id='line_1_107' title="bbox 2367 5032 3959 5115; baseline 0.009 -28"><span class='ocrx_word' id='word_1_772' title='bbox 2367 5032 2602 5090; x_wconf 77' lang='lat' dir='ltr'><strong>habeant</strong></span> <span class='ocrx_word' id='word_1_773' title='bbox 2640 5034 2849 5105; x_wconf 81' lang='lat' dir='ltr'><strong>singula</strong></span> <span class='ocrx_word' id='word_1_774' title='bbox 2898 5039 3239 5095; x_wconf 89' lang='lat' dir='ltr'><strong>mannariola</strong></span> <span class='ocrx_word' id='word_1_775' title='bbox 3278 5039 3423 5095; x_wconf 90' lang='lat' dir='ltr'><strong>linea</strong></span> <span class='ocrx_word' id='word_1_776' title='bbox 3453 5050 3681 5115; x_wconf 86' lang='lat' dir='ltr'><strong>propter</strong></span> <span class='ocrx_word' id='word_1_777' title='bbox 3710 5047 3959 5114; x_wconf 84' lang='lat' dir='ltr'><strong>sudores,</strong></span> 
     </span>
    </p>
   </div>
   <div class='ocr_carea' id='block_1_107' title="bbox 2368 5126 3963 5200">
    <p class='ocr_par' dir='ltr' id='par_1_107' title="bbox 2368 5126 3963 5200">
     <span class='ocr_line' id='line_1_108' title="bbox 2368 5126 3963 5200; baseline 0.008 -19"><span class='ocrx_word' id='word_1_778' title='bbox 2368 5131 2422 5181; x_wconf 87' lang='lat' dir='ltr'><strong>et</strong></span> <span class='ocrx_word' id='word_1_779' title='bbox 2451 5126 2660 5198; x_wconf 78' lang='lat' dir='ltr'><strong>singula</strong></span> <span class='ocrx_word' id='word_1_780' title='bbox 2704 5127 2980 5198; x_wconf 80' lang='lat' dir='ltr'><strong>faciter’gia</strong></span> <span class='ocrx_word' id='word_1_781' title='bbox 3010 5143 3108 5200; x_wconf 86' lang='lat' dir='ltr'><strong>per</strong></span> <span class='ocrx_word' id='word_1_782' title='bbox 3136 5129 3415 5186; x_wconf 73' lang='lat' dir='ltr'><strong>decedam.</strong></span> <span class='ocrx_word' id='word_1_783' title='bbox 3450 5130 3596 5199; x_wconf 84' lang='lat' dir='ltr'><strong>Quas</strong></span> <span class='ocrx_word' id='word_1_784' title='bbox 3638 5149 3830 5191; x_wconf 86' lang='lat' dir='ltr'><strong>omnes</strong></span> <span class='ocrx_word' id='word_1_785' title='bbox 3872 5151 3963 5193; x_wconf 89' lang='lat' dir='ltr'><strong>res</strong></span> 
     </span>
    </p>
   </div>
   <div class='ocr_carea' id='block_1_108' title="bbox 2368 5220 3956 5298">
    <p class='ocr_par' dir='ltr' id='par_1_108' title="bbox 2368 5220 3956 5298">
     <span class='ocr_line' id='line_1_109' title="bbox 2368 5220 3956 5298; baseline 0.006 -20"><span class='ocrx_word' id='word_1_786' title='bbox 2368 5236 2467 5295; x_wconf 83' lang='lat' dir='ltr'><strong>per</strong></span> <span class='ocrx_word' id='word_1_787' title='bbox 2495 5220 2729 5295; x_wconf 71' lang='lat' dir='ltr'><strong>singulas</strong></span> <span class='ocrx_word' id='word_1_788' title='bbox 2759 5224 2991 5282; x_wconf 78' lang='lat' dir='ltr'><strong>deeadas</strong></span> <span class='ocrx_word' id='word_1_789' title='bbox 3037 5224 3260 5296; x_wconf 69' lang='lat' dir='ltr'><strong>singulm</strong></span> <span class='ocrx_word' id='word_1_790' title='bbox 3307 5242 3447 5283; x_wconf 68' lang='lat' dir='ltr'><strong>arcae</strong></span> <span class='ocrx_word' id='word_1_791' title='bbox 3483 5229 3841 5298; x_wconf 82' lang='lat' dir='ltr'><strong>contineant;</strong></span> <span class='ocrx_word' id='word_1_792' title='bbox 3872 5242 3956 5288; x_wconf 85' lang='lat' dir='ltr'><strong>te-</strong></span> 
     </span>
    </p>
   </div>
   <div class='ocr_carea' id='block_1_109' title="bbox 2368 5318 3961 5393">
    <p class='ocr_par' dir='ltr' id='par_1_109' title="bbox 2368 5318 3961 5393">
     <span class='ocr_line' id='line_1_110' title="bbox 2368 5318 3961 5393; baseline 0.006 -20"><span class='ocrx_word' id='word_1_793' title='bbox 2368 5318 2621 5373; x_wconf 80' lang='lat' dir='ltr'><strong>nentibus</strong></span> <span class='ocrx_word' id='word_1_794' title='bbox 2650 5332 2718 5373; x_wconf 83' lang='lat' dir='ltr'><strong>ex</strong></span> <span class='ocrx_word' id='word_1_795' title='bbox 2763 5319 2843 5373; x_wconf 82' lang='lat' dir='ltr'><strong>eis</strong></span> <span class='ocrx_word' id='word_1_796' title='bbox 2887 5321 3095 5374; x_wconf 78' lang='lat' dir='ltr'><strong>clavem</strong></span> <span class='ocrx_word' id='word_1_797' title='bbox 3123 5322 3428 5392; x_wconf 73' lang='lat' dir='ltr'><strong>prmpositis</strong></span> <span class='ocrx_word' id='word_1_798' title='bbox 3470 5322 3624 5377; x_wconf 81' lang='lat' dir='ltr'><strong>suis:</strong></span> <span class='ocrx_word' id='word_1_799' title='bbox 3658 5338 3778 5393; x_wconf 70' lang='lat' dir='ltr'><strong>qua:</strong></span> <span class='ocrx_word' id='word_1_800' title='bbox 3820 5339 3961 5383; x_wconf 65' lang='lat' dir='ltr'><strong>arca:</strong></span> 
     </span>
    </p>
   </div>
   <div class='ocr_carea' id='block_1_110' title="bbox 2368 5408 3963 5488">
    <p class='ocr_par' dir='ltr' id='par_1_110' title="bbox 2368 5408 3963 5488">
     <span class='ocr_line' id='line_1_111' title="bbox 2368 5408 3963 5488; baseline 0.007 -24"><span class='ocrx_word' id='word_1_801' title='bbox 2368 5410 2621 5465; x_wconf 77' lang='lat' dir='ltr'><strong>vestiario</strong></span> <span class='ocrx_word' id='word_1_802' title='bbox 2651 5419 2952 5481; x_wconf 86' lang='lat' dir='ltr'><strong>ponantur;</strong></span> <span class='ocrx_word' id='word_1_803' title='bbox 2988 5411 3077 5467; x_wconf 90' lang='lat' dir='ltr'><strong>ubi</strong></span> <span class='ocrx_word' id='word_1_804' title='bbox 3100 5420 3155 5467; x_wconf 91' lang='lat' dir='ltr'><strong>et</strong></span> <span class='ocrx_word' id='word_1_805' title='bbox 3184 5408 3514 5469; x_wconf 81' lang='lat' dir='ltr'><strong>ferramenta</strong></span> <span class='ocrx_word' id='word_1_806' title='bbox 3542 5418 3881 5488; x_wconf 87' lang='lat' dir='ltr'><strong>monasterii,</strong></span> <span class='ocrx_word' id='word_1_807' title='bbox 3906 5430 3963 5475; x_wconf 88' lang='lat' dir='ltr'><strong>et</strong></span> 
     </span>
    </p>
   </div>
   <div class='ocr_carea' id='block_1_111' title="bbox 2369 5505 3959 5580">
    <p class='ocr_par' dir='ltr' id='par_1_111' title="bbox 2369 5505 3959 5580">
     <span class='ocr_line' id='line_1_112' title="bbox 2369 5505 3959 5580; baseline 0.004 -20"><span class='ocrx_word' id='word_1_808' title='bbox 2369 5512 2559 5560; x_wconf 70' lang='lat' dir='ltr'><strong>crimes</strong></span> <span class='ocrx_word' id='word_1_809' title='bbox 2587 5519 2675 5559; x_wconf 88' lang='lat' dir='ltr'><strong>res</strong></span> <span class='ocrx_word' id='word_1_810' title='bbox 2722 5505 2914 5576; x_wconf 70' lang='lat' dir='ltr'><strong>positae</strong></span> <span class='ocrx_word' id='word_1_811' title='bbox 2944 5512 3107 5573; x_wconf 87' lang='lat' dir='ltr'><strong>sunt;</strong></span> <span class='ocrx_word' id='word_1_812' title='bbox 3138 5507 3206 5561; x_wconf 91' lang='lat' dir='ltr'><strong>de</strong></span> <span class='ocrx_word' id='word_1_813' title='bbox 3235 5506 3391 5576; x_wconf 88' lang='lat' dir='ltr'><strong>cujus</strong></span> <span class='ocrx_word' id='word_1_814' title='bbox 3417 5507 3569 5563; x_wconf 78' lang='lat' dir='ltr'><strong>cella&#39;:</strong></span> <span class='ocrx_word' id='word_1_815' title='bbox 3598 5509 3824 5565; x_wconf 84' lang='lat' dir='ltr'><strong>custode</strong></span> <span class='ocrx_word' id='word_1_816' title='bbox 3845 5508 3959 5580; x_wconf 87' lang='lat' dir='ltr'><strong>jam</strong></span> 
     </span>
    </p>
   </div>
   <div class='ocr_carea' id='block_1_112' title="bbox 2367 5597 3961 5669">
    <p class='ocr_par' dir='ltr' id='par_1_112' title="bbox 2367 5597 3961 5669">
     <span class='ocr_line' id='line_1_113' title="bbox 2367 5597 3961 5669; baseline 0.003 -14"><span class='ocrx_word' id='word_1_817' title='bbox 2367 5607 2529 5669; x_wconf 79' lang='lat' dir='ltr'><strong>supra</strong></span> <span class='ocrx_word' id='word_1_818' title='bbox 2579 5600 2902 5654; x_wconf 77' lang='lat' dir='ltr'><strong>taxavimus.</strong></span> <span class='ocrx_word' id='word_1_819' title='bbox 2947 5597 3074 5655; x_wconf 79' lang='lat' dir='ltr'><strong>ideo</strong></span> <span class='ocrx_word' id='word_1_820' title='bbox 3115 5601 3261 5656; x_wconf 73' lang='lat' dir='ltr'><strong>enim</strong></span> <span class='ocrx_word' id='word_1_821' title='bbox 3302 5600 3537 5658; x_wconf 78' lang='lat' dir='ltr'><strong>diximus</strong></span> <span class='ocrx_word' id='word_1_822' title='bbox 3583 5602 3639 5657; x_wconf 81' lang='lat' dir='ltr'><strong>in</strong></span> <span class='ocrx_word' id='word_1_823' title='bbox 3680 5612 3786 5658; x_wconf 83' lang='lat' dir='ltr'><strong>una</strong></span> <span class='ocrx_word' id='word_1_824' title='bbox 3829 5618 3961 5660; x_wconf 71' lang='lat' dir='ltr'><strong>arca</strong></span> 
     </span>
    </p>
   </div>
   <div class='ocr_carea' id='block_1_113' title="bbox 2368 5690 3963 5765">
    <p class='ocr_par' dir='ltr' id='par_1_113' title="bbox 2368 5690 3963 5765">
     <span class='ocr_line' id='line_1_114' title="bbox 2368 5690 3963 5765; baseline 0.003 -19"><span class='ocrx_word' id='word_1_825' title='bbox 2368 5692 2529 5747; x_wconf 71' lang='lat' dir='ltr'><strong>unius</strong></span> <span class='ocrx_word' id='word_1_826' title='bbox 2552 5690 2770 5748; x_wconf 72' lang='lat' dir='ltr'><strong>decadze</strong></span> <span class='ocrx_word' id='word_1_827' title='bbox 2792 5691 2895 5747; x_wconf 79' lang='lat' dir='ltr'><strong>sub</strong></span> <span class='ocrx_word' id='word_1_828' title='bbox 2913 5691 3065 5748; x_wconf 84' lang='lat' dir='ltr'><strong>clave</strong></span> <span class='ocrx_word' id='word_1_829' title='bbox 3087 5693 3502 5765; x_wconf 76' lang='lat' dir='ltr'><strong>praspositorum</strong></span> <span class='ocrx_word' id='word_1_830' title='bbox 3528 5706 3718 5750; x_wconf 77' lang='lat' dir='ltr'><strong>manes</strong></span> <span class='ocrx_word' id='word_1_831' title='bbox 3746 5698 3963 5751; x_wconf 75' lang='lat' dir='ltr'><strong>mutau—</strong></span> 
     </span>
    </p>
   </div>
   <div class='ocr_carea' id='block_1_114' title="bbox 2369 5784 3965 5858">
    <p class='ocr_par' dir='ltr' id='par_1_114' title="bbox 2369 5784 3965 5858">
     <span class='ocr_line' id='line_1_115' title="bbox 2369 5784 3965 5858; baseline 0.004 -19"><span class='ocrx_word' id='word_1_832' title='bbox 2369 5785 2467 5839; x_wconf 81' lang='lat' dir='ltr'><strong>das</strong></span> <span class='ocrx_word' id='word_1_833' title='bbox 2495 5784 2815 5850; x_wconf 81' lang='lat' dir='ltr'><strong>consistere,</strong></span> <span class='ocrx_word' id='word_1_834' title='bbox 2847 5791 2906 5838; x_wconf 90' lang='lat' dir='ltr'><strong>ut</strong></span> <span class='ocrx_word' id='word_1_835' title='bbox 2935 5798 3057 5840; x_wconf 88' lang='lat' dir='ltr'><strong>cum</strong></span> <span class='ocrx_word' id='word_1_836' title='bbox 3088 5785 3459 5856; x_wconf 75' lang='lat' dir='ltr'><strong>mius‘quisque</strong></span> <span class='ocrx_word' id='word_1_837' title='bbox 3487 5784 3657 5841; x_wconf 78' lang='lat' dir='ltr'><strong>frater</strong></span> <span class='ocrx_word' id='word_1_838' title='bbox 3694 5786 3749 5841; x_wconf 91' lang='lat' dir='ltr'><strong>in</strong></span> <span class='ocrx_word' id='word_1_839' title='bbox 3804 5794 3965 5858; x_wconf 77' lang='lat' dir='ltr'><strong>pote-</strong></span> 
     </span>
    </p>
   </div>
   <div class='ocr_carea' id='block_1_115' title="bbox 2369 5878 3965 5951">
    <p class='ocr_par' dir='ltr' id='par_1_115' title="bbox 2369 5878 3965 5951">
     <span class='ocr_line' id='line_1_116' title="bbox 2369 5878 3965 5951; baseline 0.003 -19"><span class='ocrx_word' id='word_1_840' title='bbox 2369 5884 2508 5934; x_wconf 81' lang='lat' dir='ltr'><strong>state</strong></span> <span class='ocrx_word' id='word_1_841' title='bbox 2545 5890 2725 5934; x_wconf 83' lang='lat' dir='ltr'><strong>arcam</strong></span> <span class='ocrx_word' id='word_1_842' title='bbox 2753 5892 2861 5934; x_wconf 89' lang='lat' dir='ltr'><strong>non</strong></span> <span class='ocrx_word' id='word_1_843' title='bbox 2892 5878 3160 5947; x_wconf 84' lang='lat' dir='ltr'><strong>habuerit,</strong></span> <span class='ocrx_word' id='word_1_844' title='bbox 3193 5886 3301 5935; x_wconf 66' lang='lat' dir='ltr'><strong>nun</strong></span> <span class='ocrx_word' id='word_1_845' title='bbox 3333 5879 3529 5935; x_wconf 86' lang='lat' dir='ltr'><strong>habeat</strong></span> <span class='ocrx_word' id='word_1_846' title='bbox 3570 5879 3659 5934; x_wconf 85' lang='lat' dir='ltr'><strong>ubi</strong></span> <span class='ocrx_word' id='word_1_847' title='bbox 3691 5880 3965 5951; x_wconf 66' lang='lat' dir='ltr'><strong>peculiare</strong></span> 
     </span>
    </p>
   </div>
   <div class='ocr_carea' id='block_1_116' title="bbox 2372 5968 3962 6042">
    <p class='ocr_par' dir='ltr' id='par_1_116' title="bbox 2372 5968 3962 6042">
     <span class='ocr_line' id='line_1_117' title="bbox 2372 5968 3962 6042; baseline 0.004 -18"><span class='ocrx_word' id='word_1_848' title='bbox 2372 5968 2577 6041; x_wconf 85' lang='lat' dir='ltr'><strong>aliquid</strong></span> <span class='ocrx_word' id='word_1_849' title='bbox 2622 5970 2947 6039; x_wconf 84' lang='lat' dir='ltr'><strong>abscondat;</strong></span> <span class='ocrx_word' id='word_1_850' title='bbox 2991 5986 3153 6042; x_wconf 83' lang='lat' dir='ltr'><strong>quem</strong></span> <span class='ocrx_word' id='word_1_851' title='bbox 3212 5972 3457 6029; x_wconf 81' lang='lat' dir='ltr'><strong>ordinem</strong></span> <span class='ocrx_word' id='word_1_852' title='bbox 3506 5987 3695 6031; x_wconf 84' lang='lat' dir='ltr'><strong>omnes</strong></span> <span class='ocrx_word' id='word_1_853' title='bbox 3743 5971 3962 6031; x_wconf 67' lang='lat' dir='ltr'><strong>decada</strong></span> 
     </span>
    </p>
   </div>
  </div>
