5174 6620
1700 394 1829 452 1051

3010 373 3351 434 Αυιιτυιιιδ
3391 370 3664 426 ΙΝΟΜΗῚ

4852 360 4986 414 1039.

1701 517 2007 575 observent.
2031 510 2086 566 Si
2110 508 2228 580 quis
2254 519 2382 562 vero
2406 506 2571 559 frater
2604 502 2655 556 in
2685 499 2865 570 specie
2888 511 2983 553 sua
3013 496 3114 551 sibi
3143 496 3289 549 visus
3319 499 3368 560 Α
3396 489 3601 551 bibatis,
3643 495 3731 538 ant
3769 484 3889 553 ιμιίιι
3918 481 4208 536 induamini
4242 499 4251 530 :
4298 479 4403 534 Sed
4431 478 4650 547 ιμιωνίιε
4692 493 4910 547 regnum
4939 488 4986 528 et

1702 610 1862 667 fuerit
1901 604 2148 669 scemari,
2191 601 2276 657 vel
2324 599 2458 656 satis
2493 595 2714 666 gavisci,
2762 608 2889 649 mox
2932 608 2961 645 a
2994 588 3293 659 pmpositis

1700 707 1814 763 suis
1860 704 1910 759 ei
1961 701 2198 763 tollatur,
2243 704 2299 752 et
2338 695 2443 749 alio
2474 693 2654 756 detur,
2697 699 2754 746 et
2799 686 3018 742 alterius
3048 685 3142 739 illi.
3180 682 3295 737 Hoc

1705 801 1849 862 idco,
1880 805 1938 852 ut
1968 808 2075 848 non
2106 775 2401 846 extollatur
2428 782 2648 855 propria
2699 780 2751 835 in
2800 779 2964 833 fratre
3000 776 3251 832 voluntas
3278 791 3290 827 :

1705 891 1829 959 quia
1861 882 2123 958 quidquid
2155 881 2271 950 ejus
2318 878 2495 931 anima
2525 875 2681 946 petit,
2716 873 2765 927 ei
2817 871 2987 941 magis
3029 869 3143 923 dari
3187 884 3292 922 non

1705 984 1899 1047 debet;
1930 980 2055 1048 quia
2093 984 2283 1031 contra
2313 970 2582 1027 desideria
2625 967 2802 1024 carnis
2841 965 3061 1036 spiritus
3099 962 3290 1023 sentit;

1707 1075 1826 1129 ideo
1856 1070 2114 1143 Spiritalis
2144 1069 2308 1123 homo
2332 1064 2428 1119 Dei
2454 1071 2554 1127 est,
2580 1076 2686 1115 non
2712 1057 2963 1114 carnalis.
2994 1055 3295 1111 llebdoma-

1704 1165 1868 1221 dariis
1889 1163 2178 1232 coquinam
2210 1155 2531 1214 intrantibus
2559 1154 2704 1208 sacci
2731 1153 2838 1207 sint
2869 1149 3083 1211 tunica,
3122 1156 3174 1201 et
3206 1162 3299 1200 cu-

1708 1256 1862 1312 culla:
1891 1262 2175 1322 segestrax;
2208 1265 2325 1319 qua:
2359 1246 2494 1301 tales
2524 1260 2611 1300 res
2642 1242 2875 1298 maxime
2906 1240 3045 1295 intra
3076 1252 3295 1293 monas-

1710 1351 1903 1408 terium
1946 1349 2063 1404 sine
2092 1343 2417 1401 verecundia
2448 1356 2666 1395 omnem
2695 1337 2973 1393 sorditiam
3020 1334 3297 1403 injuriam-

1709 1460 1816 1514 que
1831 1442 1916 1497 vel
1936 1440 2095 1496 simul
2114 1438 2518 1509 inquinamenta
2540 1432 2912 1493 caccaborum,
2931 1441 3191 1490 cucumac,
3216 1423 3300 1478 vel

1710 1542 2047 1611 hyemarum,
2079 1550 2178 1590 nec
2221 1550 2328 1587 non
2373 1539 2427 1587 et
2479 1529 2579 1584 faei
2624 1527 2885 1593 calorem,
2924 1523 3006 1578 vel
3056 1521 3300 1588 coquina:

1711 1633 1900 1689 sordes
1920 1629 2158 1684 diversas
2185 1626 2505 1680 sustineant.
2527 1620 2655 1688 Quae
2677 1635 2806 1689 ergo
2830 1636 2915 1675 res
2932 1617 3145 1686 expleta
3172 1613 3300 1667 heb-

1713 1723 1943 1781 domada
1977 1722 2163 1777 ultimo
2192 1720 2281 1774 die
2308 1734 2432 1773 sero
2458 1717 2581 1771 lota:
2610 1710 3042 1769 hcbdomadariis
3072 1709 3192 1762 aliis
3224 1708 3303 1760 in-

1717 1819 1985 1873 trantibus
2012 1816 2415 1883 consignantur.
2453 1812 2529 1865 De
2558 1808 2940 1865 calceamentis
2970 1819 3100 1861 vero
3138 1820 3302 1873 opor-

1720 1919 1797 1966 tet
1826 1912 2015 1965 fratrcs
2044 1908 2241 1976 caligas
2272 1905 2473 1959 habere
2501 1900 2749 1965 ferratas,
2782 1899 3055 1962 triclinas;
3102 1911 3209 1951 non
3240 1894 3305 1948 ad

1719 2002 1916 2064 lusum,
1946 1999 2042 2055 sed
2070 1999 2135 2052 ad
2169 2014 2359 2060 usum;
2398 2011 2533 2064 quas
2575 1994 2775 2049 debent
2804 2000 3051 2061 tempore
3100 1987 3308 2058 hyemis

1722 2094 1801 2149 uti
1829 2112 1840 2146 :
1873 2090 2074 2146 aestatis
2104 2104 2231 2144 vero
2263 2099 2508 2156 tempore
2539 2095 2728 2141 unctas
2757 2082 2971 2157 reponi.
3004 2079 3070 2134 Et
3110 2079 3310 2145 caligas

1722 2202 1911 2245 omnes
1940 2191 2157 2255 oportet
2199 2182 2397 2236 habere
2445 2179 2699 2243 clavntas,
2732 2185 2843 2230 tam
2884 2174 2938 2228 in
2978 2170 3309 2228 monasterio

1721 2295 1884 2352 quam
1909 2280 1961 2334 in
1988 2278 2076 2333 via
2104 2296 2114 2329 :
2141 2284 2201 2330 ut
2227 2282 2281 2328 ct
2302 2274 2392 2327 diu
2414 2273 2663 2341 repositae
2689 2269 2873 2337 caliga:
2901 2273 3307 2327 conserventur,

1724 2383 1781 2430 et
1831 2388 1926 2444 pes
1974 2370 2153 2425 fratris
2185 2369 2236 2423 in
2267 2367 2441 2434 caliga
2470 2364 2837 2432 refrigeretur.
2888 2360 2969 2414 Ad
3017 2369 3312 2414 nocturnos

1725 2482 1854 2521 vero
1884 2466 1934 2519 in
1968 2470 2155 2516 testate
2200 2460 2407 2527 ligneos
2444 2471 2643 2524 cuspus
2675 2461 2895 2508 utantur
2925 2451 3209 2521 pellit-eos;
3247 2463 3314 2503 ne

1725 2553 2019 2625 iuquinatis
2044 2550 2266 2621 pedibus
2295 2548 2361 2603 ad
2390 2562 2543 2603 suum
2568 2553 2900 2601 revertentes
2926 2551 3174 2606 stratum,
3206 2541 3313 2595 Icc-

1732 2657 1909 2703 torum
1940 2658 2099 2712 sagos
2130 2641 2500 2711 coinquinent.
2535 2639 2594 2693 ln
2619 2638 2813 2709 hyeme
2834 2651 2962 2691 vero
2991 2635 3058 2690 ad
3090 2646 3313 2689 noctur-

1728 2757 1830 2796 nos
1849 2737 2131 2809 pednlibus
2150 2745 2371 2789 utantur
2391 2730 2653 2802 pelliceis,
2668 2740 2889 2799 propter
2906 2727 3076 2795 frigus
3097 2725 3311 2797 pedum.

1727 2834 1786 2889 In
1817 2833 1968 2888 lectis
2000 2830 2233 2886 habeant
2261 2828 2312 2882 in
2341 2829 2536 2899 hyeme
2560 2824 2798 2895 singulas
2828 2831 3047 2888 mattas,
3078 2830 3133 2877 et
3161 2835 3319 2890 sagos

1732 2923 2080 2993 tomentatios
2121 2920 2382 2989 singulos,
2410 2926 2466 2972 et
2494 2917 2645 2972 lanas
2692 2935 2704 2968 :
2749 2918 2800 2969 in
2829 2922 3018 2971 aestate
3060 2928 3189 2967 vero
3221 2928 3319 2981 pro

1732 3016 1868 3071 lanis
1897 3010 2133 3069 rat-binis
2161 3019 2383 3082 propter
2420 3018 2587 3064 aestus
2614 3016 2854 3071 utantur,
2900 3014 2957 3060 et
3002 3011 3126 3058 ante
3176 3003 3321 3070 ipsos

1732 3108 1902 3164 lectos
1932 3107 2168 3173 singulas
2198 3103 2391 3174 pelles,
2423 3102 2512 3159 ubi
2546 3108 2759 3170 tergant
2795 3116 2825 3152 a
2856 3096 3106 3153 sordibus
3135 3094 3314 3165 pedes,

1731 3209 1789 3257 et
1813 3200 1892 3255 sic
1921 3200 1975 3254 in
2003 3212 2133 3254 suos
2159 3196 2328 3251 lectos
2358 3194 2671 3248 ascendant.

2280 3328 2507 3384 CAPUT
2548 3325 2799 3382 LXXXII.

2187 3440 2269 3477 ΙΝΤ
2283 3437 2580 3476 ξιιιιιυϐιιτιο
2622 3437 2670 3473 lt]
2691 3435 2871 3473 3C]l'l‘l.l
2886 3459 2894 3466 .

1739 3549 1797 3601 Si
1827 3544 1969 3597 drbet
1996 3542 2049 3594 in
2078 3537 2392 3593 monasterio
2425 3537 2587 3603 frater
2616 3533 2814 3603 aliquid
2836 3532 3094 3601 peculiare
3117 3529 3322 3583 habere.

1998 3670 2303 3712 Bl-Jl‘ONDiS'I‘
2347 3667 2570 3706 DONINUS
2610 3667 2707 3703 PER
2750 3664 3050 3703 ΜΑοιςτιιιιιι

1809 3772 1992 3826 Omnis
2021 3769 2182 3823 homo
2208 3767 2259 3821 in
2288 3765 2394 3819 vita
2420 3763 2595 3818 saeculi
2624 3762 2783 3831 hujus
2804 3762 2977 3816 tribus
3002 3761 3164 3815 rebus
3184 3760 3329 3814 exci-

1743 3874 1906 3928 tatur,
1943 3860 2154 3917 laborat
2179 3869 2233 3915 et
2262 3857 2470 3921 studet;
2521 3855 2840 3927 peregrinus
2870 3854 2921 3908 in
2955 3854 3062 3919 via,
3092 3852 3247 3906 miles
3279 3852 3330 3906 in

1742 3972 1941 4029 pugna,
1977 3955 2279 4024 imperator
2308 3954 2358 4006 in
2392 3950 2614 4021 palatio,
2645 3948 2882 4015 agricola
2920 3948 2973 4001 in
3004 3959 3154 4014 agro.
3184 3960 3329 3999 mer-

1743 4047 1993 4103 cenarius
2031 4045 2085 4099 in
2116 4045 2356 4113 negotio,
2404 4059 2594 4098 omnes
2638 4042 2949 4096 excitantur
2975 4046 3032 4094 et
3059 4039 3330 4102 laborant,

1745 4155 1801 4199 ut
1832 4139 2222 4204 habeant,dum
2254 4140 2459 4205 vixunt,
2491 4136 2633 4191 unde
2662 4135 2980 4199 vestiantur,
3010 4132 3333 4197 calcientur,

1745 4247 1799 4295 et
1826 4238 2028 4292 vivant.
2076 4234 2183 4288 Sed
2212 4233 2404 4302 qubus
2455 4230 2712 4286 Dominus
2748 4228 2953 4283 servitii
2984 4226 3067 4282 sui
3100 4223 3335 4279 contulit

1747 4330 1987 4392 domum,
2017 4335 2073 4381 et
2101 4323 2339 4379 ostendit
2368 4323 2444 4377 vis
2474 4338 2579 4376 non
2610 4320 2741 4375 satis
2761 4317 2827 4372 de
2852 4316 3101 4387 praesenti
3132 4313 3327 4370 smculo

1748 4424 2005 4492 cogitare,
2034 4420 2159 4490 quia
2182 4419 2297 4472 haec
2320 4418 2497 4471 omnia
2526 4420 2926 4485 pertranseunt,
2950 4419 3005 4467 et
3028 4413 3205 4465 ontnia
3233 4409 3333 4463 ista

1749 4522 1869 4582 qua:
1898 4512 2141 4567 videmus
2171 4516 2225 4562 ct
2257 4508 2476 4568 utimur,
2510 4520 2804 4573 paucorum
2843 4502 2895 4555 in
2932 4500 3091 4555 nobis
3120 4499 3329 4553 dierum

1749 4619 1871 4667 sunt
1895 4624 2041 4674 usus,
2070 4615 2126 4661 et
2154 4616 2531 4658 mmneutanea
2562 4616 2682 4655 cntn
2714 4600 2835 4654 vita:
2865 4605 3063 4651 nostra:
3091 4607 3335 4663 tempore

1752 4710 2029 4761 transerunt
2056 4719 2069 4754 :
2102 4709 2155 4754 et
2186 4714 2283 4767 per
2310 4695 2553 4764 corporis
2584 4704 2813 4747 mortem
2842 4700 3042 4746 czeeata
3084 4688 3138 4741 in
3180 4686 3338 4741 nabis

1749 4795 1925 4852 smcnli
1961 4794 2095 4854 luce,
2130 4789 2327 4843 clausis
2352 4787 2474 4840 vita:
2501 4786 2689 4849 oculis,
2719 4784 2900 4839 omnia
2928 4798 3046 4851 qua:
3074 4781 3338 4836 habemus

1751 4887 1948 4945 sarculo
1996 4887 2387 4953 relinquuntur.
2422 4879 2529 4933 Sed
2571 4880 2657 4932 illa
2696 4894 2911 4947 semper
2949 4889 3181 4940 aeterna;
3218 4889 3336 4942 qua:

1752 4991 1874 5038 eum
1904 4979 2170 5039 venerint,
2203 4976 2429 5028 ulterius
2456 4972 2683 5025 transire
2732 4988 2838 5024 non
2872 4977 3069 5047 norunt
3097 4986 3109 5021 :
3157 4967 3249 5021 sed
3284 4968 3339 5021 in

1755 5075 1909 5130 bonis
1935 5072 2058 5125 vita:
2088 5077 2303 5123 tutorum
2330 5066 2508 5134 jnstis,
2533 5073 2624 5118 aut
2648 5064 2697 5117 in
2723 5063 2896 5133 poenis
2924 5062 3181 5131 gehennae
3212 5075 3338 5129 pec-

1756 5167 2028 5223 catoribus
2059 5167 2425 5232 perseverant.
2458 5156 2533 5211 De
2554 5156 2747 5225 quibus
2775 5171 2902 5223 ergo
2928 5152 3210 5207 desideriis
3246 5152 3344 5206 bo-

1758 5274 1971 5320 norum,
1999 5256 2085 5310 vel
2112 5253 2308 5308 timore
2335 5250 2617 5314 malorum,
2647 5248 2796 5317 quasi
2822 5247 2935 5316 ja‘nt
2963 5245 3034 5300 ibi
3057 5245 3345 5299 videamur

1760 5349 2040 5411 accersiti;
2083 5356 2317 5399 mentem
2364 5350 2601 5398 nostram
2634 5342 2686 5395 in
2719 5342 2820 5395 hac
2851 5341 2958 5393 vita
2989 5338 3054 5392 de.
3097 5337 3348 5407 supernis

1760 5457 1976 5511 semper
2019 5437 2434 5506 cogitationibus
2492 5444 2838 5502 occupemus.
2898 5432 3046 5485 Unde
3102 5429 3348 5500 praecipit

1765 5536 2021 5590 Dominus
2040 5532 2235 5597 servis,
2262 5531 2329 5584 de
2351 5529 2670 5585 necessariis
2693 5528 2811 5581 vit;c
2835 5527 2993 5594 hujus
3019 5542 3122 5581 non
3147 5525 3349 5581 debere

1763 5642 2089 5698 quemquam
2134 5638 2254 5679 esse
2297 5624 2613 5683 sollicitum;
2649 5621 2812 5676 etiam
2846 5620 3030 5675 ﬁdeles
3063 5621 3112 5673 in
3159 5636 3217 5674 se
3248 5620 3346 5675 ad-

1767 5730 1952 5776 monet
1990 5720 2059 5774 de
2085 5718 2324 5773 crastino
2373 5732 2478 5770 non
2517 5716 2776 5785 cogitare,
2808 5715 2901 5769 sed
2934 5728 3156 5782 regnum
3192 5725 3245 5769 et
3272 5714 3353 5781 ju-

1770 5812 1970 5867 Stitiam
2002 5812 2117 5880 ejus
2142 5810 2477 5865 solummodo
2500 5809 2831 5876 desiderare,
2859 5810 3045 5863 dicens
3076 5811 3127 5864 in
3160 5819 3351 5864 sancto

1774 5902 2063 5972 livangelio
2091 5922 2101 5957 :
2138 5901 2315 5957 Nolite
2343 5904 2569 5970 cogitare
2601 5905 2720 5973 quid
2754 5903 3090 5968 munitm-etis,
3124 5915 3209 5955 aut
3236 5904 3351 5973 prid

3388 580 3645 651 justitiam
3666 575 3778 641 Dei,
3799 584 3847 628 et
3861 574 3969 627 Itazc
3983 573 4156 627 omnia
4174 580 4500 640 opponentur
4516 569 4658 624 vobis
4673 566 4828 637 (Luc.
4865 570 4984 636 xu).

3396 670 3536 739 Ergo
3561 686 3679 724 cum
3729 669 3841 721 haec
3879 666 4058 721 omnia
4108 663 4415 720 necessaria
4467 662 4625 717 nobis
4671 675 4703 714 a
4754 660 4986 715 DOtttltm

3395 772 3788 836 praeparantur,
3821 770 3874 816 et
3896 759 3963 815 dc
3983 759 4232 815 omnibus
4258 754 4705 811 administrandis
4725 770 4847 809 cum
4875 752 4988 807 Dea

3396 861 3543 915 solus
3573 867 3655 912 est
3682 857 3848 912 abbas
3877 853 4164 917 sollicitus,
4205 866 4377 922 quare
4426 848 4726 918 discipulus
4758 847 4860 901 sibi
4894 862 4989 915 pce

3397 950 3672 1005 culiariter
3698 947 3898 1016 aliquid
3928 945 4126 999 audeat
4158 940 4357 1007 facere,
4382 949 4476 995 ant
4500 941 4721 1004 habere,
4750 948 4846 992 ant
4867 940 4986 993 vin.

3396 1040 3618 1095 dicare?
3652 1037 3784 1091 Nam
3814 1037 3933 1091 ideo
3967 1034 4244 1104 peculiare
4276 1032 4478 1100 aliquid
4510 1031 4718 1086 habere
4748 1031 4991 1099 denega-

3399 1141 3505 1198 tur,
3535 1132 3660 1199 qnia
3690 1146 3836 1183 nemo
3868 1128 4086 1181 serviens
4112 1124 4219 1179 Deo
4241 1126 4471 1195 implicat
4500 1140 4554 1177 se
4576 1123 4800 1194 negotiis
4823 1138 4991 1176 utcu-

3398 1221 3618 1286 lan‘bus,
3650 1229 3703 1272 nt
3734 1220 3780 1272 ei
3808 1220 4015 1287 placeat
4042 1218 4125 1271 cui
4154 1234 4209 1271 se
4234 1216 4466 1286 probnvit
4496 1214 4583 1285 (II
4621 1213 4758 1269 Tim.
4795 1218 4856 1283 ιι)
4889 1232 4903 1266 :
4936 1225 4992 1268 ut

3400 1331 3521 1371 cum
3552 1315 3801 1369 tillllllbus
3829 1314 3989 1368 rebus
4013 1314 4125 1369 suis
4154 1313 4335 1367 alieno
4360 1328 4486 1367 cum
4519 1326 4578 1366 se
4611 1311 4843 1380 imperio
4872 1310 4994 1363 sub-

3402 1409 3617 1475 diderit,
3668 1417 3727 1462 ut
3781 1423 3887 1463 non
3938 1408 4006 1461 sit
4057 1421 4142 1461 res
4194 1406 4282 1460 ubi
4326 1405 4541 1476 propria
4588 1404 4705 1473 ejus
4748 1404 4999 1458 voluntas

3403 1502 3716 1568 extollatur,
3757 1516 3877 1570 quae
3908 1500 4170 1554 voluntati
4223 1499 4317 1553 Dei
4347 1508 4431 1555 est
4471 1499 4716 1554 inimica.
4765 1497 4904 1554 Nam
4932 1498 5000 1552 de

3406 1595 3662 1667 peculiari
3695 1595 3937 1648 Ananias
3968 1603 4022 1646 et
4048 1591 4276 1662 Saphira
4306 1590 4464 1646 tidem
4496 1591 4567 1646 ab
4594 1590 4866 1662 apostolis
4893 1606 4999 1645 non

3406 1698 3716 1743 meruerunt
3739 1687 4041 1757 percipere,
4065 1685 4190 1755 quia
4214 1684 4396 1740 omnia
4418 1699 4515 1739 sua
4536 1698 4660 1738 cum
4684 1693 4814 1738 ante
4837 1684 5002 1753 pedes

3408 1779 3778 1849 apostolorum
3809 1777 4166 1845 assignarent,
4193 1776 4262 1830 de
4299 1775 4658 1844 peculiaribus
4688 1772 5003 1828 fraudulen-

3342 1886 3386 1946 Β
3415 1883 3496 1927 ter
3539 1872 3861 1934 subtractis,
3877 1869 4079 1938 judicio
4109 1869 4300 1925 subitte
4327 1868 4518 1922 mortis
4550 1868 4791 1922 damnati
4837 1881 4962 1921 sunt
4990 1888 5000 1918 :

3413 1964 3535 2033 quia
3570 1966 3713 2017 fraus
3745 1962 3854 2016 Deo
3886 1963 3997 2016 heri
4030 1978 4136 2015 non
4170 1970 4376 2030 potest;
4409 1980 4531 2015 eum
4564 1961 4695 2014 tnhil
4718 1970 4801 2015 est
4821 1960 5006 2014 occul-

3414 2066 3523 2111 tum
3556 2058 3700 2125 quod
3732 2056 3798 2109 ab
3828 2071 3895 2110 eo
3934 2070 4038 2109 non
4069 2055 4417 2110 revelabitur.
4455 2054 4595 2124 Ergo
4640 2070 4765 2109 eum
4797 2055 5003 2109 vietum

3414 2159 3469 2203 et
3496 2149 3749 2203 vestitum
3780 2150 4016 2217 corpori,
4045 2148 4410 2202 calceamenta
4448 2148 4678 2215 pedibus
4713 2148 5005 2213 unicuique

3418 2242 3568 2296 fratri
3599 2242 3767 2297 abbas
3794 2242 4244 2310 precogitaverit,
4274 2250 4328 2294 ut
4351 2242 4478 2308 quid
4503 2242 4662 2295 alieni
4692 2253 4760 2294 sn
4783 2239 5004 2309 aliquod

3415 2335 3687 2406 peculiare
3717 2349 3851 2405 opus
3881 2334 4099 2391 habere.
4125 2345 4215 2388 aut
4242 2351 4351 2389 tem
4376 2334 4633 2402 aliquam,
4659 2346 4747 2388 aut
4774 2350 5002 2389 aurem:

3417 2441 3509 2484 aut
3538 2445 3806 2494 inn-unos,
3850 2429 3935 2483 vel
3966 2428 4194 2497 quodvis
4237 2428 4632 2486 necessarium;
4667 2443 4789 2482 cum
4820 2427 5003 2481 omnia

3418 2528 3642 2578 eruenta
3675 2523 3756 2576 vel
3790 2523 4031 2576 habenda
4068 2521 4206 2576 Dens
4237 2522 4284 2576 ei
4317 2537 4413 2591 per
4441 2523 4695 2577 abbatem
4724 2531 5002 2577 ntonastev

3422 2617 3480 2669 ιιὶ
3504 2615 3871 2685 ειμι›ιιι“θιιι“ἰ8ἰ
3894 2616 4036 2683 quod
4063 2630 4191 2678 ergo
4220 2614 4491 2684 peculiare
4522 2615 4801 2670 inventum
4845 2616 4894 2669 in
4918 2616 5006 2668 ali-

3420 2723 3527 2776 quo
3558 2708 3738 2769 fuerit,
3766 2706 3954 2774 grandi
3977 2721 4096 2759 eum
4128 2708 4295 2760 abbas
4317 2717 4372 2760 et
4400 2708 4651 2760 diuturna
4686 2720 5006 2761 excommu-

3424 2800 3692 2855 nicatione
3718 2800 4060 2862 condemnet,
4091 2810 4145 2852 ut
4179 2800 4427 2869 exemplo
4452 2801 4590 2855 illius
4614 2801 4867 2855 vindicum
4893 2802 5011 2855 nul-

3423 2892 3507 2945 lus
3539 2893 3641 2945 hoc
3688 2891 3890 2947 audeat
3936 2892 4154 2946 imitari.
4190 2892 4301 2948 lloc
4331 2894 4474 2947 enim
4520 2911 4586 2946 ne
4618 2894 4685 2946 sit
4736 2894 4789 2947 in
4830 2895 5009 2962 aliquo

3426 2986 3755 3053 frequentet;
3786 3001 3974 3040 onmes
3998 2995 4305 3041 scrutentur
4330 3002 4357 3039 a
4383 2987 4685 3056 pr;c.pusitis
4708 2986 4855 3047 suis;
4886 2998 4939 3042 et
4968 2988 5009 3042 si

3428 3081 3479 3133 in
3511 3081 3687 3148 aliqua
3719 3096 3778 3133 re
3808 3081 3966 3133 fuerit
3995 3081 4141 3134 visus
4172 3081 4270 3134 sibi
4316 3082 4481 3134 frater
4530 3082 4760 3135 multum
4790 3082 5012 3150 gavisci,

3427 3186 3519 3229 aut
3571 3176 3844 3244 plaudere,
3890 3176 4107 3229 tollatur
4152 3175 4223 3240 ei,
4272 3186 4326 3229 et
4355 3175 4461 3230 alio
4491 3175 4670 3239 detur,
4702 3186 4759 3229 et
4797 3176 5015 3229 alterius

3348 3258 3402 3324 Β
3432 3267 3525 3329 illi,
3555 3268 3780 3335 quodvis
3825 3269 4009 3322 fuerit:
4040 3276 4098 3323 ut
4128 3270 4343 3338 propria
4392 3268 4446 3323 in
4477 3282 4545 3324 eo
4578 3286 4687 3324 non
4724 3270 5018 3325 extollatur

3430 3359 3676 3413 voluntas

3952 3472 4177 3528 CAPUT
4217 3472 4307 3527 LX
4329 3473 4495 3529 IXIII.

3879 3608 4139 3647 lNTLItltUai
4157 3610 4169 3644 ἓ
4184 3609 4203 3645 Ἰ
4220 3608 4271 3669 Hi
4312 3608 4582 3646 lllSCll'l'tLlo

3495 3706 3759 3771 Quomodo
3789 3704 3970 3759 debent
4003 3706 4177 3759 haberi
4206 3706 4256 3760 in
4287 3706 4604 3761 ntomtsterio
4634 3707 4949 3761 sacerdotes.

3687 3835 3988 3876 κεδνολυετ
4028 3835 4255 3874 υΟΜΙΝυέ
4297 3836 4394 3873 PER
4435 3835 4763 3875 IACltTﬂUI.

3513 3935 3923 4003 l’errgrinorum
3965 3933 4083 3989 loco
4115 3933 4417 3989 habeantur
4458 3936 4510 3989 in
4558 3937 4891 3992 iuonasterio
4933 3951 5021 3991 sa-

3442 4027 3709 4091 cerdotes,
3754 4026 3986 4080 maxime
4015 4040 4245 4096 quorum
4270 4025 4529 4095 priuatus
4556 4037 4611 4082 et
4639 4027 4816 4081 honor
4844 4028 4898 4081 in
4929 4026 5026 4082 Ecv

3441 4120 3605 4175 clesia
3645 4120 3951 4174 continetur
3989 4129 4043 4173 et
4071 4117 4280 4172 militat.
4315 4119 4414 4185 Qui
4445 4120 4488 4173 si
4520 4120 4624 4174 hoc
4653 4119 4940 4195 elegerint,
4971 4131 5027 4175 ut

3441 4229 3541 4283 pro
3571 4226 3757 4266 amore
3785 4210 3902 4279 Dei,
3932 4212 4013 4267 vel
4045 4220 4264 4282 propter
4292 4211 4650 4282 disciplinam,
4685 4214 4770 4269 vel
4814 4230 5028 4270 mensu-

3443 4319 3557 4358 ram
3584 4312 3783 4359 sancta:
3811 4304 3933 4358 vita:
3961 4305 4300 4383 monasteriis
4329 4304 4594 4371 habitent,
4629 4305 4683 4360 in
4715 4307 4836 4361 solo
4879 4310 5027 4362 eriim

3444 4398 3663 4453 nomine
3685 4405 3866 4467 patres
3885 4399 4197 4452 monasterii
4215 4407 4623 4469 nuncupentur;
4650 4410 4706 4454 et
4730 4401 4861 4456 nihil
4885 4402 5029 4457 aliud

3447 4493 3524 4547 cis
3567 4492 3620 4546 in
3665 4493 4007 4546 monasteriis
4038 4492 4229 4556 liceat,
4282 4492 4382 4546 nisi
4429 4494 4708 4548 orationes
4751 4494 5027 4564 colligere,

3447 4586 3717 4655 eotnplere
3740 4595 3793 4639 et
3817 4586 4048 4654 signare.
4079 4585 4235 4640 Aliud
4263 4600 4390 4641 vero
4413 4585 4546 4640 nihil
4571 4596 4665 4641 aut
4685 4600 5033 4657 praesumant,

3445 4688 3538 4732 aut
3569 4677 3649 4733 eis
3679 4678 3874 4737 liceat;
3908 4677 3990 4733 vel
4023 4678 4220 4749 aliquid
4253 4679 4631 4746 ordinationis,
4660 4689 4754 4734 aut
4781 4680 5031 4736 domina-

3449 4771 3630 4836 tionis,
3663 4779 3756 4824 aut
3777 4771 4192 4839 dispensationis
4220 4770 4518 4836 vindicent;
4551 4772 4645 4827 sed
4675 4788 4891 4829 omnem
4925 4775 5033 4830 for-

3445 4878 3588 4918 mam
3620 4863 3873 4931 licentiae,
3930 4864 4012 4918 vel
4051 4863 4361 4918 ordinanth
4404 4863 4789 4923 dominationis
4842 4883 5035 4923 mona-

3443 4960 3591 5014 sterii
3620 4963 3805 5025 abbas,
3831 4960 3921 5029 qui
3944 4976 4105 5031 super
4131 4975 4346 5030 gregem
4378 4960 4682 5018 universum
4714 4970 4796 5018 est
4823 4963 5039 5019 ordina-

3446 5063 3549 5117 tus,
3582 5070 3702 5108 cmn
3728 5056 3909 5123 regula
3938 5056 4175 5109 vintlicet
4201 5057 4284 5109 vel
4318 5054 4593 5111 defendat.
4638 5056 4772 5111 Nam
4798 5059 4917 5113 solo
4946 5059 5037 5113 ho-

3450 5148 3598 5201 noris
3627 5148 3844 5202 nomine
3891 5148 4011 5202 ideo
4059 5148 4344 5203 statuimus
4377 5163 4469 5204 eos
4501 5158 4682 5219 patres
4726 5150 5035 5204 monasterii

3451 5241 3745 5310 appellare,
3777 5251 3995 5311 przipter
4024 5244 4384 5297 sacrationem
4431 5243 4738 5312 sacerdotii,
4773 5254 4865 5300 aut
4897 5245 5040 5301 ordi—

3451 5338 3756 5401 nationem;
3790 5346 3844 5392 et
3876 5352 3944 5393 ne
3974 5337 4074 5408 ipsi
4105 5337 4327 5393 obtentu
4370 5338 4594 5393 honoris
4624 5338 4693 5394 de
4719 5340 5037 5407 ratiociniis,

3457 5429 3540 5483 vel
3570 5429 3937 5485 dominatione
3978 5431 4315 5497 monasterii,
4352 5441 4409 5485 ut
4438 5441 4565 5502 pote
4605 5431 4792 5497 laieos,
4822 5433 5041 5489 abbates

3454 5524 3760 5579 excludant.
3794 5524 3927 5578 Nam
3956 5525 4053 5596 ipsi
4083 5526 4410 5592 sacerdotes,
4442 5526 4487 5581 si
4512 5527 4734 5593 victum,
4761 5538 4854 5583 aut
4883 5528 5041 5582 vesti—

3456 5628 3715 5681 mentum,
3749 5629 3839 5673 aut
3868 5620 4189 5677 calcearium
4222 5621 4531 5677 ntonas:erii
4562 5622 4638 5676 uti
4669 5621 4840 5691 magis
4866 5621 5039 5691 quoti-

3456 5715 3541 5769 die
3582 5718 3802 5787 eligont,
3853 5727 3907 5773 et
3936 5720 4149 5789 operari
4180 5719 4542 5777 communiter
4586 5718 4882 5775 secundum
4915 5734 5042 5788 pra-

3460 5818 3674 5879 ceptnm
3695 5812 3937 5881 Apostuli
3962 5830 4084 5869 cum
4113 5813 4366 5870 fratribus
4391 5813 4646 5875 debeant,
4681 5830 4789 5868 non
4814 5814 5037 5884 impera—

3464 5904 3569 5959 tive
3600 5906 3727 5959 satis
3759 5908 3932 5961 coacti
3965 5909 4029 5963 ab
4076 5908 4287 5976 abbate,
4321 5905 4415 5964 sed
4445 5922 4563 5963 cum
4609 5907 4914 5965 reverentia
4957 5903 5044 5960 ad-
