5174 6536
671 418 816 474 1035

2181 419 2487 480 REGHLA.

3809 435 3948 491 1054

662 535 879 591 moniti.
911 533 1045 590 Nam
1085 533 1130 588 si
1171 529 1442 603 spiritales
1484 539 1628 599 sunt,
1664 531 1763 602 ipsi
1814 532 1915 586 sibi
1962 532 2249 604 imperent.
2284 545 2334 603 Α
2360 549 2612 608 agrorum
2641 535 2904 601 laborem,
2935 549 3073 591 casae
3101 536 3542 608 sollicitudinem,
3569 541 3951 612 inquilinorum

668 627 810 683 Nam
855 634 911 680 et
951 633 1175 695 propter
1203 624 1492 689 cautelam,
1533 623 1676 692 quod
1725 633 1978 692 poterant
2027 626 2094 679 ab
2141 627 2260 680 aliis

660 717 807 785 cogi,
839 731 1108 772 memores
1136 730 1350 784 semper
1372 715 1544 769 sancti
1573 713 1804 784 apostoli
1831 713 1998 780 Pauli,
2032 716 2258 772 formam

662 806 1005 864 ostendentis
1032 805 1099 860 de
1129 821 1208 871 se,
1235 813 1291 861 et
1331 805 1560 860 dicentis
1585 823 1597 858 :
1628 805 1748 859 Non
1777 808 1940 877 gratis
1969 823 2154 877 panem
2179 824 2260 861 ve-

656 910 824 954 strum
858 897 1281 951 manducavimus
1311 896 1401 967 (II
1435 896 1616 950 Thess.
1653 898 1750 966 ιιι).
1777 896 1845 951 Ει
1874 898 2000 951 item
2038 898 2153 962 ipse
2178 898 2259 952 di-

660 990 777 1042 cit:
817 986 1186 1041 Laboravimus
1228 986 1472 1050 manibus,
1496 988 1706 1051 nostris,
1755 1005 1817 1041 ne
1854 1004 2002 1058 quem
2038 997 2260 1042 vestrum

657 1093 1016 1147 gravareinus.
1054 1078 1117 1130 Et
1148 1077 1275 1131 item
1306 1076 1420 1145 ipse
1447 1076 1613 1130 dicit:
1652 1077 1750 1141 Qui
1777 1093 1879 1130 non
1912 1077 2134 1142 laborat,
2169 1094 2260 1130 nec

657 1168 941 1221 manducet
971 1165 1186 1236 (lbid.).
1219 1165 1362 1236 Ergo
1391 1166 1535 1236 quod
1567 1167 1612 1221 si
1642 1166 1940 1221 diutissime
1972 1166 2134 1222 otiosi
2179 1168 2258 1222 Ia-

658 1263 798 1315 bore
819 1277 1075 1316 manuum
1098 1276 1315 1314 suarum
1331 1274 1575 1330 quaerere
1597 1261 1797 1314 victum
1824 1261 2114 1323 noluerint,
2137 1276 2259 1315 cum

659 1353 968 1408 reverentia
1021 1369 1116 1425 per
1168 1354 1461 1407 multorum
1519 1352 1891 1422 religiosorum
1953 1353 2259 1407 testimonia

660 1445 922 1500 conventi
955 1445 1021 1497 ab
1052 1445 1247 1498 abbate
1295 1442 1551 1498 Ecclesiis
1595 1452 1956 1498 revertantur.
2001 1443 2056 1496 Si
2106 1459 2258 1510 vero,

663 1535 819 1605 quod
861 1537 1022 1598 absit,
1058 1553 1164 1591 non
1195 1536 1440 1606 pacifice,
1485 1536 1577 1588 sed
1623 1536 1792 1600 magis
1821 1549 1918 1604 per
1949 1536 2260 1589 scandalum

661 1630 822 1684 exire
854 1629 1142 1692 voluerint,
1172 1628 1304 1681 tenti
1336 1637 1392 1681 et
1417 1627 1565 1681 exuti
1592 1627 1752 1680 rebus
1781 1629 2095 1679 monasterii
2122 1627 2261 1679 dun-

661 1730 842 1786 taxat,
873 1720 992 1774 sine
1039 1720 1188 1788 gravi
1233 1719 1424 1788 injuria
1471 1719 1650 1773 clausa
1687 1721 1832 1787 regia
1884 1719 2256 1772 excludantur.

656 1814 800 1880 Quia
853 1814 1024 1882 magis
1079 1813 1176 1883 ipsi
1225 1813 1454 1880 amplius
1493 1826 1653 1878 agere
1702 1812 1915 1872 debent,
1949 1811 2090 1876 quod
2139 1811 2257 1864 aliis

2364 627 2647 692 clamores,
2681 626 2978 682 vicinorum
3009 629 3132 683 lites
3161 631 3459 686 conductor
3486 636 3757 689 sacularis
3786 642 3952 695 susti-

2363 727 2520 782 neat;
2549 719 2640 788 qui
2668 718 2840 772 nescit
2860 719 2927 772 de
2951 721 3065 774 sola
3097 723 3274 775 anima
3306 725 3567 792 cogitare,
3593 727 3683 781 sed
3711 744 3953 799 praesen-

2364 808 2432 861 tis
2464 808 2589 861 vita:
2611 822 2826 862 omnem
2858 807 3272 865 sollicitudinem
3297 815 3349 866 in
3380 815 3538 883 hujus
3559 817 3738 872 smculi
3767 834 3955 877 amore

2362 899 2636 968 expendit.
2680 897 2749 952 Et
2777 901 2841 953 de
2871 899 2975 954 hac
3006 900 3113 954 vita
3141 901 3486 959 solummodo
3519 909 3838 978 cogitantes,
3879 911 3952 966 ita

2363 991 2645 1059 prmsentia
2675 991 2919 1059 diligunt,
2953 999 3011 1044 ut
3034 1001 3225 1061 putent
3253 1009 3311 1048 se
3341 996 3391 1049 in
3423 998 3523 1052 bac
3554 999 3671 1053 lucc
3695 1017 3790 1068 per
3813 1011 3952 1056 tem-

2365 1095 2493 1148 pora
2524 1082 2732 1150 prolixa
2779 1082 2996 1136 durare.
3043 1083 3118 1138 Ita
3167 1085 3240 1150 lit,
3277 1095 3336 1140 ιιι
3384 1091 3666 1157 ρι’ωςριιιίιι
3699 1093 3950 1162 di'igunt,

2366 1187 2638 1240 nunquam
2669 1171 2850 1226 futura
2878 1173 3206 1241 desiderant,
3239 1179 3322 1232 vel
3351 1191 3706 1249 cognoscunt,
3741 1193 3800 1237 ut
3822 1184 3946 1239 dum

2365 1266 2416 1320 in
2449 1266 2838 1320 momentaneis
2888 1267 3068 1322 usibus
3105 1267 3459 1338 delectantur,
3509 1290 3603 1330 nec
3655 1291 3948 1346 perennem

2365 1358 2529 1411 vitam
2560 1359 2815 1427 cupiunt;
2849 1373 2967 1410 cum
2999 1360 3226 1413 amanda
3254 1360 3634 1429 impedimenta
3666 1366 3846 1420 saeculi
3878 1365 3952 1421 fa-

2365 1450 2510 1502 ciunt
2533 1464 2628 1503 eos
2650 1449 2892 1517 quotidie
2921 1451 3145 1505 miseros
3166 1451 3232 1505 de
3255 1451 3356 1506 hac
3383 1455 3489 1506 vita
3512 1455 3628 1510 sine
3653 1459 3812 1512 rebus
3839 1460 3952 1516 suis

2367 1544 2558 1598 invitos
2589 1543 2759 1606 exire,
2794 1541 2924 1596 nihil
2956 1557 3138 1596 secum
3171 1545 3269 1597 nisi
3297 1556 3512 1614 peccata
3541 1557 3838 1617 portantes.
3880 1553 3950 1608 At

2363 1657 2493 1696 vero
2523 1640 2795 1710 spiritales
2827 1640 3072 1694 conversi
3104 1639 3225 1695 ideo
3258 1657 3362 1694 non
3392 1643 3664 1711 implicant
3689 1664 3746 1702 se
3779 1663 3948 1718 nego-

2365 1733 2450 1786 tiis
2480 1731 2844 1794 smcularibns,
2885 1741 2939 1785 ut
2989 1733 3036 1785 ei
3068 1732 3285 1801 placent
3325 1734 3408 1786 cui
3455 1750 3513 1789 se
3544 1741 3944 1805 probaverunt:

2362 1832 2416 1876 ut
2444 1838 2549 1875 non
2575 1823 2639 1875 de
2664 1822 2840 1886 rebus,
2867 1837 2986 1889 qua:
3011 1822 3062 1876 in
3095 1831 3269 1877 morte
3298 1825 3493 1879 saeculo
3519 1839 3821 1890 remanent,
3852 1832 3946 1886 sed

656 1906 1311 1975 pragdicant'generaliter
1339 1921 1368 1958 a
1399 1906 1509 1959 Deo
1539 1920 1658 1958 esse
1689 1913 2035 1975 przeeeptum,
2069 1905 2256 1960 otiosis
2288 1903 2330 1961 Β
2362 1914 2426 1966 do
2453 1913 2628 1967 anima
2660 1916 2975 1980 cogitantes,
3009 1929 3127 1981 qua:
3165 1914 3279 1968 sola
3312 1931 3430 1969 eum
3462 1927 3678 1972 actuum
3721 1923 3949 1976 rationi-

654 1997 861 2052 debere
891 1997 1252 2052 laborantium
1280 2011 1449 2065 panes
1476 1995 1680 2062 negari.

1187 2110 1415 2166 CAPUT
1448 2108 1725 2163 LXXXIV.

1111 2217 1504 2257 INTl-ZRIHIGATIO
1549 2217 1822 2256 DISCIPUIJ.

931 2296 1030 2360 Qui
1059 2295 1275 2348 debeant
1300 2294 1614 2346 manducare
1643 2309 1756 2344 cum
1784 2292 1985 2345 abbate.

913 2404 1221 2443 ιιιιειιοΝυιῖτ
1263 2401 1487 2440 υοιιιιιυδ
1529 2402 1624 2437 ιιωι
1667 2400 1984 2438 MAGISTRUDI.

733 2503 814 2556 Ad
839 2516 1080 2556 mensam
1111 2501 1322 2554 abbatis
1352 2499 1573 2553 sedeant
1607 2499 1866 2563 seniores,
1896 2496 2138 2551 extranei
2164 2513 2252 2550 su-

658 2594 1068 2664 pervenientes,
1104 2591 1187 2645 vel
1217 2589 1422 2645 vicibus
1452 2589 1642 2643 fratres
1674 2588 1975 2657 psalterati,
2005 2601 2140 2654 quos
2170 2602 2255 2640 vo-

658 2689 829 2742 luerit
855 2687 1044 2750 abbas,
1075 2693 1268 2754 prmter
1300 2684 1656 2753 prmpositos;
1689 2681 1779 2752 qui
1813 2682 1863 2734 in
1901 2681 2118 2735 decadis
2143 2680 2255 2734 suis

655 2783 785 2835 ideo
836 2780 900 2833 ad
953 2795 1080 2834 suas
1129 2792 1345 2833 mensas
1387 2776 1647 2844 jubentur
1690 2790 1810 2830 esse
1843 2785 2154 2843 praesentes,
2199 2782 2254 2826 ut

654 2891 885 2933 causam
941 2874 1056 2939 Dei,
1102 2873 1154 2927 id
1196 2879 1312 2934 est,
1357 2869 1738 2926 taciturnitatis
1778 2879 1833 2923 et
1875 2868 2153 2936 gravitatis
2200 2866 2253 2921 in

652 2973 935 3042 susceptis
960 2971 1068 3025 suis
1095 2967 1424 3024 custodiant.
1473 2965 1597 3019 Ideo
1629 2964 1771 3019 enim
1805 2963 1994 3016 ambos
2021 2961 2254 3015 diximus

653 3067 710 3119 in
745 3077 934 3116 mensa
965 3060 1181 3115 decada:
1211 3072 1321 3114 suae
1349 3071 1604 3125 praeesse,
1632 3064 1687 3106 ut
1717 3052 1903 3106 decem
1930 3051 2122 3106 fratres
2151 3050 2253 3105 sibi

652 3156 985 3212 commissos
1031 3152 1227 3207 vicaria
1276 3147 1636 3204 sollicitudine
1687 3146 1754 3200 ab
1804 3143 2070 3199 universis
2109 3143 2252 3198 vitiis

653 3246 991 3304 custodiant.

1194 3309 1424 3364 CAPUT
1462 3306 1715 3363 LXXXV.

1113 3417 1504 3457 INTEIIBOGATIO
1544 3415 1814 3454 DISCII'ULI.

652 3499 921 3569 Perfecta
961 3496 1149 3566 aliqua:
1185 3495 1324 3569 intra
1361 3495 1736 3569 monasterium
1777 3500 1914 3569 artes
1953 3491 2173 3560 qualiter
2203 3499 2254 3542 et

1081 3567 1260 3635 quanti
1287 3563 1506 3617 debeant
1532 3562 1815 3616 venundari

939 3678 1238 3718 liBSl‘ONDI-l’l‘
1277 3674 1500 3716 DOMINUS
1540 3674 1639 3711 PER
1679 3671 2000 3712 MAGISTRUI.

727 3777 870 3832 Cum
935 3787 1268 3842 unaqumque
1321 3786 1408 3826 ars
1467 3768 1670 3840 aliquid
1737 3767 2035 3838 perfectum
2087 3781 2252 3838 super

655 3882 897 3923 vacuum
925 3865 1110 3920 usibus
1138 3861 1474 3928 monasterii,
1493 3861 1579 3916 vel
1601 3860 1986 3915 mittendarum
2011 3859 2252 3929 eulogia-

650 3980 782 4020 rum
823 3959 1195 4023 abundaverit,
1230 3960 1558 4024 interrogata
1587 3956 1849 4024 qualitate
1889 3955 2046 4025 pretii
2077 3969 2249 4026 quan-

651 4064 776 4110 tum
800 4069 830 4107 a
852 4051 1201 4107 saecularibus
1224 4048 1450 4102 distrahi
1480 4053 1679 4116 potest,
1702 4054 1906 4098 tantum
1933 4045 2070 4098 infra
2095 4059 2251 4097 num—

651 4161 872 4200 morum
905 4142 1097 4196 minori
1141 4154 1356 4210 semper
1396 4138 1722 4192 distrahatur
1752 4136 1948 4205 pretio,
1982 4143 2040 4189 ut
2084 4147 2250 4203 agno-

653 4244 883 4293 scantur
910 4234 963 4288 in
993 4233 1093 4287 hac
1123 4238 1278 4302 parte
1303 4227 1575 4300 spiritales
1598 4242 1625 4281 ιι
1658 4226 2003 4281 ετοιιιιιιὶιιιιε
2043 4226 2249 4281 actibus

653 4325 1028 4392 distantiaque
1073 4320 1315 4391 separari
1343 4339 1352 4370 :
1387 4335 1508 4373 cum
1539 4333 1646 4372 non
1678 4317 1878 4385 negotii
1912 4331 2095 4382 causa,
2130 4330 2249 4384 qua:

657 4420 879 4476 inimica
910 4426 994 4470 est
1022 4415 1230 4477 animm,
1266 4414 1468 4466 lucrum
1497 4425 1661 4479 supra
1680 4409 1941 4477 justitiam
1966 4419 2242 4478 (luserant;

652 4510 755 4567 sed
783 4509 946 4564 etiam
995 4507 1062 4560 ab
1106 4507 1218 4575 ipsa
1255 4503 1464 4572 justitia
1513 4502 1687 4556 minus
1735 4503 2039 4570 accipiendi
2086 4503 2245 4572 pretii

2359 2003 2455 2056 Ir!s
2489 2013 2606 2072 post
2629 2015 2858 2057 mortem
2892 2005 3198 2072 pertransit,
3233 2006 3400 2073 magis
3427 2007 3531 2062 hoc
3560 2009 3762 2077 eligunt
3791 2013 3944 2082 cogi-

2359 2109 2408 2150 ta
2443 2113 2472 2151 e
2500 2098 2640 2165 quod
2675 2097 2927 2165 expedit:
2961 2107 3016 2151 ut
3050 2098 3311 2164 baeredes,
3343 2099 3432 2167 qui
3461 2103 3812 2169 migrantibus
3841 2121 3942 2160 no-

2359 2191 2438 2245 bis
2466 2192 2531 2245 de
2562 2192 2660 2245 liae
2685 2193 2791 2243 vita
2817 2189 3012 2244 srcculo
3043 2201 3346 2258 remanent,
3368 2203 3422 2246 et
3442 2195 3672 2248 animam
3703 2207 3947 2253 nostram

2359 2301 2390 2352 p
2419 2292 2480 2336 st
2507 2294 2734 2337 mortem
2763 2284 2913 2352 sequi
2941 2298 3046 2337 non
3079 2291 3324 2351 possunt,
3357 2283 3514 2351 digne
3544 2301 3651 2340 non
3683 2287 3944 2344 debemus

2357 2380 2421 2430 i'c
2455 2377 2531 2430 eis
2563 2383 2776 2429 ηομινοε
2800 2376 3066 2443 cogitatus
3087 2390 3377 2445 occupare,
3403 2374 3530 2429 dum
3555 2377 3781 2434 vivimus
3806 2399 3822 2435 ;
3844 2381 3942 2436 sed

2356 2484 2568 2538 semper
2592 2483 2822 2538 superna
2852 2468 3242 2535 desiderantes,
3269 2477 3323 2522 et
3350 2484 3565 2523 omnem
3598 2485 3750 2539 spem
3783 2472 3834 2526 in
3861 2473 3944 2528 fu-

2359 2567 2478 2612 turo
2528 2568 2807 2626 ponentes.
2864 2557 3234 2611 delectabilem
3265 2559 3430 2612 vitam
3480 2561 3656 2614 adhuc
3700 2578 3941 2632 sperare,

2359 2650 2450 2719 qui
2493 2650 2605 2718 ja-n
2649 2649 2751 2704 frui
2783 2649 3076 2704 videamur.
3111 2649 3249 2717 Ergo
3286 2655 3596 2708 monasterii
3628 2671 3782 2713 casas
3820 2657 3944 2714 ideo

2359 2752 2571 2814 oportet
2601 2759 2720 2799 esse
2751 2744 2970 2809 locatas,
3001 2753 3058 2798 ιιι
3102 2744 3152 2797 in
3184 2744 3345 2800 rebus
3385 2747 3730 2804 smcularibus
3759 2753 3944 2806 steculi

2357 2837 2633 2906 operarius
2656 2846 2949 2905 occupetur
2975 2855 2985 2889 :
3018 2836 3172 2892 nobis
3201 2852 3352 2902 vero,
3379 2839 3572 2906 quibus
3594 2855 3622 2893 a
3653 2843 3940 2898 sacerdote

2357 2931 2655 2983 clamatur:
2690 2928 2906 2983 Sursum
2931 2929 3110 2993 corda,
3140 2937 3197 2983 et
3224 2945 3323 2983 nos
3350 2932 3398 2984 ei
3430 2933 3785 3000 responsione
3812 2948 3942 3004 pro-

2357 3021 2640 3083 mittimus,
2667 3017 2930 3071 Habemus
2951 3019 3019 3071 ad
3049 3016 3324 3072 Dominum
3350 3035 3367 3073 :
3399 3020 3624 3075 internis
3650 3037 3780 3092 ergo
3801 3025 3945 3091 cogi-

2359 3111 2651 3165 tationibus
2681 3127 2788 3164 non
2821 3113 3133 3178 migremur,
3157 3119 3211 3165 et
3242 3112 3380 3165 sicut
3411 3115 3537 3168 item
3564 3115 3760 3168 clamat
3786 3115 3945 3174 nobis

2360 3202 2620 3256 Dominus
2668 3202 2724 3255 in
2772 3201 3066 3270 Evangelio
3104 3201 3289 3257 dicens
3326 3223 3335 3256 :
3373 3202 3492 3258 Nisi
3522 3207 3633 3275 quis
3679 3208 3945 3278 reliquerit

2359 3295 2534 3350 omnia
2563 3311 2677 3358 qua:
2705 3295 2948 3364 possidet,
2988 3311 3091 3349 non
3135 3304 3296 3363 potest
3329 3313 3466 3350 meus
3505 3315 3614 3351 esse
3657 3300 3946 3369 discipulus

2357 3385 2508 3457 (Luc.
2548 3388 2678 3454 xiv).
2732 3385 2835 3440 Sed
2869 3388 2992 3454 quia
3027 3387 3142 3441 sine
3187 3387 3504 3442 substantiae
3533 3390 3789 3446 alimento
3831 3392 3943 3447 vita

2356 3479 2601 3549 corporis
2629 3479 2798 3533 nostri
2827 3480 3030 3538 servari
3079 3495 3188 3533 non
3219 3490 3419 3547 potest,
3451 3490 3506 3536 et
3546 3485 3779 3539 maxime
3809 3499 3941 3554 pro-

2355 3581 2475 3642 pter
2503 3570 2976 3642 congregationem
3025 3569 3168 3625 forse
3197 3571 3388 3633 multa,
3435 3582 3490 3626 et
3537 3575 3940 3632 advenientium

2353 3664 2761 3735 peregrinorum
2791 3662 2974 3717 usibus
3015 3663 3320 3716 necessaria
3350 3666 3719 3733 pneparanda,
3755 3673 3812 3720 et
3839 3681 3942 3737 pe-

2353 3758 2484 3811 lenti
2514 3757 2914 3826 eleemosynam
2948 3771 3055 3808 non
3085 3769 3206 3809 esse
3235 3754 3406 3809 stricti
3431 3757 3700 3822 volumus,
3727 3773 3943 3827 posses-

2352 3851 2534 3905 siones
2561 3848 2743 3904 szeculi
2765 3847 2889 3903 ideo
2921 3863 3026 3902 non
3056 3847 3302 3901 videmur
3331 3848 3656 3918 relinquere,
3686 3850 3783 3904 sed
3811 3851 3944 3905 sub-

2352 3944 2602 4000 stantiam
2640 3941 2956 3997 monasterii
2986 3940 3248 4009 operariis
3278 3939 3372 3994 Dei
3400 3939 3768 4010 proﬁcientem
3794 3943 3943 4010 juste

2351 4049 2630 4091 reservare
2650 4033 2910 4088 videmur.
2936 4034 3278 4102 Quapropter
3303 4032 3345 4085 si
3371 4041 3551 4085 nostra
3578 4032 3943 4091 sollicitudine

2351 4127 2434 4181 vel
2455 4143 2582 4182 cura
2609 4126 2872 4190 colantur,
2898 4124 3024 4178 dum
3053 4123 3337 4194 proficiunt
3358 4125 3591 4195 corpori,
3616 4127 3807 4180 animm.
3835 4129 3941 4180 im-

2351 4219 2660 4289 pedimento
2707 4217 3037 4272 constabunt
3087 4216 3344 4270 :Imelius
3393 4227 3476 4271 est
3521 4232 3650 4282 ergo
3697 4234 3788 4274 eas
3834 4221 3938 4274 sub

2353 4309 2528 4363 alieno
2567 4307 2962 4376 impedimento
2995 4307 3291 4378 possidere,
3321 4317 3374 4361 et
3406 4323 3616 4362 annuas
3646 4310 3934 4377 pensiones

2351 4416 2569 4456 securos
2597 4401 2893 4469 suscipere,
2926 4399 3056 4452 nihil
3091 4413 3187 4451 nos
3217 4399 3316 4452 nisi
3343 4397 3412 4453 de
3442 4401 3557 4452 sola
3587 4399 3762 4452 anima
3789 4401 3940 4470 cogi-

2353 4502 2548 4549 tantes.
2584 4491 2714 4546 Nam
2745 4494 2789 4546 si
2827 4492 3069 4546 volumus
3100 4505 3282 4544 curam
3310 4505 3492 4544 earum
3527 4507 3623 4559 per
3661 4491 3936 4561 spiritales

653 4604 999 4658 humanitate
1027 4598 1368 4652 consentiant
1393 4614 1403 4647 :
1429 4603 1488 4648 nt
1515 4609 1621 4648 non
1653 4601 1873 4663 propter
1894 4593 2240 4663 cupiditatem
2271 4629 2321 4687 Β
2357 4589 2546 4642 fratres
2578 4584 2849 4648 excolere,
2895 4599 3016 4638 cum
3046 4597 3262 4650 gravem
3295 4583 3375 4636 eis
3417 4583 3655 4636 laborem
3705 4583 3942 4652 injuugi-

648 4703 711 4749 et
753 4689 1035 4744 avaritiam
1080 4695 1228 4740 artes
1268 4685 1484 4755 operari
1515 4684 1824 4747 credantur,
1871 4684 1964 4737 sed
2015 4699 2081 4738 ne
2133 4684 2246 4738 otio

649 4782 836 4856 possit
864 4777 1131 4848 pascenda
1162 4777 1335 4844 dignis
1366 4776 1670 4844 sumptibus
1716 4791 1909 4829 uiantis
1940 4791 2154 4839 vacare,
2192 4788 2248 4830 et

648 4877 823 4930 horas
851 4870 1067 4938 Operosi
1099 4869 1204 4923 diei
1230 4870 1396 4936 gratis
1426 4869 1677 4922 transire.
1712 4866 1948 4922 Pretium
1983 4883 2110 4922 vero
2151 4882 2245 4921 ac-

647 4975 876 5036 ceptum
908 4961 1088 5016 abbati
1113 4961 1275 5016 debet
1296 4960 1361 5014 ab
1392 4959 1520 5028 ipsis
1550 4957 1846 5013 artificibus
1870 4957 2096 5013 fideliter
2119 4974 2248 5014 con-

648 5055 882 5126 signari.
929 5054 1056 5118 Qua:
1094 5051 1378 5106 diminutio
1427 5049 1586 5120 pretii
1632 5050 1988 5106 mstimationc
2037 5050 2248 5105 abbatis

649 5146 958 5204 artiﬁcibus
999 5143 1159 5199 debet
1205 5142 1484 5200 constitui;
1552 5149 1612 5195 ut
1658 5142 1830 5196 sciant
1873 5141 1998 5193 item
2045 5152 2245 5210 quanta

651 5239 967 5298 ementibus
987 5250 1193 5292 summa
1212 5234 1593 5304 respondeant,
1619 5242 1672 5288 et
1692 5232 1898 5302 accepti
1924 5234 2077 5300 pretii
2102 5235 2245 5287 fran-

649 5334 779 5388 dem
812 5344 920 5385 non
944 5329 1152 5398 possint
1177 5328 1352 5381 facere
1374 5326 1443 5380 de
1467 5326 1580 5395 ipsa
1601 5325 1902 5394 quantitate
1921 5323 2030 5392 jam
2053 5325 2243 5380 scienti

651 5422 863 5478 abba“.

1177 5486 1404 5542 CAPL'I‘
1446 5484 1724 5541 LXXXVI.

1100 5595 1488 5636 lN'I‘l‘lliBOGATIt)
1527 5596 1801 5634 DISCII‘ULI.

1166 5671 1244 5725 De
1271 5672 1403 5724 casis
1434 5670 1750 5724 monasterii.

927 5780 1232 5821 RESPONDET
1273 5778 1498 5818 DOMINUS
1537 5779 1632 5816 Pi.“
1673 5777 1988 5819 ιιιΑαιετιιυιι.

724 5886 899 5945 Cosas
931 5881 1244 5939 monasterii
1276 5888 1490 5950 oportet
1514 5894 1634 5935 esse
1676 5881 1896 5942 locatas,
1930 5887 1987 5933 ut
2025 5894 2240 5935 omnem

987 5977 1257 6037 Pu‘ttOL.
1310 5972 1716 6034 LXXXVIII.

2351 4695 2492 4743 mus,
2523 4675 2960 4732 consuetudinem
3000 4674 3277 4743 jejunandi
3309 4674 3580 4729 amittunt.
3616 4673 3724 4730 Nec
3755 4676 3826 4728 ita
3852 4674 3911 4742 je

2345 4771 2486 4840 junis
2517 4769 2716 4822 viribus
2749 4768 3085 4822 tractandum
3119 4776 3221 4830 est,
3269 4767 3310 4820 si
3362 4768 3482 4835 plus
3529 4768 3724 4821 debeat
3769 4768 3908 4823 Itoni

2351 4861 2518 4915 ventri
2553 4860 2796 4914 laborare
2825 4864 3182 4928 quamanima:
3223 4859 3306 4912 vel
3337 4858 3466 4913 Deo.
3515 4859 3663 4913 Unde
3690 4859 3754 4913 ad
3783 4858 3906 4915 Iabo

2351 4967 2461 5008 rem
2493 4953 2547 5006 in
2578 4951 2906 5006 monasterio
2938 4967 3025 5006 ars
3052 4953 3163 5005 sola
3197 4966 3317 5006 cum
3353 4953 3509 5005 horto
3540 4953 3788 5006 sulticiat.

2856 5064 3086 5120 CAPUT
3126 5064 3432 5119 LXXXVII.

2789 5175 3178 5214 INTERROGA'I'IO
3220 5175 3270 5212 Di
3301 5175 3491 5215 L'IPIYLI.

2341 5253 2619 5318 Quomodo
2649 5253 2826 5306 debeat
2854 5255 2985 5321 {rate
3004 5271 3030 5312 -,
3056 5253 3158 5304 sive
3175 5252 3291 5320 jam
3321 5269 3611 5318 conversus,
3641 5255 3740 5308 sive
3762 5255 3934 5311 adhuc

2421 5327 2603 5388 laicus,
2628 5325 2844 5378 introire
2870 5323 2944 5376 rel
2973 5324 3174 5375 tradere
3203 5341 3276 5387 se,
3323 5326 3398 5376 vel
3427 5327 3618 5394 suscipi
3657 5327 3708 5378 in
3748 5345 3933 5382 mona-

2418 5395 2628 5450 sterium
2642 5398 2664 5447 3'

2607 5499 2914 5540 RESPONDET
2946 5499 3174 5539 ιιοιιιιιιυε
3212 5501 3314 5540 PER
3353 5501 3670 5542 IAGISTRUM.

2422 5599 2742 5670 lngredicnti
2775 5598 2825 5652 in
2859 5599 3246 5653 monasterium
3281 5615 3420 5654 novo
3452 5599 3624 5665 fratri,
3669 5601 3782 5658 sive
3816 5602 3932 5672 jam

2350 5707 2629 5754 converso,
2659 5690 2770 5745 sive
2796 5689 2970 5745 adhuc
2997 5690 3149 5754 laico,
3181 5699 3237 5744 et
3266 5692 3368 5746 hoc
3397 5693 3618 5757 petenti,
3644 5692 3842 5749 debere
3867 5710 3935 5752 se

2349 5785 2402 5838 in
2449 5781 2834 5838 monasterium
2881 5783 3098 5850 suscipi,
3144 5785 3467 5854 respondeat
3505 5785 3553 5838 ei
3604 5785 3708 5840 hoc
3753 5787 3934 5856 primo

2349 5881 2532 5946 abbas,
2576 5894 2684 5936 non
2731 5875 2868 5932 forte
2897 5890 3020 5932 eum
3049 5891 3209 5946 posse
3252 5879 3542 5933 constituta
3573 5880 3770 5949 regulis
3796 5896 3929 5942 con.

3526 5971 3602 6034 33
