5174 6614
3024 421 3363 479 Αυιλτυιιιδ
3404 412 3673 472 INCERTI
4856 389 4988 444 ὈΜ

2164 571 2293 613 vero
2321 553 2409 607 me
2436 548 2654 611 dixerit,
2684 556 2843 611 posse
2893 536 2959 591 ad
3003 534 3181 588 omnia
3230 546 3288 585 si:
3322 535 3361 589 Α
3394 543 3591 584 cavens
3621 537 3781 579 manu
3815 535 3912 573 sua
3947 518 4097 587 prius
4120 514 4189 570 de
4235 511 4556 574 stabilitate,
4603 503 4766 561 simul
4811 517 4992 554 rerum

3906 608 3938 613 -.
4527 596 4623 613 ογ--
4662 607 4751 613 ----
4800 590 4907 613 n-..
4945 600 4991 613 -.ο

3398 632 3615 672 suarum
3649 614 3815 666 breve
3856 608 4132 673 adjuncto,
4165 619 4271 657 una
4300 616 4423 656 cum
4454 596 4632 653 anima
4659 607 4757 649 sua
4800 590 4914 643 Deo
4942 600 4996 641 et

3400 710 3640 765 oratorio
3672 702 3981 759 monasterii
4023 715 4121 770 per
4159 696 4509 752 donationem
4552 686 4786 749 oderat;
4821 692 4996 737 totum

3401 796 3867 857 subseribentibus
3898 789 4163 860 religiosis
4206 787 4468 849 testibus,
4520 781 4816 851 episcopo,
4863 786 4999 843 pre-

3404 898 3624 965 sbytero
3656 900 3712 948 et
3738 890 3990 951 diacone,
4024 885 4107 939 vel
4139 882 4308 952 ipsius
4349 875 4610 933 territorii
4638 874 4828 933 clero;
4861 876 4917 920 et
4945 866 5001 919 in

3408 989 3522 1057 ipsa
3552 985 3828 1045 cautione,
3864 990 4055 1036 taxans
4086 978 4207 1041 hoc,
4238 971 4382 1043 quod
4409 970 4453 1024 si
4482 964 4779 1037 antiquando
4812 974 5000 1016 mona-

3408 1078 3574 1133 sterio
3605 1073 3881 1129 discedere
3908 1070 4159 1131 voluerit,
4189 1068 4305 1122 sine
4343 1064 4502 1118 rebus
4542 1058 4654 1114 suis
4692 1057 4762 1110 de
4804 1066 4997 1108 monao

3412 1169 3603 1233 sterio,
3636 1166 3719 1220 vel
3749 1165 3867 1219 sine
3897 1159 4227 1230 indulgentia
4251 1166 4597 1226 peccatorum
4628 1165 4657 1203 ιι
4691 1147 4807 1201 Deo
4824 1144 5003 1199 disce-

3417 1259 3532 1314 dat.
3565 1259 3683 1314 .lam
3716 1256 3782 1311 de
3811 1255 3942 1323 ipsis
3968 1255 4129 1308 rebus
4160 1250 4325 1304 abbas
4368 1247 4422 1301 in
4452 1251 4724 1314 potestate
4759 1251 4858 1293 sua
4887 1248 5005 1289 mn-

3419 1354 3543 1410 tatis
3569 1349 3830 1421 quidquid
3856 1345 4174 1402 necessarize
4207 1339 4424 1397 utilitati
4453 1334 4775 1391 monasterii
4814 1344 5007 1399 super-

3420 1459 3650 1500 vacuum
3697 1440 3974 1496 abundare
4012 1435 4228 1501 vilerit,
4260 1448 4359 1503 pro
4387 1430 4562 1485 anima
4598 1426 4785 1481 lratris
4826 1423 5011 1491 ipsius,

3423 1542 3646 1606 promer
3661 1540 3988 1602 praaceptum
4017 1523 4387 1596 supradictum
4408 1518 4668 1588 sequendi
4696 1514 5012 1576 Dominum;

3424 1641 3523 1697 per
3552 1624 3950 1692 clcemosynam
3995 1619 4260 1673 dictracta
4290 1614 4379 1668 illa
4409 1628 4468 1667 re
4501 1622 4862 1679 supervacua,
4896 1618 5017 1672 pre-

3429 1718 3560 1773 tium
3591 1715 3708 1786 ejus
3738 1714 4065 1785 pauperibus
4090 1710 4288 1763 tribuat
4316 1722 4330 1759 :
4366 1714 4425 1760 ut
4446 1703 4590 1773 quod
4621 1703 4713 1755 ilic
4743 1698 5023 1769 imperitus

3430 1806 3598 1862 frater
3619 1822 3727 1862 non
3758 1803 3956 1859 meruit
4004 1800 4204 1863 facere,
4237 1813 4336 1869 pro
4369 1796 4461 1850 illo
4492 1795 4595 1848 iste
4628 1792 4789 1860 quasi
4834 1790 5027 1842 doctus

3362 1901 3403 1960 ll
3431 1899 3687 1966 magister
3731 1897 3911 1950 valeat
3958 1892 4277 1962 adimplere.
4309 1888 4410 1954 Qui
4437 1900 4568 1941 vero
4608 1884 4782 1937 frater
4808 1895 4875 1934 ex
4909 1886 5025 1931 toto

3434 1990 3755 2047 indicaverit
3784 2004 3845 2044 se
3884 1986 4017 2041 nihil
4048 1985 4267 2048 habere,
4304 1982 4453 2051 prius
4482 1976 4805 2046 exquiratur
4840 1988 4870 2024 a
4900 1971 5029 2025 vici-

1640 457 1645 461 ’
1696 462 1834 516 tum;

1693 589 1769 626 sei
1788 582 1935 623 vare.
1987 563 2122 619 Cum

1696 661 1944 724 obedire,
1975 665 2104 710 tunc
2132 653 2246 705 hinc
2288 639 2605 699 monasterii
2632 633 2816 705 regula
2844 631 2891 685 ei
2917 630 3146 698 legatur.
3174 623 3292 689 Qua

1701 752 1886 821 regula
1901 750 1953 802 in
1977 746 2207 800 lectione
2224 739 2463 807 expleta,
2481 738 2535 785 et
2552 727 2731 782 omnia
2747 722 2956 779 abbatis
2973 718 3153 772 verbis
3172 730 3297 783 pre

1703 828 1871 906 dicta,
1897 853 2020 895 cum
2044 828 2384 902 responderit
2405 836 2577 877 novus
2594 820 2759 873 frater
2783 815 2849 868 ad
2871 811 3048 867 omnia
3076 810 3217 861 fil-('10
3241 817 3299 856 se

1705 950 1827 991 esse
1852 938 2117 1002 paratum,
2136 894 2267 978 tunc
2288 918 2454 972 abbas
2476 914 2853 978 subsequatur,
2879 912 2935 959 et
2954 903 3096 956 dicat
3123 916 3133 949 :
3165 894 3302 959 Quid

1708 1026 1774 1078 de
1796 985 1958 1079 rebus
1981 1019 2107 1077 tuis,
2136 1026 2271 1083 quas
2297 1007 2519 1081 proprio
2540 999 2763 1056 arbitrio
2787 994 2989 1050 uteris?
3019 989 3138 1044 Non
3162 985 3305 1042 enim

1710 1120 1810 1173 tibi
1839 1112 2075 1184 expedit,
2102 1117 2157 1162 te
2178 1106 2267 1161 hic
2291 1118 2388 1173 pro
2402 1076 2572 1154 causa
2598 1093 2691 1147 Dei
2714 1088 2890 1160 posito
2914 1100 3003 1139 res
3034 1090 3152 1136 tuas
3181 1076 3308 1132 alibi

1711 1218 2031 1268 remanere;
2062 1200 2157 1256 sed
2186 1172 2321 1251 sicut
2342 1191 2469 1244 dicit
2498 1186 2778 1252 Scriptura
2807 1196 2821 1232 :
2857 1176 2956 1231 Ubi
2985 1184 3061 1228 est
3094 1172 3305 1224 thesau-

1713 1320 1804 1357 ιω
1835 1310 1974 1361 tuus,
2001 1294 2069 1348 ibi
2101 1292 2195 1344 crit
2226 1298 2270 1340 ct
2301 1300 2389 1338 cor
2418 1290 2561 1335 tuum
2596 1274 2817 1347 (Matth.
2848 1269 2983 1337 xvr).
3026 1268 3158 1320 Nam
3190 1261 3312 1315 ideo

1719 1409 1835 1449 non
1866 1386 2101 1457 expedit,
2131 1395 2199 1435 ne
2228 1380 2368 1433 forte
2397 1371 2702 1427 titillatione
2729 1361 2928 1418 diaboli
2950 1374 2980 1413 a
3010 1357 3171 1412 rebus
3204 1351 3311 1406 tuis

1720 1488 1853 1543 foris
1900 1478 2085 1551 [ltlallls
2132 1489 2231 1544 per
2276 1466 2602 1523 desiderium
2646 1472 2832 1513 earum
2873 1453 2941 1507 de
2988 1442 3317 1504 monasterio

1726 1571 2060 1649 provoceris,
2086 1578 2164 1632 et,
2191 1564 2381 1618 relicto
2405 1555 2623 1613 servitio
2639 1557 2838 1605 sancta:
2859 1543 3078 1607 scholze,
3101 1536 3320 1609 proprio

1729 1668 1919 1724 redeas
1953 1663 2278 1718 militaturus
2302 1649 2558 1711 arbitrio;
2592 1653 2646 1700 et
2672 1643 2811 1697 sicut
2834 1635 2981 1692 canis
3001 1634 3319 1689 deiectatur,

1679 1754 1683 1758 ’
1732 1763 1927 1818 redeas
1963 1759 2028 1811 ad
2077 1752 2333 1807 vomitum
2367 1756 2533 1805 tuum,
2567 1746 2621 1794 et
2648 1736 2845 1790 salivas
2875 1746 2906 1785 a
2957 1740 3009 1782 te
3050 1724 3324 1796 projeetas

1735 1860 1791 1912 in
1833 1866 2025 1908 terram
2059 1846 2237 1900 denuo
2279 1855 2402 1896 cutn
2450 1833 2703 1892 sordibus
2747 1828 3052 1883 resorbens.
3080 1820 3187 1876 Sed
3232 1817 3324 1888 qui

1736 1944 2195 2023 perseverantiam
2241 1934 2433 2004 diligit,
2462 1943 2518 1988 et
2545 1926 2889 1985 occasionem
2917 1916 3181 1989 migrandi
3228 1929 3324 1969 cu-

1738 2045 1817 2114 pit
1845 2038 2052 2094 nescire
2083 2053 2094 2087 :
2123 2032 2354 2096 ideoque
2376 2020 2753 2080 constituimus
2780 2014 3000 2070 salubre
3021 2006 3327 2070 consilium,

1743 2147 1801 2189 ut
1815 2133 2003 2187 audias
2022 2138 2208 2180 vocem
2234 2116 2444 2175 Domini
2462 2114 2554 2169 tibi
2576 2109 2803 2165 dicentis
2827 2124 2841 2160 :
2868 2104 3028 2167 Vade,
3047 2100 3205 2155 vende
3222 2113 3334 2152 om-

1743 2232 1848 2292 nia,
1880 2235 1927 2278 et
1948 2210 2376 2290 da'pauperibus,
2397 2218 2445 2261 et
2466 2207 2599 2269 veni,
2630 2215 2836 2270 sequere
2859 2213 2936 2249 me
2963 2192 3175 2264 (Matth.
3201 2187 3332 2258 XN).

1747 2318 1921 2384 Quam
1946 2325 2076 2380 ergo
2105 2309 2151 2363 si
2177 2302 2331 2373 sequi
2365 2300 2446 2353 vis
2476 2309 2686 2352 vocem.
2714 2290 2867 2352 vade,
2894 2285 3066 2340 vende
3094 2294 3213 2351 quae
3242 2279 3337 2332 ba-

1743 2381 1865 2475 bes,
1894 2416 1950 2462 et
1971 2418 2131 2460 omne
2160 2399 2390 2469 pretium
2422 2393 2524 2445 huc
2554 2396 2681 2442 ante
2710 2398 2797 2437 mc
2824 2381 3002 2443 defer;
3037 2383 3093 2429 ut
3122 2383 3173 2428 te
3202 2384 3339 2441 prte-

1745 2510 1961 2563 sentca
1990 2510 2076 2551 me
2106 2486 2434 2563 pauperibus
2463 2486 2717 2549 erogetur
2747 2491 2760 2527 :
2791 2482 2851 2528 ut
2899 2468 3101 2525 nullum
3143 2460 3339 2519 seculo

1749 2600 1943 2673 pignus
1974 2604 2121 2647 tuum
2167 2589 2465 2643 remaneat,
2498 2577 2563 2631 ad
2597 2572 2727 2629 illud
2776 2572 2971 2624 iterum
3013 2557 3341 2618 revertendi.

1748 2652 1879 2748 ideo
1907 2688 2048 2745 enim
2092 2696 2216 2737 cum
2248 2675 2484 2731 nondum
2529 2668 2705 2724 adhuc
2742 2664 3008 2716 ﬁrmatam
3051 2652 3344 2724 ingressio-

1753 2798 1884 2843 nem
1928 2789 2076 2834 tuam
2106 2775 2160 2829 iu
2205 2763 2540 2825 monasterio
2569 2758 2756 2823 habes,
2790 2752 2885 2807 tibi
2928 2750 2995 2804 de
3037 2746 3200 2802 rebus
3242 2740 3347 2795 tuis

1756 2876 1930 2932 libera
1958 2868 2136 2924 adhuc
2163 2860 2414 2916 voluntas
2456 2847 2771 2908 conceditur
2803 2861 2817 2896 :
2856 2842 2980 2910 quia
3011 2844 3133 2907 post
3161 2834 3342 2887 ﬁrma-

1757 2982 1866 3025 tam
1912 2961 2303 3033 ingressionem
2333 2946 2597 3017 discipulo
2626 2943 2740 2998 sive
2771 2941 2824 2993 in
2855 2929 3204 2993 monasterio,
3237 2926 3350 2980 sive

1762 3061 1895 3117 toris
1926 3054 2199 3128 peculiare
2226 3042 2432 3114 aliquid
2476 3039 2679 3095 habere
2721 3051 2750 3087 a
2780 3028 2963 3098 regula
3003 3025 3302 3091 denegatur
3335 3032 3350 3070 :

1764 3166 1824 3211 ut
1853 3110 1961 3209 "0:!
1988 3149 2059 3205 sit
2078 3145 2169 3202 ubi
2187 3110 2407 3213 propria
2435 3134 2551 3201 ejus
2577 3129 2825 3185 voluntas
2853 3120 3166 3177 extollatur.
3199 3110 3354 3180 Quod

1763 3248 1913 3303 enim
1941 3243 1991 3298 si
2020 3211 2203 3296 totum?
2231 3228 2535 3287 distrahere
2562 3222 2657 3276 tibi
2690 3232 2853 3288 grave
2881 3215 3111 3275 videtur,
3143 3220 3197 3263 et
3231 3211 3357 3260 sunt

1765 3341 1908 3396 tales
1933 3343 2196 3403 res,,qua:
2220 3338 2327 3382 una
2356 3331 2533 3377 tecum
2565 3314 2776 3385 possint
2815 3301 3143 3364 monasterio
3172 3299 3358 3353 deser-

1767 3434 1903 3496 vire,
1951 3385 2231 3482 ne,ta1rnen
2277 3427 2377 3483 pro
2419 3408 2643 3479 pignore
2681 3396 2985 3457 revertendi
3030 3389 3230 3448 saeculo
3271 3385 3355 3441 di-

1767 3481 2080 3586 mittantur,
2108 3481 2293 3570 omnia
2318 3504 2549 3560 ﬁdeliter
2571 3508 2749 3554 tecum
2776 3494 2832 3549 in
2857 3485 3241 3546 monasterium
3265 3481 3361 3537 de-

1768 3618 1874 3681 fer,
1920 3573 2422 3668 nihil'subcelando
2470 3593 2606 3656 Deo,
2656 3587 2811 3657 cujus
2860 3592 2913 3638 te
2943 3596 3067 3635 cum
3115 3573 3363 3634 omnibus

1771 3660 1940 3765 rebus
1969 3699 2075 3755 tuis
2100 3678 2285 3751 su‘bdis
2312 3684 2534 3744 servitio
2566 3696 2582 3734 :
2612 3679 2705 3750 qui
2734 3676 2931 3744 ubique
2961 3667 3145 3727 omnia
3193 3660 3363 3733 respi-

1774 3800 1933 3856 citet
1975 3788 2111 3847 nihil
2147 3793 2234 3841 est
2277 3781 2330 3836 ei
2357 3775 2657 3838 occultum,
2701 3768 2794 3839 qui
2840 3763 3047 3820 revelat
3076 3760 3358 3814 absconsa.

1776 3847 1987 3946 iemor
2009 3888 2129 3936 esto
2155 3872 2361 3931 fraudis
2388 3865 2612 3922 Ananiae
2637 3871 2693 3917 et
2712 3857 2972 3929 Saphirae,
3004 3852 3097 3922 qui
3118 3850 3185 3904 dc
3212 3847 3371 3902 rebus

1778 3984 1894 4039 suis
1921 3977 2034 4031 Deo
2060 3969 2258 4028 oblatis
2288 3962 2485 4020 exinde
2524 3953 2805 4013 subcelare
2832 3948 3098 4011 volentes,
3140 3947 3370 3995 mortem

1781 4079 2103 4147 perpetuam
2126 4063 2400 4119 irrueruut
2434 4068 2533 4123 pro
2564 4048 2688 4103 ﬁde.
2742 4044 2866 4099 Mox
2904 4049 2962 4095 ut
3004 4040 3118 4092 hate
3145 4031 3375 4089 audierit

2455 4144 2463 4147 -
2509 4142 2540 4147 --
2584 4142 2595 4147 -
2805 4144 2812 4147 Α
3265 4123 3338 4147 λε,

1785 4123 1963 4222 bov‘us
1987 4159 2177 4222 lrater,
2194 4152 2286 4223 qui
2304 4144 2471 4219 priori
2491 4142 2671 4198 divina
2700 4131 2968 4192 sententia
2987 4128 3236 4185 onmibus
3262 4123 3373 4177 dis-

1789 4258 2000 4321 tractis,
2045 4260 2100 4307 et
2128 4220 2228 4319 per
2260 4254 2452 4300 manus
2496 4233 2709 4291 abbatis
2746 4225 3006 4296 erogatis,
3037 4221 3083 4275 si
3126 4220 3232 4274 hoc
3278 4228 3377 4287 pro

1789 4366 1940 4414 certo
1969 4345 2220 4406 habuerit
2244 4348 2431 4396 votum
2457 4331 2641 4389 omnia
2669 4324 2990 4386 distrahere,
3019 4327 3067 4372 et
3106 4318 3378 4370 monaste-

1790 4449 1875 4504 rio
1905 4450 2013 4499 non
2043 4435 2247 4506 aliquid
2279 4438 2579 4488 reservare,
2619 4435 2727 4475 non
2761 4423 3005 4485 cogatur,
3052 4409 3152 4462 nisi
3183 4419 3250 4459 ex
3282 4414 3378 4455 sua

1792 4537 2075 4593 voluntate
2119 4504 2370 4582 voluerit.
2419 4516 2557 4584 Ergo
2594 4526 2720 4566 cum
2763 4504 3012 4563 omnibus
3051 4514 3149 4569 per
3192 4506 3381 4548 manus

1797 4626 2005 4684 abbatis
2034 4616 2268 4688 erogatis
2296 4613 2375 4670 sic
2400 4623 2463 4666 se
2494 4606 2710 4659 ﬁrmare
2750 4591 3081 4653 monasterio
3126 4584 3374 4645 voluerit,

1799 4725 1983 4778 charta
2014 4714 2080 4769 ab
2110 4727 2176 4767 eo
2206 4698 2620 4779 perseverantite
2650 4710 2757 4749 non
2779 4695 3013 4761 petatur,
3040 4682 3164 4752 quia
3195 4680 3383 4750 pignus

1802 4810 1924 4866 ﬁdei
1949 4804 2087 4875 apud
2116 4802 2283 4855 Deum
2320 4793 2558 4850 Omnium
2589 4800 2770 4842 rerqu
2808 4794 3028 4836 suarum
3062 4790 3157 4845 per
3186 4784 3382 4839 eroga-

1803 4912 1912 4959 tam
1942 4874 2341 4961 eleemosynam
2371 4885 2487 4939 fuit.
2518 4883 2645 4935 Nam
2676 4891 2772 4947 per
2801 4886 3018 4928 omnem
3050 4879 3227 4921 rerum
3261 4874 3384 4914 sua-

1799 5010 1923 5051 rum
1950 4985 2317 5054 crugationem
2347 4986 2636 5046 expensam
2659 4964 3001 5036 cognoscitur
3025 4955 3164 5028 apud
3188 4954 3381 5012 Deum,

1805 5100 1965 5157 posse
1994 5078 2223 5133 ﬁdeliter
2253 5080 2586 5143 permanere,
2620 5061 2712 5132 qui
2740 5059 2900 5111 rebus
2927 5052 3035 5107 suis
3067 5063 3164 5118 pro
3195 5061 3260 5099 eo
3285 5059 3383 5098 cu-

2649 5154 2658 5157 -
2742 5152 2752 5157 -
3284 5134 3383 5157 ,ηε

3436 2089 3519 2145 nis
3545 2088 3687 2141 illius
3714 2082 3969 2153 regionis,
4003 2080 4092 2135 ubi
4119 2076 4317 2132 mansit
4343 2090 4358 2127 :
4383 2082 4439 2127 et
4460 2072 4507 2127 si
4538 2072 4822 2126 inventum
4850 2066 5031 2129 fuerit,

3437 2178 3577 2249 quod
3608 2186 3757 2231 certe
3785 2173 3858 2228 sit
3885 2185 3950 2225 ex
3982 2177 4098 2223 toto
4119 2168 4238 2235 ejus
4268 2170 4577 2235 paupertas,
4603 2167 4734 2213 tunc
4760 2156 4892 2211 dato
4917 2170 5036 2224 per-

3441 2269 3763 2326 severantiae
3792 2264 4113 2331 ﬁdejussore
4151 2256 4253 2312 sub
4282 2254 4537 2310 cautione
4582 2265 4755 2316 tanta:
4796 2249 5036 2314 interpo~

3440 2364 3567 2429 sita,
3598 2362 3645 2415 si
3688 2346 3868 2413 tamen
3893 2355 4005 2424 jam
4033 2360 4196 2407 notus
4225 2346 4407 2411 fuerit,
4448 2344 4525 2401 sie
4552 2340 4715 2397 debet
4759 2339 4815 2393 in
4845 2352 5039 2393 mona-

3446 2454 3614 2510 sterio
3641 2449 3863 2520 suscipi,
3895 2461 3964 2501 ne
3990 2443 4130 2500 forte
4158 2438 4427 2509 aliquibus
4455 2433 4617 2490 rebus
4649 2432 4764 2487 suis
4791 2430 4859 2483 ad
4903 2436 5033 2482 tem-

3448 2560 3551 2616 pus
3582 2542 3715 2598 foris
3740 2534 4157 2597 commendatis,
4189 2529 4414 2587 mentita
4445 2526 4501 2581 in
4527 2523 4863 2580 monasterio
4908 2536 5028 2590 pau-

3446 2610 3677 2709 pertate,
3706 2649 3817 2690 non
3844 2631 4018 2687 solum
4051 2625 4183 2682 nihil
4214 2625 4326 2680 Deo
4358 2636 4452 2692 per
4479 2618 4911 2686 eleemosynam,
4944 2610 5031 2665 vel

3448 2727 3781 2789 monasterio
3811 2740 3910 2797 per
3948 2720 4304 2779 donationem
4333 2717 4611 2775 conferat;
4656 2707 4756 2765 sed
4797 2706 4963 2762 etiam
5013 2719 5044 2757 a

3452 2794 3830 2894 spectantibus
3851 2815 3963 2871 suis
3988 2818 4337 2883 provocatus,
4368 2815 4424 2861 et
4449 2817 4576 2859 cum
4599 2799 4729 2869 quid
4772 2794 5045 2851 invenerit

3455 2928 3650 2978 causre,
3682 2916 3862 2966 exeat.
3894 2906 4029 2961 Nam
4060 2916 4183 2959 cum
4229 2899 4439 2955 dederit
4467 2903 4657 2952 cautos
4693 2890 5047 2957 lidejussorcs

3455 3022 3577 3062 cum
3614 3017 3795 3074 pretia,
3821 3000 3933 3070 jam
3962 3008 4092 3052 tunc
4114 2993 4332 3050 demum
4376 2989 4426 3044 ei
4473 3002 4573 3058 pro
4601 2983 4817 3039 actibus
4856 2992 5047 3035 mona-

3458 3098 3609 3155 sterii
3637 3096 3755 3151 sine
3782 3090 4094 3161 suspicione
4123 3097 4313 3144 secure
4342 3096 4429 3137 res
4458 3075 4775 3134 monasterii
4800 3082 4896 3128 aut
4925 3087 5048 3142 pre-

3461 3190 3532 3244 tia
3560 3187 3933 3247 emendorum,
3957 3180 4044 3234 vel
4074 3186 4413 3233 tecturarum
4439 3170 4691 3225 alimonia
4716 3164 5049 3223 contrarian-

3386 3274 3434 3337 C
3465 3291 3571 3337 tur.
3602 3280 3659 3335 Si
3686 3292 3816 3333 vero
3844 3274 3967 3330 talis
3995 3267 4329 3327 monasterio
4355 3260 4633 3319 advenerit
4669 3259 4857 3321 frater,
4888 3268 5053 3324 quem

3464 3374 3580 3443 ipsa
3617 3368 3790 3441 patria
3820 3360 4166 3435 ignoraverit,
4193 3356 4281 3412 vel
4301 3355 4550 3412 euntibus
4574 3349 4825 3406 habuerit
4842 3346 5055 3399 vultum

3468 3466 3735 3535 ignotum,
3766 3470 3822 3516 et
3849 3473 3911 3515 se
3940 3456 4009 3511 ad
4032 3449 4345 3509 tuonasterii
4373 3446 4687 3503 societatem
4716 3438 4936 3494 firmare
4959 3450 5056 3491 voc

3471 3558 3650 3619 inerit,
3684 3555 3795 3609 sola
3823 3547 4147 3608 sacramenti
4176 3543 4309 3600 ﬁdes
4334 3541 4403 3596 ab
4433 3555 4501 3595 eo
4537 3542 4889 3607 exposcatur;
4921 3540 4988 3584 ut
5013 3528 5058 3583 si.

3471 3648 3768 3720 aliquando
3797 3646 3865 3702 de
3894 3638 4224 3699 monasterio
4252 3635 4401 3693 exire
4424 3630 4676 3696 voluerit,
4709 3642 4836 3682 cum
4865 3622 5059 3678 notitia

3474 3836 3565 3898 rit,
3609 3832 3759 3902 prius
3783 3831 3929 3899 iuret
3974 3839 4034 3881 se
4062 3822 4131 3879 de
4166 3821 4329 3877 rebus
4372 3812 4690 3872 monasterii
4736 3809 4883 3866 nulla
4935 3805 5065 3861 furti

3475 3924 3880 3988 commissione,
3904 3926 3998 3972 aut
4023 3914 4152 3970 foris
4178 3920 4490 3967 antecessus
4510 3905 4940 3965 commendasse,
4976 3907 5067 3954 an:

3478 4018 3740 4072 absconse
3785 4024 3968 4066 secum
4014 4012 4283 4078 portasse,
4316 4000 4417 4055 nisi
4447 3998 4586 4052 forte
4613 3994 4665 4051 ei
4701 4008 4802 4065 pro
4851 3989 5069 4045 miseri-

3478 4108 3663 4165 cordia
3694 4102 3925 4158 voluerit
3953 4095 4158 4167 aliquid
4185 4094 4390 4150 donare
4419 4089 4587 4144 abbas
4612 4101 4627 4140 :
4655 4092 4713 4139 ut
4735 4084 4780 4139 si
4814 4081 5065 4153 perjura-

3477 4201 3636 4272 verit,
3671 4196 3807 4252 ferat
3856 4197 3909 4250 in
3955 4193 4135 4247 anima
4184 4186 4325 4258 quod
4356 4185 4410 4240 in
4465 4193 4698 4251 corpore
4733 4191 4843 4232 non
4891 4172 5071 4244 potuit

3481 4270 3797 4360 adimplere.
3830 4283 3937 4340 Res
3969 4291 4148 4337 tamen
4183 4277 4379 4347 quibus
4410 4272 4626 4327 indutus
4668 4266 4845 4323 fuerat
4871 4275 5067 4318 mona-

3482 4383 3631 4439 sterii
3664 4380 3746 4436 vel
3774 4377 4137 4433 calceamenta
4181 4367 4521 4434 recensignet
4550 4359 4763 4422 abbati;
4796 4366 4854 4410 ut
4878 4366 5069 4409 rema-

3485 4473 3634 4527 ncnti
3665 4472 3715 4525 in
3745 4462 4148 4539 perseverantia
4176 4459 4327 4516 fratri
4353 4455 4659 4528 proﬁciant,
4692 4464 4812 4520 qua:
4837 4449 5075 4516 migran-

3490 4570 3629 4624 tibus
3659 4569 3992 4625 au-t'eruntur;
4017 4568 4073 4615 et
4101 4574 4188 4614 res
4210 4552 4518 4611 monasterii
4553 4551 4697 4620 juste
4726 4548 4814 4603 ille
4842 4547 5070 4611 habeat,

3492 4755 3580 4825 qui
3615 4752 3812 4821 injuste
3842 4748 4054 4803 animos
4081 4758 4206 4799 suos
4234 4758 4264 4796 a
4312 4734 4710 4810 perseverantia
4752 4730 5075 4786 monasterii

3492 4854 3706 4915 separat
3733 4857 3746 4894 :
3778 4856 3877 4896 nec
3923 4838 4065 4891 enim
4105 4834 4179 4889 illi
4222 4833 4353 4887 dare
4399 4828 4667 4899 placeant,
4702 4823 4786 4876 cui
4832 4822 5077 4889 ipsarum

3494 4954 3671 4993 rerum
3701 4931 3970 5003 diSplicuit
3997 4926 4297 4995 disciplina.
4329 4921 4384 4976 Si
4427 4934 4555 4974 vero
4587 4918 4656 4971 ita
4698 4915 4996 4982 juraverit,
5027 4919 5076 4965 et

3494 5046 3597 5085 non
3627 5042 3684 5082 se
3716 5025 3909 5089 ﬁrmet,
3941 5019 4035 5075 sed
4064 5018 4128 5073 ad
4159 5025 4369 5084 tempus
4398 5016 4721 5071 remoretur,
4766 5007 4871 5060 hoc
4904 5006 5074 5059 solum

3497 5131 3751 5186 testctur;
3784 5125 3841 5172 ut
3885 5117 4001 5172 sine
4041 5111 4233 5167 notitia
4290 5106 4373 5162 vel
4408 5104 4525 5158 vale
4555 5100 4784 5162 abbatis,
4826 5098 4920 5151 vel
4963 5110 5075 5151 cum

1807 5134 1961 5157 l’""
2254 5134 2267 5143 υ

1804 5182 1887 5252 pit
1915 5191 2023 5232 non
2066 5181 2307 5241 parcere.
2348 5154 2701 5217 Solunnnodo
2742 5152 2881 5204 hanc
2921 5144 3012 5199 det
3051 5141 3228 5202 litem,
3282 5134 3388 5189 sibi

2619 5249 2627 5252 ’
2831 5242 2842 5252 “
2892 5250 2896 5252 Α
3069 5233 3181 5252 ΊΙ-μ.
3213 5249 3219 5252 .
3268 5228 3388 5252 2.ΙΛΑ

1809 5228 1886 5252 I'"
1915 5228 1975 5232 "'
2070 5228 2082 5241 ι

1808 5275 2023 5345 penitus
2063 5264 2193 5319 foris
2222 5258 2351 5312 nihil
2400 5249 2723 5309 remansisse
2765 5242 3019 5298 celatum.
3069 5233 3223 5288 Hane
3268 5228 3391 5284 ideo

2557 5341 2588 5345 ”
2693 5338 2722 5345 ⁵·
2858 5342 2867 5345 ⁴
2908 5331 2937 5345 ’¹
3002 5329 3034 5345 ⁸-
3096 5332 3146 5345 μ·
3188 5337 3289 5345 -Α-
3328 5319 3391 5345 ιιΙ.

1811 5319 2144 5415 :nluntatetn
2175 5351 2338 5404 abbas
2384 5338 2811 5411 ingredientibus
2857 5329 3062 5391 tribuit,
3096 5332 3155 5379 ut
3187 5337 3291 5377 non
3328 5319 3395 5373 ab

1815 5446 2211 5509 introeuntibus
2234 5438 2499 5508 judicctur
2549 5429 2727 5499 potius
2764 5441 2850 5479 res
2878 5421 3155 5476 hominum
3183 5412 3395 5468 deside-

1818 5558 1961 5604 rare,
1987 5551 2145 5606 quam
2177 5532 2402 5585 animas.
2433 5524 2532 5588 Qui
2565 5535 2692 5574 vero
2715 5517 2876 5569 frater
2900 5514 3002 5566 hoc
3028 5506 3251 5575 elegerit
3275 5519 3396 5557 cum

1821 5636 1983 5690 rebus
2010 5627 2118 5681 suis
2148 5638 2205 5676 se
2237 5615 2563 5673 monasterio
2599 5609 2833 5666 tradere,
2867 5612 2919 5658 et
2948 5596 3274 5655 distrahendi
3304 5610 3399 5647 vo-

1824 5730 2084 5781 luntatem
2119 5731 2225 5770 non
2254 5708 2534 5767 habuerit;
2569 5720 2632 5757 ne
2663 5698 2952 5769 aliquando
2973 5700 3211 5748 mutatus
3235 5707 3263 5742 a
3288 5689 3400 5742 dia-

1827 5817 1952 5869 ινιξο
1985 5810 2063 5863 vel
2113 5811 2366 5859 armatus.
2416 5803 2632 5866 propter
2680 5807 2763 5844 res
2798 5802 2925 5842 suos
2968 5782 3259 5853 exigendas
3307 5778 3401 5833 ali-

1828 5919 1962 5966 quae.
1996 5906 2267 5952 molestias
2296 5884 2619 5944 monasterio
2648 5893 2911 5949 generatis
2936 5877 3085 5930 exire
3111 5871 3402 5937 desideret,

3497 5215 3639 5269 furto
3671 5227 3775 5264 non
3807 5215 3985 5262 ere-at.
4042 5202 4212 5255 litiam
4258 5212 4325 5251 ex
4355 5195 4652 5264 improviso
4714 5187 5077 5250 custodiatur,

3498 5317 3554 5364 et
3584 5308 3632 5361 in
3666 5310 3934 5375 potestate
3959 5296 4085 5351 nihil
4117 5293 4331 5353 habeat,
4365 5298 4420 5343 et
4448 5287 4513 5340 ad
4546 5285 4789 5337 laborem
4815 5294 4951 5334 cum
4980 5278 5077 5332 fra-

3503 5404 3671 5457 tribus
3698 5393 4058 5452 communiter
4099 5385 4444 5456 impellatur;
4481 5387 4538 5433 ut
4577 5373 4879 5429 laborando
4918 5373 5074 5425 vivaL

3503 5496 3557 5550 Si
3590 5504 3766 5548 tamen
3799 5487 3969 5542 nudus
3998 5481 4177 5545 fuerit,
4206 5485 4258 5532 et
4286 5474 4506 5529 induere
4536 5484 4658 5523 eam
4690 5465 4857 5518 abbas
4898 5463 5079 5516 volue—

3505 5591 3596 5649 rit.
3628 5586 3690 5639 ad
3724 5593 3935 5650 tempus
3966 5584 4179 5637 utatur;
4209 5578 4261 5624 et
4289 5568 4440 5631 sciat,
4464 5579 4522 5617 se
4553 5559 4696 5627 qaut
4728 5557 4899 5610 habet
4932 5566 5078 5609 omne

3507 5678 3963 5745 reconsignatum,
4009 5683 4130 5723 cum
4180 5661 4347 5719 cxire'
4376 5655 4628 5710 voluerit.
4681 5650 4811 5703 Natu
4856 5649 4907 5701 si
4959 5647 5079 5700 forte

3507 5792 3627 5831 cum
3658 5773 3927 5838 ingressus
3957 5762 4159 5816 nullum
4192 5751 4518 5811 monasterio
4557 5749 4937 5818 joramentum
4984 5751 5083 5794 tra-

3509 5830 3741 5923 diderit:
3758 5866 3813 5914 et
3842 5856 3989 5913 velut
4014 5855 4227 5924 ignotus
4254 5845 4453 5904 nullam
4482 5851 4729 5897 catenam
4762 5836 4900 5893 ﬁdei
4917 5830 5083 5892 abbati
