5174 6548
718 380 856 434 1057

2249 364 2550 420 RFGULA.

3865 365 4004 420 W38

708 493 781 549 de
829 490 1122 548 securitate
1165 486 1434 551 intulerit;
1475 485 1590 540 sive
1620 484 1767 554 quod
1798 482 2031 538 contulit
2059 479 2176 536 Deo
2206 495 2304 550 per
2329 487 2385 543 Α
2409 479 2527 549 ejus
2550 479 2879 550 hnplendam
2929 481 2980 536 in
3011 479 3261 536 omnibus
3287 482 3567 551 promittat
3595 483 3959 544 obedientiam
3990 510 4005 557 ;

708 584 1136 653 eleemosynam,
1179 580 1294 634 sive
1331 577 1478 647 quod
1507 576 1641 631 nihil
1672 575 2007 632 monasterio
2040 575 2108 629 de
2139 572 2304 629 rebus

707 673 824 727 suis
854 673 1056 726 obsidis
1088 670 1312 738 pignore
1346 683 1440 736 per
1471 667 1822 722 donationem
1868 665 2155 733 legaverit,
2187 663 2302 719 sive

708 768 857 836 quod
889 763 1091 818 nullum
1127 761 1501 830 ﬁdejussorem
1529 760 1745 827 ignotus
1772 757 2072 823 invenerit;
2109 757 2225 812 sive
2255 757 2304 812 si

711 856 857 912 nulla
895 854 1219 910 sacramenti
1252 854 1354 907 fide
1385 863 1636 908 teneatur
1669 867 1682 906 :
1714 868 1836 907 cum
1881 853 2022 907 forte
2066 853 2303 906 incertus

707 950 776 1003 de
809 948 1065 1002 firmitate
1095 948 1264 1002 frater
1306 947 1500 1002 missus
1538 946 1698 1001 fuerit
1741 961 1864 1002 cum
1893 945 2158 1000 vehiculis
2187 942 2305 998 ani-

707 1042 953 1104 malium,
986 1050 1040 1094 et
1089 1039 1443 1094 emendarum
1473 1039 1652 1108 pretio
1693 1053 1899 1104 rerum,
1944 1055 2072 1094 mox
2103 1038 2303 1092 ducatu

712 1132 914 1186 diaboli
945 1132 1176 1186 inventis
1204 1148 1300 1200 per
1332 1133 1678 1186 occasionem
1709 1132 2014 1202 sumptibus
2041 1132 2128 1188 vel
2155 1130 2306 1186 vehi-

711 1226 864 1289 culis,
902 1225 955 1278 in
987 1225 1193 1279 alienas
1224 1236 1396 1279 terras
1425 1225 1742 1280 monasterii
1774 1224 1997 1294 incipiat
2022 1225 2194 1294 magis
2218 1239 2306 1278 or-

708 1317 930 1372 diuatus
961 1318 1214 1386 migrare,
1259 1334 1481 1372 securus
1510 1319 1576 1371 de
1620 1333 1679 1372 se
1725 1318 2127 1388 perceptionem
2169 1333 2304 1388 quo-

707 1412 839 1468 tidie
888 1412 1306 1482 exspectandus,
1340 1422 1393 1465 et
1437 1411 1812 1481 prolongando
1859 1420 1952 1466 aut
1998 1411 2169 1478 tarde,
2211 1419 2306 1465 aut

703 1519 987 1573 nunquam
1015 1505 1328 1573 sequendus

1201 1616 1428 1672 CAPUT
1471 1617 1799 1673 LXXXVIII.

1148 1726 1542 1766 INTEIIROGATIO
1595 1726 1868 1766 DISCIPULI.

698 1823 788 1876 De
818 1824 1037 1876 induciis
1071 1827 1292 1893 fratrum
1322 1823 1783 1889 sitsripieiidm'itnt,
1817 1825 1870 1875 in
1898 1825 2076 1892 quibus
2109 1823 2169 1876 dc
2191 1833 2256 1876 stt

902 1895 1098 1947 bititute
1128 1895 1392 1962 ﬁrmanda
1417 1910 1588 1946 serum
1617 1905 1840 1946 tractare
1870 1895 2107 1948 debeant.

957 2002 1266 2041 RHSPONDET
1309 2003 1538 2040 DUMINL‘S
1579 2003 1678 2040 rer.
1729 2003 2049 2039 MMAIS’I'RL'M.

782 2101 914 2154 Cum
946 2099 1013 2152 de
1041 2099 1290 2152 onmibus
1315 2098 1640 2166 supradictis
1668 2105 1969 2150 conventus
2002 2111 2172 2150 novus
2200 2101 2302 2149 tra-

701 2207 790 2248 Ier
821 2193 1019 2261 regula?
1052 2207 1150 2261 per
1179 2192 1426 2245 abbatem
1472 2190 1539 2245 de
1569 2190 1863 2244 stabilitate
1896 2191 2175 2256 firmanda,
2209 2199 2304 2245 aut

700 2304 802 2358 per
834 2304 1014 2342 rerum
1065 2302 1283 2340 suarum
1323 2286 1746 2356 eleemosynam,
1777 2296 1870 2339 aut
1913 2302 2009 2356 per
2049 2285 2302 2340 donatio-

699 2396 828 2432 nem
873 2379 1225 2439 mouasterio,
1277 2389 1370 2431 aut
1399 2393 1494 2447 per
1537 2378 1782 2431 chartam
1814 2377 2145 2446 tidejussoris
2188 2395 2301 2448 pa:-

701 2473 916 2536 ualcm;
952 2482 1044 2525 aut
1072 2472 1114 2525 si
1150 2473 1382 2540 ignotus,
1414 2486 1510 2541 per
1545 2469 1840 2538 juramenti
1874 2469 2031 2524 fidem
2060 2473 2299 2525 cavi-rit:

702 2565 937 2618 .Iuorum
983 2574 1106 2617 tunc
1154 2565 1418 2616 mensium
1467 2562 1700 2632 spatium
1742 2562 1795 2616 in
1825 2561 2040 2629 judiciis
2079 2562 2146 2615 ad
2195 2572 2302 2616 tra-

704 2655 958 2710 standum
988 2671 1172 2710 secum
1200 2655 1447 2723 accipiat.
1487 2655 1806 2710 Lahorando
1841 2665 2018 2711 tamen
2044 2672 2164 2711 cum
2195 2655 2303 2710 fra-

702 2749 877 2804 tribus
907 2757 1199 2801 contentus
1235 2761 1466 2801 annona:
1500 2748 1771 2802 communi
1802 2764 2073 2813 mensura,
2108 2749 2192 2802 vel
2215 2764 2302 2802 re-

703 2839 840 2908 gulae
871 2838 1157 2907 disciplina
1184 2848 1236 2890 ct
1265 2839 1889 2892 excozmnuuicationurn
1917 2857 1930 2901 ;
1965 2847 2022 2891 ut
2046 2849 2099 2892 et
2122 2853 2301 2892 mores

703 2933 1018 2987 .nonastcrii
1055 2932 1265 3000 probet,
1312 2941 1368 2986 et
1409 2947 1436 2984 a
1471 2933 1803 2986 monasterio
1845 2933 1958 3001 ipse
1999 2932 2296 3000 probetur;

705 3038 753 3081 ιι
786 3042 975 3081 secum
1021 3035 1236 3089 tractet,
1261 3026 1302 3078 si
1337 3025 1532 3078 debeat
1559 3040 1615 3079 se
1647 3024 1711 3078 ad
1739 3024 1902 3079 Demn
1939 3026 2172 3088 lirmare,
2208 3032 2301 3077 aut

705 3119 765 3172 ad
818 3117 1099 3171 diabolum
1131 3117 1432 3183 expeditius
1466 3132 1732 3170 remeare.
1768 3116 1822 3169 lu
1854 3115 2046 3184 quibus
2087 3115 2298 3169 duobus

703 3211 983 3266 .nensibus
1032 3211 1128 3265 sub
1161 3227 1288 3264 cura
1322 3211 1533 3264 illorum
1570 3211 1815 3277 fratrum,
1853 3211 1942 3279 qui
1973 3211 2292 3278 peregrinos
2327 3220 2376 3282 C
2404 3245 2603 3312 brevis,

702 3304 1036 3368 custodiunt,
1071 3314 1123 3356 et
1155 3303 1252 3373 ipsi
1284 3302 1532 3356 similiter
1560 3318 1624 3356 ex
1657 3302 1952 3371 improviso
1982 3303 2300 3357 custodian-

701 3412 814 3460 tur,
849 3403 903 3448 et
936 3395 987 3447 in
1021 3393 1154 3448 cella
1203 3393 1613 3462 peregrinorum
1643 3393 1958 3458 dormiant;
1992 3402 2046 3446 et
2091 3394 2298 3460 ingres-

703 3505 793 3542 sus
829 3487 1069 3547 illorum,
1100 3485 1183 3537 vel
1207 3485 1381 3538 exitus
1410 3485 1460 3537 in
1489 3484 1817 3539 monasterio
1847 3484 2132 3538 custodum
2163 3500 2297 3552 pra:—

702 3578 879 3633 sentin
910 3577 1188 3640 videatur;
1222 3586 1273 3630 et
1301 3578 1448 3630 oauu
1478 3577 1633 3642 hora,
1667 3578 1711 3630 si
1741 3575 1939 3631 alicubi
1968 3590 1996 3630 a
2028 3585 2301 3631 conventu

700 3667 935 3722 fratrum
981 3666 1340 3732 secesserint,
1393 3667 1626 3722 sollicite
1675 3681 1705 3720 a
1760 3667 2073 3722 custodibus
2114 3667 2293 3737 requi-

699 3767 897 3812 rantur
929 3799 942 3821 ,
978 3771 1045 3811 ne
1073 3753 1212 3811 forte
1256 3758 1549 3826 anticipeut
1578 3757 1854 3812 ambulare
1883 3759 2000 3812 sine
2031 3757 2151 3812 vale
2176 3772 2298 3812 cum

698 3847 869 3902 furto.
939 3845 1096 3912 Quod
1155 3846 1201 3902 si
1253 3848 1520 3917 explicitis
1572 3848 1779 3904 duobus
1833 3849 2149 3917 mensibus,
2190 3865 2300 3904 non

698 3939 957 4012 placabili
1034 3939 1308 4010 disciplina
1381 3948 1435 3995 et
1515 3940 1705 3996 iisdem
1773 3942 2105 3997 monasterio
2180 3943 2296 4011 pla-

697 4031 882 4088 cuerit
925 4030 1222 4096 ambulare,
1271 4048 1391 4088 cum
1418 4033 1608 4087 notitia
1658 4035 1868 4090 abbatis
1923 4034 2010 4088 vel
2057 4036 2301 4090 omnium

697 4131 832 4196 post
854 4123 1035 4176 datam
1066 4121 1221 4176 tidem
1251 4124 1449 4178 nullius
1476 4124 1600 4178 furti
1648 4126 1944 4193 commissi,
1975 4125 2061 4179 vel
2105 4141 2298 4180 recon-

697 4216 930 4285 siguatis
961 4217 1122 4271 rebus
1153 4219 1463 4272 monasterii
1493 4233 1610 4288 quae
1640 4218 1706 4274 ad
1737 4229 1946 4288 tempus
1975 4221 2115 4276 forte
2141 4236 2295 4277 acce-

699 4319 881 4379 perat,
918 4326 1042 4363 mox
1075 4320 1198 4378 post
1239 4310 1418 4365 datam
1461 4311 1723 4366 universis
1766 4327 1990 4381 pacem;
2044 4321 2099 4367 et
2137 4329 2297 4368 acce-

698 4410 855 4472 ptam
901 4402 1105 4469 virgam
1138 4403 1189 4456 in
1238 4417 1420 4468 manu,
1473 4413 1528 4458 et
1555 4418 1826 4457 annonam
1877 4402 2125 4457 viaticam
2178 4413 2302 4472 post

698 4495 904 4547 factam
937 4494 1259 4556 orationem,
1295 4495 1375 4548 vel
1405 4493 1604 4549 dictum
1637 4511 1874 4563 versum,
1915 4495 2000 4550 vel
2026 4495 2295 4549 redditam

699 4588 785 4640 cis
819 4601 1030 4656 pacem,
1064 4587 1108 4638 si
1140 4595 1317 4641 tamen
1363 4588 1497 4653 vult,
1551 4598 1608 4642 ut
1655 4589 1851 4658 hospes
1900 4588 2188 4652 abscedat;
2245 4597 2301 4643 cl.
2330 4593 2384 4655 Ι)

700 4677 1031 4746 ι’ρδιιειιὶνιειι
1063 4677 1230 4731 vicem
1278 4694 1426 4732 suam
1459 4679 1722 4743 diabolus,
1757 4695 1918 4750 quem
1964 4679 2154 4735 nolens
2202 4679 2300 4734 ho-

700 4771 907 4841 spitem
939 4780 1252 4840 susceperat
1282 4772 1547 4827 (lluistus.

1234 4908 1461 4964 CAPUT
1504 4909 1788 4965 LXXXIX.

1142 5015 1533 5056 IN'I’I‘ZRIlUGATIO
1574 5018 1850 5058 DISCIPULI.

771 5093 1046 5160 Quomodo
1077 5092 1255 5147 debeat
1285 5097 1446 5164 frater
1476 5112 1633 5148 norus
1665 5099 1714 5148 in
1745 5107 2058 5152 monasterio
2089 5113 2237 5152 suum

1248 5166 1460 5233 ﬁrmare
1488 5167 1775 5221 introitum.

979 5271 1280 5311 RESPONDEI‘
1321 5273 1544 5314 IIOIINUS
1582 5276 1682 5314 PER
1729 5276 2050 5315 ιιΑοιετιιυιι.

781 5371 919 5424 Cum
954 5372 1182 5438 expleta:
1211 5371 1438 5426 duorum
1467 5375 1734 5432 mensium
1765 5375 1832 5429 ad
1855 5374 2193 5431 tractandum
2223 5374 2308 5429 in-

703 5462 884 5519 ducia:
916 5461 1133 5524 fuerint,
1181 5472 1235 5515 et
1281 5463 1528 5532 placabili
1574 5465 1857 5534 disciplina
1904 5467 1972 5521 ab
2020 5481 2088 5521 eo
2127 5465 2300 5532 magis

703 5557 981 5614 stabilitas
1030 5557 1280 5624 eligatur,
1331 5568 1387 5613 et
1436 5561 1916 5629 perseverantiam,
1966 5561 2306 5631 repromissa

705 5652 867 5708 Iectze
900 5650 1097 5714 regulae
1143 5650 1416 5716 firmitate,
1461 5653 1512 5706 ei
1545 5653 1758 5721 placeat
1806 5652 2125 5724 adimplere,
2159 5651 2300 5707 rein-

708 5755 1023 5808 terrugatns
1064 5744 1130 5794 ah
1173 5743 1366 5798 abbate
1396 5760 1563 5798 novus
1615 5742 1797 5811 frater,
1844 5746 1969 5816 quid
2014 5760 2194 5800 secum
2247 5745 2301 5800 in

706 5854 977 5893 concesso
1006 5837 1340 5891 imluciarum
1370 5839 1543 5908 spatio
1573 5838 1867 5907 definisset,
1897 5857 2016 5896 cum
2039 5856 2306 5910 responso

2411 571 2739 640 respondeat
2762 571 2927 627 abbas
2953 591 2963 624 :
2997 571 3108 628 Dco
3130 573 3348 641 gratias.
3373 573 3492 630 Alia
3518 575 3606 631 die
3630 585 3751 645 post
3774 580 4002 648 primam

2411 665 2607 720 dictam
2634 665 2826 720 missas
2847 666 3123 734 explicitas
3152 668 3370 722 exeunti
3398 669 3558 724 limen
3611 671 3833 726 oratorii
3874 688 4000 728 cum

2409 757 2828 827 congregatione
2869 757 3050 812 abbati
3094 760 3275 815 flectat
3327 759 3395 815 ad
3442 775 3614 828 genua
3643 763 3764 833 ejus
3827 780 4003 824 novus

2411 851 2576 906 frater
2620 867 2771 907 suam
2803 854 3090 914 cervicem,
3124 870 3322 924 rogans
3353 871 3473 910 eum
3506 856 3592 910 vel
3621 872 3833 912 omnem
3865 874 4000 914 con-

2408 946 2774 1014 gregationem
2799 946 2938 1017 ejus,
2965 948 3164 1003 debere
3185 949 3452 1004 modicum
3478 951 3528 1005 in
3551 955 3791 1007 oratorio
3817 970 3997 1011 remo-

2410 1035 2536 1099 rari,
2569 1044 2623 1090 et
2650 1054 2807 1093 orare
2839 1055 2936 1106 pro
2967 1055 3048 1094 se.
3098 1039 3137 1096 Α
3167 1041 3359 1110 quibus
3388 1058 3513 1097 mox
3559 1043 3860 1100 diutissime
3904 1064 4002 1117 pro

2409 1141 2476 1182 eo
2498 1117 2786 1192 oretur;et
2811 1131 3098 1200 completis
3121 1133 3369 1186 onmibus
3386 1133 3556 1188 abbas
3583 1137 3770 1193 volens
3793 1139 4000 1206 egredi,

2409 1217 2685 1273 humiliter
2717 1222 3059 1290 apprehenso
3087 1223 3204 1292 ejus
3225 1226 3574 1292 vestimento,
3605 1230 3727 1282 novi
3761 1232 3997 1286 retinea-

2411 1320 2497 1366 tur
2523 1328 2684 1368 manu
2715 1314 2985 1384 discipuli,
3038 1316 3130 1384 qui
3178 1317 3279 1372 hoc
3322 1319 3566 1390 rogando
3598 1321 3870 1376 insinuet:
3906 1324 4000 1378 Est

2409 1404 2553 1471 quod
2583 1419 2865 1474 suggeram
2898 1407 3073 1476 primo
3123 1406 3254 1473 Deo,
3285 1419 3339 1464 et
3394 1414 3633 1468 oratorio
3672 1413 3758 1467 isti
3785 1424 3996 1479 sancto,

2409 1495 2496 1549 vel
2529 1494 2620 1549 tibi
2664 1506 2718 1550 et
2747 1501 3170 1567 congregationi.
3225 1501 3357 1554 Cum
3408 1503 3745 1571 rcSpouderit
3789 1507 3994 1568 abbas;

2409 1587 2535 1656 quid
2568 1587 2698 1642 illud
2725 1597 2826 1651 est,
2859 1589 3126 1646 intimate.
3159 1594 3529 1662 Subsequatur
3557 1600 3754 1666 petitor
3776 1599 3996 1654 dicens:

2415 1678 2546 1734 Volo
2579 1680 2689 1734 Deo
2719 1679 2922 1735 servire
2975 1697 3069 1750 per
3094 1683 3432 1754 disciplinain
3465 1690 3659 1755 regula:
3684 1689 3810 1742 mihi
3842 1691 3993 1744 lecta:

2411 1771 2465 1824 in
2497 1772 2827 1826 monasterio
2884 1781 2994 1826 tuo.
3020 1774 3151 1828 Cum
3175 1777 3516 1845 rc5ponderit
3545 1780 3740 1843 abbas,
3769 1782 3952 1836 (IICt'IlS
3983 1801 3993 1811 ο

2258 1841 2301 1875 ι’
2335 1853 2378 1914 Β
2409 1863 2474 1916 Et
2514 1864 2619 1918 hoc
2649 1863 2826 1931 placet
2859 1864 2988 1918 tibi?
3029 1841 3388 1936 subsequatur
3418 1870 3629 1926 futurus
3656 1841 3949 1942 discipulus
3984 1894 3992 1925 :

2407 1953 2525 2008 IIoc
2557 1953 2728 2021 primo
2779 1955 2914 2020 Deo,
2946 1955 3020 2010 sic
3075 1965 3128 2009 et
3175 1959 3322 2011 mihi.
3381 1959 3528 2014 Tunc
3559 1963 3724 2028 dicat,
3783 1963 3992 2018 abbas;

2409 2043 2564 2109 Vide,
2594 2043 2778 2110 frater,
2811 2046 2940 2099 lllIIlI
2991 2048 3123 2100 nihil
3156 2051 3444 2116 promittis,
3472 2053 3564 2105 sed
3617 2053 3742 2117 Deo,
3775 2065 3829 2108 et
3871 2057 3997 2110 huic

2407 2139 2648 2192 oratorio
2678 2140 2765 2192 vel
2814 2138 2971 2192 altari
3020 2149 3227 2194 sancto.
3279 2141 3333 2194 Si
3367 2142 3430 2193 :ul
3460 2146 3639 2196 ouuiia
3690 2146 3998 2204 obaudieris

2407 2229 2602 2284 divinis
2633 2231 2922 2299 prteceptis
2953 2231 3038 2285 vel
3067 2232 3202 2286 meis
3231 2236 3468 2301 monitis,
3502 2237 3554 2289 in
3583 2238 3670 2291 die
3695 2239 3881 2306 judicii
3935 2248 3996 2296 tu

2406 2341 2665 2380 coronam
2699 2325 2934 2394 accipies
2977 2325 3242 2382 bonorum
3273 2338 3510 2394 actuum,
3542 2339 3598 2384 et
3623 2344 3722 2397 ego
3752 2333 3817 2386 de
3866 2349 3996 2402 pec-

2407 2418 2541 2470 catis
2564 2417 2696 2470 meis
2741 2416 3086 2484 indulgentiae
3139 2418 3340 2486 aliquid
3369 2423 3748 2488 promerebor;
3799 2427 3888 2492 qui
3937 2435 3995 2478 ut

2409 2508 2679 2561 diabolum
2727 2523 2847 2561 cum
2897 2510 3094 2563 seculo
3143 2512 3408 2576 vinceres,
3454 2512 3694 2566 incitavi.
3732 2515 3788 2569 Si
3819 2526 3997 2571 autem

2410 2599 2649 2653 nolueris
2676 2599 2804 2654 mihi
2831 2601 2883 2654 in
2916 2601 3097 2669 aliquo
3126 2602 3369 2667 obedire,
3405 2618 3535 2659 ecce
3579 2621 3679 2674 ego
3708 2607 3994 2663 Dominum

2407 2702 2707 2760 contes.or,
2763 2695 2890 2763 quin
2949 2703 3003 2748 et
3051 2694 3166 2750 hinc
3220 2701 3569 2766 congregatio
3625 2702 3994 2758 testimonium

2406 2789 2535 2841 mihi
2591 2799 2672 2843 est
2718 2789 2768 2843 in
2823 2789 2910 2844 die
2953 2789 3138 2858 judicii
3173 2793 3496 2859 praebitura;
3529 2796 3676 2862 quia,
3713 2805 3770 2850 ut
3827 2814 3991 2866 supra

2404 2881 2536 2941 dixi,
2569 2896 2689 2936 cum
2736 2898 2841 2936 non
2891 2883 3040 2947 mihi,
3097 2885 3182 2938 vel
3225 2888 3631 2954 congregationi
3687 2890 3739 2942 in
3810 2889 3996 2957 aliquo

2407 2971 2728 3035 obaudieris,
2783 2973 3056 3041 injudicio
3085 2975 3176 3030 Dei
3209 2992 3310 3047 ego
3334 2977 3640 3046 absolutus,
3679 2989 3734 3034 tu
3781 2997 3878 3050 pro
3901 2993 3994 3036 tua

2405 3065 2582 3118 anima
2615 3105 2630 3130 ,
2661 3067 2746 3119 vel
2793 3069 3191 3137 contemptione
3239 3071 3506 3125 rationein
3538 3072 3807 3127 restitues.
3863 3075 3993 3130 Post

2405 3153 2518 3208 haec
2546 3156 2725 3219 verba,
2756 3158 2800 3211 si
2833 3175 2952 3211 cum
2996 3160 3160 3214 rebus
3213 3162 3325 3214 suis
3374 3161 3667 3229 introierit,
3732 3175 3857 3218 tunc
3903 3167 3996 3222 ille

2636 3249 2716 3302 vel
2747 3249 2968 3305 donatio
3001 3267 3177 3306 rerum
3202 3269 3418 3309 suarum
3450 3255 3562 3310 Deo
3605 3258 3691 3312 vel
3723 3269 3996 3314 monaste-

2402 3345 2484 3399 rio
2510 3345 2670 3411 facta,
2704 3346 2868 3413 ipsius
2893 3347 3172 3402 donatoris
3203 3365 3394 3405 manus
3426 3366 3588 3420 super
3624 3352 3796 3407 altare
3820 3370 3992 3422 pona-

2403 3445 2509 3501 tur,
2557 3437 2771 3491 dicente
2819 3437 2934 3507 ipso
2958 3440 3120 3494 fratre
3147 3458 3158 3492 :
3191 3439 3348 3505 Ecce,
3383 3443 3626 3509 Domine,
3659 3460 3779 3498 cum
3812 3447 3992 3500 anima

2402 3542 2546 3594 mea,
2577 3537 2632 3582 et
2661 3538 2974 3597 paupertate
3001 3547 3140 3595 mea,
3187 3534 3442 3603 quidquid
3471 3536 3599 3589 mihi
3635 3537 3866 3603 donasti,
3896 3539 3993 3594 tibi

2405 3621 2722 3690 reconsigno
2767 3629 2822 3676 et
2846 3623 3012 3678 oll'ero
3048 3642 3058 3675 :
3100 3633 3157 3678 et
3187 3625 3257 3679 ibi
3289 3627 3413 3681 VUIO
3465 3637 3522 3681 ut
3548 3628 3656 3682 sint
3703 3645 3789 3684 res
3836 3647 3994 3698 mete,

2405 3711 2493 3764 ubi
2524 3709 2682 3765 fuerit
2702 3727 2798 3766 cor
2823 3728 3023 3776 meum,
3054 3722 3111 3767 et
3151 3717 3349 3780 anima,
3381 3719 3480 3772 sub
3517 3729 3786 3787 potestate
3816 3730 3994 3776 tamen

2403 3808 2717 3862 monasterii
2739 3816 2794 3864 et
2816 3808 3044 3871 abbatis,
3067 3825 3224 3879 quem
3249 3812 3402 3879 mihi,
3422 3813 3666 3877 Domine,
3693 3814 3744 3867 in
3758 3816 3876 3869 vice
3901 3825 3992 3870 tua

2407 3900 2700 3955 timendum
2720 3903 3015 3971 prteponis;
3035 3918 3156 3957 cum
3186 3904 3262 3957 eis
3282 3904 3416 3958 dicis
3442 3925 3451 3956 :
3483 3904 3583 3968 Qui
3614 3923 3696 3960 ros
3718 3909 3886 3973 audit,
3911 3925 3992 3962 me

2405 3991 2657 4057 audit;et
2679 3993 2765 4062 qui
2789 4009 2874 4046 vos
2897 3995 3110 4063 spernit,
3161 4011 3240 4048 me
3293 3997 3491 4064 spernit
3522 3997 3673 4065 (Luc.
3708 4002 3786 4063 ιι).
3843 3997 3995 4053 Unde

2405 4085 2528 4154 quia
2558 4099 2655 4154 per
2674 4100 2797 4139 eum
2825 4086 2980 4139 nobis
2997 4095 3052 4139 tu
3073 4088 3252 4140 omnia
3283 4089 3584 4143 necessaria
3613 4091 3837 4156 cogitas,
3871 4091 3994 4144 ideo

2405 4180 2535 4232 nihil
2561 4195 2662 4234 nos
2681 4188 2894 4249 oportet
2923 4180 3195 4249 peculiare
3222 4181 3422 4236 habere
3455 4199 3469 4234 :
3499 4183 3624 4251 quia
3654 4195 3707 4237 tu
3739 4184 3896 4238 nobis
3925 4185 3994 4240 de

2406 4271 2653 4325 omnibus
2705 4286 2763 4325 es
2793 4272 3038 4341 idoneus,
3062 4282 3116 4327 et
3169 4273 3223 4328 in
3253 4274 3502 4329 omnibus
3549 4272 3753 4330 sufﬁcis
3799 4277 3946 4330 solus
3980 4297 3992 4330 ;

2405 4373 2465 4418 ut
2487 4363 2598 4430 jam
2622 4363 2776 4418 nobis
2800 4365 2979 4419 vivere
2995 4373 3049 4420 et
3076 4380 3197 4433 spes
3225 4364 3468 4420 Christus
3523 4366 3612 4430 sit,
3652 4377 3710 4422 et
3739 4369 3874 4422 mori
3904 4368 3997 4422 lu-

2406 4467 2573 4506 crum.
2607 4451 2734 4506 Post
2764 4453 2878 4508 lucc
2907 4455 3180 4522 dicatipse
3210 4470 3379 4509 novus
3395 4456 3563 4510 frater
3584 4458 3990 4526 resperisorium

2407 4543 2511 4598 hoc
2543 4563 2554 4596 :
2592 4545 2809 4613 Suscipe
2837 4563 2935 4612 me,
2986 4545 3224 4610 Domine,
3269 4550 3552 4601 semiudum
3581 4551 3784 4603 verbum
3830 4561 3987 4620 tuum,

2407 4648 2455 4690 et
2485 4637 2647 4690 rivum
2679 4655 2694 4690 :
2741 4650 2786 4689 et
2815 4654 2875 4690 ne
2925 4641 3212 4707 confundas
3242 4657 3322 4692 me
3343 4640 3405 4692 ab
3448 4643 3831 4708 exspectatione
3883 4661 3986 4694 mro-

2411 4728 2586 4796 (Psat.
2637 4732 2842 4797 cxvm).
2891 4729 3018 4783 Post
3068 4730 3171 4785 hoc
3202 4732 3606 4800 ieSponsorium
3657 4733 3802 4787 dicat
3832 4733 3999 4788 abbas

2409 4825 2551 4878 hunc
2581 4839 2791 4878 versum
2824 4841 2835 4874 :
2874 4822 3137 4889 Con/«rma
3167 4825 3283 4891 hoc,
3309 4824 3468 4888 Deus,
3499 4827 3635 4893 quod
3664 4840 3904 4895 aperams
3943 4842 3998 4882 es

2406 4919 2461 4968 in
2514 4914 2658 4968 nobis
2709 4915 2880 4972 (μιαί.
2939 4924 3122 4980 stn}.
3157 4915 3288 4971 Post
3337 4933 3495 4985 quem
3528 4933 3740 4972 versum
3773 4919 3996 4984 dictum,

2407 5027 2531 5063 nios
2565 5011 2686 5062 data
2717 5010 2766 5062 ei
2800 5012 2865 5064 ab
2911 5010 3161 5065 omnibus
3214 5025 3376 5080 pace;
3430 5012 3703 5081 compleat
3725 5012 3908 5076 abbas,
3943 5025 4001 5066 et

2407 5101 2604 5155 tollens
2660 5101 2876 5155 brevem
2929 5102 3160 5168 desuper
3203 5103 3394 5164 altare,
3431 5119 3555 5159 mox
3590 5105 3657 5156 ab
3711 5120 3777 5158 eo
3825 5120 3999 5159 novus

2408 5191 2702 5261 diScipulus
2733 5193 2830 5247 sub
2862 5194 3148 5262 praeposito
3173 5193 3476 5255 ordinetur.
3522 5203 3574 5248 et
3608 5196 3658 5247 in
3691 5210 3852 5248 manu
3900 5211 3993 5250 eo-

2411 5296 2531 5334 rum
2562 5282 2906 5348 consignatus
2930 5295 3051 5333 cum
3083 5281 3202 5333 aliis
3231 5282 3485 5334 fratribus
3543 5292 3705 5334 exeat
3755 5283 3965 5347 discipli
3992 5317 3995 5322 ι

2414 5387 2518 5427 me.
2573 5371 2770 5425 Eadem
2809 5386 3043 5440 namque
3093 5371 3199 5437 die,
3254 5389 3351 5441 pro
3403 5372 3720 5426 humilitatis
3772 5372 3996 5436 indicio,

2416 5479 2612 5536 aquam
2642 5465 2888 5519 manibus
2913 5466 3136 5518 fratrum
3173 5463 3240 5517 ad
3281 5465 3717 5519 comnmnioncm
3749 5465 4001 5518 intranti-

2411 5559 2516 5615 bus
2559 5560 2673 5628 ipse
2727 5558 3014 5622 ministret,
3057 5567 3112 5612 et
3141 5573 3268 5612 cum
3299 5557 3422 5623 dat,
3453 5557 3727 5612 osculetur
3757 5560 3999 5613 omnium

2415 5667 2625 5717 manus,
2647 5659 2703 5706 et
2730 5658 2880 5720 petat
2902 5650 3142 5719 singulos
3164 5665 3262 5718 pro
3306 5664 3366 5703 se
3409 5647 3610 5703 debere
3630 5664 3809 5704 orare.
3862 5649 3990 5703 Ili-e-

2414 5761 2508 5801 ves
2560 5759 2690 5800 vero
2755 5744 3099 5800 donationum
3151 5741 3320 5799 factos
3370 5759 3400 5796 a
3457 5743 3707 5797 fratribus
3760 5753 4004 5811 tempore

2417 5839 2608 5894 mortis
2631 5854 2740 5893 suzc
2771 5837 2936 5893 abbas
2985 5837 3035 5890 in
3067 5837 3206 5906 quod
3237 5837 3417 5891 nsiims
3447 5837 3760 5892 monasterii
3800 5852 4002 5908 expen—
