5174 6566
1744 367 1877 425 1059

1739 503 1811 555 sis
1843 498 2156 563 restituerit,
2183 496 2505 548 testamento
2532 504 2629 544 suo
2660 487 2879 550 inserat,
2912 484 3071 538 etiam
3099 481 3313 536 nomina

1740 606 1931 646 eorum
1960 604 2193 658 quorum
2242 593 2536 640 noscuntur
2583 580 2815 634 collata;
2874 586 2932 631 ut
2976 576 3155 630 nullus
3199 581 3323 644 post

1742 691 1972 739 mortem
1996 680 2113 750 ejus
2142 679 2279 732 forte
2307 676 2375 730 de
2402 672 2733 728 monasterio
2787 669 2990 732 exiens,
3046 664 3325 736 repetendi

1741 791 1924 834 rerum
1950 786 2166 831 suarum
2194 769 2440 824 liduciam
2466 765 2683 826 habeat,
2716 772 2769 818 et
2809 760 3158 816 stabilitatem
3206 774 3326 812 mo-

1744 868 1989 932 nasterii,
2018 874 2073 920 et
2103 864 2261 919 Iidem
2290 862 2501 929 l'rangat
2521 856 2782 918 defuncti,
2813 854 2897 909 vel
2922 854 3069 910 dicat
3089 853 3206 907 sine
3228 848 3327 905 do-

1746 960 1967 1015 natione
1990 955 2189 1025 aliquid
2234 967 2391 1008 suum
2439 951 2493 1005 in
2522 945 2852 1002 monasterio
2877 941 3159 1000 contineri.

2340 1124 2565 1183 CAPUT
2603 1121 2714 1179 XC.

2181 1254 2576 1301 ιΝτιίιιιιοϐΛτιο
2606 1249 2884 1292 DISCH‘UIJ.

1770 1386 1996 1460 ingresso
2016 1386 2069 1439 in
2090 1380 2457 1460 monqsterimn
2470 1376 2671 1429 cuidam
2696 1372 2830 1453 (uico
2852 1385 2958 1424 non
2979 1368 3163 1460 (iubere
3187 1365 3329 1418 intra

1822 1441 2017 1513 nimum
2044 1454 2231 1507 mutari
2254 1468 2360 1517 res,
2384 1466 2474 1503 nec
2500 1455 2650 1516 caput
2680 1444 2790 1513 ejus
2819 1441 3104 1496 secundum
3136 1450 3333 1503 prono-

1825 1532 1982 1578 aimm
2003 1525 2223 1578 tonderi.

1825 1538 1982 1585 situm
2003 1538 2223 1581 tonderi.

2036 1676 2335 1719 RESPONDLT
2366 1669 2593 1713 υοκικυε
2631 1669 2732 1709 PER
2772 1663 3095 1706 MAGISTRUM.

1830 1806 1967 1860 Cum
1996 1796 2191 1867 aliquis
2215 1792 2459 1849 novellus
2494 1789 2563 1843 de
2590 1785 2787 1841 saeculo
2835 1783 2902 1837 ad
2930 1778 3211 1836 servitium
3243 1775 3338 1829 Dei

1756 1898 1815 1957 in
1841 1891 2226 1951 monasterium
2256 1880 2577 1949 confugerit,
2619 1887 2675 1933 et
2726 1871 3041 1930 indicaverit
3088 1883 3151 1924 se
3200 1882 3264 1921 ve

1757 1987 2023 2050 converti,
2070 1997 2172 2037 non
2222 1978 2271 2032 ei
2299 1975 2549 2031 credatur
2579 1979 2685 2023 tam
2716 1966 2893 2022 facile.
2927 1962 3059 2017 Nam
3109 1959 3233 2013 licte
3277 1956 3343 2010 ab

1762 2084 1957 2138 abbate
1977 2076 2094 2130 solo
2123 2072 2308 2134 verbo,
2338 2082 2443 2121 non
2471 2066 2634 2129 l‘acto,
2664 2058 2928 2114 habitatio
2954 2056 3004 2110 ei
3035 2049 3345 2108 monasterii

1761 2178 2058 2239 dencgctur
2091 2188 2104 2219 :
2138 2163 2204 2216 ad
2236 2159 2606 2230 probationem
2636 2150 2820 2217 gravia
2850 2151 3248 2217 proponantur,
3279 2138 3345 2192 ad

1764 2232 2127 2320 obedientiam
2142 2254 2257 2321 ejus
2271 2245 2646 2304 inveniendam
2669 2239 3029 2312 pnedicentur
3046 2232 3342 2294 contraria,

1766 2368 1822 2413 ct
1850 2350 2112 2409 voluntati
2140 2347 2256 2415 ejus
2286 2355 2501 2405 amara;
2531 2336 2845 2408 quotidiana
2896 2331 2947 2386 ei
2989 2327 3195 2399 jejunia
3223 2340 3347 2395 pro-

1766 2454 2069 2506 mittautur.
2103 2446 2234 2500 Nam
2262 2454 2315 2495 et
2346 2442 2450 2494 hoc
2479 2451 2546 2492 ex
2575 2434 2809 2489 lectione
2833 2427 3056 2499 regulas,
3092 2432 3148 2477 et
3200 2422 3348 2475 dicto

1773 2541 1983 2596 abbatis
2013 2541 2288 2604 agnoscat,
2319 2529 2445 2599 quia
2471 2528 2523 2580 in
2551 2520 2880 2580 monasterio
2902 2517 3033 2573 nulli
3063 2516 3187 2569 licet
3207 2513 3350 2566 diee-

1771 2651 1831 2692 re
1864 2654 1874 2687 :
1906 2633 2019 2686 lloc
2044 2628 2186 2689 volo,
2220 2633 2274 2681 et
2315 2624 2416 2677 hoc
2445 2620 2570 2674 nolo
2602 2636 2616 2670 :
2650 2617 2755 2671 hoc
2782 2628 2924 2676 amo,
2972 2609 3157 2664 ethoc
3189 2606 3347 2669 odio;

1771 2733 1827 2781 ut
1859 2739 1964 2777 non
1996 2719 2211 2791 prepria
2254 2714 2481 2780 eligatur
2506 2709 2755 2763 voluntas
2787 2723 2798 2756 :
2828 2711 2885 2758 et
2925 2701 3061 2755 sciat
3108 2698 3233 2768 quia
3261 2694 3353 2764 qui

1770 2817 1830 2871 in
1858 2810 2185 2866 monasterio
2207 2818 2498 2861 conversus
2541 2799 2723 2864 luerit,
2751 2791 3012 2866 quidquid
3065 2805 3133 2844 ex
3160 2787 3354 2841 volun-

1773 2917 1884 2963 tate
1911 2921 2005 2959 sua
2037 2901 2289 2961 voluerit,
2315 2900 2418 2951 hoc
2439 2894 2607 2960 magis
2628 2907 2735 2947 non
2764 2886 3111 2958 permittitur.
3141 2881 3319 2947 Quare
3333 2879 3353 2930 1’

1776 3002 1912 3066 Quia
1939 3007 2055 3051 sunt
2101 2996 2215 3057 vite,
2264 3006 2378 3059 qua:
2412 2989 2644 3042 uidentur
2691 2982 2884 3037 homini
2936 2988 3109 3041 rectm,
3139 2990 3355 3046 quarum

1777 3095 1900 3163 ﬁnis
1922 3106 2076 3160 usque
2094 3087 2162 3139 ad
2185 3082 2499 3155 proj'ondum
2522 3076 2715 3147 inferni
2731 3074 2989 3142 dmterget
3009 3068 3190 3138 (Prov.
3224 3066 3355 3133 λιν).

1777 3158 2006 3251 l‘ltquod
2056 3174 2308 3237 noluerit,
2368 3173 2469 3225 hoc
2516 3167 2763 3236 cogitur;
2793 3172 2852 3218 ut
2908 3162 3158 3216 voluntas
3204 3158 3258 3211 in
3288 3170 3354 3211 eo

1776 3224 1992 3343 propria
2013 3274 2340 3337 amputetur,
2371 3276 2491 3331 quae
2520 3259 2735 3313 iuiiuica
2786 3262 2869 3308 est
2910 3252 3041 3306 Deo.
3076 3247 3178 3315 Qui
3224 3260 3355 3316 ergo
3383 3224 3429 3286 (ἶ

1777 3338 1926 3433 cupit
1954 3360 2192 3430 perfecte
2219 3354 2479 3417 converti,
2513 3346 2773 3421 quidquid
2808 3344 3072 3400 amaverit
3116 3349 3173 3395 et
3213 3338 3356 3394 desi.

1777 3429 1930 3513 derio
1961 3452 2229 3513 habuerit,
2259 3450 2309 3505 ei
2340 3447 2673 3513 denegetur;
2701 3449 2759 3495 et
2785 3435 3045 3508 quidquid
3087 3432 3281 3496 oderit,
3308 3429 3359 3484 ei

1775 3557 2105 3621 apponatur,
2131 3544 2344 3599 dicente
2367 3538 2594 3594 Domino
2629 3552 2642 3588 :
2671 3531 2773 3596 Qui
2802 3530 2907 3583 vult
2953 3542 3091 3580 meus
3125 3540 3234 3578 esse
3273 3521 3360 3575 di-

1777 3617 2027 3715 scipulus,
2040 3644 2253 3709 abiteget
2266 3636 2587 3703 semetipsum
2603 3629 2721 3693 sibi,
2734 3638 2780 3681 et
2794 3633 3037 3693 sequatur
3053 3637 3132 3675 me
3143 3618 3218 3691 (Μ
3229 3617 3357 3671 αιιΙι.

1784 3740 1923 3806 xvi),
1953 3737 2055 3792 hoc
2084 3742 2186 3798 est,
2216 3746 2323 3786 non
2349 3742 2524 3791 suam,
2570 3723 2666 3778 sed
2697 3720 2789 3775 Dei
2824 3721 2985 3773 l'aciat
3009 3716 3357 3769 voluntatem.

1781 3801 1973 3888 Omnia
2001 3828 2145 3882 enim
2168 3823 2329 3878 debet
2358 3835 2455 3890 pro
2473 3816 2699 3871 Domino
2719 3811 3006 3871 sustinere,
3033 3806 3127 3875 qui
3165 3804 3217 3858 in
3248 3801 3364 3870 ejus

1785 3922 1934 3992 cupit
1958 3920 2185 3973 militare
2208 3913 2415 3970 schola.
2447 3910 2556 3964 Aut
2579 3906 2708 3977 quid
2731 3904 2875 3960 enim
2898 3901 3059 3970 digne
3080 3910 3365 3969 possumus

1788 3988 1886 4085 pro
1916 4012 2140 4067 Domino
2166 4005 2471 4061 sustinere?
2510 4001 2720 4054 dicente
2750 3994 3007 4066 Apostolo
3036 4007 3051 4046 :
3084 3988 3207 4046 Non
3246 3994 3366 4043 sunt

1788 4107 2064 4175 condignae
2103 4102 2369 4171 passiones
2416 4095 2566 4163 hujus
2605 4090 2781 4145 steruli
2826 4089 2893 4141 ad
2948 4090 3367 4156 superrenturam

1788 4191 2217 4270 gloriam(Ront.
2261 4191 2400 4254 vin).
2436 4183 2506 4237 Ut
2553 4184 2597 4237 si
2645 4182 2821 4250 ignem
2855 4184 3166 4246 persecutor
3210 4184 3367 4227 servo

1791 4268 1994 4343 Christi
2027 4282 2243 4346 inferat,
2273 4286 2330 4333 ut
2360 4275 2672 4344 temporalis
2714 4271 2862 4326 calor
2910 4268 3058 4322 linito
3089 4280 3194 4320 non
3244 4280 3370 4318 sen-

1794 4381 1959 4434 tiatur
1984 4375 2200 4438 dolore;
2232 4388 2339 4427 non
2387 4378 2568 4423 tamen
2598 4364 2719 4420 talis
2748 4373 2853 4430 est,
2881 4362 3054 4431 qualis
3096 4361 3186 4415 ille
3234 4358 3370 4427 ignis

1797 4462 2245 4533 inexstinguibilis
2273 4478 2287 4513 :
2318 4468 2409 4513 aut
2446 4459 2523 4513 sic
2553 4455 2810 4516 incendit,
2850 4451 3120 4523 quomodo
3171 4460 3371 4505 mterna

1797 4574 1957 4630 pwua
1988 4558 2249 4625 gehennae.
2271 4550 2555 4621 peccatrici
2585 4548 2777 4603 anima:
2798 4546 3170 4600 innnortaliter
3192 4559 3368 4599 reser-

1801 4659 1976 4703 vatur.
2008 4648 2064 4702 Si
2116 4642 2351 4712 ungulzc,
2384 4639 2470 4694 vel
2517 4638 2750 4706 equulei,
2798 4637 2885 4692 vel
2938 4637 3223 4692 verborum
3253 4650 3371 4703 pm-

1807 4756 1896 4794 nas
1942 4738 2167 4804 ingerat,
2211 4737 2262 4788 in
2296 4734 2408 4802 ipsa
2444 4731 2597 4801 parvi
2640 4729 2838 4785 doloris
2856 4729 3135 4783 tolerantia
3160 4736 3375 4785 {elerum

1821 4832 1999 4887 :ctitiae
2027 4837 2314 4884 coronatus
2342 4826 2601 4880 succedit.
2653 4824 2708 4879 Si
2757 4837 2942 4879 carcer
2969 4838 3068 4878 nos
3118 4838 3216 4892 pro
3267 4824 3375 4876 l:eo

1825 4924 2120 4979 enebrosus
2149 4919 2409 4981 recludat,
2434 4918 2698 4971 aediﬁcata
2729 4932 2795 4969 ex
2819 4915 3138 4982 margaritis,
3170 4926 3222 4968 et
3244 4928 3377 4969 auro

1810 5017 1887 5072 Vel
1933 5013 2157 5083 gemmis
2206 5020 2395 5067 ornata
2437 5018 2637 5063 aeterna
2694 5023 2791 5062 nos
2837 5006 3132 5061 Jerusalem
3188 5020 3379 5074 exspe-

1799 5113 1934 5163 αδδ.
1971 5104 2028 5158 Si
2072 5102 2368 5158 obscuritas
2398 5101 2658 5155 clausurze
2708 5115 2804 5154 nos
2850 5115 2945 5168 pro
2984 5106 3090 5152 ilco
3120 5098 3376 5162 obcaecet,

1806 5196 1860 5249 in
1889 5204 2162 5249 momento
2193 5209 2290 5247 nos
2319 5192 2520 5261 poterit
2557 5193 2878 5256 obscurare;
2912 5188 3006 5244 sed
3038 5191 3262 5258 posthac
3290 5189 3379 5241 illa

1809 5303 1908 5342 nos
1959 5288 2047 5340 lux
2096 5288 2147 5339 in
2194 5295 2390 5339 aeterna
2443 5286 2551 5338 vita
2597 5284 2873 5353 suscipiet,
2932 5298 3052 5351 qua:
3101 5298 3207 5337 non
3251 5283 3381 5337 solis

1808 5379 2043 5433 candore
2071 5378 2154 5431 vel
2178 5378 2337 5443 lunae,
2369 5393 2473 5431 non
2501 5376 2776 5431 stellarum
2798 5375 2943 5441 coeli,
2976 5375 3069 5429 sed
3100 5375 3263 5443 ipsius
3286 5375 3379 5429 Dei

1809 5476 2072 5542 perpetua
2122 5470 2405 5538 majestate
2445 5471 2660 5524 lucebit.
2693 5469 2751 5523 Si
2779 5476 2920 5522 terra
2991 5468 3110 5533 ista,
3142 5483 3300 5537 quam
3327 5468 3379 5521 in

1813 5561 1919 5618 hac
1937 5563 2046 5616 vita
2072 5564 2357 5629 calcamus,
2405 5562 2683 5616 moriendo
2737 5576 2834 5631 pro
2886 5560 2997 5613 Deo
3028 5560 3381 5615 meruerimus

1818 5656 2136 5718 abscedere;
2161 5671 2285 5709 mox
2302 5671 2462 5724 super
2483 5655 2627 5709 illam
2669 5662 2862 5707 terram
2890 5654 3166 5709 ambulare
3194 5671 3384 5724 perpe-

1821 5758 1911 5801 tuo
1936 5750 2206 5819 deputant,
2256 5763 2377 5815 qua:
2426 5747 2623 5815 septies
2650 5756 2871 5813 argento
2901 5746 3141 5801 lucidior.
3170 5748 3222 5802 Si
3259 5765 3384 5801 tero

1822 5856 1938 5908 qua!
1961 5848 2213 5909 putantur
2242 5840 2401 5908 lmjns
2430 5840 2606 5893 smcub
2650 5854 2765 5891 esse
2809 5838 3031 5904 deliriee,
3065 5857 3182 5908 quae
3213 5843 3381 5911 inqui»

3051 310 3386 405 acerbius
3428 341 3697 398 meum

3372 1850 3417 1909 Β
3443 1828 3625 1882 dineto
3680 1824 4036 1878 discurrentes

4871 326 5008 385 lilio

3347 462 3553 522 Anant
3595 454 3773 523 potius
3819 451 4093 504 interanea
4138 456 4327 503 nostra
4372 463 4534 516 quam
4582 445 4856 510 relieiuut,
4908 457 5011 511 pro

3431 545 3541 600 Deo
3572 559 3635 597 ca
3684 540 4209 611 contempserimus;
4260 535 4325 593 ad
4367 535 4456 591 illa
4494 535 4680 591 statim
4706 530 4930 588 ﬂumina
4962 531 5017 583 in

3428 646 3686 691 a-teruum
3719 632 3987 688 currentia
4047 638 4308 700 perpetuo
4352 626 4702 698 deputamur,
4740 636 4862 692 qua
4885 626 5019 677 sunt

3431 726 3625 792 mellis,
3686 733 3741 779 et
3794 724 3970 785 lactis,
4016 720 4124 774 vini
4171 728 4227 774 et
4278 717 4382 774 olei
4437 713 4763 771 abundantia
4817 711 5018 782 plena;

3430 817 3589 874 simul
3615 824 3670 871 et
3695 814 3906 869 illarum
3938 814 4137 867 fructus
4166 810 4420 864 arborum
4447 806 4632 862 varios
4654 811 4711 860 et
4751 800 5015 865 diversos,

3431 910 3721 965 duodecies
3745 908 3798 963 in
3830 920 4029 961 annum
4060 911 4369 967 nascentes,
4398 916 4505 956 non
4521 898 4734 955 cultura
4757 891 5018 961 hominis,

3434 1003 3528 1058 sed
3549 998 3874 1056 abundantia
3906 997 4152 1063 Deitatis,
4182 995 4275 1066 qui
4322 1009 4429 1050 non
4458 993 4603 1048 fame
4627 988 4908 1045 delectant
4954 983 5020 1039 ad

3433 1091 3779 1157 vescendum,
3800 1090 3883 1147 vel
3911 1088 4089 1145 esurie
4118 1094 4445 1159 appetuntur
4461 1082 4530 1139 ad
4554 1077 5016 1141 manducandum;

3435 1182 3527 1237 sed
3560 1191 3843 1252 postquam
3883 1180 4024 1236 oculi
4050 1186 4360 1234 sanctorum
4391 1176 4508 1246 ipso
4528 1173 4648 1229 visu
4704 1168 4912 1226 fuerint
4936 1182 5023 1224 sa-

3437 1273 3624 1343 ginati,
3676 1274 3894 1342 insuper
3948 1272 4054 1327 hoc
4094 1267 4383 1337 unicuique
4421 1266 4563 1336 sapit
4617 1264 4670 1317 in
4712 1274 4832 1326 ore,
4875 1256 5022 1329 quod

3439 1368 3599 1422 luerit
3626 1366 3943 1422 delectatus.
3977 1362 4118 1432 Ergo
4147 1362 4306 1431 digne
4335 1359 4400 1414 ad
4429 1372 4653 1429 parvum
4699 1363 4919 1424 tempus
4942 1350 5024 1419 je-

3434 1460 3600 1526 juniis
3629 1469 3684 1515 et
3710 1455 4034 1514 abstinentia
4074 1469 4173 1525 pro
4204 1452 4429 1508 Domino
4474 1447 4808 1511 cruciamur,
4838 1453 4899 1498 ut
4946 1441 5025 1497 eis

3438 1568 3559 1623 qure
3586 1548 3908 1621 prmparavit
3938 1545 4095 1601 bonis
4123 1544 4177 1598 in
4223 1548 4543 1614 perpetuum
4572 1538 4836 1593 satiemur
4878 1552 4892 1588 :
4924 1534 5024 1589 ob.

3441 1657 3719 1698 scuramur
3742 1656 3840 1710 pro
3868 1638 3979 1693 Deo
3997 1653 4027 1692 a
4048 1641 4393 1707 persecutore
4420 1631 4472 1686 in
4503 1640 4743 1692 carcere,
4772 1633 4834 1680 ut
4861 1625 4916 1679 in
4937 1623 5026 1678 illa

3443 1744 3700 1804 perpetua
3731 1733 3849 1785 luce
3880 1729 4199 1798 lulgcamus,
4233 1734 4485 1804 tanquam
4506 1719 4756 1776 scintilla:
4781 1718 4835 1772 in
4863 1730 5027 1770 arun-

4088 1838 4100 1871 :
4151 1795 4407 1871 mortem.
4443 1819 4884 1868 momentancam
4930 1819 5029 1876 pro

3446 1919 3557 1973 Deo
3589 1918 3708 1971 ideo
3751 1916 3979 1969 libenter
4007 1910 4330 1982 appetimus,
4358 1915 4417 1960 ut
4467 1906 4523 1959 in
4553 1911 4819 1957 aeternum
4868 1913 4901 1951 a
4935 1912 5031 1967 ge-

3448 2013 3637 2065 hennae
3667 2017 3839 2063 morte
3870 2013 4128 2076 perpetua
4158 2002 4467 2056 liberemur.
4497 1995 4808 2055 Postremo,
4834 1998 4892 2045 et
4916 1989 5032 2042 sine

3450 2104 3823 2177 persecutione
3853 2100 3905 2153 in
3947 2098 4060 2167 ipsa
4115 2089 4522 2149 christianitatis
4570 2086 4789 2157 pacein
4837 2077 5033 2136 schola

3449 2194 3760 2251 nionasterii
3804 2193 3925 2245 ideo
3974 2183 4397 2258 pl‘uballtllllbus,
4442 2179 4527 2235 vel
4555 2172 5035 2233 amaricationibus

3448 2287 3785 2342 voluntatum
3815 2281 3913 2336 sub
3941 2277 4150 2333 abbatis
4188 2272 4415 2343 imperio
4458 2268 4791 2329 militamus;
4824 2275 4886 2318 ut
4913 2266 5038 2332 post

3451 2374 3943 2449 peregrinationem
3993 2369 4116 2422 vita:
4159 2363 4342 2421 saeculi
4382 2363 4561 2431 hujus,
4602 2375 4726 2415 cum
4776 2355 5038 2411 Dominus

3455 2478 3640 2527 noster
3668 2467 3869 2537 judicio
3906 2478 4005 2517 nos
4052 2458 4362 2514 accersierit
4387 2469 4509 2519 suo,
4540 2452 4703 2521 digna
4754 2449 4805 2503 ei
4854 2457 5039 2501 nostra

3453 2577 3621 2632 opera
3639 2559 4039 2626 consignemus,
4064 2552 4351 2607 ollerentcs
4373 2547 4422 2602 ei
4437 2544 4751 2615 patientiam
4774 2549 5037 2600 nostram,

3454 2631 3737 2725 perquam
3769 2649 3902 2703 dura
3933 2644 4113 2700 omnia
4161 2649 4217 2696 et
4271 2640 4480 2694 diversa
4527 2635 4683 2691 nobis
4731 2632 4799 2687 ab
4846 2631 5040 2685 abbate

3456 2752 3735 2819 imperata,
3769 2760 3888 2814 quae
3919 2755 4016 2811 pro
4047 2737 4264 2795 nomine
4309 2735 4424 2804 ejus
4480 2737 4760 2802 gratanter
4802 2725 5040 2797 portavi-

3456 2856 3594 2905 mus,
3622 2837 3709 2892 vel
3738 2833 4157 2889 amaricationes
4183 2827 4515 2882 voluntatum
4541 2829 4850 2881 nostrarum
4868 2816 5040 2870 diver-

3456 2947 3567 2996 sas,
3596 2942 3731 2999 quas
3753 2941 3853 2997 pro
3882 2921 4102 2978 nomine
4148 2919 4261 2980 llei,
4289 2915 4376 2970 vel
4395 2914 4570 2970 salute
4590 2910 4786 2965 anima:
4815 2907 5040 2962 libenter

3460 3020 3629 3088 magis
3671 3014 4045 3075 sustinuimus,
4098 3008 4341 3062 dicentes
4395 3003 4674 3057 Domino:
4730 2998 4953 3067 Propter
4996 3002 5041 3047 te

3461 3120 3623 3165 morte
3642 3109 3894 3176 (tl/icimur
3924 3112 4029 3156 tota
4059 3100 4143 3154 die
4174 3105 4203 3164 ;'
4222 3096 4460 3152 wstimati
4500 3109 4699 3156 sumus,
4730 3100 4785 3143 ut
4816 3105 4934 3143 oves
4957 3102 5040 3141 oc-

3460 3203 3672 3257 cisionis
3704 3197 3877 3269 (Psut.
3919 3193 4092 3262 xuii).
4142 3190 4213 3244 Et
4255 3204 4375 3243 eum
4429 3188 4545 3240 lucc
4587 3184 4769 3240 omnia
4801 3182 5043 3236 venerint

3461 3308 3623 3363 super
3648 3305 3746 3345 nus
3775 3287 3925 3343 obliti
3954 3300 4060 3340 non
4081 3297 4265 3339 sumus
4294 3289 4379 3343 te;
4409 3287 4466 3332 et
4495 3294 4590 3347 per
4612 3275 5043 3332 observationem

3461 3379 3779 3440 obedientiae
3810 3376 3990 3443 inique
4018 3389 4124 3427 non
4172 3372 4377 3440 egimus
4426 3368 4479 3421 in
4527 3373 4856 3421 testamento
4908 3373 5040 3416 ιιιυε

3462 3482 3570 3528 eta
3619 3465 4023 3538 perseverantia
4074 3463 4339 3517 bonorum
4388 3466 4608 3512 actuum
4660 3455 4745 3510 vel
4784 3453 5043 3509 desiderio

3463 3561 3577 3630 spei
3626 3559 3826 3612 futura:
3858 3570 3965 3609 non
4019 3551 4242 3607 recessit
4289 3557 4434 3603 retro
4462 3563 4559 3602 cor
4585 3557 4858 3601 nostrum.
4916 3545 5066 3609 Quia-

3465 3666 3571 3707 non
3599 3648 4009 3703 declinaverunt
4038 3642 4240 3696 semitae
4270 3650 4464 3693 nostra:
4491 3653 4523 3691 a
4552 3638 4653 3691 viis
4695 3637 4821 3702 tuis,
4854 3637 4906 3689 in
4934 3635 5045 3704 qui-

3466 3743 3565 3797 bus
3586 3739 3685 3793 viis
3705 3735 3949 3790 Probusti
3973 3748 4090 3800 nos,
4120 3729 4258 3784 Deus
4281 3745 4298 3781 :
4327 3729 4445 3798 igne
4465 3744 4556 3781 "0.!
4574 3725 4914 3791 examinusti,
4938 3727 5039 3777 sicv

3464 3842 3519 3886 ut
3561 3832 3680 3902 igne
3728 3827 4059 3881 examinatur
4093 3830 4361 3893 argentum
4389 3818 4563 3889 (l’sal.
4615 3820 4762 3887 va).
4791 3814 5044 3871 lnduxisti

3467 3936 3567 3976 nos
3586 3915 3921 3990 probationis
3950 3916 4003 3967 in
4033 3913 4283 3981 laqueum
4308 3926 4322 3972 ;
4349 3908 4576 3978 posuisti
4604 3906 5046 3961 amaricationum

3471 4007 3841 4065 tribulationes
3868 4002 4093 4057 indurso
4116 3997 4434 4054 humilitatis
4460 4004 4660 4051 nostra:
4691 4013 4703 4048 :
4729 4003 4786 4049 ut
4813 4003 5047 4049 nostram

3469 4114 3578 4155 non
3607 4094 4065 4167 permittercmur,
4094 4090 4186 4143 sed
4231 4097 4376 4142 tuam
4406 4099 4727 4154 cogeremur
4751 4086 4932 4140 facere
4960 4100 5048 4140 voc

3471 4194 3752 4247 luntatem.
3793 4185 3946 4240 Unde
3974 4182 4263 4254 imposuisti
4295 4181 4524 4233 homines
4555 4194 4710 4247 super
4736 4178 4909 4247 capita
4960 4193 5049 4231 no-

3471 4293 3584 4338 stra
3617 4279 3804 4351 (lbid.)
3834 4296 3845 4329 :
3880 4276 4005 4344 quia
4035 4271 4317 4328 ostendisti
4344 4287 4444 4325 nos
4466 4270 4566 4324 sub
4589 4268 4785 4323 abbate
4807 4269 5047 4333 doctore,

3474 4374 3560 4429 vel
3622 4369 3914 4442 prwposito
3972 4365 4268 4435 disciplina:
4315 4362 4514 4418 debere
4561 4376 4679 4415 esse
4729 4360 5046 4429 probandos.

3475 4467 3613 4535 Ergo
3639 4465 3689 4518 bi
3715 4464 3847 4518 tales
3870 4462 4257 4528 subsequentes
4287 4457 4516 4511 Domino
4548 4455 4730 4510 dicant
4754 4457 4805 4509 En
4832 4455 4925 4509 illo
4947 4455 5051 4524 jam

3402 4593 3452 4654 Β
3475 4555 3672 4612 sacculo
3698 4572 3709 4608 :
3738 4552 4093 4607 Transivimus
4110 4566 4199 4618 per
4220 4549 4391 4617 ignem
4408 4554 4455 4599 rt
4479 4562 4703 4615 nquam;
4728 4555 4775 4599 et
4798 4544 5051 4599 induxisti

3480 4665 3571 4701 nos
3601 4649 3651 4699 in
3677 4643 3999 4712 refrigerium
4049 4638 4263 4709 (Ibid.),
4314 4637 4416 4691 hoc
4444 4644 4548 4698 est,
4596 4634 4937 4687 transivimus
4961 4648 5053 4703 per

3481 4736 3887 4790 amaricationes
3939 4731 4273 4783 voluntatum
4326 4736 4650 4787 nostrarum,
4681 4734 4737 4780 et
4779 4725 5052 4778 servitium

3482 4836 3679 4882 sancta:
3707 4822 4024 4879 obedientiae
4051 4839 4064 4885 ;
4095 4834 4225 4875 ecce
4257 4819 4597 4887 pervenimus
4619 4816 4684 4869 ad
4715 4824 4817 4869 tua:
4837 4815 5052 4884 refrige-

3482 4921 3619 4976 rium
3651 4917 3884 4987 pietatis.
3934 4913 4002 4967 Et
4034 4914 4161 4967 item
4210 4912 4435 4966 dicimus
4459 4909 4545 4965 el:
4594 4908 4845 4963 Detectati
4882 4922 5053 4962 suum

3487 5029 3577 5082 pro
3603 4998 3798 5072 diebus,
3831 5007 4011 5077 quibus
4031 5021 4126 5059 nos
4148 5004 4448 5067 lmmiliasti,
4480 5004 4632 5056 annis
4671 5003 4726 5055 in
4746 5003 4931 5071 quibus
4984 5001 5052 5052 ri-

3486 5107 3653 5157 dimus
3699 5101 3842 5154 mala
3875 5099 4046 5167 (i’sal.
4088 5098 4312 5161 uxxrx)
4346 5113 4360 5149 :
4389 5105 4447 5150 ut
4480 5096 4609 5150 nihil
4640 5095 4837 5149 habeat
4866 5095 4924 5147 in
4956 5108 5049 5146 no-

3487 5199 3566 5252 bis
3591 5197 3849 5265 gehemne
3871 5193 4006 5263 ignis
4034 5192 4133 5246 sibi
4161 5190 4305 5260 quod
4334 5189 4571 5243 vindicet
4594 5206 4609 5251 ;
4662 5187 4875 5255 quando
4928 5185 5051 5240 nihil

3487 5306 3639 5346 suum
3670 5292 3720 5343 in
3753 5288 3907 5341 nobis
3937 5284 4330 5341 incendendum
4360 5282 4453 5345 ibi,
4484 5281 4732 5337 diabolus
4760 5282 4892 5350 egit.
4921 5281 5051 5349 Ergo

3489 5383 3666 5438 omnia
3687 5381 3847 5435 debet
3875 5393 3973 5448 pro
4025 5376 4252 5432 Domino
4277 5374 4562 5437 sustinere,
4605 5373 4697 5441 qui
4745 5372 4863 5441 ejus
4914 5370 5052 5441 cupit

3490 5476 3717 5530 militare
3747 5472 3982 5528 schola):
4032 5478 4287 5537 tanquam
4326 5481 4515 5521 aurum
4546 5465 4692 5528 lima,
4724 5472 4781 5519 et
4829 5464 5049 5525 malleis,

3491 5578 3543 5621 et
3571 5568 3690 5635 igne
3718 5566 3952 5619 fornacis
3980 5563 4238 5633 probetur
4265 5558 4331 5613 ad
4378 5557 4625 5613 diadema
4655 5555 4770 5620 Dei,
4799 5565 4853 5609 et
4905 5569 5052 5609 coro-

3489 5673 3614 5712 nam
3633 5656 3961 5713 Dominicam
3991 5652 4318 5722 profuturus.
4342 5647 4480 5715 Quia
4506 5663 4628 5703 cum
4658 5646 4929 5717 propriam
4951 5657 5050 5698 non

3494 5749 3675 5804 t'eeerit
3703 5748 4031 5801 voluntatem
4057 5742 4269 5812 aliquis,
4291 5740 4501 5811 cegitur
4546 5739 4743 5804 facere,
4766 5739 4852 5793 cui
4881 5736 5051 5808 quoti-

3489 5843 3575 5899 die
3598 5841 3649 5895 in
3672 5840 3917 5895 oratione
3936 5838 4198 5893 dicimus-1
4233 5833 4355 5887 Μαι
4389 5833 4626 5889 voluntas
4678 5845 4786 5897 tua,
4825 5832 4958 5885 sicut
5000 5828 5049 5886 in
