5174 6542
720 395 848 453 1041

2247 420 2542 486 ΒεθυιΑ.

3859 450 3996 510 1082

713 517 838 570 mlo
877 536 926 570 “
954 531 1009 570 ⁸η
1037 526 1195 572 ⁸⁸⁷⁷⁸⁸
1246 517 1413 575 Ter”
1460 521 1604 577 enim
1654 533 1735 579 εει
1784 542 1982 598 corpus
2030 542 2293 603 "OSerIII.
2327 541 2622 601 Anasterii
2651 549 3016 619 continentur,
3043 553 3094 610 in
3119 556 3225 612 tuis
3251 555 3428 616 adhuc
3473 562 3712 622 vestibus
3757 568 3998 637 perfecte

713 604 796 637 nni
825 604 954 637 Αἰνίι
984 606 1239 637 nimum...
1276 627 1288 637 .
1326 610 1486 637 φη-.-
1535 631 1580 637 -,.
1643 627 1680 637 -.
1712 618 1756 637 _-__
1793 628 1832 637 ,ν
2018 623 2078 637 .,.
2143 624 2202 637 ,μ
2413 636 2416 637 ν

712 604 799 657 cui
823 604 960 658 dixit
983 606 1242 664 Dominus
1276 627 1288 665 :
1326 610 1486 666 Terra
1526 631 1599 678 es,
1633 627 1680 668 et
1707 618 1758 669 in
1788 628 1979 674 terram
2010 623 2103 678 ibis
2137 624 2291 694 (Cen.

713 694 815 761 tu).
841 694 976 761 Quia
1007 699 1182 754 omnis
1211 703 1428 773 propria
1451 702 1700 761 voluntas
1749 711 1982 766 carnalis
2010 724 2111 781 est,
2166 725 2220 770 et
2270 733 2299 772 a

714 799 944 856 corpore
971 787 1251 845 descendit
1285 810 1297 857 ;
1355 793 1477 848 ideo
1507 811 1606 850 nos
1635 799 1778 866 cogit
1808 801 2082 871 illecebra,
2116 815 2170 862 et
2221 809 2302 862 in-

705 875 851 946 justa
879 881 1238 948 committere,
1261 899 1381 953 qua:
1404 885 1468 938 ad
1498 895 1708 957 tempus
1729 906 1951 960 parvum
1980 898 2100 952 vita:
2141 898 2300 968 hujus

712 968 859 1022 carni
893 983 991 1038 per
1017 970 1285 1027 desideria
1328 983 1411 1030 est
1439 975 1629 1041 dulcis,
1665 983 1899 1038 amarior
1959 986 2078 1042 felle
2119 989 2297 1044 futura

707 1057 760 1111 iu
806 1070 1099 1129 posterum,
1130 1073 1184 1118 et
1213 1066 1264 1118 in
1312 1076 1588 1123 tutel-num.
1638 1071 1869 1142 ideoque
1920 1079 2062 1132 enim
2094 1084 2300 1150 cogitur

703 1149 888 1220 lingua
918 1164 1100 1209 nostra
1149 1156 1295 1225 juste
1340 1160 1581 1228 quotidie
1612 1163 1843 1219 clamare
1873 1167 1939 1222 ad
1967 1169 2249 1228 Dominum
2283 1192 2293 1225 :

699 1244 817 1300 Fiat
848 1249 1102 1306 voluntas
1156 1260 1245 1307 tua
1277 1253 1330 1308 in
1366 1264 1509 1310 terra
1555 1261 1798 1329 corporis
1827 1266 2016 1319 nostri.
2049 1268 2175 1333 Qua:
2206 1285 2298 1325 vo-

699 1338 878 1396 luntas
907 1357 1028 1396 cum
1053 1346 1214 1399 fuerit
1243 1346 1397 1402 nobis
1425 1349 1478 1402 in
1502 1351 1686 1406 schola
1716 1359 2025 1413 monasterii
2067 1375 2097 1414 a
2127 1363 2299 1430 majo-

697 1432 845 1487 ribus
897 1435 1118 1502 tradita,
1175 1447 1228 1492 et
1279 1455 1374 1508 per
1429 1442 1795 1500 obedientiam
1846 1464 1875 1502 a
1931 1451 2085 1507 nobis
2138 1455 2300 1509 fuerit

695 1525 988 1595 adimpleta
1045 1530 1304 1598 quotidie,
1343 1532 1490 1601 juste
1540 1537 1696 1592 nobis
1727 1543 2008 1598 credamus
2041 1546 2091 1600 in
2119 1545 2297 1602 futuro

692 1615 981 1672 Dominum
1011 1636 1236 1688 parcere
1267 1640 1280 1675 :
1311 1635 1365 1678 et
1387 1629 1720 1686 conlidamus
1740 1633 1957 1703 insuper
1977 1642 2148 1706 gratia
2180 1645 2296 1711 ejus

690 1725 854 1778 posse
880 1727 980 1766 nos
1003 1717 1252 1770 coronari
1287 1737 1299 1782 ;
1333 1720 1454 1786 quia
1482 1739 1696 1794 semper
1719 1730 1833 1796 ejus
1862 1733 2084 1788 fet-inuus
2110 1737 2296 1793 volun-

693 1814 885 1872 tatem,
937 1823 1042 1861 non
1076 1819 1316 1866 nostram
1348 1833 1358 1865 :
1391 1825 1444 1870 et
1475 1834 1747 1888 nunquam
1780 1841 1895 1885 nos,
1922 1827 2006 1882 vel
2028 1829 2290 1888 desideria

685 1898 868 1951 carnis
898 1903 1230 1968 praetulituus
1261 1909 1431 1962 amori
1473 1910 1590 1977 ejus
1618 1933 1631 1977 ;
1662 1923 1714 1967 et
1737 1930 1953 1986 propter
1980 1936 2102 1977 eum
2128 1928 2288 1980 etiam
2324 1917 2368 1976 Β

685 1991 862 2060 parati
902 2008 1087 2048 sumus
1120 1996 1344 2064 perdere
1375 2003 1581 2058 animas
1641 2005 1690 2058 in
1741 2013 1985 2076 praesenti
2012 2015 2113 2070 hoc
2159 2027 2294 2072 tem-

685 2098 838 2150 pore,
875 2098 930 2136 ut
955 2101 1264 2142 mereamur
1287 2105 1377 2146 eas
1410 2093 1462 2145 in
1513 2096 1693 2150 futuro
1726 2102 1966 2157 invenire
1997 2122 2117 2160 cum
2153 2109 2288 2176 ipso.

688 2177 836 2243 Ergo
884 2179 1146 2234 aetedeus
1201 2183 1266 2236 ad
1324 2187 1571 2243 timorem
1604 2191 1700 2246 Dei
1727 2194 1918 2263 aliquis
1942 2198 1991 2251 in
2023 2215 2289 2258 monaste-

682 2267 771 2320 rio
787 2269 1012 2337 cupiens
1036 2277 1300 2340 converti,
1329 2291 1383 2332 et
1407 2281 1593 2336 volens
1617 2299 1735 2339 esse
1765 2288 2076 2360 discipulus,
2115 2295 2215 2351 hoc
2241 2299 2287 2351 ei

682 2374 787 2429 pro
818 2362 1038 2416 domino
1070 2364 1278 2421 futurus
1310 2373 1565 2439 magister
1593 2389 1879 2445 proponat,
1899 2391 2127 2453 utsupra
2150 2388 2291 2440 dixi-

683 2466 811 2506 mus
842 2470 852 2503 :
909 2455 1034 2521 quia
1069 2457 1329 2526 quidquid
1370 2462 1662 2531 aliquando
1691 2469 1956 2527 desiderio
1999 2478 2289 2534 voluntatis

680 2558 802 2599 suae
840 2549 1159 2616 appetierat,
1206 2553 1339 2608 sciat
1386 2557 1668 2627 sibiposse
1698 2566 1911 2632 negari;
1939 2578 1993 2622 et
2033 2573 2286 2641 quidquid

681 2639 944 2706 noluerit,
979 2645 1164 2698 audiat
1190 2649 1288 2702 sibi
1319 2666 1475 2718 posse
1500 2655 1721 2726 imponi.
1761 2663 2087 2719 Autecessus
2109 2669 2156 2722 ei
2189 2686 2282 2737 pe-

679 2729 911 2784 culiaria
927 2732 1256 2802 denegentur
1275 2755 1287 2792 :
1305 2743 1483 2809 regula
1502 2746 1550 2798 ei
1576 2755 1685 2801 tota
1710 2749 1939 2819 legatur,
1963 2766 2012 2810 et
2029 2760 2159 2813 aclis
2185 2729 2285 2812 im-

681 2821 882 2891 plcnda
904 2827 1268 2895 promittatur.
1297 2829 1521 2888 Domum
1543 2850 1824 2904 parentum
1847 2845 1913 2898 de
1933 2859 2131 2902 ctetero
2152 2853 2284 2907 sciat

680 2912 787 2965 sibi
815 2929 936 2968 esse
961 2925 1298 2986 extraneum,
1333 2924 1705 2986 iuaccessibile
1727 2932 1889 2990 limen
1915 2941 2029 3002 ejus
2059 2941 2282 2998 ulterius

676 3004 885 3060 habere
904 3006 1012 3074 jatn
1045 3013 1229 3065 credat
1253 3031 1264 3065 :
1293 3011 1428 3077 Quia
1452 3021 1552 3071 nisi
1575 3024 1657 3090 qui
1683 3025 1940 3095 reliquerit
1957 3041 2173 3100 patrem,
2193 3047 2281 3088 aut

672 3109 922 3162 matrem,
971 3111 1059 3152 aut
1107 3105 1327 3172 fratres,
1381 3120 1470 3162 aut
1515 3114 1742 3180 domum,
1797 3137 1897 3172 non
1950 3135 2115 3190 potest
2163 3145 2274 3182 esse

672 3188 874 3242 Clu-isti
917 3192 1223 3261 discipulus.
1257 3197 1401 3253 Citra
1429 3202 1727 3268 jussionetn
1757 3213 1978 3277 majoris
2033 3232 2060 3267 a
2091 3233 2278 3272 mona-

669 3282 848 3335 sterio
878 3283 1020 3336 foras
1050 3301 1109 3340 se
1139 3304 1244 3343 non
1275 3292 1424 3346 exire
1451 3298 1604 3350 sciat.
1638 3297 1777 3354 Cum
1811 3313 1930 3370 post
1953 3306 2065 3360 haec
2096 3311 2276 3365 omnia
2309 3281 2352 3341 ε

669 3370 744 3425 ab
772 3373 971 3428 abbate
1002 3377 1256 3444 praedicta
1287 3387 1596 3450 promiserit
1624 3405 1684 3444 se
1714 3398 1778 3446 ad
1809 3397 1988 3450 omnia
2019 3401 2278 3458 obaudire

669 3472 733 3517 et
765 3465 907 3532 ejus,
935 3468 1018 3521 vel
1049 3472 1248 3538 regula:
1275 3477 1663 3536 monitionibus
1692 3484 1757 3537 ad
1788 3488 1965 3541 omnia
2001 3491 2150 3546 factis
2182 3511 2274 3562 pa-

664 3565 888 3626 ratum,
921 3570 1049 3616 tunc
1079 3565 1400 3634 suscipiatur
1430 3571 1482 3624 iu
1523 3578 1929 3635 monasterium.
1959 3580 2066 3636 Nec
2094 3593 2272 3641 tamen

665 3648 722 3702 ei
759 3658 869 3702 tam
895 3650 1048 3706 facile
1076 3656 1248 3710 sancti
1280 3662 1538 3729 propositi
1583 3663 1798 3721 habitus
1825 3668 2132 3738 imponatur
2164 3692 2177 3729 :
2206 3693 2273 3732 ne

663 3739 818 3794 forte
841 3741 906 3794 ad
937 3742 1126 3797 horam
1152 3749 1492 3817 promittens,
1525 3752 1676 3808 fallat
1704 3756 2076 3830 imposterum,
2099 3774 2152 3818 et
2171 3768 2271 3824 sub

658 3831 897 3890 nomine
927 3836 1044 3889 ovis
1075 3837 1228 3906 lupus
1259 3841 1606 3910 ingrediatur.
1655 3850 1788 3914 Quia
1829 3867 1948 3907 cum
1999 3859 2270 3916 saecularis

657 3930 812 3987 erat,
844 3922 1092 3979 diabolus
1129 3942 1251 3983 eum
1284 3945 1390 3985 non
1432 3935 1707 4004 tentabat,
1739 3940 1891 4008 cujus
1918 3954 2104 4012 aperte
2131 3964 2268 4003 sem-

664 4027 772 4081 per
813 4011 1143 4070 voluntatem
1191 4019 1436 4088 perfecit,
1484 4040 1606 4080 cum
1639 4028 1755 4097 ejus
1800 4011 2081 4102 operarius
2119 4040 2218 4094 fuit
2252 4061 2263 4094 :

658 4102 763 4156 sed
797 4119 863 4155 ex
889 4119 994 4170 quo
1025 4119 1082 4159 se
1111 4122 1139 4159 a
1171 4109 1369 4166 diaboli
1399 4115 1736 4174 suasionibus
1761 4122 1840 4177 vel
1864 4125 2065 4181 malitia
2095 4145 2266 4185 secu-

652 4196 762 4250 lari
794 4196 861 4248 ad
900 4197 1146 4253 timorem
1181 4202 1273 4257 Dei
1303 4205 1354 4258 in
1402 4209 1678 4264 servitium
1710 4212 1908 4270 Christi
1960 4221 2260 4290 tradiderit,

647 4284 968 4341 certissime
1023 4291 1089 4342 ab
1135 4306 1196 4346 ea
1227 4293 1312 4349 die
1342 4295 1616 4354 diabolum
1648 4303 1748 4357 sibi
1799 4306 2077 4366 inimicum
2128 4315 2263 4370 sciat

648 4375 938 4444 aﬁ‘ectum,
981 4397 1140 4451 quem
1191 4399 1309 4438 cum
1363 4390 1560 4444 saeculo
1613 4409 1712 4449 suo
1743 4408 1965 4467 propter
2013 4403 2259 4460 timorem

650 4469 874 4525 Domini
922 4471 1233 4543 dereliquit.
1286 4476 1427 4547 Ergo
1457 4491 1567 4536 tam
1613 4486 2118 4559 lacileiugredienti
2151 4515 2258 4555 non

2406 636 2732 709 impleveris,
2756 651 2812 699 et
2842 655 3080 703 nostrum
3103 666 3225 707 eum
3248 656 3552 725 susceperis
3581 659 3841 730 habitum,
3866 679 3998 721 sau-

2405 731 2544 785 etior
2571 738 2933 801 permanebis.
2964 738 3096 794 Cum
3131 758 3259 813 ergo
3282 761 3347 800 ex
3372 747 3460 803 illa
3507 749 3596 804 die
3644 755 3822 810 omnia
3869 771 3997 814 cum

2405 825 2618 881 caeteris
2662 826 2918 886 fratribus
2963 832 3359 904 iuculpabiliter
3404 843 3456 896 in
3511 849 3844 904 monasterio
3898 867 3994 921 per

2403 916 2670 986 integrum
2697 935 2895 977 annum
2921 924 3243 995 impleverit,
3270 939 3396 988 tunc
3421 935 3639 992 deruunt
3669 940 3782 996 sine
3811 916 3995 1014 aliqua

2403 1007 2739 1067 dubitatione
2767 1017 3070 1084 tondeatur,
3098 1023 3181 1077 vel
3211 1023 3259 1078 ei
3286 1029 3459 1081 sancti
3505 1035 3765 1102 propositi
3810 1007 3990 1096 vestes

2401 1111 2694 1160 mutentur.
2731 1106 3042 1164 Tondentur
3072 1115 3213 1168 enim
3243 1117 3350 1180 sie;
3382 1128 3488 1174 stet
3513 1121 3628 1190 ipse
3663 1127 3832 1183 frater
3873 1145 3984 1186 tne-

2401 1197 2490 1254 dio
2521 1206 2760 1257 oratorio
2789 1207 3030 1262 curvatis
3055 1209 3299 1275 genibus,
3335 1214 3595 1272 tondente
3617 1233 3738 1274 eum
3770 1221 3984 1293 abbate,

2399 1293 2752 1362 psallentibus
2778 1297 2829 1352 in
2861 1300 3092 1362 circuitu
3133 1306 3356 1360 cunctis.
3404 1307 3459 1362 lu
3503 1323 3610 1379 quo
3656 1313 3985 1382 probationis

2399 1401 2540 1441 anno
2585 1389 2883 1460 psalmum,
2939 1393 3326 1464 antiphonam,
3385 1411 3477 1455 aut
3540 1407 3983 1479 responsorium,

2399 1481 2481 1534 vel
2505 1497 2720 1536 versum
2763 1500 2870 1538 non
2923 1487 3183 1557 imponat,
3211 1493 3448 1562 quandiu
3500 1498 3672 1553 sancti
3719 1504 3990 1573 propositi

2399 1572 2639 1630 habitum
2664 1577 2910 1648 accipere
2940 1591 3208 1638 mereatur
3240 1605 3250 1637 :
3284 1602 3380 1642 nec
3414 1603 3536 1644 cum
3585 1591 3779 1650 abbate
3821 1572 3986 1654 ausus

2397 1667 2466 1722 sit
2487 1669 2831 1726 manducare.
2864 1672 3051 1729 Vestes
3079 1690 3210 1731 vero
3231 1679 3535 1746 saeculares,
3567 1699 3703 1754 quas
3721 1685 3988 1744 duntaxat

2395 1771 2585 1816 exutus
2615 1763 2790 1831 fuerit,
2821 1780 2943 1819 cum
2985 1767 3256 1839 diligentia
3302 1774 3547 1842 repositae
3568 1788 3982 1850 conserventur,

2395 1863 2503 1908 tam
2525 1855 2591 1908 de
2621 1856 2772 1911 laicis
2798 1872 2958 1926 quatn
2998 1859 3066 1914 de
3095 1864 3306 1918 lirmato
3353 1878 3652 1935 converso;
3703 1885 3773 1927 ne
3821 1871 3981 1941 forte,

2398 1947 2540 2017 quod
2565 1965 2667 2002 non
2702 1951 2753 2003 in
2784 1955 3056 2008 conversis
3082 1956 3374 2025 contingat,
3410 1975 3531 2015 cum
3561 1962 3626 2016 ad
3648 1978 3776 2020 suos
3801 1964 3983 2022 denuo

2396 2041 2628 2096 vomitus
2658 2042 2831 2098 redire
2857 2045 3111 2114 voluerit,
3137 2057 3191 2102 et
3212 2049 3393 2105 saeculi
3414 2051 3639 2120 elegerit
3667 2055 3863 2112 iterato
3891 2073 3980 2114 re-

2393 2133 2589 2202 pedare
2610 2135 2897 2198 itiuera,et
2919 2137 3076 2192 nullis
3098 2140 3480 2210 scripturarum
3509 2145 3592 2200 vel
3622 2149 3979 2206 monitionum

2392 2228 2596 2293 poterit
2627 2229 2851 2283 vinculis
2879 2231 3120 2294 retineri,
3157 2232 3343 2287 reddat
3372 2234 3586 2293 Christo
3629 2240 3775 2309 quod
3818 2257 3976 2297 suum

2393 2326 2506 2380 est;
2537 2319 2586 2371 id
2615 2328 2714 2384 est,
2745 2331 2938 2376 exutus
2967 2326 3166 2380 sanctis
3193 2328 3450 2393 vestibus,
3466 2329 3552 2385 vel
3583 2329 3769 2386 habitu
3796 2349 3976 2402 sacro,

2392 2413 2501 2466 suis
2533 2413 2725 2480 quibus
2749 2426 2972 2470 venerat
3000 2418 3224 2474 vestitus
3256 2422 3496 2478 vestibus
3538 2427 3840 2484 resimilans
3879 2444 3979 2484 sa:—

2391 2503 2534 2565 cnlo,
2559 2505 2628 2556 ad
2657 2521 2933 2561 suasorem
2961 2508 3231 2564 diabolum
3262 2523 3580 2582 revertatur,
3605 2525 3660 2572 et
3688 2533 3794 2573 non
3819 2519 3975 2575 Chri-

2389 2595 2455 2647 Sti
2486 2596 2752 2662 pratdatus
2782 2597 2995 2653 habitus
3035 2601 3308 2668 polluatur
3355 2605 3409 2658 in
3456 2608 3654 2663 saeculo
3703 2624 3732 2663 a
3776 2608 3975 2677 fugaci.

2392 2688 2536 2756 ltecil
2563 2689 2840 2758 "ntalem,
2866 2694 3080 2761 qualem
3113 2698 3338 2752 miserat
3381 2701 3635 2756 szeculum
3669 2721 3683 2756 :
3719 2706 3841 2772 quia
3888 2721 3975 2760 re-

2389 2779 2511 2833 tulit
2531 2782 2672 2849 quod
2703 2799 2860 2837 suum
2891 2794 2993 2848 est,
3021 2787 3242 2856 indigno
3267 2792 3410 2859 quod
3437 2793 3930 2854 dederatChristus
3958 2817 3973 2864 ;

2387 2887 2508 2927 eum
2534 2875 2774 2930 invenire
2804 2877 2859 2932 in
2881 2893 2948 2932 eo
2976 2880 3233 2937 Dominus
3263 2900 3369 2938 non
3396 2887 3606 2954 potuit,
3635 2890 3780 2959 quod
3824 2904 3974 2958 qua:-

2385 2968 2558 3021 rebat.
2589 2967 2855 3038 Quidquid
2882 2973 3024 3026 enim
3052 2972 3102 3027 in
3132 2978 3465 3032 monasterio
3486 2981 3772 3049 aliquando
3794 2982 3972 3051 acqui-

2384 3063 2526 3128 sivit,
2551 3063 2634 3117 vel
2666 3065 2947 3131 laboravit,
2982 3076 3074 3121 aut
3103 3071 3353 3139 contulit,
3384 3074 3692 3130 abscedenli
3716 3078 3766 3132 ei
3812 3078 3971 3146 peni-

2386 3163 2471 3208 tus
2497 3170 2605 3209 non
2633 3155 2891 3214 reddatur
2911 3177 2925 3215 :
2949 3161 3073 3230 quia
3097 3165 3243 3218 omni
3269 3168 3346 3218 rei
3378 3167 3634 3236 ingressae
3680 3172 3746 3226 ad
3799 3174 3970 3231 Deum

2387 3245 2437 3298 in
2469 3250 2798 3303 monasterio
2826 3256 3228 3319 perseverantia
3280 3274 3412 3327 opus
3463 3269 3545 3314 est
3579 3279 3590 3314 :
3619 3262 3744 3320 ideo
3790 3269 3968 3323 exitus

2383 3336 2594 3392 licentia
2618 3342 2912 3412 denegatur
2937 3362 2952 3400 :
2974 3347 3150 3400 solum
3178 3349 3245 3402 ab
3272 3349 3442 3406 invito
3468 3367 3530 3408 ea
3561 3369 3665 3420 res,
3689 3371 3810 3425 quae
3829 3357 3969 3413 libe-

2380 3442 2498 3481 rum
2523 3428 2684 3484 habet
2712 3432 3011 3499 arbitrium,
3035 3451 3139 3490 non
3161 3436 3438 3494 detinetur
3461 3459 3471 3492 :
3494 3441 3545 3495 id
3577 3452 3678 3506 est,
3708 3445 3888 3500 anima
3911 3456 3969 3501 et

2378 3535 2570 3588 corpus
2618 3537 2736 3591 quze
2776 3523 2829 3578 in
2858 3525 3226 3582 voluntatibus
3263 3539 3318 3583 et
3362 3531 3644 3588 desideriis
3666 3535 3811 3600 suis,
3847 3546 3904 3590 ut
3933 3552 3967 3592 a

2378 3612 2594 3668 diabolo
2622 3617 2944 3684 captivetur,
2977 3619 3149 3674 libero
3178 3637 3238 3676 se
3267 3621 3398 3678 dicit
3438 3638 3559 3680 esse
3612 3628 3963 3684 constitutam

2375 3703 2620 3768 arbitrio,
2641 3715 2698 3760 et
2726 3715 2881 3775 putat
2907 3709 3008 3764 sibi
3059 3709 3226 3767 licere
3272 3715 3414 3783 quod
3462 3719 3662 3774 malum
3708 3728 3815 3784 est;
3873 3735 3964 3777 res

2374 3804 2740 3864 apostatarum
2768 3799 2854 3854 vel
2877 3800 3074 3856 collata
3104 3802 3226 3859 ideo
3252 3820 3284 3860 a
3313 3810 3554 3876 patribus
3577 3826 3680 3864 non
3698 3811 3962 3881 jubentur

2373 3887 2441 3942 de
2499 3892 2826 3945 monasterio
2880 3893 3051 3960 reddi,
3098 3896 3222 3965 quia
3245 3898 3373 3954 licet
3420 3912 3655 3971 erogata:
3702 3904 3787 3961 vel
3835 3919 3962 3962 con-

2372 3987 2597 4048 sumpta:
2624 3980 2677 4034 in
2706 3997 2835 4037 usus
2857 3992 3170 4042 sanctorum
3203 3993 3471 4047 removeri
3505 4005 3561 4048 et
3593 3997 3806 4052 restitui
3847 4013 3960 4055 non

2373 4079 2626 4138 possunt;
2653 4079 2832 4126 tamen
2849 4073 3075 4142 plurima
3102 4078 3224 4134 ideo
3246 4082 3548 4139 certissime
3581 4085 3923 4156 denegantur
3938 4130 3955 4154 ,

2371 4161 2535 4216 utvel
2563 4165 2850 4220 occasione
2878 4180 3057 4221 rerum
3085 4184 3304 4228 suarum
3356 4173 3423 4228 ad
3476 4175 3573 4231 Dei
3617 4177 3954 4248 disciplinam

2367 4252 2422 4306 in
2471 4257 2795 4310 monasterio
2829 4271 3209 4326 permanentes
3246 4272 3583 4322 retineantur
3637 4269 3884 4340 discipuli
3938 4293 3951 4326 :

2366 4343 2492 4398 ideo
2522 4360 2610 4400 res
2636 4345 2749 4401 Deo
2777 4348 2957 4402 oblata
2980 4355 3221 4407 revocari
3252 4357 3449 4411 saeculo
3479 4359 3547 4412 ab
3587 4360 3804 4416 homine
3844 4379 3951 4418 non

2363 4435 2543 4491 debet.
2576 4436 2711 4492 Nam
2740 4448 2795 4494 et
2812 4440 2912 4496 ista
2961 4444 3115 4514 hujus
3143 4449 3341 4516 regulae
3368 4451 3635 4521 tripartita
3665 4455 3778 4510 iltt'c
3821 4467 3902 4511 est
3933 4475 3950 4511 :

2363 4525 2540 4582 Labor
2584 4530 2637 4584 in
2687 4537 3018 4591 monasterio
3063 4539 3259 4597 fratres
3307 4543 3501 4612 pascit,
3546 4549 3949 4614 perseverantia

645 4559 816 4614 debet
843 4564 1016 4630 credi,
1047 4566 1146 4620 nisi
1173 4577 1230 4622 ut
1250 4570 1516 4640 videatur,
1541 4574 1582 4628 si
1607 4579 1746 4644 quod
1771 4583 2033 4647 promittit
2057 4589 2253 4657 verbis,

642 4653 807 4708 laetis
830 4655 1109 4725 adimplet,
1127 4659 1337 4716 dicente
1353 4663 1628 4736 Scriptura
1654 4687 1663 4720 :
1689 4670 1866 4726 Nolite
1887 4679 2028 4730 omni
2047 4653 2254 4749 spiritui

639 4743 883 4809 credere,
911 4747 1003 4798 sed
1035 4749 1175 4815 prius
1205 4753 1416 4818 probate
1441 4755 1618 4824 (Joan.
1645 4762 1741 4827 tv).
1768 4761 1833 4816 Et
1862 4766 2052 4822 iterum
2074 4743 2090 4821 ἐ
2120 4772 2255 4834 Quia

636 4835 794 4887 multi
819 4836 891 4886 ad
903 4853 988 4889 vos
1011 4842 1216 4893 veniunt
1237 4843 1289 4896 in
1306 4847 1485 4899 vestitu
1503 4851 1686 4915 ovium,
1704 4855 1842 4910 intus
1859 4869 2026 4913 autem
2040 4863 2146 4931 lupi
2165 4884 2253 4920 ra-

634 4943 801 4996 paces
828 4925 1045 4995 (Matth.
1077 4934 1200 4986 vn):
1226 4933 1360 4991 Vide
1389 4954 1518 5007 ergo
1547 4945 1669 5011 quia
1702 4962 1915 5004 causam
1949 4953 2041 5008 Dei
2090 4925 2251 5016 caute

634 5034 743 5071 nos
773 5018 935 5085 jubet
966 5037 1128 5090 agere
1157 5025 1457 5099 Scriptura,
1489 5042 1548 5087 ut
1576 5051 1678 5092 non
1727 5043 1970 5100 mittatur
1999 5060 2246 5109 sanctum

628 5110 894 5174 canibus,
943 5128 1040 5166 nec
1093 5120 1392 5184 margarita:
1439 5127 1686 5191 pretiosa:
1733 5146 1857 5189 ante
1887 5153 2110 5205 porcos:
2142 5146 2242 5200 sed

626 5218 880 5258 monens
904 5219 1027 5259 eum
1061 5211 1301 5277 quotidie
1331 5215 1496 5272 abbas
1525 5219 1655 5275 dicit
1690 5241 1702 5275 :
1737 5224 1854 5293 Fili,
1883 5229 2091 5287 interim
2127 5237 2240 5292 ista:

621 5310 748 5358 res,
771 5297 975 5367 quibus
1006 5303 1170 5355 uteris
1199 5303 1250 5358 iu
1293 5313 1641 5378 monasterio,
1667 5315 1798 5372 nihil
1850 5322 1940 5376 tibi
1992 5328 2238 5396 prarjudi-

618 5398 766 5443 cant
798 5389 939 5459 apud
965 5407 1062 5447 nos
1097 5411 1107 5445 :
1139 5395 1231 5449 sed
1257 5399 1402 5464 prius
1424 5402 1477 5457 in
1503 5405 1697 5462 divinis
1730 5410 2004 5471 interanea
2062 5423 2238 5479 cordis

615 5479 709 5532 tui
739 5477 816 5532 de
842 5479 1191 5538 saecularibus
1219 5484 1370 5544 factis
1394 5507 1514 5547 cum
1564 5500 1925 5573 mundaveris,
1951 5507 2065 5577 jam
2107 5520 2236 5570 tunc

616 5569 854 5622 demum
880 5573 1116 5627 inutabis
1139 5585 1192 5628 et
1211 5589 1388 5635 vestes
1415 5603 1424 5634 :
1463 5593 1518 5638 ut
1543 5592 1736 5645 merito
1755 5594 1868 5661 jam
1896 5599 1962 5652 ab
1993 5604 2238 5661 munibus

615 5662 736 5717 hoc
765 5664 1006 5719 videaris
1031 5666 1083 5719 in
1115 5683 1362 5741 corpore,
1409 5679 1555 5744 quod
1593 5697 1621 5736 a
1668 5683 1780 5740 Deo
1829 5696 2124 5757 possederis
2181 5700 2234 5752 in

615 5764 813 5810 mente
849 5777 859 5810 :
893 5759 1124 5827 etqtisto
1149 5774 1271 5828 post
1299 5770 1529 5835 pectoris
1553 5789 1742 5832 cazsam
1769 5783 2014 5841 militiam
2041 5793 2234 5848 tonde-

615 5846 704 5903 bis
731 5860 789 5905 et
819 5862 980 5923 caput
1013 5869 1023 5904 :
1053 5861 1104 5907 et
1139 5868 1258 5909 cum
1286 5857 1395 5912 hau:
1423 5866 1600 5921 omnia
1626 5884 1744 5940 quae
1785 5873 1835 5927 iu
1887 5879 2066 5947 i-egula
2117 5899 2230 5938 mo-

2286 4649 2336 4709 D
2364 4624 2569 4679 taleeat
2595 4635 2650 4680 et
2689 4630 2877 4695 vestit;
2928 4631 3196 4690 discessus
3239 4638 3474 4694 restituit
3501 4639 3710 4700 debitas
3757 4660 3947 4708 mona-

2359 4717 2524 4772 sterio
2545 4733 2655 4786 res,
2685 4729 2741 4777 et
2765 4723 2809 4778 si
2841 4727 3007 4795 cupit,
3030 4727 3302 4786 abscedat.

2941 4909 3173 4970 CAPUT
3208 4915 3341 4973 XCI.

2787 5039 3183 5086 INTERROGATIO
3223 5049 3494 5096 DISCIPULI.

2353 5150 2618 5216 Quomodo
2649 5159 2861 5230 surripi,
2893 5163 3073 5218 debeat
3112 5168 3295 5225 nobilis
3323 5175 3464 5243 ﬁlius
3499 5180 3552 5234 in
3590 5193 3927 5251 monasterio.

2597 5303 2901 5348 RESPONDET
2941 5311 3168 5355 DOIINUS
3206 5319 3305 5358 PER
3351 5324 3671 5372 MAGISTBL'M.

2414 5421 2549 5478 Cum
2578 5425 2800 5496 alicujus
2839 5430 3035 5489 nobilis
3085 5434 3224 5492 ﬁlius
3251 5451 3474 5514 propter
3506 5447 3599 5504 Dei
3643 5457 3924 5518 servitium

2347 5517 2401 5569 in
2439 5521 2828 5576 monasterium
2860 5523 3095 5582 voluerit
3130 5532 3440 5601 convolare,
3467 5554 3574 5595 non
3608 5546 3755 5613 prius
3795 5567 3923 5611 sus-

2343 5607 2589 5676 cipiatur,
2629 5612 2752 5677 nisi,
2807 5625 2866 5668 ut
2923 5619 3169 5688 superius
3215 5622 3467 5697 diximus,
3521 5607 3739 5694 omnem
3783 5657 3926 5703 ese

2341 5701 2704 5760 obedientiam
2739 5711 3045 5776 promiserit
3085 5717 3505 5786 adimplendam.
3541 5727 3746 5792 Deinde
3788 5701 3893 5796 con

2342 5794 2561 5849 veniant
2594 5799 2707 5866 ejus
2736 5813 3005 5872 parentes,
3055 5821 3110 5863 ut
3139 5822 3193 5866 et
3217 5831 3402 5874 eorum
3432 5827 3592 5892 quale
3634 5832 3704 5885 sit
3731 5843 3919 5900 votum

2337 5900 2658 5957 agnoscatur
2687 5895 2755 5947 de
2786 5912 2870 5951 eo.
2888 5901 3040 5965 Quod
3069 5905 3112 5960 si
3138 5913 3393 5968 contrarii
3421 5925 3743 6003 eastiterint,
3778 5895 3916 6000 inte.
