5174 6630
1753 483 1894 535 1047»

3089 475 3424 530 AUC'I‘ORIS
3465 475 3734 532 INCERTI

4901 481 5025 534 1044

1750 595 1850 646 ritu
1898 609 2070 663 usque
2122 597 2185 646 ad
2219 596 2322 647 vim
2367 610 2465 663 pro
2509 608 2574 646 eo
2614 591 2840 648 Domino
2896 590 3225 646 inferendam
3266 592 3332 646 ad
3361 594 3409 653 Α
3437 592 3868 660 pmoitere,cnm
3896 591 4060 662 ipsius
4108 593 4438 662 pwtiitentize
4469 608 4576 647 non
4617 595 4879 664 poteritis
4911 611 5027 652 me-

1747 687 1987 741 claustra
2038 686 2351 741 monasterii
2408 685 2745 740 vindicetur:
2798 699 2956 754 quem
3005 693 3202 754 potens
3253 695 3336 739 est

1743 776 2010 832 Dominus
2056 777 2350 832 defendere
2405 785 2630 848 prepter
2685 793 2776 840 se;
2830 779 2954 846 quia
3003 777 3192 832 fortior
3254 786 3336 834 est

1743 870 1973 926 dextera
2003 870 2124 939 ejus
2157 873 2222 925 ad
2263 872 2673 942 protegendum,
2704 886 2864 939 quam
2904 873 3100 926 diaboli
3134 872 3331 940 iniqui-

1745 969 1830 1015 tas
1858 961 1925 1015 ad
1954 960 2272 1017 laedendum.
2293 963 2447 1031 Quod
2475 964 2518 1017 si
2537 963 2704 1032 magis
2721 962 2916 1018 fuerint
2935 965 3334 1021 consentientes

1744 1052 1867 1124 ejus
1892 1063 2021 1109 voto
2043 1064 2321 1127 parentes,
2343 1056 2654 1111 convocatis
2678 1056 2757 1111 eis
2787 1057 2854 1109 ab
2898 1056 3094 1111 abbate
3127 1058 3180 1111 in
3216 1073 3335 1112 mo-

1742 1147 2064 1214 nasterium,
2079 1156 2260 1203 votum
2285 1148 2375 1202 lilii
2401 1149 2766 1204 convertentis
2789 1149 3106 1217 exquiratur
3125 1151 3191 1203 ab
3219 1151 3329 1214 eis;

1742 1246 1806 1294 nt
1835 1239 1903 1294 ab
1933 1241 2062 1310 ipsis
2092 1243 2268 1310 potius
2297 1241 2545 1297 videatur
2563 1241 2839 1305 devoveri,
2879 1241 2963 1296 vel
2994 1241 3197 1309 ollerri,
3239 1243 3331 1311 qui

1740 1345 1867 1386 eum
1899 1344 2217 1402 genuerunt.
2260 1333 2396 1388 Cum
2437 1348 2568 1401 ergo
2617 1334 2788 1403 magis
2820 1333 3198 1402 responderint
3238 1350 3332 1404 pa-

1741 1432 1946 1488 rentes,
1969 1433 2245 1492 gratanter
2271 1442 2331 1481 se
2351 1427 2490 1481 velle
2511 1426 2806 1495 adimplere
2848 1442 2968 1495 qua:
2999 1427 3166 1497 cupit,
3202 1436 3332 1483 tunc

1742 1515 1885 1570 dicat
1913 1515 1992 1570 eis
2031 1517 2236 1572 abbas:
2289 1517 2551 1586 Equidem
2598 1519 2848 1573 omnibus
2891 1519 3048 1574 nobis
3081 1537 3216 1575 unus
3262 1521 3330 1574 ad

1743 1608 1926 1663 omnia
1953 1608 2154 1665 sufficit
2180 1610 2357 1674 Deus;
2389 1609 2483 1664 sed
2506 1610 2631 1678 quia
2672 1610 3053 1668 accedentibus
3083 1613 3150 1666 ad
3189 1613 3331 1668 divi-

1740 1713 1871 1756 num
1931 1703 2244 1768 servitium,
2291 1705 2378 1757 vel
2443 1704 2768 1759 intrantibus
2822 1705 2875 1759 in
2940 1707 3327 1761 monasterium

1741 1793 1924 1848 saeculi
1968 1794 2114 1863 prius
2162 1803 2474 1864 amputetur
2495 1811 2638 1865 spes,
2681 1806 2735 1850 et
2762 1796 3101 1853 excarrieato
3149 1799 3218 1853 de
3269 1815 3330 1854 se

1737 1897 1962 1938 suarum
1992 1899 2161 1940 onere
2203 1885 2518 1940 facultatum
2561 1885 2723 1941 nullis
2763 1887 2991 1944 ulterius
3019 1889 3205 1944 sreculi
3246 1890 3326 1944 la-

3438 686 3544 740 rito
3580 686 3821 740 invenire
3850 686 4165 739 remedium.
4213 682 4364 739 Unde
4394 686 4549 741 nobis
4595 687 4796 741 merito
4834 686 5026 742 clamat

3437 779 3710 848 Scriptura
3740 799 3750 832 :
3781 779 4004 847 Currite,
4031 782 4150 834 dum
4182 782 4401 834 licentia:
4429 783 4496 834 ad
4522 783 4903 851 providendum
4931 801 5021 838 uo-

3436 871 3511 924 bis
3552 871 3723 923 lumen
3764 871 3980 933 habetis,
4013 889 4075 924 ne
4125 873 4192 924 ad
4241 873 4614 928 discutiendam
4643 876 5012 946 negligentiam

3435 965 3655 1019 tenebrw
3671 966 3811 1019 vobis
3829 967 4009 1019 mortis
4038 978 4311 1020 occurrant
4337 967 4517 1032 (Joan.
4549 972 4668 1040 xu).
4695 971 4839 1038 Quid
4872 987 5016 1041 ergo,

3435 1056 3478 1110 si
3501 1055 3697 1124 aliquis
3730 1057 3800 1109 ita
3830 1057 4054 1111 accedat
4099 1058 4165 1111 ad
4218 1058 4523 1127 Dominum,
4554 1071 4615 1115 ut
4643 1077 4673 1116 a
4714 1064 5018 1119 divitiarum

3433 1165 3653 1206 suarum
3707 1149 3935 1203 avaritia
3991 1165 4099 1204 non
4130 1150 4382 1205 recedat?
4425 1153 4534 1207 llos
4585 1153 4723 1208 tales
4769 1155 5018 1224 superius

3434 1241 3572 1297 dixit
3616 1243 3927 1309 Apostolus,
3958 1259 4066 1299 non
4101 1260 4259 1314 posse
4299 1245 4350 1299 in
4381 1245 4484 1301 hoc
4511 1247 4659 1314 quod
4690 1247 4806 1302 Deo
4836 1249 5018 1318 cupie-

3433 1333 3564 1388 bant
3594 1349 3910 1403 permanere
3939 1353 3952 1400 ;
4002 1343 4057 1390 et
4085 1343 4197 1391 tota
4240 1337 4493 1392 facilitate
4523 1353 4618 1394 eos
4645 1354 4678 1393 a
4708 1339 4817 1394 lide
4865 1356 5020 1410 posse

3436 1424 3736 1492 discedere,
3768 1426 3961 1494 quibus
3989 1426 4055 1481 de
4094 1428 4291 1482 szeculo
4321 1438 4569 1484 remanet
4601 1430 4749 1499 quod
4784 1443 5015 1485 ametur.

3433 1516 3506 1570 lta
3533 1517 3675 1570 enim
3710 1534 3808 1572 nos
3847 1519 4286 1586 considerantes,
4317 1537 4350 1576 0
4380 1533 4655 1591 parentes,
4687 1524 4837 1593 justa
4869 1526 5019 1580 vobis

3432 1609 3726 1662 secundum
3777 1609 3942 1663 Deum
3989 1626 4090 1679 pro
4136 1620 4316 1667 vestro
4347 1613 4456 1668 lilio
4511 1614 4830 1671 suademus:
4877 1627 4937 1670 ut
4977 1620 5019 1670 si

3435 1699 3599 1754 lilium
3629 1710 3865 1756 vestrum
3904 1703 4066 1772 digne
4114 1703 4226 1758 Deo
4256 1705 4450 1775 cupitis
4499 1705 4714 1776 offerre,
4746 1724 4778 1762 a
4822 1710 5018 1764 sarculo

3431 1805 3553 1846 eum
3583 1793 3730 1862 prius
3757 1795 3961 1848 exuite.
3997 1795 4152 1860 Quod
4182 1797 4224 1849 si
4257 1797 4456 1867 aliquid
4496 1800 4639 1866 apud
4687 1817 4784 1856 vos
4814 1801 4895 1855 eis
4923 1817 5014 1854 Sil)-

3437 1884 3562 1938 culo
3610 1888 3932 1941 remanserit
3961 1889 4412 1955 conservandum,
4464 1888 4682 1945 habebit
4725 1892 5019 1962 aliquando

1735 1976 1894 2043 queis
1917 1976 2180 2042 irretitus,
2211 1994 2434 2033 securus
2457 1989 2646 2049 pergat
2672 1982 2893 2036 ειεοιιις
2909 1982 2977 2036 ad
3006 1983 3324 2040 hominum;
3360 1964 3408 2024 Β
3442 1974 3814 2030 titillationem
3841 1977 4093 2034 diabolici
4121 1978 4409 2045 desiderii;
4436 1981 4577 2036 sicut
4601 1983 4753 2036 canis
4774 1983 5012 2038 delecta-

1739 2067 1878 2132 Quia
1897 2085 2047 2124 nemo
2068 2071 2292 2125 serviens
2319 2070 2428 2126 Deo
2460 2073 2690 2141 implicat
2730 2092 2783 2127 se
2820 2077 3040 2145 negotiis
3068 2079 3329 2132 saeculari-

1737 2161 1854 2226 bus,
1899 2171 1956 2216 ut
1981 2166 2039 2232 ei
2076 2164 2275 2232 placeat
2305 2166 2386 2217 cui
2415 2181 2469 2218 se
2507 2163 2738 2234 probavit
2764 2165 2848 2233 (ΙΙ
2893 2166 3029 2220 Tim.
3072 2169 3152 2238 ιι).
3187 2169 3321 2235 Quia

1739 2254 1904 2307 homo
1933 2263 2160 2309 onustus
2179 2270 2312 2309 auro
2339 2257 2494 2323 sequi
2519 2254 2794 2310 Christum
2826 2272 2934 2312 non
2958 2268 3171 2327 potest;
3199 2261 3325 2315 dum

1736 2362 1848 2400 non
1879 2354 2058 2417 potest
2079 2347 2286 2402 duobus
2331 2347 2563 2401 dominis
2589 2349 2814 2402 servire.
2850 2348 2968 2418 Ipse
3005 2365 3137 2406 vero
3187 2352 3326 2409 bene

1736 2437 1908 2492 servit
1935 2437 2066 2503 Deo,
2096 2440 2183 2508 qui
2209 2439 2443 2495 voluerit
2467 2455 2590 2494 eum
2621 2442 2671 2494 in
2703 2443 2855 2496 emlis
2876 2458 2998 2498 cum
3025 2459 3090 2498 eo
3109 2445 3324 2501 thesau-

1735 2547 1856 2584 rum
1886 2532 2181 2600 possidere,
2226 2549 2388 2604 quem
2425 2548 2534 2588 non
2575 2534 2716 2589 tinea
2764 2537 3018 2603 comedit,
3045 2553 3146 2591 nec
3177 2539 3324 2593 iures

1735 2623 1999 2680 ell'odiunt
2024 2632 2079 2680 et
2109 2624 2376 2694 furantur,
2406 2628 2620 2683 dicente
2649 2628 2878 2682 Domino
2908 2628 2960 2682 in
2992 2627 3282 2696 Evangelio
3309 2651 3318 2684 :

1734 2713 1856 2768 Nisi
1889 2717 1974 2784 qui
2002 2719 2372 2772 renuntiaverit
2417 2718 2651 2772 omnibus
2682 2735 2795 2789 qua:
2820 2721 3066 2788 possidet,
3100 2739 3203 2775 non
3233 2740 3324 2791 po-

1733 2816 1834 2862 test
1859 2810 2001 2879 sequi
2023 2825 2120 2874 me,
2144 2819 2192 2863 et
2211 2825 2355 2866 meus
2381 2827 2492 2866 esse
2513 2811 2798 2882 discipulus
2822 2813 2974 2880 (Luc.
3006 2815 3138 2884 Juv).
3163 2813 3318 2880 Quia,

1730 2909 1792 2956 ut
1821 2902 2092 2967 diximus,
2117 2903 2280 2959 homo
2308 2913 2537 2959 onustus
2567 2919 2699 2961 auro
2727 2906 2879 2974 sequi
2907 2903 3178 2960 Christum
3212 2921 3322 2962 non

1731 3001 1948 3062 potest:
1982 2993 2038 3049 in
2059 3002 2266 3049 tantum
2292 3005 2351 3049 ut
2380 2995 2667 3051 admoneat
2710 2995 2970 3052 Dominus
2990 2996 3045 3051 in
3071 2994 3322 3066 Evange-

1730 3086 1807 3140 lio
1847 3087 2140 3155 quemdam
2181 3102 2274 3141 sua
2333 3098 2648 3156 sequentem
2701 3087 2942 3158 vestigia,
2997 3088 3182 3145 dicens
3224 3091 3272 3145 ei
3306 3108 3318 3144 :

1730 3178 1796 3233 Si
1825 3181 1901 3234 vis
1932 3183 2188 3249 perfectus
2216 3195 2347 3246 esse,
2381 3181 2531 3246 vade,
2563 3165 2732 3234 vende
2766 3182 2945 3234 omnia
2989 3196 3103 3249 qua:
3139 3181 3316 3246 habes,

1727 3278 1777 3323 et
1805 3273 1938 3334 veni.
1969 3287 2178 3340 sequere
2206 3289 2311 3324 me
2335 3269 2551 3338 (Matth.
2601 3271 2736 3340 nux).
2789 3269 2938 3325 Unde
2967 3270 3319 3326 contristatus

1727 3362 1821 3416 ille
1851 3372 2073 3432 propter
2115 3363 2314 3418 multas
2357 3362 2571 3416 divitias
2614 3363 2805 3418 metuit
2842 3363 2982 3418 hanc
3025 3362 3317 3420 Dominieae

1727 3456 1880 3509 vocis
1903 3456 2091 3509 audire
2126 3456 2448 3510 sententiam
2477 3474 2486 3508 ε
2514 3454 2750 3508 Facilius
2781 3465 2946 3522 potest
2974 3456 3198 3509 camelus
3225 3472 3317 3524 per

1730 3553 1967 3618 foramen
2005 3565 2128 3602 acus
2160 3551 2406 3614 transire,
2431 3566 2585 3619 quam
2615 3551 2830 3603 introire
2857 3565 3006 3617 posse
3037 3551 3241 3602 diuitem
3261 3551 3316 3602 in

1729 3658 1942 3712 regnum
1970 3644 2214 3697 caelorum
2260 3642 2475 3711 (Matth.
2527 3643 2604 3712 ι).
2632 3641 2778 3706 Quos
2805 3650 2861 3696 et
2895 3657 2991 3696 sua
3047 3642 3316 3696 sententia

1731 3732 1955 3786 damnat
2005 3733 2298 3801 Apostolus
2338 3733 2554 3786 dicens:
2602 3729 2746 3784 Nam
2779 3733 2866 3802 qui
2917 3733 3090 3784 volunt
3133 3730 3314 3784 divites

1729 3824 1868 3896 ﬁeri,
1889 3824 2123 3878 incidunt
2153 3826 2207 3877 in
2255 3824 2591 3878 tentationem
2622 3832 2671 3876 et
2716 3822 2944 3893 laqueos,
2968 3830 3018 3874 et
3059 3821 3316 3874 desideria

1728 3920 1912 3981 multa,
1942 3932 2055 3986 qua:
2090 3925 2323 3987 mergunt
2377 3917 2606 3970 homines
2644 3916 2700 3967 in
2745 3914 3011 3966 interitum
3038 3922 3086 3966 et
3140 3912 3316 3982 perdi-

1731 4015 1944 4066 tionem.
1980 4011 2153 4064 lladia:
2191 4012 2418 4064 omnium
2462 4009 2717 4062 malorum
2767 4015 2841 4060 est
2871 4007 3108 4067 auaritia,
3159 4020 3316 4074 quam

1727 4105 1938 4174 quidam
1969 4112 2262 4172 appetentes
2293 4119 2325 4154 τι
2366 4102 2470 4170 ﬁde
2488 4100 2810 4165 exciderunt,
2833 4105 2880 4150 et
2910 4099 3232 4150 inseruerunt
3261 4112 3315 4148 se

1729 4196 1992 4251 doloribus
2020 4195 2194 4248 multis
2235 4193 2324 4262 (II
2356 4193 2490 4248 Tim.
2523 4193 2620 4259 vi).
2654 4189 2859 4245 Videtis
2885 4203 3038 4258 ergo,
3066 4188 3193 4257 quia
3213 4202 3315 4242 nec

1729 4288 1902 4341 Deum
1933 4287 2085 4353 sequi
2115 4292 2318 4354 potest,
2339 4285 2430 4352 qui
2461 4285 2514 4338 in
2535 4282 2737 4338 saculo
2764 4295 2883 4351 qua!
2904 4279 3142 4349 possidet
3171 4280 3312 4334 bona

1729 4394 1851 4446 sua,
1886 4395 1994 4431 non
2026 4379 2136 4431 vult
2167 4379 2473 4445 relinquere
2499 4394 2512 4440 ;
2547 4391 2647 4431 nec
2673 4389 2855 4428 amare
2889 4374 3092 4443 poterit
3124 4374 3310 4438 Deum,

1728 4469 1822 4537 qui
1870 4468 2084 4524 divitias
2125 4468 2356 4523 voluerit
2404 4483 2512 4521 non
2559 4466 2726 4521 odire.
2757 4465 2894 4531 Quia
2948 4480 3054 4519 non
3105 4472 3310 4518 tantum

1729 4570 1880 4615 tanta
1912 4559 1996 4614 vel
2027 4560 2174 4622 talia,
2207 4558 2386 4626 qualia
2417 4573 2516 4627 pro
2549 4557 2661 4613 Deo
2683 4564 3123 4623 contemnuntur,
3162 4557 3314 4611 novit

3431 2078 3516 2123 tur
3546 2071 3612 2123 ad
3651 2085 3805 2124 suum
3837 2069 4012 2125 redire
4045 2074 4336 2126 vomitum:
4371 2082 4424 2128 et
4452 2076 4629 2144 posita
4661 2093 4825 2131 manu
4855 2093 5017 2147 super

3430 2171 3670 2216 aratrum
3705 2164 4000 2232 respiciens
4051 2173 4219 2229 retro,
4253 2182 4374 2221 eum
4409 2185 4513 2222 non
4561 2169 4630 2223 sit
4658 2180 4816 2240 aptus
4845 2187 5015 2234 regno

3429 2254 3716 2318 collorum.
3756 2254 3950 2310 relicto
3979 2256 4306 2326 quandoque
4334 2260 4664 2314 monasterio
4700 2275 4926 2315 securus
4949 2263 5016 2313 de.

3426 2345 3681 2414 portione
3711 2359 3807 2399 sua
3845 2346 3896 2401 ei
3926 2356 4160 2412 servata,
4193 2363 4222 2402 a
4257 2348 4408 2404 vobis
4436 2351 4662 2420 cupiens
4699 2353 4753 2407 in
4792 2354 5015 2408 sarcula-

3425 2449 3541 2489 rem
3576 2433 3796 2489 domum
3834 2445 4071 2492 vestram
4108 2439 4327 2506 reverti,
4382 2437 4634 2493 fratribus
4662 2441 4774 2495 suis
4829 2445 5015 2496 volens

3427 2540 3546 2581 esse
3575 2526 3835 2592 eohaeres,
3868 2529 3921 2582 in
3964 2543 4183 2583 suarum
4222 2528 4400 2584 redire
4441 2530 4666 2599 incipiat
4696 2547 4932 2602 sponsus
4962 2545 5015 2587 et

3427 2621 3678 2678 dominus
3721 2622 4056 2688 facultatum,
4089 2632 4145 2679 et
4185 2625 4424 2694 pristinis
4472 2626 4759 2680 restitutus
4803 2627 5014 2682 deliciis

3425 2722 3481 2767 et
3511 2715 3742 2783 pompis,
3771 2730 3877 2768 non
3927 2716 4074 2770 aliud
4121 2716 4524 2772 desideraturus
4561 2733 4721 2786 quam
4773 2719 5009 2789 nuptias.

3425 2801 3583 2872 Ergo,
3626 2806 3767 2859 sicut
3803 2808 4054 2876 superius
4093 2808 4352 2874 diximus,
4399 2809 4444 2864 si
4493 2809 4654 2879 digne
4693 2825 4816 2865 eum
4849 2811 5013 2867 vultis

3424 2894 3539 2952 Deo
3565 2896 3782 2965 offerre,
3814 2898 3883 2953 de
3923 2899 4222 2956 auferendo
4250 2901 4398 2970 prius
4443 2901 4830 2972 impedimento
4870 2905 5008 2972 ejus,

3423 3003 3587 3057 quam
3613 2989 3682 3045 de
3705 2991 3883 3044 anima
3911 2991 4170 3060 cogitate.
4221 2993 4404 3060 Itaque
4433 2995 4618 3048 audite
4648 3009 4840 3050 vocem
4870 2996 5012 3050 illius

3424 3081 3660 3148 Domini,
3692 3097 3854 3150 quam
3885 3083 4025 3139 filius
4049 3095 4230 3138 vester
4250 3085 4381 3138 dicit
4407 3101 4468 3140 se
4496 3087 4670 3154 sequi,
4697 3087 4797 3156 ipsi
4827 3087 5012 3142 dicen-

3420 3181 3568 3227 tem:
3612 3172 3786 3228 Vende
3827 3175 4004 3228 omnia
4030 3191 4145 3246 qua:
4187 3175 4362 3240 habes,
4408 3185 4455 3232 et
4490 3177 4556 3229 da
4596 3180 4932 3246 pauperibus,
4965 3191 5011 3232 et

3420 3264 3553 3332 ueni,
3581 3280 3791 3335 sequere
3809 3281 3920 3330 me;
3943 3273 3995 3320 et
4015 3265 4225 3320 habebis
4242 3267 4537 3321 thesaurum
4555 3269 4610 3320 in
4636 3269 4763 3323 calo
4783 3269 5006 3337 (Matth.

3422 3355 3563 3425 xu).
3599 3355 3707 3411 Sed
3737 3357 3862 3424 quia
3888 3357 4068 3426 portio
4090 3357 4210 3426 ejus
4239 3357 4417 3414 adhuc
4448 3359 4502 3414 in
4532 3369 4712 3415 vestra
4743 3370 4826 3416 est
4849 3371 5010 3433 pote-

3419 3461 3580 3516 state,
3637 3460 3693 3507 et
3739 3468 4009 3509 consensu
4063 3461 4247 3510 vestro
4289 3455 4373 3509 vel
4421 3455 4782 3525 permissione
4838 3457 5008 3527 magis

3419 3543 3633 3597 videtur
3660 3543 3774 3600 Deo
3821 3545 4042 3612 offerre,
4084 3561 4249 3614 quam
4292 3546 4478 3613 nobis;
4511 3563 4607 3602 vos
4643 3549 4816 3616 tangit
4843 3549 4911 3602 de
4947 3563 5010 3602 ea

3420 3638 3714 3694 secundum
3745 3638 4083 3694 Douiinieam
4111 3655 4324 3706 vocem,
4353 3656 4513 3710 quam
4541 3643 4584 3695 si
4617 3641 4778 3696 vultis
4800 3643 5008 3708 audire,

3417 3743 3519 3798 pro
3534 3726 3643 3783 lilio
3660 3735 3840 3782 vestro
3856 3729 3998 3798 apud
4024 3744 4122 3783 vos
4132 3729 4262 3784 nihil
4284 3739 4560 3784 remaneat
4589 3731 4642 3784 in
4673 3732 5006 3796 s;t-culo,uisi

3417 3817 3580 3874 Deus.
3602 3817 3757 3884 Quod
3773 3819 3820 3872 si
3846 3817 3988 3874 forte
4013 3827 4239 3889 propter
4259 3818 4648 3874 immanitatem
4670 3820 5002 3889 divitiarum,

3417 3911 3506 3965 vel
3555 3925 3798 3964 amorem
3833 3911 4049 3965 nutrita:
4087 3911 4234 3966 domi
4282 3910 4498 3966 familia:
4533 3913 4716 3980 gravis
4745 3915 4928 3981 vobis,
4956 3926 5006 3970 et

3420 4005 3598 4059 minus
3627 4004 3801 4060 dulcis
3832 4004 3949 4060 haec
3974 4005 4155 4060 divina
4187 4007 4480 4076 praeceptio
4509 4010 4791 4076 convenit,
4829 4011 5007 4065 audite

3418 4095 3618 4164 regulae
3666 4104 3918 4151 nosti-aea
3962 4096 4206 4167 patribus
4250 4097 4466 4152 salubre
4513 4106 4775 4152 statutum
4825 4101 5002 4154 consi-

3417 4189 3568 4245 lium.
3602 4189 3679 4244 De
3708 4189 3959 4259 portione
4005 4189 4123 4257 ejus
4153 4198 4260 4244 tres
4301 4189 4432 4243 liant
4464 4199 4646 4260 partes
4695 4191 5000 4261 aequaliter,

3417 4297 3524 4336 una
3557 4281 3842 4337 distributa
3873 4282 4087 4337 abbatis
4118 4283 4364 4338 manibus
4393 4284 4720 4353 pauperibus
4753 4286 4844 4340 vel
4867 4286 5001 4339 indi-

3416 4373 3669 4443 gentibus
3710 4381 3998 4443 erogetur:
4038 4373 4199 4429 aliam
4247 4375 4420 4442 vobis,
4463 4378 4550 4432 vel
4597 4378 4855 4434 fratribus
4897 4382 5001 4434 suis

3416 4477 3648 4532 pergens
3701 4463 3793 4518 ille
3843 4464 3911 4518 ad
3973 4465 4290 4520 comitatum
4343 4476 4653 4522 sanctorum
4712 4472 5002 4539 exagilario

3417 4569 3612 4609 munus
3667 4555 3827 4610 titulo
3883 4554 4269 4625 derelinquat:
4326 4559 4538 4612 tertiam
4593 4575 4725 4614 vero
4797 4573 4998 4630 partem

1730 4654 1994 4708 Dominus
2023 4653 2320 4707 retribuere
2337 4651 2441 4713 his,
2468 4651 2839 4718 quipauperes
2867 4663 2926 4702 se
2955 4648 3152 4702 faciunt
3181 4663 3310 4717 pro-
3340 4686 3392 4746 Β
3417 4644 3601 4699 viatici
3647 4646 3731 4699 sui
3785 4645 4017 4700 utilitate
4044 4646 4256 4702 deferat
4309 4663 4492 4702 secum
4525 4654 4842 4706 tuonasterii
4882 4672 4998 4707 san~

1731 4754 1851 4814 pler
1881 4759 2037 4808 eum;
2077 4743 2294 4811 insuper
2324 4742 2389 4796 ad
2422 4740 2706 4795 fruendum
2749 4740 2803 4792 in
2842 4748 3097 4793 mternum
3141 4740 3310 4808 ipsam

1733 4838 2018 4900 vitam,eis
2048 4836 2234 4889 tribuit
2273 4835 2681 4903 sempiternam.
2702 4830 2817 4885 Non
2849 4831 2968 4885 ideo
2999 4829 3138 4885 Deus
3159 4845 3310 4900 qua:-

1732 4927 1803 4979 rit
1841 4925 2003 4980 rebus
2045 4925 2235 4978 vestris
2274 4939 2372 4979 vos
2419 4923 2566 4987 exui,
2605 4931 2666 4975 ut
2709 4920 2912 4988 aliquid
2950 4919 3143 4974 exinde
3194 4920 3310 4988 ipse

1730 5022 1965 5084 juvetur,
2021 5025 2112 5070 aut
2149 5024 2325 5069 vestra
2378 5020 2696 5084 paupertate
2754 5011 2972 5081 gaudet,
3021 5021 3310 5078 vestraque

1732 5108 2022 5173 indigentia
2043 5106 2371 5176 gratulatur;
2400 5104 2492 5159 sed
2532 5113 2590 5158 ut
2617 5103 2868 5158 euntibus
2889 5102 3040 5156 vobis
3057 5102 3122 5157 ad
3154 5118 3306 5169 eum,

1732 5199 1816 5254 vel
1853 5198 1970 5266 ejus
1997 5199 2209 5252 divitias
2254 5197 2612 5265 sempiternas
2636 5195 3025 5259 desiderantes,
3058 5210 3307 5250 momen-

1734 5299 1892 5343 tauea
1935 5288 2114 5342 saeculi
2157 5286 2560 5356 impedimenta,
2595 5303 2716 5342 cum
2765 5287 2868 5342 sibi
2898 5296 3106 5342 vestros
3141 5302 3307 5342 occu-

1734 5390 1863 5449 pant
1892 5382 2181 5449 cogitatus,
2230 5379 2294 5434 de
2344 5380 2524 5433 anima
2556 5388 2730 5435 vestra
2779 5395 3050 5450 nunquam
3081 5395 3178 5435 vos
3227 5379 3307 5433 fa-

1732 5473 1882 5527 ciant
1925 5471 2181 5538 cogitare,
2213 5470 2297 5524 vel
2325 5470 2391 5524 de
2423 5479 2598 5525 morte
2635 5471 2855 5540 possitis
2901 5486 3020 5525 esse
3056 5470 3304 5535 solliciti;

1730 5574 1788 5620 et
1808 5565 1925 5620 dies
1948 5575 2157 5620 vestros
2196 5565 2250 5617 in
2280 5572 2552 5619 extremos
2573 5565 2693 5618 vita:
2725 5563 2987 5618 terminos
3014 5578 3107 5632 per
3136 5565 3307 5632 negli-

1733 5659 1966 5727 gentiam
1995 5658 2267 5723 delinitos,
2300 5658 2499 5712 relictis
2530 5658 2777 5710 omnibus
2799 5655 3016 5722 srcculo,
3033 5655 3099 5710 de
3116 5656 3308 5724 quibus

1733 5751 2074 5818 eogitabatis,
2098 5750 2284 5804 ultima
2308 5752 2496 5804 mortis
2525 5751 2662 5804 ratio
2696 5751 2748 5803 in
2771 5749 2975 5817 judicio
3004 5747 3157 5802 vobis
3185 5762 3308 5802 eum

1732 5843 1864 5897 solis
1901 5843 2136 5910 peccatis
2180 5852 2449 5907 occurrat,
2491 5843 2618 5896 nihil
2653 5841 2795 5895 aliud
2824 5841 2922 5896 nisi
2959 5855 3146 5909 pmnas
3184 5855 3307 5909 per-

1732 5946 1923 6006 petuas
1975 5936 2208 5992 habituri
2246 5954 2257 5988 :
2290 5945 2346 5991 et
2377 5946 2504 5992 tunc
2549 5949 2648 5990 vos
2694 5935 2747 5989 in
2776 5943 3034 5990 aeternum
3085 5933 3308 6004 incipiat

3417 4745 3630 4792 ctorum
3684 4736 3866 4792 usibus
3907 4738 4268 4807 profuturam.
4328 4741 4461 4806 Quia
4519 4744 4795 4811 quomodo
4868 4747 5000 4800 tilias

3415 4838 3594 4884 vester
3614 4830 3865 4884 omnibus
3905 4829 3958 4884 in
4001 4833 4329 4886 monasterio
4354 4833 4607 4887 fratribus
4637 4836 4704 4888 ad
4747 4840 4996 4890 somtinm

3412 4922 3537 4977 vita:
3570 4920 3873 4991 portionem
3915 4935 4067 4977 suam
4098 4922 4362 4988 conferat,
4393 4922 4608 4978 dicente
4639 4925 4905 4994 Apostolo
4935 4931 4996 4982 de

3412 5013 3731 5081 erogatione
3775 5011 4011 5066 maxime
4057 5014 4123 5065 ad
4153 5014 4476 5068 domesticos
4527 5015 4647 5068 lidci
4682 5016 4826 5086 (Gal.
4864 5024 4952 5086 vnj;
4975 5037 4989 5080 ,-

3410 5104 3486 5159 ita
3517 5113 3571 5158 et
3593 5103 3830 5158 universi
3853 5105 4166 5158 monasterii
4188 5107 4382 5160 fratres
4407 5109 4517 5162 suis
4545 5109 4738 5177 singuli
4770 5113 4989 5174 vicibus,

3415 5202 3578 5263 prout
3605 5195 3724 5261 quis
3753 5194 3934 5259 habet,
3965 5193 4031 5247 ad
4058 5195 4199 5249 hanc
4225 5196 4584 5263 ingredientes
4607 5204 4992 5254 monasterium

3413 5285 3667 5341 deferunt
3740 5286 3969 5340 formam
4032 5288 4143 5342 lilio
4215 5299 4398 5343 vestro
4454 5293 4817 5348 communiter
4875 5312 4991 5348 cum

3412 5383 3666 5437 omnibus
3695 5381 4052 5451 profuturam.
4087 5381 4243 5448 Quod
4274 5383 4317 5436 si
4352 5391 4591 5454 utrmque
4622 5386 4776 5442 vobis
4802 5402 4991 5456 graves

3409 5475 3518 5530 sint
3546 5488 3729 5539 voces,
3767 5482 3825 5527 ut
3873 5488 3973 5529 nec
4019 5474 4187 5527 Deum
4223 5473 4453 5528 audiatis
4509 5478 4834 5544 pauperibus
4866 5496 4989 5534 ero-

3413 5567 3607 5636 gando,
3654 5572 3710 5618 et
3759 5566 3852 5619 lilii
3903 5566 4134 5619 animam
4201 5565 4542 5631 redimendo;
4603 5583 4702 5622 nec
4747 5579 4988 5625 nostrum

3414 5657 3696 5712 consilium
3717 5657 3955 5725 partibus
3983 5656 4289 5722 dividendo,
4307 5665 4361 5712 et
4387 5659 4678 5713 autertndo
4700 5660 4769 5714 ab
4794 5677 4864 5714 eo
4892 5677 4988 5716 sm.-

3411 5749 3646 5803 cularem
3699 5749 4073 5813 substantiam,
4108 5747 4192 5802 vel
4249 5750 4446 5802 nudum
4492 5758 4548 5802 et
4594 5751 4769 5805 solum
4823 5753 4986 5806 lilium

3410 5839 3521 5895 Deo
3546 5840 3762 5908 largite',
3786 5840 3857 5894 ita
3887 5849 3945 5894 ut
3958 5840 4306 5910 jurejurando
4332 5858 4426 5911 per
4444 5855 4786 5900 sacrosancta
4813 5845 4986 5900 Evan—

3411 5935 3547 6002 gelia
3571 5933 3901 6003 promittatis
3927 5934 3974 5990 ei
3983 5975 4000 6003 ,
4035 5934 4256 5992 ulterius
4279 5949 4402 5991 eum
4426 5936 4494 5993 de
4516 5946 4690 5994 vestra
4723 5942 4982 6008 patrimo-
