5174 6542
742 380 878 436 1045

2275 380 2577 437 HEGL‘LA.

3865 382 4002 441 1048

737 494 810 547 nii
840 493 1137 548 substantia
1186 494 1316 547 nihil
1360 493 1584 548 habere:
1622 501 1679 547 ut
1717 495 1941 547 ﬁrmiter
1967 496 2081 563 jam
2127 509 2314 564 perse-
2342 498 2398 557 Δ
2422 496 2760 561 obedientia;
2790 513 2899 553 non
2929 500 2979 551 in
3028 498 3301 563 tarditate,
3327 496 3424 554 sed
3466 501 3517 553 in
3567 503 3835 566 agilitate;
3896 522 3999 558 non

734 598 931 639 verens
960 586 1013 638 in
1047 586 1292 650 Domino,
1325 585 1461 639 sciat
1510 599 1567 639 se
1597 584 1663 639 de
1691 586 1887 639 saeculo
1920 586 2048 640 nihil
2080 600 2317 655 sperare,

734 691 859 733 cum
912 692 971 732 se
1009 692 1039 732 a
1068 677 1241 741 vobis,
1272 685 1327 731 et
1374 678 1442 732 ab
1480 692 1546 731 eo
1575 677 1766 731 viderit
1806 679 2063 747 alienum,
2111 680 2319 734 solum-

732 768 901 824 modo
940 784 1173 839 superua
1222 768 1506 823 desideret.
1539 770 1672 835 Quia
1724 770 1829 825 hoc
1866 771 2087 840 expedit
2128 772 2320 827 anima:

731 860 900 923 illius,
930 869 989 915 ut
1026 868 1118 914 aut
1160 860 1437 914 ordinatus
1473 876 1502 914 a
1531 862 1683 916 vobis
1715 862 1871 915 vadat
1912 862 1979 916 ad
2010 863 2315 928 Dominum,

730 960 828 1005 aut
857 968 956 1021 pro
986 966 1052 1005 eo
1089 950 1466 1005 exharredatus
1508 965 1540 1003 a
1577 950 1729 1005 vobis
1757 950 1963 1007 felicius
2004 954 2171 1021 magis
2197 968 2317 1023 per-

728 1051 825 1111 gat
873 1042 939 1096 ad
999 1042 1202 1107 Deum;
1264 1042 1500 1097 clamans
1540 1042 1670 1107 Deo,
1727 1058 1885 1112 quem
1930 1045 2174 1115 sequitur
2217 1061 2319 1099 nu-

725 1134 832 1191 dus
866 1154 879 1189 :
915 1134 1008 1201 Tu,
1058 1134 1303 1202 Domine,
1333 1138 1563 1190 restitues
1595 1137 1720 1190 mihi
1765 1138 2118 1192 hereditatem
2147 1155 2311 1193 meum

730 1227 880 1281 I’sal.
925 1228 1036 1296 xv).
1086 1227 1315 1281 Tantum
1368 1238 1453 1282 est
1486 1237 1543 1283 ut
1571 1229 1703 1283 nihil
1735 1229 1931 1284 habeat
1978 1230 2045 1284 de
2093 1232 2311 1298 atccnlo,

726 1323 876 1389 quod
908 1323 1038 1375 vivis
1065 1322 1213 1375 vobis
1244 1330 1336 1374 aut
1366 1323 1597 1377 mortuis
1637 1323 1703 1377 de
1735 1323 1925 1378 vestris
1976 1323 2314 1379 facultatibus

719 1415 839 1486 jam
867 1425 1068 1486 speret.
1116 1418 1251 1482 Quia
1292 1418 1376 1471 cui
1418 1419 1586 1473 semel
1622 1420 1907 1473 cruciﬁxus
1953 1428 2034 1473 est
2063 1420 2309 1487 mundus,

724 1510 907 1565 denuo
938 1510 1003 1565 ab
1033 1526 1098 1565 eo
1130 1510 1448 1565 redelectari
1475 1528 1583 1566 non
1622 1512 1800 1567 debet.
1848 1512 1977 1565 Nam
2008 1514 2053 1569 si
2082 1529 2147 1568 ex
2199 1522 2312 1569 toto

723 1602 861 1657 nihil
883 1602 949 1656 de
975 1617 1041 1657 eo
1068 1603 1307 1658 ordinate
1337 1603 1639 1669 volueritis,
1667 1619 1883 1658 causam
1914 1605 2031 1673 ejus
2062 1615 2189 1674 puto
2218 1620 2314 1660 vo-

724 1694 812 1747 bis
857 1694 1035 1747 divino
1086 1694 1347 1748 reservati
1392 1694 1615 1761 judicio.
1668 1693 1802 1747 Eum
1835 1710 1963 1749 vero
2017 1695 2313 1749 certissime

722 1786 933 1849 sciatis,
991 1786 1142 1853 plura
1174 1800 1203 1839 a
1237 1786 1462 1839 Domino
1484 1786 1744 1854 recipere,
1764 1802 1923 1855 quam
1954 1788 2307 1855 contempsit;

2422 584 2478 638 in
2506 587 2872 652 contentione,
2904 586 2998 643 sed
3039 586 3093 642 in
3123 590 3460 654 assensione;
3504 605 3611 644 non
3666 593 3716 644 in
3748 594 3999 663 levitate,

2419 676 2515 730 sed
2556 678 2607 730 in
2646 680 2948 745 gravitate;
2980 694 3090 733 non
3134 679 3187 733 in
3218 680 3546 749 vaniloquio,
3576 681 3670 737 sed
3724 684 3776 736 in
3809 685 3998 753 paucis

2419 767 2694 847 sapientiae
2724 770 2934 833 verbis;
2979 786 3088 826 non
3136 774 3190 827 in
3235 773 3345 827 risu
3386 775 3556 830 multo
3586 784 3679 830 aut
3735 791 3996 847 excusso,

2417 841 2512 912 sé'd
2546 858 2597 912 in
2629 861 2900 929 patientia:
2952 860 3237 932 lacrymis;
3286 878 3394 917 non
3426 865 3478 917 in
3504 865 3714 920 luxuria
3739 907 3752 932 ,
3806 868 3902 923 sed
3942 869 3999 924 in

2418 950 2684 1005 castitate.
2714 953 2835 1007 llth
2862 966 2991 1021 ergo
3019 956 3198 1008 omnia
3227 956 3535 1026 quicunque
3570 959 3636 1011 de
3685 960 3835 1013 vobis
3867 976 3993 1030 per-

2417 1038 2556 1093 fecte
2585 1042 2907 1111 impleverit,
2934 1060 3040 1098 non
3087 1046 3261 1100 solum
3301 1062 3423 1101 meo
3448 1089 3465 1115 ,
3518 1048 3614 1102 sed
3647 1049 3738 1103 Dei
3765 1049 3992 1121 judicio,

2420 1130 2661 1199 tempere
2692 1132 2879 1186 mortis
2926 1148 3059 1186 mea;
3106 1134 3303 1189 schola:
3352 1136 3448 1192 Dei
3500 1137 3834 1194 ordinabitur
3880 1156 3996 1197 ma-

2415 1219 2583 1287 gister
2616 1262 2632 1287 ,
2683 1232 2853 1276 artem
2878 1222 3234 1290 Dominicam,
3264 1238 3423 1295 quam
3453 1228 3566 1297 ipse
3589 1230 3699 1298 jam
3755 1230 3998 1301 perfecte

2414 1310 2691 1379 adimplet,
2723 1314 2915 1368 tlhristi
2948 1316 3225 1385 dichpulis
3252 1327 3665 1377 monstraturus.
3704 1321 3838 1377 Nam
3863 1338 3991 1393 quo-

2414 1404 2574 1458 tnodo
2603 1407 2669 1459 ad
2700 1406 2955 1461 honorem
3004 1410 3262 1479 majorem
3294 1414 3413 1481 quis
3444 1415 3642 1482 poterit
3666 1414 3808 1483 juste
3861 1433 3993 1473 con-

2412 1499 2705 1564 scendere,
2757 1503 2799 1555 si
2850 1484 3264 1572 honoris'ipsius
3309 1508 3498 1560 merita
3527 1508 3580 1561 in
3623 1508 3815 1565 divinis
3846 1526 3989 1581 pra:-

2411 1590 2581 1657 ccptis
2624 1605 2730 1644 non
2778 1593 3004 1648 valuerit
3034 1594 3366 1664 adimplere?
3400 1597 3490 1651 Vel
3519 1601 3790 1668 quomodo
3820 1604 3991 1658 moni-

2414 1681 2585 1735 tiones
2639 1682 2869 1749 majores
2920 1686 3210 1752 didicerit,
3259 1688 3351 1756 qui
3400 1704 3505 1744 non
3536 1692 3689 1747 factis
3751 1693 3990 1752 effecerit

2410 1775 2622 1839 divinis,
2657 1780 2925 1845 quomodo
2956 1781 3167 1847 praeerit
3211 1782 3453 1837 scholae?
3505 1784 3783 1851 Quomodo
3811 1790 3989 1847 aliena

723 1894 848 1935 cum
884 1879 1165 1932 Dominum
1206 1879 1305 1932 sibi
1346 1879 1492 1945 fecit,
1520 1895 1675 1949 quem
1721 1880 1894 1933 nudus
1940 1890 2154 1935 secutus
2204 1888 2306 1946 est,
2346 1855 2385 1913 Β
2412 1868 2609 1935 POW'il
2636 1869 2763 1921 νίιίίὶ

1947 1890 2154 1935 ερευιυε
2204 1888 2306 1946 εει,
2346 1855 2385 1913 Β
2412 1868 2609 1935 poterit
2636 1869 2763 1921 vitia
2794 1871 3117 1934 emendare,
3151 1874 3241 1940 qui
3289 1890 3385 1929 sua
3433 1877 3603 1930 nescit
3650 1888 3772 1932 acta
3816 1883 3990 1935 corri-

723 1970 1046 2024 debitorem.
1087 1970 1327 2039 Recipiet
1370 1972 1511 2024 enim
1550 1972 1602 2024 in
1633 1971 1780 2026 etelis
1810 1969 1947 2026 ﬁlius
1979 1982 2153 2026 vester
2194 1973 2309 2026 sine

722 2059 890 2113 dubio
922 2061 1109 2125 multa,
1161 2060 1507 2128 promittente
1536 2061 1586 2114 ei
1636 2061 1862 2114 Domino
1892 2062 1943 2115 in
1994 2060 2303 2128 Evangelia,

723 2151 913 2205 dicens
950 2170 961 2204 :
989 2152 1085 2214 Qui
1111 2152 1370 2222 reliquerit
1398 2169 1599 2219 aurum,
1625 2162 1712 2206 aut
1741 2164 2029 2223 argentum,
2061 2163 2149 2206 aut
2180 2171 2305 2221 pos-

720 2244 1007 2311 sessiones,
1046 2253 1134 2297 aut
1172 2246 1349 2297 domos
1388 2254 1596 2313 propter
1637 2261 1733 2311 me,
1767 2246 2054 2314 centuplum
2095 2246 2307 2312 ucripiel

719 2340 776 2393 in
802 2354 961 2405 regno
992 2336 1111 2402 Dei,
1141 2340 1351 2405 insuper
1390 2348 1437 2391 et
1460 2339 1618 2392 vitam
1644 2347 1893 2392 teternam
1925 2338 2137 2410 (Matth.
2169 2341 2302 2407 xu).

721 2429 856 2483 Hzcc
885 2431 1109 2483 audiens
1140 2429 1275 2484 ﬁlius
1303 2438 1484 2484 vester
1515 2439 1733 2499 paratus
1753 2440 1857 2497 est,
1882 2431 1925 2486 si
1952 2430 2111 2485 vultis
2140 2432 2303 2485 relin-

719 2538 895 2591 quere
945 2524 1096 2577 vobis
1152 2532 1342 2586 totum,
1376 2532 1434 2577 ut
1478 2524 1623 2594 apud
1673 2524 1955 2578 Dominum
1997 2524 2304 2593 centuplum

719 2612 905 2666 valeat
951 2613 1190 2667 invenire
1225 2632 1241 2671 ;
1290 2615 1414 2683 quia
1439 2614 1506 2668 de
1536 2616 1785 2669 omnibus
1834 2616 2091 2670 Dominus
2122 2626 2304 2670 noster

718 2714 806 2758 est
862 2704 1018 2758 nobis
1066 2706 1312 2760 idoneus.
1344 2705 1478 2761 Nam
1527 2707 1655 2779 quid
1693 2707 1769 2763 illi
1798 2708 2014 2777 sufﬁcit,
2055 2710 2140 2764 cui
2190 2711 2304 2779 ipse

717 2795 987 2852 Dominus
1016 2811 1126 2854 non
1154 2796 1390 2853 sufﬁcit?

1319 2908 1545 2965 CAPUT
1583 2909 1737 2966 XCII.

1176 3018 1565 3058 INTERROGATIO
1602 3018 1875 3059 ωδειρυω.

719 3112 802 3168 De
831 3112 1029 3169 honore
1056 3115 1133 3168 vel
1160 3116 1323 3186 gradu
1355 3124 1467 3185 post
1497 3115 1733 3171 abbatem
1760 3119 1957 3173 cazteris
1980 3117 2300 3191 deneganda.

980 3242 1281 3283 RESPONDET
1320 3242 1547 3285 DOHINUS
1586 3245 1687 3285 PER
1725 3247 2048 3288 IIAGISTRUM.

790 3340 1003 3397 (lavere
1024 3342 1186 3398 debet
1214 3343 1379 3399 abbas
1403 3384 1421 3412 ,
1467 3359 1535 3399 ne
1559 3360 1718 3414 quem
1742 3346 1845 3401 sibi
1874 3346 2162 3416 aliquando
2212 3362 2300 3402 se-

710 3436 1036 3491 cundarium
1068 3436 1339 3504 adjudicet
1360 3477 1376 3504 ,
1435 3437 1521 3492 vel
1558 3438 1610 3492 in
1662 3440 1876 3493 tertium
1905 3441 2136 3511 aliquem
2167 3458 2299 3497 con-

709 3529 910 3583 atituat
935 3527 1133 3581 locum.
1164 3530 1376 3593 Quare?
1407 3536 1465 3581 ut
1490 3544 1614 3583 cum
1642 3530 1851 3585 nullum
1882 3534 2082 3587 clatum
2111 3534 2177 3588 de
2208 3534 2301 3589 ho-

708 3634 857 3674 nore
875 3618 1167 3673 reddiderit
1192 3661 1206 3688 ,
1249 3630 1305 3674 et
1330 3630 1517 3677 sancte
1563 3624 1743 3691 agenti
1783 3626 2143 3681 successionis
2190 3641 2300 3681 suae

708 3714 990 3768 honorem
1021 3713 1344 3782 promiserit,
1368 3714 1615 3769 certatim
1640 3730 1830 3771 omnes
1870 3717 1922 3771 in
1963 3717 2118 3773 bonis
2161 3721 2298 3773 acti-

707 3805 841 3869 bus,
875 3803 960 3859 vel
999 3804 1052 3859 in
1100 3804 1403 3860 humilitate
1429 3805 1590 3861 faciat
1622 3824 1986 3879 propensare;
2040 3812 2177 3866 sicut
2232 3813 2300 3868 de

2408 1958 2574 2024 gere?
2628 1958 2720 2013 Vel
2768 1964 3039 2027 quomodo
3108 1964 3209 2017 sub
3257 1965 3533 2035 disciplina
3592 1971 3788 2038 poterit
3853 1973 3993 2030 alios

2410 2064 2634 2115 regere,
2694 2052 2785 2118 qui
2826 2053 3010 2121 culpas
3058 2053 3351 2125 disciplin-.0
3402 2059 3455 2111 in
3508 2075 3566 2113 se
3610 2076 3716 2116 non
3756 2064 3993 2132 potuerit

2408 2142 2733 2196 emendare?
2791 2142 3025 2213 Ideoque
3076 2147 3177 2200 nisi
3226 2149 3316 2217 qui
3375 2151 3518 2217 prius
3548 2152 3708 2206 fuerit
3735 2154 3784 2206 iu
3812 2156 3989 2211 omnl-

2407 2231 2506 2287 bus
2544 2231 2815 2301 perfectus
2862 2235 3196 2305 discipulus,
3250 2238 3444 2307 dignus
3491 2256 3596 2295 non
3647 2244 3840 2311 poterit
3869 2259 3993 2302 esse

2409 2323 2681 2391 magister.
2734 2325 2868 2379 Cum
2923 2328 3026 2381 hoc
3087 2342 3217 2397 ergo
3287 2330 3454 2385 abbas
3499 2347 3642 2402 stupe
3694 2349 3992 2405 congrega~

2411 2414 2541 2468 tiotti
2571 2416 2908 2485 prtedixerit,
2962 2430 3018 2473 et
3066 2421 3270 2474 nullum
3310 2434 3517 2477 certum
3574 2425 3866 2481 reddiderit
3917 2429 3989 2486 de

2406 2506 2631 2570 honore,
2662 2523 2876 2577 semper
2901 2524 3087 2563 eorum
3110 2513 3402 2566 confundat
3428 2515 3647 2583 gradus,
3672 2518 3989 2591 vicibusque

2406 2598 2472 2651 ad
2509 2614 2748 2653 mensam
2777 2618 2931 2656 secus
2951 2620 3008 2658 se
3037 2606 3225 2660 sedere
3255 2607 3433 2675 faciat,
3452 2609 3759 2679 vicibusque
3789 2613 3841 2667 iu
3864 2630 3991 2671 ora-

2406 2691 2549 2746 torio
2584 2692 2771 2757 ,.tbeat
2826 2710 2980 2750 secus
3027 2712 3087 2751 se
3137 2700 3411 2755 universos
3467 2711 3647 2767 stare,
3703 2706 3992 2767 universos

2408 2784 2612 2839 vicibus
2664 2796 2786 2856 post
2835 2804 2894 2843 se
2941 2788 3181 2846 Psaltnos
3227 2794 3535 2862 imponere;
3589 2805 3646 2849 ut
3700 2800 3876 2854 nullus
3914 2801 3986 2859 de

2406 2877 2643 2932 secundo
2673 2879 2881 2935 honore
2904 2881 3015 2951 jam
3041 2882 3297 2938 reddatur
3323 2886 3515 2950 elatus,
3548 2887 3661 2941 sive
3686 2888 3750 2943 de
3798 2891 3989 2948 ultimo

2406 2970 2573 3038 gradu
2604 2972 2793 3041 aliquis
2812 2988 2869 3027 se
2895 2974 3055 3029 faciat
3081 2977 3443 3045 desperatum.
3480 2977 3619 3047 Ergo
3648 2995 3768 3035 cum
3802 2986 3983 3039 nullus

2406 3061 2474 3118 de
2494 3064 2674 3119 multis
2702 3066 2938 3121 secundo
2969 3068 3020 3121 in
3038 3069 3204 3136 gradu
3236 3070 3483 3138 erigitur;
3514 3082 3568 3124 et
3596 3088 3691 3140 per
3713 3074 3985 3132 incertum

2409 3157 2523 3227 spei
2572 3159 2934 3227 unusquisque
2960 3160 3027 3214 ad
3077 3161 3478 3233 percipiendum
3509 3164 3768 3219 honorem
3788 3207 3803 3231 ,
3832 3166 3881 3220 si
3921 3180 3988 3225 so

2326 3222 2373 3287 ο
2405 3258 2590 3305 sancte
2618 3252 2947 3315 tractaverit,
2977 3252 3044 3307 de
3081 3268 3141 3308 se
3170 3222 3274 3308 hoc
3319 3254 3554 3324 suspicet
3597 3253 3839 3323 judicare
3860 3296 3880 3326 ,
3927 3262 3995 3316 et.

2401 3360 2498 3416 per
2524 3346 2661 3398 bona
2708 3354 2828 3400 acta
2872 3361 2965 3399 sua
2997 3346 3119 3415 eligi
3151 3362 3211 3401 se
3244 3361 3401 3414 posse
3432 3348 3759 3416 quandoque
3788 3349 3841 3403 in
3887 3349 3987 3407 ab-

2402 3438 2538 3492 batis
2564 3439 2823 3491 honorem
2859 3437 3123 3497 confidat;
3160 3446 3216 3491 ut
3263 3438 3391 3491 dum
3441 3454 3538 3506 pro
3570 3439 3773 3493 incerto
3804 3440 3984 3496 nullus

2400 3527 2729 3598 designatur,
2757 3527 2849 3582 sed
2879 3529 3017 3582 bene
3046 3537 3100 3582 et
3126 3538 3311 3583 sancte
3339 3530 3619 3599 agentibus
3646 3530 3821 3585 honor
3846 3546 3982 3601 pro-

2399 3622 2645 3687 mittitur,
2679 3622 2749 3674 ita
2782 3624 2858 3685 tit,
2888 3630 2946 3675 ut
2972 3621 3099 3675 dum
3122 3636 3310 3677 omnes
3331 3624 3552 3689 cupiunt
3588 3623 3813 3691 gradum
3839 3624 3983 3680 obti-

2397 3728 2529 3768 nere
2579 3712 2821 3778 honoris,
2864 3713 3169 3782 supradicta
3199 3713 3293 3769 Dei
3344 3722 3607 3784 praccepta
3656 3714 3710 3769 in
3738 3731 3801 3772 se
3826 3717 3983 3775 festi-

2398 3813 2529 3859 nent
2575 3804 2838 3871 implere;
2886 3812 2940 3859 et
2982 3804 3029 3860 si
3086 3819 3195 3860 non
3254 3813 3475 3875 propter
3516 3805 3768 3861 timorem
3816 3804 3989 3867 futuri

708 3896 932 3966 potiore
954 3894 1125 3965 gradu
1150 3896 1599 3953 contendentibus
1628 3900 1886 3968 apostolis
1928 3902 2186 3956 Dominus
2213 3904 2297 3958 iu-
2393 3896 2599 3966 iudicii,
2631 3905 2813 3953 tamen
2860 3897 2945 3952 vel
2995 3908 3215 3967 propter
3266 3896 3542 3966 pmnlis
3568 3897 3689 3952 νὶιω
3717 3897 3986 3955 honorem

706 3988 936 4053 dicavit,
978 4003 1102 4043 cum
1128 3988 1185 4044 in
1214 3990 1390 4045 medio
1420 4006 1607 4045 eorum
1640 3993 1893 4047 infantem
1943 3995 2253 4050 deduxisset
2280 4043 2294 4066 ,

705 4090 774 4136 et
802 4080 936 4136 dixit
980 4098 993 4134 :
1024 4081 1124 4146 Qui
1149 4086 1252 4138 vult
1278 4101 1389 4139 esse
1419 4088 1555 4139 inter
1583 4103 1669 4141 vos
1702 4089 1907 4156 fortior,
1959 4090 2024 4142 sit
2055 4092 2171 4145 talis
2204 4098 2294 4145 :et

703 4174 805 4247 qui
852 4174 957 4228 vult
1002 4191 1112 4231 esse
1159 4178 1293 4230 inter
1340 4195 1428 4233 vos
1482 4180 1691 4249 major,
1732 4183 1799 4235 sit
1849 4191 2011 4236 vester
2064 4184 2297 4238 minister

708 4264 933 4337 (Matth.
966 4268 1056 4336 x);
1086 4278 1139 4323 et
1163 4272 1356 4324 iterum
1383 4270 1518 4325 dixit
1549 4272 1802 4327 Dominus
1832 4274 2105 4344 discipulis
2131 4277 2241 4331 suis
2281 4296 2292 4330 :

708 4354 1017 4429 Quicunque
1044 4359 1186 4426 prius
1214 4361 1393 4430 fecerit
1429 4370 1685 4433 praecepta
1714 4380 1847 4428 mea,
1879 4372 1926 4417 et
1950 4365 2022 4418 sic
2045 4366 2292 4433 docuerit,

706 4452 799 4506 hic
845 4454 1099 4506 maximus
1129 4452 1391 4509 vocabitur
1434 4456 1490 4508 in
1515 4473 1671 4527 regno
1702 4458 1943 4511 caelorum
1970 4457 2185 4529 (Matt/1.
2213 4461 2293 4531 v).

710 4544 873 4602 Unde
911 4561 1039 4613 ergo
1080 4561 1311 4615 sequens
1339 4548 1479 4603 hanc
1508 4548 1839 4605 humiliando
1868 4548 2091 4606 formam
2118 4596 2133 4621 ,
2194 4554 2295 4610 hoc

704 4651 932 4707 semper
954 4638 1199 4694 omnibus
1235 4639 1488 4695 fratribus
1516 4642 1698 4696 dicere
1724 4642 1884 4698 debet
1911 4644 2077 4700 abbas
2102 4662 2115 4698 :
2158 4645 2289 4701 Fra-

707 4739 829 4785 tres
873 4737 928 4785 et
957 4729 1051 4785 ﬁlii
1093 4732 1218 4796 mei,
1251 4733 1560 4803 quicunque
1603 4734 1671 4790 de
1696 4736 1851 4792 vobis
1901 4736 2007 4793 hoc
2052 4740 2295 4796 elabora-

704 4823 877 4887 verit,
917 4830 976 4877 ut
1000 4822 1193 4881 divinis
1220 4828 1503 4896 praaceptis
1529 4827 1581 4883 in
1632 4829 1880 4885 omnibus
1901 4831 2177 4897 obediens,
2211 4834 2293 4887 vel

706 4932 815 4989 per
841 4918 1019 4972 omnia
1042 4919 1238 4989 regula:
1258 4921 1655 4991 obtemperans,
1680 4923 1765 4979 vel
1806 4926 1940 4979 meis
1987 4926 2197 4981 actibus
2222 4927 2294 4982 si-

706 5011 1224 5081 milisiuveniatur;
1270 5017 1575 5086 quicunque
1601 5017 1669 5072 ad
1720 5018 1825 5074 hoc
1874 5022 2293 5089 conscenderit,

709 5110 777 5158 ut
836 5102 1136 5158 doctrinam
1206 5121 1381 5161 meam
1426 5109 1697 5179 compleat
1744 5108 1930 5177 factis;
1984 5112 2294 5181 quicunque

709 5212 900 5255 mores
926 5211 1076 5266 suos,
1098 5213 1205 5253 non
1236 5199 1289 5253 in
1316 5214 1412 5254 sua
1434 5202 1649 5271 propria
1665 5200 1939 5257 voluntate
1965 5212 2019 5258 et
2043 5205 2288 5271 arbitrio,

710 5288 814 5344 sed
840 5288 931 5343 Dei
954 5287 1259 5344 obedientia
1286 5305 1383 5361 per
1413 5306 1501 5347 me
1527 5291 1802 5347 tradiderit
1830 5295 2208 5365 corrigendos;
2240 5296 2292 5351 id

711 5390 820 5445 eat,
848 5395 958 5435 non
992 5380 1344 5450 ln.superbia,
1375 5381 1468 5438 sed
1500 5382 1552 5436 in
1582 5383 1906 5453 humilitate;
1936 5401 2044 5441 non
2076 5387 2127 5441 in
2159 5387 2292 5441 mul-

711 5472 966 5541 tiloquio,
993 5470 1088 5526 sed
1117 5472 1170 5527 in
1213 5472 1609 5541 taciturnitate;
1658 5490 1764 5529 non
1797 5474 1848 5529 in
1880 5475 2005 5531 odio
2029 5516 2043 5542 ,
2098 5476 2195 5531 sed
2238 5477 2291 5531 in

710 5564 917 5633 gratia:
954 5579 1064 5619 non
1094 5564 1147 5618 in
1175 5565 1300 5620 dolo
1324 5607 1339 5631 ,
1390 5565 1483 5620 sed
1524 5566 1577 5619 in
1608 5566 1909 5633 charitate;
1943 5583 2047 5622 non
2080 5569 2131 5621 in
2180 5569 2255 5622 ira
2278 5608 2293 5633 ,

711 5656 812 5713 sed
839 5656 893 5711 in
949 5672 1117 5727 pace;
1149 5658 1337 5713 nonin
1367 5658 1661 5724 ebrietate,
1722 5658 1816 5713 sed
1864 5659 1919 5713 in
1970 5660 2291 5727 sobrietate;

708 5766 823 5808 non
855 5753 907 5805 in
937 5752 1221 5818 satietate,
1264 5752 1357 5806 sed
1388 5753 1440 5806 in
1470 5752 1761 5821 parcitate;
1795 5765 1901 5805 non
1930 5752 1982 5805 in
2014 5752 2289 5814 seandalo,

707 5844 809 5903 sed
837 5844 893 5902 in
920 5844 1290 5911 continentia;
1333 5858 1442 5899 non
1483 5842 1535 5899 in
1589 5844 2013 5901 murmuratione
2040 5885 2054 5910 ,
2105 5846 2196 5901 sed
2239 5845 2289 5897 in

2398 3988 2773 4045 contendendo
2802 3988 3048 4045 certatim
3091 3989 3297 4058 possint
3344 4003 3532 4043 omnes
3577 3988 3838 4058 perﬁcere
3863 4030 3880 4057 ,
3923 4002 3988 4049 ut

2398 4097 2521 4138 cum
2549 4082 2766 4153 grandis
2816 4082 2977 4137 fuerit
3002 4083 3348 4150 congregatio
3373 4122 3386 4146 ,
3449 4090 3506 4135 ut
3535 4096 3630 4151 per
3660 4082 3835 4139 nullos
3863 4095 3989 4152 gra-

2398 4176 2496 4231 dus
2526 4175 2746 4231 honoris
2797 4174 2993 4237 diversi
3022 4174 3414 4238 descenderint,
3451 4174 3607 4229 nullis
3634 4174 3739 4230 sibi
3765 4181 3991 4233 antece-

2397 4268 2648 4325 dentibus
2679 4284 2788 4324 non
2842 4269 3014 4338 possit
3061 4267 3129 4321 de
3155 4281 3216 4323 se
3268 4265 3486 4322 ultimus
3514 4265 3839 4335 desperare;
3880 4281 3988 4323 nec

2401 4364 2531 4418 item
2552 4362 2837 4429 secundus,
2870 4360 3120 4417 omnibus
3148 4367 3271 4430 post
3296 4374 3355 4415 se
3384 4358 3572 4429 positis
3619 4358 3791 4429 possit
3813 4357 3991 4416 elatus

2397 4456 2652 4525 gaudere,
2678 4464 2732 4510 et
2753 4454 2862 4523 jam
2885 4469 3107 4509 securus
3146 4452 3213 4506 de
3241 4451 3359 4507 solo
3402 4452 3607 4507 honora
3636 4466 3849 4506 causam
3889 4450 3990 4508 Dei

2400 4548 2453 4602 in
2502 4562 2562 4601 se
2616 4544 2850 4615 negligat
2897 4542 3231 4612 adimplere;
3276 4541 3495 4609 jamque
3558 4541 3727 4610 magis
3768 4554 3993 4611 sperare

2402 4640 2681 4710 praesentia
2731 4652 2891 4706 quam
2948 4636 3163 4691 futura:
3195 4635 3319 4706 quia
3380 4634 3705 4703 generaliter
3753 4633 3860 4688 tale
3903 4644 3991 4690 est

2398 4746 2566 4801 genus
2590 4731 2900 4794 humanum,
2930 4739 2987 4783 ut
3015 4729 3133 4797 plus
3159 4738 3303 4782 amet
3333 4742 3455 4796 qua:
3485 4728 3651 4793 videt,
3678 4741 3841 4797 quam
3866 4741 3990 4797 quas

2400 4840 2507 4879 non
2542 4824 2766 4878 videndo
2795 4831 2995 4893 sperat.
3034 4822 3192 4889 Ergo,
3226 4823 3364 4875 sicut
3387 4835 3553 4889 supra
3581 4820 3835 4887 diximus,
3861 4836 3989 4879 cum

2398 4914 2633 4969 incertos
2659 4915 2897 4984 posuerit
2924 4912 3261 4966 diversorum
3288 4910 3507 4980 gradus,
3538 4919 3594 4965 et
3620 4925 3811 4967 omnes
3838 4917 3987 4968 sata-

2399 5013 2586 5075 gentes
2616 5004 2807 5059 viderit
2836 5004 2887 5058 iu
2926 5003 3068 5058 hunc
3092 5002 3380 5072 aliquando
3426 5002 3565 5057 velle
3611 5016 3672 5058 so
3696 5005 3986 5073 pervenire

2402 5098 2684 5163 honorem,
2720 5096 2964 5150 certatim
2992 5093 3250 5149 festinent
3276 5092 3568 5163 adimplere
3586 5132 3602 5160 ,
3634 5102 3695 5148 ut
3720 5108 3818 5164 per
3842 5093 3990 5153 bona

2401 5196 2520 5243 acta
2572 5188 2815 5257 placeant
2860 5186 3135 5253 ordinari;
3189 5194 3247 5239 ut
3286 5186 3651 5255 unusquisque
3694 5185 3991 5242 ostendens

2401 5296 2566 5351 opera
2595 5297 2690 5338 sua
2712 5290 2898 5335 sancta
2926 5280 3107 5335 abbati
3135 5288 3190 5334 et
3211 5278 3343 5347 Deo,
3376 5279 3428 5333 in
3469 5280 3574 5335 hoc
3600 5278 3811 5336 honore
3837 5278 3905 5335 de
3925 5294 3989 5336 se

2401 5394 2559 5450 posse
2604 5379 2909 5435 consentire
2939 5379 3108 5434 Deum
3140 5385 3194 5431 et
3222 5377 3471 5432 abbatem
3499 5376 3658 5444 digne
3682 5376 3753 5432 de
3794 5390 3856 5431 se
3894 5392 3988 5434 su-

2399 5472 2608 5543 spicent
2647 5472 2885 5541 judicare
2916 5490 2927 5524 :
2959 5488 3079 5527 cmn
3108 5470 3336 5525 invicem
3374 5469 3476 5525 sibi
3502 5478 3560 5525 et
3582 5468 3701 5523 zelo
3728 5469 3856 5525 boni
3883 5469 3987 5526 ho-

2401 5568 2549 5621 noris
2618 5576 2672 5622 et
2709 5566 2977 5621 desiicrio
3029 5564 3408 5635 propensiores
3458 5562 3801 5629 exstiterint,
3859 5572 3991 5618 tunc

2401 5669 2664 5728 coguntur
2694 5659 2745 5712 in
2790 5673 2848 5711 se
2890 5657 2999 5711 Deo
3028 5665 3084 5711 et
3111 5653 3294 5708 abbati
3324 5656 3503 5709 omnia
3529 5662 3714 5709 sancta
3756 5659 3815 5709 et
3842 5652 3988 5708 bona

2401 5751 2703 5814 ostendere,
2737 5766 2855 5805 CUlll
2906 5745 3265 5817 perfecturum
3310 5746 3498 5798 merita
3545 5742 3810 5814 coeperint
3854 5755 3986 5812 spe-

2400 5856 2558 5904 rare;
2606 5852 2659 5898 ct
2690 5840 2846 5895 modo
2890 5841 2998 5907 jam
3040 5839 3089 5895 lu
3142 5854 3200 5891 se
3249 5836 3402 5893 factis
3445 5834 3734 5895 ostendero
3761 5876 3780 5904 ,
3833 5831 3983 5901 quod
