5174 6594
1755 437 1892 498 1047

3043 437 3389 498 AUCTORIS
3428 436 3704 497 INCERTI

4878 441 5011 499 1N8

1749 567 1975 613 caeteros
2001 565 2188 629 postea
2214 558 2391 614 verbis
2412 557 2634 628 cupiunt
2656 557 2907 613 edocere.
2942 555 3071 611 Nam
3104 564 3158 611 ct
3204 554 3323 610 ideo
3353 552 3406 614 Δ
3430 562 3616 624 pastor
3643 553 3877 623 eligitur,
3895 560 3950 609 et
3976 554 4127 611 vobis
4152 553 4317 610 abbas
4340 568 4371 610 a
4399 553 4653 623 Domino,
4684 554 4773 610 cui
4800 569 5012 625 semper

1743 650 1985 720 aequales
2004 665 2193 704 omnes
2209 649 2410 704 habere
2438 650 2811 705 constituimus
2822 648 3034 717 gradus,
3050 655 3103 701 et
3123 646 3324 701 nullum

1748 740 1807 796 in
1838 741 2076 796 secundo
2105 741 2310 795 honore
2351 740 2779 796 constituendum
2805 780 2820 803 ,
2852 754 2918 794 ne
2966 739 3102 793 forte
3125 778 3140 803 ,
3190 738 3329 792 sicut

1745 831 1879 887 dicit
1905 830 2199 901 Scriptura,
2249 843 2399 886 erant
2441 833 2701 886 novissimi
2731 834 2914 900 primi,
2948 841 2995 885 et
3030 832 3183 901 primi
3234 847 3328 883 no-

1740 925 1941 977 vissimi
1969 924 2181 990 (Matth.
2214 924 2359 991 XIX);
2389 924 2543 991 hujus
2567 925 2701 977 forte
2724 924 2898 976 fratris
2921 924 2973 975 in
3003 921 3327 975 monasterio

1740 1024 1873 1067 ante
1895 1016 2097 1068 obitum
2121 1015 2327 1069 abbatis
2355 1015 2612 1068 debeatur
2642 1016 2928 1081 ingressus,
2954 1011 3075 1080 quia
3096 1010 3205 1078 jam
3237 1016 3328 1063 aut

1742 1102 1924 1170 aliqua
1956 1104 2137 1172 regula
2170 1105 2514 1173 approbatus,
2547 1113 2637 1157 aut
2665 1113 2830 1166 certe,
2863 1111 2921 1156 ut
2949 1102 3014 1156 de
3050 1100 3229 1155 multis
3272 1100 3325 1153 in

1744 1191 1882 1249 Vitis
1910 1195 2100 1262 legitur
2128 1194 2365 1260 Patrum,
2401 1207 2620 1266 propter
2648 1193 2961 1249 humilitatis
3002 1192 3322 1247 desiderium

1739 1288 2073 1343 monasteria
2102 1287 2187 1341 vel
2218 1290 2660 1357 congregationes
2690 1304 2813 1343 suas
2859 1288 3122 1342 absconse
3165 1286 3322 1341 dese-

1741 1388 1948 1446 rentes,
1970 1382 2257 1450 suhjngare
2285 1399 2343 1436 se
2371 1383 2547 1435 alieno
2582 1382 2785 1434 malunt.
2816 1382 3059 1450 imperio.
3108 1380 3170 1432 Et
3200 1379 3320 1448 quia

1739 1486 1853 1528 non
1886 1473 2059 1540 privat
2089 1472 2241 1527 bonis
2273 1473 2413 1527 Deus
2441 1474 2776 1527 ambulantes
2822 1473 2872 1525 in
2904 1471 3208 1526 innocentia
3239 1468 3323 1523 vel

1743 1562 2080 1630 humilitate;
2132 1573 2187 1618 et
2243 1580 2349 1617 non
2402 1574 2582 1633 potest
2625 1565 2878 1619 abscondi
2923 1565 3111 1618 civitas
3161 1577 3323 1632 super

1740 1666 1982 1710 montem
2018 1657 2208 1724 posita,
2234 1671 2332 1710 nec
2354 1656 2567 1710 lucerna
2593 1673 2835 1718 BCCBIISII,
2871 1672 2976 1710 non
3002 1656 3099 1709 sub
3121 1654 3319 1716 modio,

1735 1747 1835 1801 sed
1891 1762 2053 1814 super
2111 1748 2490 1802 candelabrum
2544 1750 2715 1816 posita
2750 1749 3046 1814 illucescit,
3102 1747 3227 1817 quid
3277 1748 3321 1800 si

1735 1834 1881 1891 forte
1900 1837 1965 1890 de
1983 1838 2454 1904 negligentior-ibus
2472 1840 2582 1893 suis
2605 1840 2854 1892 fratribus
2874 1840 3104 1906 aliquem
3123 1854 3181 1892 se
3202 1838 3322 1892 vivo

1735 1926 1909 1980 abbas
1938 1928 1987 1979 in
2019 1930 2311 1983 secundum
2360 1930 2581 1996 gradum
2623 1931 2730 1994 jam
2777 1931 3058 1997 designet,
3106 1938 3160 1983 et
3198 1945 3320 1984 cum
3356 1923 3398 1980 Β

1737 2015 1899 2085 hujus
1923 2022 2211 2088 supradicti
2271 2022 2401 2074 tanti
2435 2023 2531 2077 viri
2565 2024 2802 2076 scholam
2846 2023 2967 2076 novi
3011 2022 3321 2077 monasterii

1737 2120 1843 2177 per
1875 2109 2229 2164 humilitatem
2259 2113 2482 2165 relatam
2514 2129 2735 2181 magnus
2780 2114 2862 2166 vir
2902 2113 3219 2179 intraverit,
3267 2123 3323 2166 et

1737 2198 1858 2267 ejus
1884 2202 2123 2270 quotidie
2154 2204 2293 2257 ultro
2322 2205 2557 2273 perfecta
2588 2206 2877 2259 claruerint
2907 2222 3089 2275 opera,
3117 2216 3171 2261 et
3198 2220 3319 2261 cum

1734 2288 2085 2361 despectione
2134 2295 2306 2359 agitur
2351 2297 2665 2351 monasterii
2716 2297 2955 2351 novellus
2993 2296 3317 2365 discipulus,

1735 2393 2061 2451 agnoscatur
2090 2386 2243 2440 factis
2274 2388 2466 2441 (λιι-ἰεῦ
2498 2388 2652 2441 miles
2680 2388 2948 2456 antiquus.
2976 2386 3167 2441 Nonne
3194 2400 3319 2440 cum

1735 2473 1884 2529 hunc
1914 2477 2072 2530 talem
2104 2477 2283 2531 Subito
2321 2478 2487 2533 abbas
2516 2480 2813 2547 agnoverit,
2849 2479 3181 2547 negligenter
3208 2478 3319 2546 jam

1735 2567 2047 2622 ordinatum
2074 2570 2447 2623 secundarium
2473 2586 2507 2637 ,'
2535 2572 2754 2641 preprio
2782 2586 2923 2639 smpe
2952 2571 3210 2640 pmniteat
3239 2569 3320 2623 fa-

1734 2668 1847 2723 cto,
1877 2669 1932 2714 et
1958 2676 2053 2713 suo
2073 2660 2279 2727 judicio
2306 2661 2571 2716 efficiatur
2600 2662 2881 2731 reprobus,
2919 2662 3121 2730 cogitat
3162 2661 3320 2716 dissi-

1732 2763 1868 2819 pare
1906 2750 2046 2818 quod
2077 2750 2276 2805 fecerat
2305 2768 2318 2804 :
2348 2766 2470 2805 cum
2509 2767 2617 2807 non
2665 2761 2747 2808 est
2797 2753 3013 2820 dignum
3043 2761 3101 2806 ut
3131 2753 3324 2807 melior

1729 2841 1835 2897 sub
1875 2842 2144 2897 deteriore
2190 2845 2475 2906 consistat;
2508 2847 2566 2900 et'
2589 2846 2677 2899 hic
2704 2846 2880 2899 verbis
2926 2846 3187 2914 imperet,
3228 2847 3319 2914 qui

1728 2935 1993 3005 imperata
2011 2935 2165 2990 fartis
2190 2953 2295 2991 non
2326 2939 2493 3006 possit
2519 2937 2832 3005 adimplere.
2858 2934 2999 3004 Ergo
3024 2950 3319 3003 suspensus

1729 3027 1958 3084 honoris
1983 3029 2175 3096 gradus
2198 3029 2457 3084 habeatur
2478 3031 2532 3084 in
2561 3030 2811 3085 omnibus
2835 3070 2850 3095 ,
2894 3038 2951 3082 et
2971 3031 3205 3083 ostensis
3223 3028 3318 3083 be—

1728 3120 2009 3191 neplacitis
2065 3122 2389 3189 quandoque
2456 3122 2733 3190 promzssis
2778 3122 2880 3174 hoc
2928 3121 3092 3173 abbas
3140 3120 3319 3173 fratri-

1727 3215 1830 3270 bus
1850 3213 1959 3268 suis
1975 3227 2115 3281 smpe
2136 3213 2312 3267 verbis
2333 3214 2615 3282 spondeat,
2633 3213 2814 3267 dicens
2842 3230 2853 3265 :
2875 3210 3033 3265 Dabit
3056 3211 3315 3266 Dominus

3430 647 3499 701 de
3527 647 3681 702 bonis
3718 648 3927 702 actibus
3956 646 4196 717 placeat,
4227 648 4525 713 ordinatur,
4553 661 4773 717 gregem
4804 647 5014 703 Domini

3429 742 3608 795 futuro
3675 739 3877 810 judicio
3927 740 4401 809 reconsignaturus
4447 740 4728 810 suscipiat.
4786 739 5013 806 Videte,

3429 830 3655 896 fratres,
3715 846 3782 883 ne
3832 830 3951 898 quis
4004 830 4143 885 hanc
4188 828 4578 884 ordinationem
4642 828 4825 885 animo
4875 830 5018 887 malo

3428 921 3703 989 suscipiat,
3748 929 3804 975 et
3848 920 4117 974 Christum
4159 930 4515 987 contemnat,
4555 921 4711 988 cujus
4741 921 4916 976 vicem
4967 922 5015 975 in

3428 1014 3758 1068 monasterio
3799 1013 3954 1067 vobis
3984 1014 4086 1068 iste
4137 1022 4353 1067 acturus
4401 1020 4505 1067 est.
4559 1011 4689 1066 Post
4734 1013 4853 1067 lucc
4900 1026 5014 1069 aeta

3427 1108 3608 1163 statim
3636 1109 3884 1163 oratione
3908 1110 3977 1163 ab
4006 1108 4258 1163 omnibus
4284 1105 4422 1161 facta
4442 1149 4456 1174 ,
4502 1107 4802 1163 accersitur
4839 1110 5015 1161 statim

3428 1201 3620 1272 praesul
3650 1199 3904 1256 Ecclesiae
3934 1200 4101 1271 ipsius
4133 1198 4384 1254 territorii
4411 1242 4427 1267 ,
4480 1206 4542 1252 ut
4569 1199 4882 1254 testimonio
4906 1199 5017 1263 ejus

3428 1293 3717 1348 clericatus
3746 1292 3931 1357 omcii,
3962 1300 4172 1347 mutato
4196 1290 4434 1361 episcopi
4465 1306 4628 1345 manu
4656 1291 4879 1346 nomine
4909 1290 5017 1359 ejus

3429 1387 3482 1439 in
3511 1387 3723 1441 abbatis
3756 1386 4037 1448 honorem,
4067 1386 4117 1439 in
4164 1386 4363 1454 diptico
4409 1393 4531 1454 post
4580 1400 4779 1439 nomen
4826 1387 5017 1455 prioris

3428 1484 3544 1551 ejus
3570 1483 3679 1551 jam
3728 1485 3887 1538 missa
3943 1482 4125 1537 altaris
4176 1482 4228 1535 in
4274 1483 4515 1537 oratorio
4552 1498 4583 1537 a
4626 1482 4831 1538 clerico
4880 1484 5015 1538 reci-

3428 1582 3588 1639 tetur,
3620 1576 3736 1644 ipso
3785 1575 4113 1629 oblationem
4144 1574 4368 1627 fratrum
4400 1573 4681 1628 offerente.
4734 1574 4793 1629 Si
4840 1584 5015 1628 tamen

3428 1666 3592 1720 abbas
3633 1666 3807 1720 adhuc
3835 1665 4119 1720 defunctus
4158 1680 4265 1719 non
4298 1664 4478 1727 fuerit,
4510 1675 4565 1718 et
4593 1664 4769 1719 adhuc
4814 1665 5016 1719 deletus

3428 1756 3615 1809 avivis
3662 1771 3767 1809 non
3812 1756 4003 1817 fuerit,
4062 1765 4187 1808 tunc
4214 1762 4336 1824 post
4363 1770 4559 1809 nomen
4613 1756 4854 1822 majoris.
4888 1757 5015 1810 Nam

3430 1855 3711 1916 postquam
3742 1845 3981 1900 defuncti
4033 1861 4229 1903 nomen
4275 1845 4414 1899 inter
4446 1846 4789 1914 quiescentes
4818 1848 5013 1915 migra-

3427 1936 3601 1999 verit,
3650 1936 3772 1989 novi
3823 1950 4018 1989 nomen
4066 1934 4119 1988 in
4168 1935 4343 2004 capite
4370 1936 4655 1990 scribatur.
4707 1935 4831 1990 Mox
4892 1952 5017 2005 ergo

3428 2028 3766 2082 celebrantes
3795 2028 3846 2080 in
3879 2029 4120 2081 oratorio
4167 2027 4356 2081 missas
4385 2069 4402 2095 ,
4456 2043 4579 2082 cum
4632 2028 5019 2099 explicaverint

3428 2126 3715 2188 praesente,
3750 2127 3808 2172 ut
3831 2119 4087 2183 diximus,
4118 2118 4373 2188 pontifice
4395 2157 4412 2182 ,
4469 2120 4553 2174 vel
4602 2130 4799 2175 cuncto
4828 2121 5015 2174 ordine

3426 2209 3713 2264 clericatus
3739 2209 3921 2272 officii,
3970 2209 4096 2263 data
4124 2209 4174 2264 ei
4214 2224 4243 2263 a
4273 2210 4451 2278 priore
4478 2226 4610 2280 pace
4642 2253 4657 2276 ,
4713 2211 4799 2265 vel
4830 2214 5015 2266 subse-

3425 2309 3628 2367 quente
3653 2301 4096 2369 congregatione,
4144 2300 4320 2354 tradat
4351 2301 4398 2356 ei
4440 2302 4493 2355 in
4522 2317 4740 2355 manum
4778 2303 5011 2370 regulam

3424 2390 3568 2444 hanc
3597 2432 3613 2457 ,
3660 2390 3818 2444 simul
3845 2398 3900 2444 et
3936 2391 4137 2459 petitas
4182 2391 4363 2446 claves
4409 2406 4439 2445 a
4468 2391 4689 2446 cellario
4720 2392 4787 2446 de
4826 2394 5013 2447 enlicis

3424 2483 3829 2550 monasterii,et
3849 2483 4065 2538 brevem
4086 2499 4264 2538 rerum
4294 2485 4683 2549 universarum,
4718 2484 5011 2539 ferramen-

3424 2582 3733 2643 torumque,
3762 2583 3818 2628 et
3859 2575 4105 2629 codicum
4151 2576 4234 2630 vel
4265 2577 4635 2633 universorum
4689 2577 5005 2635 mobilium;

3425 2673 3481 2719 et
3508 2666 3701 2719 collata
3733 2667 4064 2734 singulorum
4098 2676 4423 2722 testamento
4467 2672 4646 2723 omnia
4696 2680 4823 2723 ante
4879 2686 5009 2738 pon-

3425 2756 3625 2811 tilicem
3656 2759 4015 2824 assignentur.
4044 2757 4178 2813 Nam
4207 2759 4471 2823 dicat,cui
4492 2759 4584 2814 dat
4609 2762 4851 2827 regulam
4873 2761 5009 2816 hanc

3425 2858 3692 2918 prmsente
3720 2850 3992 2919 pontifice,
4022 2852 4105 2906 vel
4147 2851 4400 2907 universo
4422 2852 4602 2907 officio
4630 2854 4768 2922 ejus,
4801 2855 4888 2907 vel
4916 2869 5008 2907 sua

3424 2939 3879 3006 congregatione:
3911 2940 4131 3011 Accipe,
4162 2940 4351 3006 frater,
4384 2942 4558 3011 legem
4603 2943 4715 3007 Dei,
4746 2944 4888 2997 hanc
4939 2959 5011 2997 re-

3422 3030 3601 3099 gulam
3622 3072 3637 3097 ,
3670 3031 3722 3083 in
3754 3046 3855 3098 qua
3886 3032 4300 3088 observantibus
4326 3042 4583 3089 aeternam
4628 3035 4913 3104 provideas
4938 3036 5011 3088 vi-

3424 3130 3565 3186 tam;
3611 3122 4003 3191 negligentibus
4021 3125 4407 3193 sempiternum
4437 3142 4709 3195 proponas
4724 3126 5007 3195 judicium.

3425 3210 3523 3267 Hic
3563 3213 3737 3266 anima
3764 3214 3948 3281 vincit,
3979 3224 4073 3269 aut
4120 3220 4290 3284 perit;
4341 3216 4429 3272 hic
4458 3218 4563 3271 vita
4608 3226 4705 3272 aut
4751 3220 5012 3273 amittitur

1725 3308 1990 3364 honorem
2022 3278 2145 3360 huic
2176 3306 2269 3375 qui
2296 3278 2497 3360 sanctis
2524 3322 2646 3361 eum
2688 3304 3062 3374 provocaverit
3113 3303 3268 3358 factis
3293 3344 3311 3370 ,
3346 3278 3391 3340 (ἶ
3424 3311 3518 3357 aut
3546 3311 3784 3368 tenetur;
3818 3302 3905 3358 hic
3935 3278 4136 3374 pendet
4162 3278 4383 3361 istarum
4408 3322 4544 3377 quas
4576 3309 4850 3379 conspicrs
4897 3311 5011 3363 arti-

1726 3416 1832 3456 nec
1862 3398 2130 3451 fraudabit
2159 3414 2283 3452 eum
2337 3398 2608 3452 desiderio
2656 3413 2773 3461 suo,
2804 3412 2835 3449 a
2880 3410 2989 3464 quo
3043 3409 3143 3450 nec
3172 3394 3317 3450 Deus

1726 3491 1845 3559 ipse
1874 3488 2148 3541 fraudatus
2178 3497 2263 3541 est
2304 3503 2333 3540 a
2362 3488 2514 3542 lucro
2542 3503 2641 3542 suo
2668 3506 2678 3540 :
2712 3495 2766 3541 et
2792 3484 3041 3555 providet
3067 3485 3209 3541 Deus
3235 3485 3317 3540 di-

1724 3582 1803 3637 sci
1845 3582 1946 3635 nlis
1974 3597 2071 3650 per
2096 3582 2267 3650 ipsum
2296 3580 2415 3636 aliis
2436 3581 2575 3653 quod
2618 3595 2753 3650 Opus
2782 3590 2881 3645 est,
2906 3595 3025 3635 cum
3072 3580 3217 3650 prius
3247 3580 3317 3635 de

1724 3676 1845 3745 ipso
1877 3674 2129 3741 magistro
2162 3676 2275 3743 ipse
2299 3674 2429 3729 nihil
2451 3675 2675 3743 cmperit
2704 3673 2967 3742 indigere.
2998 3674 3141 3743 Ergo
3186 3674 3316 3729 dum

1724 3766 1782 3821 in
1813 3766 1949 3819 banc
1976 3764 2120 3818 sitim
2162 3765 2381 3819 honoris
2416 3779 2606 3819 omnes
2654 3764 2850 3819 fratres
2905 3764 3072 3819 abbas
3123 3765 3319 3820 viderit

1724 3858 1985 3912 anhelare
2012 3896 2028 3922 ,
2070 3865 2126 3911 et
2170 3856 2413 3909 certatim
2460 3871 2624 3925 opera
2653 3864 2839 3910 sancta
2890 3855 2945 3910 in
2989 3856 3146 3912 bonis
3175 3871 3315 3926 pra:-

1724 3958 2005 4017 ceptorurn
2041 3948 2132 4001 Dei
2156 3947 2439 4002 desideriis
2467 3948 2708 4002 diversos
2738 3963 2798 4001 se
2827 3948 3115 4003 ostendere
3137 3989 3152 4009 ,
3186 3964 3317 4003 con-

1725 4042 1927 4096 sideret
1956 4057 2170 4109 semper
2198 4042 2376 4093 animo
2406 4081 2421 4102 ,
2475 4049 2530 4094 et
2574 4039 2732 4092 oculo
2760 4048 3029 4093 scrutetur
3055 4082 3067 4105 ,
3120 4040 3210 4109 qui
3239 4040 3317 4095 di-

1726 4134 1899 4187 versis
1933 4135 1981 4185 in
2016 4147 2188 4199 agone
2231 4131 2590 4185 observantia:
2634 4132 2883 4198 superior
2914 4129 2999 4184 vel
3045 4130 3316 4199 perfectus

1723 4227 2021 4285 exstizcrit;
2067 4234 2119 4277 et
2145 4225 2250 4290 jam
2283 4234 2525 4290 tempore
2555 4222 2742 4275 mortis
2773 4237 2883 4275 sua:
2912 4223 3112 4276 vocatis
3138 4224 3314 4275 omni-

1727 4318 1825 4372 bus
1856 4325 1979 4368 an'e
2009 4329 2065 4367 se
2121 4313 2370 4365 fratribus
2395 4353 2407 4376 ,
2460 4314 2601 4365 dicat
2638 4312 2751 4364 eis:
2789 4310 2932 4366 Bene
2959 4326 3054 4367 vos
3098 4312 3312 4380 quidem

1724 4423 1917 4463 omnes
1950 4412 1999 4459 in
2032 4406 2408 4458 observatione
2444 4413 2630 4457 sancta
2659 4404 2877 4472 egistis;
2907 4406 3044 4459 bene
3073 4414 3191 4460 acta
3223 4419 3314 4459 ve-

1725 4510 1838 4554 stra
1890 4498 1981 4549 Dei
2034 4512 2247 4559 semper
2296 4496 2593 4561 piwbuistis
2644 4493 3067 4562 aSpecttbuszet
3124 4503 3313 4548 vocato

1726 4590 1907 4644 sub‘to
1945 4588 2157 4641 nomine
2204 4587 2381 4650 illius,
2439 4588 2520 4641 vel
2566 4588 2897 4655 apprehensa
2944 4603 3104 4641 manu
3155 4588 3309 4655 ejus,

1726 4697 1887 4752 quem
1921 4681 2193 4731 meliorem
2227 4678 2436 4731 inomni
2470 4676 2799 4743 perfectione
2820 4692 3030 4747 semper
3052 4678 3313 4732 absconse

1726 4775 1935 4829 cameris
1960 4772 2252 4838 judicavit,
2286 4771 2429 4823 dicat
2459 4771 2601 4823 omni
2651 4770 3049 4836 congregationi
3076 4786 3088 4823 :
3118 4772 3312 4825 Audite

1729 4882 1837 4927 me,
1875 4863 1988 4928 filii,
2023 4864 2253 4917 Trinitas
2293 4874 2476 4916 sancta
2508 4864 2673 4927 novit,
2697 4862 2845 4930 cujus
2869 4863 3071 4932 judicio
3094 4864 3181 4918 llic
3210 4864 3309 4918 eli-

1726 4955 2029 5024 gitur.quia
2055 4955 2205 5007 volns
2232 4954 2476 5007 omnibus
2508 4956 2557 5006 in
2588 4954 2729 5007 omni
2762 4954 3137 5008 observatione
3162 4970 3312 5007 Inan-

1730 5048 1981 5102 datornm
2012 5048 2123 5111 Dei,
2156 5047 2206 5100 id
2238 5057 2336 5109 est,
2362 5047 2413 5098 in
2447 5046 2837 5111 taciturnitate,
2883 5047 2935 5099 in
2965 5046 3264 5100 obedientia
3292 5084 3307 5109 ,

1729 5137 1785 5192 in
1814 5138 1937 5201 ﬁde,
1974 5139 2023 5191 in
2080 5154 2230 5203 pace,
2265 5138 2315 5191 in
2343 5138 2535 5205 gratia,
2566 5138 2619 5190 in
2646 5138 2923 5205 patientia,
2955 5138 3006 5190 in
3037 5138 3310 5205 bonitate,

1728 5229 1786 5286 in
1815 5230 2176 5299 simplicitate,
2213 5231 2263 5283 in
2288 5230 2585 5297 vigilantia,
2636 5230 2686 5282 in
2717 5230 3027 5289 sobrietate,
3059 5230 3109 5282 in
3141 5230 3315 5284 conti-

1731 5323 1936 5388 nentia,
1964 5324 2017 5375 in
2048 5320 2290 5375 castitate
2309 5336 2521 5389 semper
2548 5322 2742 5377 melior
2764 5321 3029 5375 exstiterit
3053 5321 3166 5373 iste.

2299 5431 2526 5486 CAPUT
2563 5431 2741 5487 XCIII.

2150 5537 2535 5578 INTERROGATIO
2574 5539 2681 5578 DISC
2691 5543 2698 5573 l
2708 5540 2845 5577 PULI.

1739 5635 1816 5689 De
1838 5636 2159 5690 ordinatione
2188 5639 2303 5689 novi
2326 5639 2522 5692 abbatis
2544 5640 2689 5693 electi
2712 5639 2773 5692 de
2802 5640 3035 5694 omnibus
3064 5656 3097 5693 a
3117 5641 3309 5710 priore.

1944 5804 1947 5809 ι
1998 5761 2299 5800 ΒΕΒΡΘΧΒΕΤ
2341 5764 2565 5805 DOMINI'S
2604 5767 2699 5804 I‘ER
2744 5766 3061 5807 MAGISTRUSI.

1807 5856 2039 5916 Ideoouc
2086 5860 2289 5928 judicio
2338 5860 2435 5917 Dei
2492 5873 2547 5918 et
2600 5865 2907 5920 testimonio
2981 5879 3106 5922 meo
3160 5864 3315 5922 vobis

3419 3409 3629 3449 marqu
3660 3410 3689 3449 a
3723 3405 3772 3450 te
3802 3395 3894 3451 Dei
3921 3398 4157 3452 exactio.
4191 3398 4267 3453 De
4294 3400 4397 3454 hoc
4424 3399 4589 3455 breve
4630 3402 4811 3470 gregis
4858 3403 5011 3459 istius

3420 3484 3475 3539 in
3498 3484 3698 3552 judicio
3722 3486 3933 3541 Domini
3982 3497 4105 3557 post
4147 3503 4235 3544 me
4264 3497 4321 3542 tu
4352 3489 4590 3545 facturus
4615 3505 4674 3546 es
4726 3493 5008 3549 rationem.

3420 3575 3712 3642 Memento,
3756 3575 3945 3643 frater,
4003 3588 4275 3634 memento
4302 3580 4428 3648 quia
4474 3581 4596 3650 plus
4622 3582 4709 3635 cui
4738 3584 5008 3650 creditur,

3421 3666 3542 3736 plus
3564 3666 3631 3721 ab
3660 3681 3728 3721 eo
3765 3667 4039 3735 exigitur:
4073 3676 4129 3722 et
4178 3675 4298 3723 esto
4344 3667 4456 3738 jam
4482 3669 4749 3727 sollicitus
4770 3712 4786 3735 ,
4820 3682 4874 3727 et
4902 3673 5009 3728 noli

3419 3775 3541 3815 esse
3568 3773 3793 3815 securus
3820 3761 3886 3813 de
3937 3759 4050 3829 lupi
4098 3759 4384 3816 voracibus
4435 3760 4675 3817 faucibus
4716 3762 5009 3819 diabolicas

3420 3852 3639 3907 insidias
3689 3852 3839 3921 gregi
3889 3859 3983 3906 tuo
4022 3851 4262 3917 futuras;
4306 3852 4399 3908 sed
4447 3862 4504 3908 et
4531 3853 4844 3910 vulneribus
4898 3856 5009 3912 ani-

3419 3958 3649 4007 marum,
3674 3943 3759 3996 vel
3792 3943 3960 3997 ruinis
3987 3943 4289 4012 culparum,
4312 3944 4507 4013 quibus
4547 3946 4756 4001 artibus
4781 3948 4871 4003 vel
4896 3964 5010 4004 mo-

3418 4035 3711 4091 nitionibus
3748 4036 3815 4089 ad
3840 4036 4067 4091 salutem
4092 4038 4300 4093 animas
4322 4038 4502 4095 valeas
4523 4048 4858 4097 restaurare.
4877 4042 5001 4098 Esto

3412 4125 3525 4194 jam
3577 4124 3836 4195 quantum
3905 4134 4060 4194 potes
4113 4127 4339 4194 vigilans
4391 4139 4447 4183 et
4507 4130 4815 4199 sollicitus;
4874 4135 5004 4202 quia

3418 4231 3589 4284 usque
3622 4215 3784 4270 hodie
3812 4215 3958 4270 fuisti
3985 4232 4230 4271 securus.
4286 4218 4411 4273 Haec
4458 4234 4579 4273 cum
4608 4222 4963 4291 compleverit
4985 4262 4999 4287 ,

3415 4308 3654 4376 regulam
3681 4307 3837 4360 istam
3858 4308 4058 4361 tenenti
4090 4308 4142 4361 in
4171 4324 4332 4362 manu
4362 4310 4557 4365 iterato
4580 4311 4726 4366 dicat
4754 4330 4771 4369 :
4804 4312 5001 4381 Abbas,

3416 4398 3697 4466 ingredere
3732 4400 4030 4453 oratorium
4085 4398 4327 4464 Domini;
4381 4410 4439 4455 et
4484 4410 4568 4456 sta
4599 4404 4653 4457 in
4710 4404 4835 4459 loco
4885 4422 5003 4461 meo

3413 4507 3536 4547 cum
3568 4492 3985 4559 congregatione
4005 4492 4118 4559 jam
4150 4493 4470 4563 tua.Alliget
4490 4510 4732 4551 summus
4751 4499 5005 4553 sacerdos

3417 4584 3752 4640 orationibus
3782 4585 3894 4637 suis
3948 4585 4001 4638 in
4030 4585 4195 4652 gestis
4236 4586 4518 4653 cmlorum,
4546 4589 4691 4658 quod
4720 4591 5004 4661 suscepisti

3418 4678 3471 4731 in
3501 4677 3678 4741 terris,
3711 4685 3767 4730 et
3798 4676 4054 4746 posthaec
4084 4677 4226 4733 dicta
4258 4680 4434 4733 tradat
4473 4681 4522 4735 ei
4556 4682 4779 4749 pallium
4808 4700 4963 4739 suum
4983 4702 5001 4735 :

3418 4784 3524 4837 quo
3554 4778 3778 4836 accepto
3808 4767 4083 4823 osculetur
4124 4770 4212 4836 qui
4242 4772 4513 4837 acceperit
4540 4787 4760 4827 manum
4790 4776 4996 4839 dantis;

3418 4869 3611 4912 etcum
3642 4860 3912 4927 acceperit
3944 4875 4067 4913 mox
4096 4860 4365 4928 ingressus
4388 4876 4507 4915 cum
4528 4864 4815 4919 sacerdote
4834 4882 5004 4921 novus

3417 4951 3585 5005 abbas
3613 4967 3732 5005 cum
3765 4954 4183 5018 congregatione
4201 4955 4313 5020 jam
4349 4968 4445 5007 sua
4491 4953 4544 5008 in
4574 4958 4874 5011 oratorium
4898 4998 4916 5025 ,
4952 4970 5004 5013 et

3416 5054 3565 5099 stans
3588 5047 3639 5099 in
3669 5046 3790 5100 loco
3819 5047 4034 5113 prioris,
4061 5055 4347 5116 postquam
4376 5050 4632 5103 sacerdos
4654 5066 4756 5119 pro
4786 5067 4855 5107 eo
4882 5069 5002 5108 ora-

3416 5135 3617 5189 tionem
3643 5136 3910 5199 effuderit,
3934 5137 4111 5191 statim
4136 5138 4297 5191 vadat
4324 5154 4493 5194 novus
4522 5140 4689 5196 abbas
4716 5142 4786 5196 ad
4812 5145 5001 5211 altare,

3416 5234 3470 5280 et
3500 5236 3662 5293 ponat
3700 5244 3862 5295 super
3903 5228 4027 5282 iliud
4076 5231 4355 5296 regulam:
4388 5240 4445 5285 et
4494 5232 4619 5285 dum
4653 5248 4776 5288 eam
4806 5238 5000 5305 ponit,

3413 5333 3573 5385 quam
3605 5321 3845 5388 accepit,
3891 5320 4035 5375 dicat
4081 5330 4228 5376 retro
4276 5323 4451 5377 omnis
4497 5328 4851 5393 congregatio
4901 5342 4999 5382 una

3414 5426 3535 5463 cttm
3580 5412 3695 5479 ipso
3736 5412 3879 5467 hunc
3922 5428 4137 5468 versum
4171 5432 4182 5466 :
4215 5412 4482 5485 Con/irino
4512 5416 4628 5481 hoc,
4668 5416 4833 5485 Deus,
4870 5420 4999 5490 quod

3413 5508 3655 5564 operatus
3700 5516 3753 5553 es
3782 5502 3835 5554 in
3892 5503 4039 5556 nobis
4083 5503 4254 5573 (Prol.
4299 5507 4496 5575 van);
4544 5522 4665 5561 cum
4692 5507 4906 5575 gloria,
4947 5519 4999 5564 et

3412 5589 3701 5644 cantilena.
3727 5590 3856 5656 Quae
3879 5607 4002 5647 cum
4025 5594 4316 5660 perdixerit
4336 5636 4352 5659 ,
4390 5612 4516 5651 mox
4540 5598 4685 5653 clara
4712 5613 4845 5653 voce
4869 5614 4997 5669 pro-

3415 5687 3665 5735 sternens
3687 5697 3748 5736 se
3778 5684 3827 5737 in
3853 5686 4151 5740 orationem
4180 5687 4508 5755 pavimento,
4538 5699 4761 5757 expetat
4792 5706 4892 5759 pro
4938 5706 4995 5746 se

3415 5774 3556 5825 orari
3587 5773 3781 5829 iterum
3812 5776 4187 5841 sacerdotem;
4217 5778 4359 5845 quod
4389 5787 4443 5833 et
4471 5793 4618 5833 retro
4646 5782 4993 5850 congregatio

3415 5866 3663 5924 similiter
3714 5868 4021 5938 pavimento
4067 5868 4360 5926 διώκει-εει.
4416 5869 4486 5927 Et
4540 5880 4825 5942 surgentes
4872 5878 4996 5943 post
