5174 6584
651 436 786 495 1049

2151 434 2451 491 Βεὸυιιλι.

3778 433 3917 489 1050

644 564 970 625 οθωριθωιιι
990 553 1314 619 orationem,
1333 551 1610 607 oscu'etur
1630 566 1803 622 genua
1827 550 2143 617 sacerdotis,
2167 558 2222 605 et
2251 555 2300 610 Α
2330 559 2451 618 post
2476 564 2646 619 ipsum
2679 547 2730 602 in
2760 547 3099 604 orationibus
3149 549 3450 615 habeatur;
3508 556 3563 603 et
3616 550 3924 619 ubicunque

647 651 885 717 erigatur
902 647 951 702 ei
981 646 1052 701 ad
1098 659 1305 715 paeem.
1342 644 1543 699 Deinde
1572 644 1718 698 omni
1743 644 1923 699 obicio
1971 643 2088 711 ejus
2134 657 2228 712 pa-

647 754 765 795 cem
796 737 1102 801 contradat,
1131 734 1326 789 deinde
1356 736 1676 802 praepositis,
1704 734 1789 787 vel
1831 735 1973 787 omni
2002 747 2226 801 congre-

643 830 851 900 gationi
884 846 896 881 :
928 836 985 883 et
1013 828 1274 882 sic‘exeat
1296 826 1609 895 disciplinae,
1634 826 1850 881 tradens
1871 826 2049 880 claves
2069 840 2231 879 manu

643 924 741 977 dua
784 918 1032 975 cellario.
1059 918 1178 972 Mox
1202 918 1401 973 vadens
1430 925 1484 972 et
1506 919 1804 971 oralionem
1834 932 1954 972 cum
1985 916 2232 970 omnibus

646 1010 928 1082 complens
981 1010 1101 1065 sine
1154 1009 1436 1065 sacerdote
1465 1048 1482 1073 ,
1541 1009 1652 1077 jam
1691 1009 1806 1076 ipse
1853 1009 2015 1077 petita
2057 1008 2234 1061 bene-

646 1103 878 1158 dictione
900 1143 915 1167 .
968 1103 1020 1157 in
1049 1102 1301 1157 cathedra
1331 1101 1515 1156 sedeat
1563 1100 1976 1170 przedecessoris
2004 1118 2017 1153 :
2046 1110 2101 1153 et
2143 1115 2235 1153 ve-

646 1193 860 1248 nientes
885 1192 1058 1261 primo
1092 1192 1398 1261 przepositi,
1448 1190 1641 1245 deinde
1671 1206 1860 1245 omnes
1899 1192 2019 1258 ejus
2059 1203 2233 1258 genua

644 1282 978 1340 occulentur.
1004 1282 1127 1337 Mox
1148 1297 1372 1350 surgens
1403 1283 1560 1336 vadat
1584 1283 1650 1336 ad
1679 1282 1945 1350 jacentem
1975 1282 2230 1352 priorem,

645 1384 702 1431 et
731 1374 1007 1431 osculetur
1034 1389 1207 1444 genua
1236 1376 1353 1444 ejus
1377 1393 1389 1439 ;
1441 1383 1494 1430 et
1521 1377 1826 1444 porrigatur
1845 1374 1910 1427 ad
1939 1389 2121 1442 pacem
2163 1374 2231 1428 ei.

648 1466 779 1523 Post
798 1475 1077 1537 acceptam
1107 1482 1293 1538 pacem
1316 1467 1585 1537 quondam
1610 1469 1755 1537 prior
1781 1466 1926 1521 dicat
1954 1466 2230 1520 omnibus:

648 1560 889 1625 Fratres,
919 1567 977 1615 et
1029 1574 1129 1630 pro
1178 1575 1266 1614 me
1296 1568 1484 1623 orate,
1543 1568 1601 1613 ut
1655 1558 1888 1614 rationes
1940 1559 2235 1612 animarum

650 1660 956 1708 vestrarum
1012 1659 1313 1706 transactas
1353 1665 1460 1704 una
1501 1666 1623 1705 cum
1674 1665 1791 1704 mea
1823 1651 2019 1719 possim
2071 1650 2122 1703 in
2153 1648 2240 1703 die

648 1743 836 1812 iudicii
887 1752 1013 1798 ante
1054 1742 1338 1797 Dominum
1383 1741 1739 1796 discussorem
1787 1742 2022 1808 integras
2073 1756 2241 1808 expo-

650 1852 801 1904 nere,
831 1845 888 1894 et
929 1835 1157 1890 ﬁdeliter
1184 1834 1497 1903 consignare
1527 1852 1538 1887 :
1572 1843 1627 1890 ct
1667 1834 1938 1904 quomodo
1970 1850 2065 1887 vos
2105 1848 2236 1887 con-

2331 640 2498 695 abbas
2526 639 2921 708 ambulaverit,
2976 639 3091 707 ipse
3121 638 3299 693 locum
3332 654 3431 709 pro
3461 653 3522 693 se
3554 639 3879 709 suscipiendi
3904 683 3921 708 ,

2333 729 2415 784 vel
2448 730 2572 782 vitia
2611 729 2834 783 fratrum
2887 727 3247 794 emendandi,
3289 731 3374 783 vel
3421 730 3924 786 excommunicandi

2333 820 2604 875 licentiam
2629 819 2826 875 habeat
2846 821 3179 875 attributam.
3195 821 3403 885 Quodsi
3424 823 3922 881 excommunicatus

2334 917 2503 970 frater
2556 914 2869 970 satisfacere
2920 917 2970 969 ei
3017 925 3277 971 consuete
3328 916 3596 980 noluerit,
3646 926 3922 974 reservata

2334 1006 2489 1075 culpa
2516 1006 2632 1074 ejus
2669 1007 2889 1070 abbati,
2925 1006 3038 1075 ipse
3070 1022 3203 1061 vero
3232 1022 3403 1077 usque
3442 1007 3509 1061 ad
3534 1009 3825 1064 adventum
3866 1011 3921 1064 in

2337 1107 2488 1152 reatu
2517 1097 3088 1153 eacommunicationis
3119 1107 3449 1168 permaneat.
3495 1097 3683 1153 Omnia
3728 1100 3826 1155 ista
3858 1116 3925 1155 ex

2336 1188 2673 1255 delegatione
2697 1189 3019 1243 ambulantis
3048 1204 3208 1244 exere
3232 1200 3300 1243 at
3325 1233 3338 1255 ,
3386 1198 3441 1245 et
3468 1191 3521 1246 in
3554 1193 3802 1248 omnibus
3828 1194 3926 1249 ab-

2335 1280 2504 1334 sentis
2532 1289 2653 1348 agat
2678 1281 2821 1335 vices
2844 1280 3074 1336 abbatis.
3105 1280 3207 1335 Sed
3232 1282 3335 1335 hoc
3359 1283 3532 1351 ipsum
3564 1298 3671 1337 non
3718 1299 3815 1339 suo
3838 1284 3927 1351 ju-

2336 1374 2476 1429 dicio
2506 1374 2603 1428 sibi
2633 1374 2899 1438 deferens,
2934 1374 3026 1429 sed
3052 1377 3203 1443 jussu
3226 1377 3420 1443 primis
3443 1386 3497 1430 et
3535 1377 3645 1431 veri
3674 1377 3883 1431 abbatis
3910 1394 3923 1431 :

2338 1482 2461 1520 cum
2482 1465 2530 1520 ei
2561 1480 2655 1534 per
2684 1477 3006 1535 praeceptum
3047 1468 3375 1535 permittitur
3400 1507 3413 1529 ,
3472 1477 3596 1522 tunc
3652 1468 3921 1523 licentiam

2338 1558 2539 1613 habeat
2567 1557 2767 1625 aliquid
2796 1558 3066 1622 ordinare,
3101 1559 3267 1612 autin
3298 1559 3400 1613 hoc
3425 1559 3632 1614 honore
3660 1560 3923 1615 credatse

2339 1665 2499 1719 posse
2527 1650 2845 1705 consistere.
2878 1648 3009 1702 Nam
3039 1651 3182 1703 omni
3213 1651 3342 1704 hora
3384 1652 3634 1706 omnibus
3677 1651 3925 1720 judicans

2338 1757 2397 1795 se
2426 1756 2544 1796 esse
2570 1742 2855 1812 :equalem,
2880 1750 2935 1796 et
2966 1742 3154 1809 magis,
3188 1743 3231 1796 si
3271 1744 3384 1798 vult
3411 1759 3531 1799 esse
3560 1743 3847 1814 perfectus,
3873 1753 3928 1799 et

2339 1832 2497 1899 digne
2519 1832 2634 1886 vult
2654 1832 2721 1886 ad
2744 1832 2890 1902 quod
2929 1833 3216 1902 deputatus
3244 1842 3329 1888 est
3368 1836 3651 1904 pervenire
3680 1879 3695 1905 ,
3751 1836 3929 1890 humi-

649 1931 912 1987 stabilivit
956 1930 1212 1983 Dominus
1257 1928 1309 1982 in
1357 1930 1514 1981 terris
1540 1969 1553 1988 .
1608 1936 1663 1982 et
1693 1942 1844 1981 meos
1873 1928 2009 1980 bene
2063 1927 2237 1982 exitus
2268 1915 2312 1973 Β
2346 1923 2523 1977 liando
2552 1938 2610 1975 se
2638 1923 2900 1977 universs
2929 1923 3183 1980 fratribus
3231 1926 3361 1991 suis,
3394 1927 3563 1995 magis
3591 1942 3651 1981 se
3679 1926 3931 1982 omnibus

657 2022 939 2091 suscipere
976 2021 1225 2089 dignetur
1257 2021 1306 2073 in
1337 2019 1504 2075 C(elis.
1555 2017 1704 2073 Unde
1740 2018 1809 2071 sit
1830 2020 1962 2086 post'
1979 2019 2080 2071 hoc
2102 2018 2238 2071 forte

656 2114 971 2170 .nelioratus
1000 2112 1113 2182 ipse
1143 2112 1329 2176 abbas,
1362 2109 1644 2165 defunctus
1674 2108 1999 2184 non’fuerit,
2026 2124 2237 2163 omnem

651 2204 948 2269 licentiam,
973 2202 1059 2258 vel
1109 2210 1453 2272 potestatem,
1478 2201 1994 2269 ordinationemquc,
2029 2200 2111 2254 vel
2142 2202 2241 2254 ho-

651 2310 843 2351 norem
877 2295 1161 2364 pristinum
1184 2293 1477 2361 disciplinae
1506 2292 1619 2362 ipse
1647 2292 1889 2361 recipiat.
1922 2290 1982 2345 Et
2009 2291 2236 2357 merito;

652 2387 740 2440 cui
771 2386 915 2439 Deus
954 2385 1159 2439 adhoc
1190 2385 1363 2453 ipsum
1405 2384 1634 2438 reddidit
1675 2384 1880 2438 vitam:
1912 2385 2243 2453 nihilmnque

649 2477 752 2530 sibi
784 2477 996 2530 naviter
1026 2475 1302 2531 ordinatus
1332 2492 1396 2531 ex
1445 2476 1533 2530 illa
1590 2477 1721 2530 hora
1767 2492 1937 2545 usque
1985 2476 2049 2529 ad
2098 2477 2240 2530 diem

650 2584 796 2622 vera:
850 2567 1039 2622 mortis
1068 2567 1185 2636 ejus
1234 2567 1300 2622 de
1328 2568 1535 2623 honore
1572 2568 1869 2623 constituto
1899 2569 2148 2623 vindicet.
2180 2568 2244 2621 Et

654 2677 781 2714 cum
810 2661 859 2714 ei
902 2669 1081 2714 certus
1111 2658 1394 2714 advenerit
1441 2659 1556 2714 dies
1587 2661 1773 2714 mortis
1797 2701 1811 2726 ,
1858 2661 1949 2729 qui
1998 2661 2106 2728 jam
2143 2661 2243 2714 sub

652 2752 945 2822 praesentia
971 2750 1265 2805 sacerdotis
1299 2751 1504 2819 pridem
1535 2751 1740 2805 exstitit
1768 2752 2073 2818 ordinatus,
2129 2752 2245 2805 sine

651 2843 823 2897 dubio
863 2842 977 2910 ipse
1005 2842 1291 2895 SUCCQdJl:
1323 2841 1394 2895 ita
1437 2850 1649 2904 tamen,
1701 2841 1745 2895 si
1783 2854 1940 2894 casus
1983 2838 2245 2907 superbia:

652 2934 741 2987 vel
774 2932 1027 2986 elationis
1066 2930 1180 2998 ejus
1219 2946 1326 2985 non
1355 2930 1669 2999 deposuerit
1696 2930 1906 2983 merita.
1954 2927 2094 2995 Ergo
2125 2942 2243 2981 cum

650 3025 793 3080 nihil
827 3024 917 3079 illo
946 3024 1067 3078 vivo
1100 3023 1201 3077 sibi
1234 3023 1568 3087 usurpaverit
1611 3023 1677 3076 de
1708 3022 1914 3076 honore
1945 3062 1961 3085 ,
2014 3019 2111 3075 sed
2142 3021 2245 3075 hoc

651 3126 779 3174 tota
810 3116 1006 3171 mentis
1037 3116 1331 3170 intentione
1359 3122 1616 3175 assumat,
1649 3121 1703 3168 et
1724 3112 1964 3179 diligenti
1992 3113 2247 3166 observa-

652 3211 809 3264 tione
839 3208 1106 3263 custodiat
1139 3249 1152 3271 ,
1208 3216 1265 3260 ut
1293 3220 1400 3261 nou
1439 3207 1549 3275 jam
1594 3206 1661 3258 de
1708 3206 1915 3259 honore
1962 3205 2243 3273 designato

649 3302 916 3360 reddatur
944 3300 1117 3355 elatus
1143 3340 1158 3365 ,
1210 3299 1303 3353 sed
1335 3299 1386 3352 iu
1434 3298 1623 3351 melius
1670 3297 1836 3364 magis
1863 3304 1982 3350 acta
2040 3311 2133 3349 sua
2178 3296 2244 3350 de
2274 3275 2319 3336 Ο

650 3394 944 3468 praeceptis
982 3392 1076 3446 Dei
1107 3393 1159 3446 in
1211 3390 1394 3458 regula
1425 3388 1733 3444 constitutis
1775 3387 2013 3456 quotidie
2040 3387 2106 3441 de
2151 3402 2241 3449 se,

646 3502 845 3545 coram
886 3485 998 3539 Deo
1033 3492 1089 3537 et
1124 3482 1375 3537 fratribus
1400 3520 1413 3545 ,
1471 3480 1556 3535 vel
1607 3481 1856 3535 omnibus
1902 3481 2204 3534 hominibus
2231 3522 2245 3545 ,

650 3582 937 3652 praebeat:
969 3584 1026 3630 et
1063 3565 1278 3645 plus'se
1304 3589 1371 3628 ex
1416 3583 1541 3627 tunc
1580 3573 1631 3626 in
1686 3572 1867 3626 verbis
1901 3581 1955 3625 et
2011 3572 2164 3625 factis
2194 3574 2247 3625 in

654 3671 785 3739 ipso
812 3666 999 3720 habitu
1034 3663 1298 3728 humiliet,
1326 3677 1484 3731 quam
1522 3670 1679 3715 antea
1708 3677 1807 3730 pro
1844 3662 2011 3731 ipsius
2033 3662 2248 3715 humili-

652 3763 793 3816 tatis
831 3758 1002 3827 gratia
1032 3756 1207 3811 fuerat
1236 3755 1581 3820 incurvatus;
1628 3764 1685 3808 ut
1712 3770 1835 3808 eum
1880 3770 2070 3808 omnes
2110 3754 2250 3807 arsti-

653 3861 821 3909 ment
853 3850 1193 3905 humiliorem
1240 3857 1295 3902 et
1340 3848 1580 3901 viliorem
1615 3847 1862 3902 omnibus
1915 3847 2085 3914 magis
2132 3854 2253 3914 post

652 3944 1097 4013 designationem
1127 3941 1347 3996 honoris
1368 3939 1637 4005 eﬂcctum,
1660 3954 1822 4009 quam
1844 3947 1990 4006 ante,
2022 3945 2080 3991 ut
2100 3937 2251 4005 quasi

652 4038 947 4113 profectus
994 4036 1189 4090 merito
1235 4035 1288 4088 in
1313 4049 1372 4088 se
1420 4032 1630 4087 Domini
1670 4031 1889 4101 impleat
1933 4030 2252 4084 sententiam

654 4131 905 4187 dicentis
936 4145 949 4182 :
981 4127 1079 4191 Qui
1112 4127 1215 4181 uult
1246 4143 1331 4181 ros
1357 4143 1465 4180 esse
1511 4125 1724 4195 fortior,
1752 4125 1818 4178 sit
1860 4134 2020 4178 vester
2047 4124 2253 4177 ultimus

657 4223 889 4291 (Matth.
919 4220 1210 4289 xx),etqui
1238 4232 1296 4272 se
1324 4216 1702 4277 humiliaverit,
1733 4215 1923 4269 merito
1947 4214 2214 4269 exaltetnr
2240 4234 2249 4265 :

659 4329 854 4373 tamen
888 4324 1107 4383 propter
1151 4313 1434 4376 honorem,
1462 4325 1620 4379 Quem
1651 4311 1902 4363 sacerdos
1927 4308 2256 4362 orationibus

659 4408 1051 4465 constituerat.
1085 4413 1139 4457 et
1164 4418 1323 4455 manu
1365 4416 1456 4454 sua
1507 4411 1625 4470 post
1655 4401 1862 4453 abbatis
1892 4400 2103 4469 prioris,
2135 4416 2254 4453 cunt

656 4502 1055 4559 inlirmaretur,
1090 4496 1142 4549 in
1171 4495 1368 4563 diptieo
1394 4494 1700 4547 monasterii
1728 4508 1921 4547 nomen
1947 4492 2253 4561 scripserat,

656 4606 718 4653 et
754 4609 858 4649 suo
894 4588 1226 4644 honorabilis
1256 4602 1375 4639 eum
1417 4588 1563 4655 prior
1592 4595 1645 4639 et
1670 4600 1828 4638 verus
1853 4584 2017 4637 abbas
2055 4584 2256 4651 julieio

658 4689 816 4754 elegr
832 4692 945 4746 rat;
978 4690 1030 4734 et
1054 4680 1197 4747 quod
1231 4688 1354 4731 ante
1385 4694 1488 4730 non
1536 4676 1726 4729 licebat
1755 4690 1848 4743 per
1882 4675 2136 4740 regulam,
2164 4690 2259 4743 pro

669 4776 929 4832 oratione
975 4769 1313 4829 sacerdotali,
1357 4776 1410 4821 et
1441 4769 1603 4836 ipsius
1651 4766 1858 4820 abbatis
1887 4767 2172 4831 electione,
2208 4774 2262 4819 et

660 4867 849 4933 magis
875 4872 1093 4932 propter
1121 4861 1352 4914 additam
1385 4867 1439 4911 et
1468 4866 1865 4924 augmentatam
1894 4858 1943 4910 in
1991 4873 2055 4910 eo
2088 4858 2261 4910 humi-

661 4952 1270 5018 litatem,secumlarius
1297 4952 1405 5019 jam
1434 4950 1721 5018 iudicetur.
1753 4948 1901 5015 Quod
1937 4964 2129 5001 nomen
2156 4964 2259 5001 non

661 5067 771 5108 suo
802 5047 1010 5118 judicio
1041 5044 1399 5112 praesumpsit,
1430 5040 1522 5093 sed
1555 5040 1799 5108 perfecti:
1830 5039 2177 5091 observantia:
2209 5039 2261 5091 in

661 5159 738 5199 eo
765 5140 962 5196 merita
986 5136 1262 5202 elegerunt
1290 5151 1299 5184 :
1332 5148 1453 5184 nam
1483 5129 1661 5197 regula
1694 5128 1813 5182 ideo
1848 5138 1983 5181 \L'lal
2014 5127 2263 5182 constitui

664 5228 1038 5289 secundarios
1066 5230 1285 5293 proritcr
1329 5222 1615 5276 elationem
1664 5228 1717 5273 et
1764 5219 2088 5288 superbiam.
2135 5218 2263 5270 Nam

664 5330 849 5384 istum
895 5338 987 5393 per
1018 5332 1192 5375 actum
1222 5320 1374 5373 bona:
1403 5318 1776 5379 observantiae,
1810 5317 1892 5370 vel
1920 5316 2135 5368 nimiam
2166 5318 2264 5369 hu-

666 5421 969 5476 militatem
1001 5424 1054 5468 et
1085 5414 1224 5470 Deus
1270 5413 1452 5480 elegit,
1483 5421 1535 5465 et
1564 5411 1730 5467 abbas
1754 5410 2018 5465 concessit
2045 5454 2057 5475 ,
2104 5419 2157 5464 et
2185 5427 2269 5463 sa-

666 5512 879 5570 cerdos
910 5506 1212 5571 ordinavit;
1277 5504 1368 5557 sed
1413 5503 1663 5556 constitui
1714 5502 1885 5555 adhuc
1920 5502 2024 5555 vita
2076 5504 2170 5571 prii
2198 5502 2267 5555 ris

669 5603 897 5661 reddita
947 5615 1053 5653 non
1084 5596 1346 5667 pennisit.
1403 5593 1552 5649 Unde
1603 5610 1665 5648 ex
1716 5594 1801 5647 illa
1845 5594 1929 5646 die
1975 5595 2124 5662 quasi
2159 5593 2267 5662 jam

668 5694 945 5769 spiritalis
971 5690 1151 5745 Caesar
1194 5688 1502 5756 designatus
1547 5702 1701 5741 secus
1745 5687 1988 5740 abbatem
2044 5686 2267 5751 sedeat;

670 5788 853 5847 alium
879 5783 1106 5839 chorum
1139 5778 1475 5851 psallentium
1509 5786 1697 5832 contra
1729 5779 1975 5833 abbatem
2005 5788 2183 5833 teneat
2217 5780 2269 5833 in

672 5878 954 5946 oratorio,
979 5880 1105 5944 past
1141 5872 1317 5942 ipsum
1346 5870 1564 5926 calicem
1594 5869 1660 5925 ad
1683 5886 1918 5926 mensam
1942 5871 2186 5939 accipiet,
2218 5878 2273 5925 et

2290 4628 2337 4685 Ι)

2340 2013 2647 2068 inferiorem
2669 2014 2961 2083 adjudicet,
2986 2023 3040 2068 et
3065 2015 3335 2081 viliorem,
3366 2032 3426 2071 se
3451 2017 3710 2072 universis
3740 2017 3929 2073 ultimo

2340 2103 2517 2156 cordis
2540 2101 2953 2157 credataﬂ'ectu.
2986 2104 3118 2168 Quia
3146 2106 3278 2158 tales
3305 2107 3452 2159 novit
3492 2106 3748 2160 Dominus
3774 2107 3925 2160 exal-

2343 2204 2476 2261 tare,
2510 2195 2723 2250 dicente
2751 2197 3027 2265 Scriptura
3056 2215 3069 2250 :
3107 2199 3206 2263 Qui
3235 2214 3289 2251 se
3324 2200 3583 2265 humiliet,
3614 2201 3928 2253 excitabitur

2341 2286 2555 2358 (Matth.
2593 2288 2762 2353 χχιιι).
2789 2285 2921 2342 Nam
2971 2287 3075 2341 hoc
3120 2301 3312 2342 cavere
3349 2304 3565 2359 semper
3606 2290 3720 2359 ipse
3763 2288 3931 2343 frater

2341 2376 2521 2441 debet,
2547 2392 2613 2430 ne
2637 2376 2927 2445 aliquando
2955 2378 3021 2431 de
3047 2379 3263 2447 proviso
3294 2378 3502 2434 honore
3529 2379 3709 2436 cordis
3737 2381 3930 2435 elatio-

2344 2486 2466 2525 nem
2508 2478 2765 2535 assumat,
2802 2470 2930 2524 etin
2959 2470 3192 2539 aliquam
3224 2486 3578 2542 prorumpens
3598 2474 3928 2543 superbiam,

2343 2561 2397 2615 in
2427 2560 2604 2630 aliqua
2636 2570 2789 2631 parte
2836 2570 2929 2615 aut
2960 2562 3279 2616 humilitatis
3326 2570 3419 2617 aut
3459 2565 3713 2633 praecepti
3762 2565 3926 2621 divini

2344 2668 2619 2717 corruens,
2647 2653 2883 2721 regulam
2916 2655 3057 2708 sicut
3086 2656 3233 2723 prius
3260 2655 3603 2723 observabat,
3628 2657 3805 2710 minus
3832 2657 3932 2709 ali-

2344 2743 2471 2813 quid
2518 2744 2679 2797 modo
2722 2744 3049 2814 adimpleat,
3102 2744 3214 2813 jam
3254 2745 3534 2815 designato
3579 2747 3785 2802 honore
3842 2763 3930 2802 se-

2346 2852 2524 2890 curus.
2560 2835 2623 2889 Et
2649 2851 2773 2889 mox
2821 2836 2954 2891 sciat
2983 2852 3082 2906 pro
3111 2845 3282 2901 certo,
3311 2838 3436 2907 quia
3467 2853 3588 2893 cum
3631 2839 3798 2893 abbas
3826 2840 3934 2892 fre-

2344 2938 2571 2995 quenter
2617 2926 2670 2980 iu
2706 2928 2912 2995 aliquas
2940 2928 3148 2995 culpas,
3195 2943 3355 2997 quem
3386 2928 3662 2997 elegerat,
3718 2944 3826 2983 non
3874 2930 3928 2983 in

2346 3024 2518 3088 majus
2540 3022 2928 3091 proﬁcientem,
2954 3021 3046 3075 sed
3072 3037 3167 3089 per
3192 3023 3571 3090 negligentiam
3612 3024 3785 3092 magis
3835 3025 3928 3077 de-

2347 3116 2657 3168 terioratmn
2680 3130 2801 3168 eum
2826 3116 3117 3183 aspexerit,
3148 3124 3203 3168 et
3233 3116 3466 3168 monitus
3503 3118 3572 3170 ab
3600 3117 3793 3170 abbate
3819 3131 3928 3170 non

2348 3206 2713 3261 emendaverit
2737 3221 2794 3259 se
2822 3224 2836 3270 ;
2878 3215 2930 3260 et
2965 3221 3159 3260 nomen
3191 3207 3308 3274 ejus
3337 3207 3535 3273 deleat,
3564 3208 3809 3276 quamvis
3838 3223 3930 3263 sa-

2350 3298 2541 3351 cerdos
2572 3302 2790 3362 rogatus
2822 3296 2893 3350 ab
2944 3295 3177 3361 abbate,
3231 3296 3297 3349 de
3328 3297 3563 3365 diptico;
3607 3306 3663 3353 et
3711 3299 3827 3368 ipse
3877 3299 3931 3353 in

2349 3405 2503 3443 suum
2570 3388 2783 3441 rediens
2854 3403 3133 3441 numerum
3203 3387 3472 3455 judicetur
3544 3390 3936 3457 negligentibus

2351 3482 2678 3550 cochualis;
2744 3489 2800 3534 et
2851 3480 3391 3535 excommunicationi
3432 3490 3703 3536 consuetae
3755 3482 3937 3552 subja-

2351 3580 2509 3636 ceat,
2556 3572 2648 3640 qui
2686 3571 2869 3639 culpas
2896 3586 3004 3624 non
3034 3571 3200 3623 vitat:
3248 3572 3369 3638 quia
3414 3586 3512 3640 per
3562 3570 3935 3639 negligentiam

2354 3665 2605 3735 perdidit,
2637 3666 2781 3733 quod
2814 3665 3220 3731 intervenerat;
3260 3674 3318 3720 et
3343 3666 3572 3735 recipiat
3597 3667 3741 3735 quod
3769 3666 3940 3721 adrni-

2351 3771 2515 3816 serat.
2549 3759 2617 3813 Et
2645 3770 2929 3830 postquam
2956 3761 3120 3815 fuerit
3148 3761 3385 3816 inferiori
3428 3762 3667 3817 redditus
3714 3764 3938 3828 merito,

2354 3871 2383 3907 a
2414 3853 2581 3908 latere
2619 3854 2728 3921 jam
2751 3852 3077 3923 dejungatur
3105 3853 3313 3908 abbatis
3339 3870 3351 3907 :
3386 3863 3439 3907 et
3475 3870 3542 3908 ex
3572 3854 3661 3907 illa
3708 3854 3822 3925 jam
3854 3854 3942 3910 die

2354 3947 2422 4001 ab
2444 3948 2637 4001 abbate
2664 3946 2798 4001 alius
2818 3946 2984 4001 frater
3008 3947 3075 4001 de
3097 3946 3464 4015 omnibusjam
3497 3950 3656 4003 oculo
3682 3957 3738 4002 et
3760 3950 3941 4004 animo

2355 4047 2643 4106 quaeratur,
2668 4039 2914 4106 superior
2940 4037 3252 4107 negligenti,
3276 4038 3367 4107 qui
3391 4048 3446 4092 et
3462 4036 3575 4107 ipse
3596 4039 3799 4094 electus
3819 4040 3942 4093 abs-

2358 4148 2521 4187 conse
2557 4133 2800 4200 quotidie
2850 4142 3092 4202 tempore
3121 4134 3308 4187 mortis
3334 4148 3445 4187 sua:
3465 4173 3481 4197 ,
3534 4149 3693 4187 manu
3720 4148 3815 4187 sua
3849 4134 3944 4187 ab—

2359 4224 2452 4278 bas
2482 4240 2604 4278 eum
2635 4224 2874 4292 apertius
2906 4224 3143 4288 indicet,
3193 4224 3337 4292 juste
3367 4232 3421 4278 et
3461 4225 3657 4278 merito
3697 4225 3943 4279 omntbus

2360 4314 2781 4384 pr.eptirtettdutn
2805 4314 3147 4368 ordinatione
3176 4315 3457 4382 primatus.
3485 4312 3551 4366 Et
3573 4316 3788 4383 reprobi
3816 4314 3943 4379 isti,

2360 4405 2451 4473 qui
2480 4422 2577 4474 per
2604 4405 2984 4473 negligentiam
3012 4404 3079 4459 de
3119 4420 3328 4459 summo
3356 4404 3576 4470 honoris
3604 4404 3837 4460 culmine
3855 4419 3947 4460 ca-

2361 4493 2533 4557 dunt,
2580 4493 2800 4547 audiant
2827 4493 3142 4561 Apostolutn
3192 4493 3293 4546 sibi
3323 4492 3624 4546 dicentem:
3662 4492 3798 4548 Bene
3826 4510 3945 4547 cur-

2366 4585 2582 4650 rebatis;
2603 4586 2715 4656 quis
2736 4602 2821 4639 vos
2848 4586 3109 4655 impedivit
3132 4585 3276 4653 (Gal.
3307 4588 3421 4654 1x)?
3444 4586 3696 4653 Satanas,
3722 4589 3815 4654 qui
3835 4588 3948 4642 ela-

2370 4688 2453 4733 tos
2480 4678 2717 4746 deponit.
2750 4679 2817 4731 Et
2844 4686 3129 4745 antequam
3158 4678 3385 4733 dilectus
3418 4678 3679 4747 reprobus
3708 4677 3801 4732 fiat
3826 4721 3842 4746 ,
3897 4688 3951 4733 et

2370 4771 2422 4825 in
2454 4770 2829 4839 negligentiam
2860 4779 3235 4833 convertatur,
3282 4770 3464 4823 audiat
3490 4768 3617 4838 quid
3662 4784 3784 4823 eum
3814 4786 3950 4838 quo-

2371 4865 2497 4917 tidie
2526 4863 2810 4917 conveniat
2834 4862 3127 4931 Scriptura,
3171 4861 3357 4915 dicens
3384 4880 3395 4915 :
3431 4859 3566 4913 Tene
3594 4861 3727 4927 quod
3756 4860 3908 4913 habes
3930 4902 3945 4927 ,

2370 4971 2434 5007 ne
2462 4955 2593 5006 alter
2622 4955 2841 5021 accipiat
2867 4968 3112 5005 coronant
3135 4961 3273 5005 tuam
3301 4953 3485 5020 (Apoc.
3511 4952 3610 5019 tn).
3652 4950 3717 5005 Et
3742 4952 3833 5021 qui
3856 4968 3948 5007 au-

2371 5044 2549 5107 dierit,
2583 5050 2637 5096 et
2664 5059 2768 5097 non
2800 5043 3204 5107 observaverit,
3251 5042 3350 5095 sibi
3397 5042 3627 5111 imputet
3657 5058 3779 5097 cum
3809 5042 3949 5096 ceci-

2371 5136 2537 5190 derit:
2557 5136 2679 5205 quia
2703 5152 2731 5189 a
2752 5136 2977 5189 Domino
2997 5136 3212 5204 superbi
3236 5151 3298 5189 ac
3319 5135 3648 5204 negligentes
3668 5144 3722 5191 et
3746 5136 3948 5203 indigni

2372 5226 2493 5279 ideo
2518 5228 2876 5296 tlepottttnlur,
2923 5234 2980 5279 ut
3021 5226 3181 5294 digne
3228 5225 3578 5282 observantes
3624 5236 3949 5295 praeceptum

2373 5319 2488 5383 ltei,
2523 5330 2613 5373 aut
2645 5319 2869 5373 humiles
2905 5320 3228 5374 cxaltentur.
3279 5317 3413 5385 Quid
3445 5319 3587 5388 apud
3635 5320 3835 5389 justum
3862 5321 3949 5391 ju-

2375 5414 2546 5466 dicent
2578 5414 2859 5465 Donnth
2902 5427 3009 5466 non
3039 5422 3123 5467 est
3147 5426 3499 5481 personarum
3525 5413 3806 5482 acceptio:
3848 5429 3950 5469 nec

2377 5503 2491 5558 vult
2520 5504 2715 5573 aliquid
2748 5513 3001 5572 puestare
3031 5504 3287 5572 indignis;
3321 5518 3443 5558 cum
3473 5503 3617 5558 solos
3640 5503 3950 5573 justos,bo-

2376 5613 2493 5661 nos,
2520 5606 2575 5650 et
2601 5606 2816 5651 sanctos
2847 5596 2996 5650 novit
3020 5596 3262 5665 diligere,
3292 5603 3349 5650 et
3397 5595 3524 5664 ipsis
3546 5596 3674 5650 solis
3719 5596 3786 5650 de
3814 5612 3951 5667 pia:-

2374 5689 2542 5744 sentis
2565 5690 2682 5742 vita:
2713 5690 2938 5754 honore,
2963 5698 3019 5745 et
3064 5688 3130 5745 de
3154 5697 3427 5760 perpetua:
3454 5702 3671 5745 coronae
3716 5691 3951 5748 retribu-

2375 5782 2519 5835 tione
2558 5782 2625 5836 sit
2649 5780 2879 5836 debitor.
