5174 6620
1773 436 1905 492 1εέἐῖ

2333 543 2561 600 CAPUT
2602 543 2774 599 XtLlV.

2214 654 2604 693 INTEIlItUGA'I’IO
2643 652 2913 690 MSCl'LLl.

1770 752 1836 811 Si
1860 754 2029 809 subito
2051 752 2209 806 abbas
2249 753 2518 809 moriatur,
2568 766 2666 816 qua
2697 749 2877 801 ordine
2913 750 2973 801 de
2998 748 3206 801 incertis
3239 753 3349 815 frn-

1843 828 2001 880 tribus
2025 825 2180 878 abbas
2208 824 2343 875 alius
2371 824 2730 882 constituatur,
2788 839 2899 871 cum
2925 838 2974 871 se
3018 822 3122 873 νέω
3154 825 3346 874 nullum

1844 898 2183 966 designurcril
2223 894 2517 953 τηυιιοιρηι,
2574 902 2621 943 et
2666 891 2785 942 dum
2834 892 3001 943 subita
3046 908 3160 944 cum
3211 911 3347 947 mors

1846 971 2137 1035 prrurserit.

2041 1094 2343 1133 BESI‘ONDILT
2382 1094 2603 1132 υηυιδῑτς
2644 1095 2741 1131 PER
2781 1095 3095 1133 TiACISTill‘U.

1847 1188 2204 1258 Repentinum
2226 1189 2568 1241 humanitatis
2596 1206 2778 1243 cziszsm
2805 1190 3209 1244 considerantes
3237 1230 3252 1254 ,
3297 1201 3351 1245 et

1776 1280 2083 1343 adventum,
2115 1289 2169 1330 ut
2198 1283 2417 1342 assolet,
2446 1280 2631 1330 subire
2664 1280 2870 1343 inustis,
2900 1279 3001 1332 hoc
3029 1280 3097 1333 de
3138 1280 3351 1335 incertis

1778 1373 2152 1427 inveniendum
2202 1370 2268 1421 ad
2317 1371 2468 1423 ordm
2510 1372 2707 1423 tionem
2758 1374 3141 1427 eonveuicnter
3197 1384 3351 1427 taxa-

1776 1465 1978 1525 vimus,
2014 1471 2068 1515 ut
2097 1463 2164 1514 dc
2182 1462 2396 1515 incertis
2422 1471 2570 1514 cci-ta
2604 1464 2770 1529 possit
2792 1463 2928 1516 ratio
2954 1464 3350 1521 inveniri.Cum

1775 1570 1903 1622 ergo
1933 1553 2176 1622 superius
2197 1553 2427 1606 diximus
2455 1594 2469 1620 ,
2523 1553 2858 1608 diversormn
2904 1556 3354 1610 monasteriorum

1778 1649 2029 1700 confusos
2052 1647 2248 1699 delere
2292 1662 2408 1699 esse
2431 1646 2641 1713 gradus,
2677 1656 2732 1701 ct
2756 1648 2957 1701 nullum
2988 1658 3191 1701 certum
3232 1648 3356 1702 red-

1780 1735 1966 1789 bibere
1986 1737 2053 1788 de
2075 1738 2278 1789 honore
2308 1737 2698 1802 secundorum;
2727 1756 2846 1792 cum
2901 1755 3029 1807 ergo
3060 1754 3167 1794 non
3212 1740 3353 1809 judi-

1778 1828 1981 1881 caverit
2003 1826 2168 1880 abbas
2197 1827 2380 1881 vivens
2408 1836 2528 1896 post
2554 1843 2612 1882 se
2634 1828 3015 1896 ordinandum,
3044 1846 3206 1901 quem
3248 1847 3355 1887 ca:-

3064 426 3406 485 .-‘.lJCT‘.lRlS
3446 423 3720 481 INCER'H

3376 550 3427 605 Α
3454 540 3567 607 gius
3596 546 3856 590 umnaslci
3875 537 3906 588 Si
3938 550 4104 605 pregre
4130 536 4522 599 constituatur;
4569 534 4661 604 qui
4686 532 4938 603 deputati
4963 536 5031 589 ibi

4897 423 4920 476 1
4933 423 5031 477 052

3450 642 3507 686 ct
3536 631 3784 684 claudant
3810 630 4197 683 monasierium
4226 630 4372 684 omni
4403 631 4534 683 hora
4586 636 4712 697 post
4738 636 5030 695 exeuntes,

3450 732 3507 777 et
3544 725 3790 792 aperiant
3819 721 4261 789 ingredientibus,
4306 728 4364 775 et
4391 718 4750 773 advenientes
4792 717 5035 773 nuntient

3449 814 3654 866 abbati.
3677 812 3813 864 Nam
3841 821 3895 865 et
3931 813 4036 865 hoc
4060 812 4350 866 observare
4374 810 4574 865 debent
4600 810 4702 879 ipsi
4731 811 4844 864 duo
4881 824 5035 865 senes

3448 902 3689 972 quotidie
3718 942 3733 964 ,
3781 910 3840 954 ut
3892 902 4039 955 horis
4081 902 4276 970 quibus
4323 908 4540 969 oportet
4596 900 4652 954 in
4701 901 5032 955 monasterio

3451 994 3575 1061 legi,
3607 993 3798 1047 seratis
3823 994 3983 1060 regiis
4006 992 4409 1062 congregationi
4443 1007 4505 1047 se
4554 990 4824 1060 jungant,
4868 999 4926 1044 ut
4960 990 5035 1046 le-

3450 1097 3637 1156 gentes
3666 1085 3922 1151 audiant;
3952 1095 4144 1140 etcum
4174 1087 4243 1139 ad
4265 1099 4404 1154 opus
4434 1084 4677 1138 divinum
4706 1083 4932 1138 oratorii
4954 1084 5033 1137 in-

3450 1179 3553 1233 dex
3583 1179 3877 1240 sonavcrit,
3907 1180 4099 1231 serat's
4148 1179 4274 1231 item
4313 1177 4475 1243 regiis
4503 1176 4570 1230 ad
4597 1190 4733 1246 opus
4778 1174 4876 1230 Dei
4917 1191 5033 1229 ora-

3453 1273 3591 1325 ιυιίο
3623 1277 4029 1339 pr.:scutentur.
4062 1268 4141 1322 Ad
4159 1284 4293 1338 opus
4333 1267 4530 1322 laboris
4569 1268 4672 1322 hoc
4726 1274 5036 1335 quaerantur

3451 1365 3595 1432 quod
3637 1374 3863 1433 possunt
3899 1378 3997 1430 pro
4041 1362 4214 1416 ίιξιαιίε
4260 1362 4616 1431 possibilitate
4658 1360 4929 1429 implere,
4982 1359 5034 1412 id

3453 1467 3537 1511 est
3561 1497 3576 1522 ,
3632 1465 3725 1509 aut
3771 1455 3815 1508 si
3861 1463 4003 1509 artes
4032 1454 4240 1517 sciunt;
4270 1462 4363 1507 aut
4388 1461 4537 1508 certe
4564 1452 4610 1505 si
4639 1452 4927 1516 nesciunt,
4984 1449 5033 1504 in

3456 1563 3564 1617 quo
3587 1555 3812 1615 possunt
3827 1544 4066 1613 quotidie
4095 1544 4505 1615 septimanarios
4523 1543 4781 1612 adiuvent
4809 1560 4826 1597 :
4858 1550 5035 1597 tamen

3462 1638 3632 1692 labori
3656 1638 3763 1691 alio
3788 1653 3893 1691 non
3926 1646 4256 1704 qumrantur,
4273 1636 4317 1690 si
4345 1643 4571 1705 propter
4594 1649 4735 1705 opus
4762 1634 5037 1705 aperienti

3455 1741 3511 1786 et
3532 1730 3809 1784 claudendi
3841 1731 3986 1783 οηιηὶ
4003 1731 4133 1785 liora
4155 1740 4507 1799 occupantur.
4535 1729 4818 1785 Annonam
4845 1742 5036 1784 canum

3456 1839 3488 1878 a
3508 1824 3727 1879 cellario
3761 1824 3861 1893 ipsi
3887 1823 4151 1893 accipiant
4176 1866 4191 1889 ,
4235 1832 4292 1878 et
4319 1823 4399 1879 eis
4427 1837 4552 1877 cum
4589 1837 4732 1891 aqua
4758 1865 4774 1889 ,
4814 1823 4902 1878 vel
4945 1837 5040 1879 co-

1781 1920 1911 1973 teris
1941 1919 2249 1987 probaverit
2276 1919 2574 1985 meliorem,
2604 1922 2695 1988 qui
2741 1921 2787 1974 si
2838 1922 3015 1976 subito
3058 1923 3250 1991 migret
3285 1923 3352 1977 ad
3388 1924 3430 1983 Β
3460 1918 3635 1984 quina:
3688 1923 4002 1969 remanente
4053 1913 4282 1983 juscello
4339 1914 4669 1968 ministrent.
4717 1914 5041 1969 Auimalium

1779 2006 2086 2069 Dominum,
2119 2008 2506 2076 respondemus
2533 2010 2682 2079 quid,
2715 2025 2785 2065 ne
2837 2026 2959 2065 cum
2990 2014 3356 2081 unusquisque

1779 2097 1849 2153 de
1878 2115 1976 2152 suo
2001 2096 2205 2163 judicio
2242 2101 2641 2153 successionem
2678 2116 3006 2168 pnesumens
3028 2140 3044 2165 ,
3076 2104 3357 2159 universos

1779 2188 1838 2243 in
1862 2189 2178 2242 seditionem
2193 2190 2451 2257 exagitet,
2465 2200 2519 2243 et
2535 2192 2828 2245 studiosam
2856 2194 3097 2262 partibus
3124 2207 3356 2263 pugnam

1777 2281 2019 2339 scandali
2069 2282 2285 2335 domum
2321 2283 2467 2351 pacis
2496 2282 2660 2337 faciat
2691 2284 2745 2337 in
2775 2286 3179 2340 contentionem
3223 2303 3359 2351 con-

1780 2303 2019 2339 scalsuuu
2069 2303 2285 2335 uomunt
2321 2303 2467 2351 paula
2496 2303 2660 2337 laetus
2691 2303 2745 2337 In
2775 2303 3179 2340 contentionem
3257 2303 3358 2342 on-

1780 2374 1959 2436 verti,
1999 2374 2122 2427 ideo
2151 2375 2256 2429 hoc
2303 2375 2681 2442 decernimus,
2733 2386 2793 2431 ut
2838 2379 3043 2446 judicio
3089 2303 3358 2450 pontificis

1780 2463 1950 2534 ipsius
1980 2465 2232 2518 territorii
2251 2474 2309 2519 et
2334 2465 2465 2519 cleri
2486 2475 2758 2533 queratur
2784 2467 2951 2523 abbas
2970 2471 3357 2539 sanctissimus,

1780 2556 1873 2624 qui
1921 2566 2197 2625 acceptam
2227 2556 2365 2611 hanc
2394 2560 2635 2625 regulam
2684 2574 2847 2628 supra
2878 2559 3019 2616 hanc
3063 2575 3362 2632 congrega-

1782 2650 1983 2704 tionem
2008 2652 2073 2702 ad
2102 2650 2273 2704 vicem
2305 2650 2501 2719 prioris
2548 2651 2808 2718 defuncti,
2840 2669 3001 2724 supra
3030 2669 3218 2710 oumes
3247 2655 3358 2711 fra-

1783 2749 1893 2794 tres
1921 2741 2136 2808 triginta
2176 2742 2386 2797 habitet
2407 2742 2594 2799 diebus
2621 2752 2678 2797 et
2702 2744 2820 2814 ipse
2837 2746 3144 2803 consideret
3164 2762 3360 2802 secun-

1784 2833 1912 2887 dum
1941 2832 2100 2900 hujus
2135 2834 2333 2902 regula:
2371 2836 2683 2901 constituta,
2714 2836 2836 2905 quis
2861 2838 3110 2907 superior
3136 2838 3205 2894 de
3243 2854 3361 2894 om-

1783 2922 1940 2978 nibus
1967 2925 2303 2979 observantia
2330 2930 2529 2995 poterit
2573 2928 2820 2983 inveniri.
2870 2928 2975 2996 Qui
3025 2946 3155 3002 ergo
3195 2932 3363 2989 abbas

1783 3014 2059 3068 tricesimo
2085 3014 2175 3069 die
2221 3031 2405 3071 coram
2460 3017 2554 3072 illo
2580 3019 2864 3075 sacerdote
2910 3020 2997 3076 vel
3041 3022 3186 3078 clero
3210 3063 3225 3089 ,
3266 3039 3364 3094 per

1782 3116 2129 3160 sacrosancta
2172 3106 2364 3178 jurans
2391 3107 2704 3179 Evangelia,
2731 3111 2875 3167 dicat
2918 3128 2977 3167 se
3002 3128 3034 3167 a
3062 3113 3209 3170 nullo
3240 3131 3364 3185 pro-

1787 3196 2128 3251 missionibus
2159 3200 2240 3252 vel
2265 3198 2662 3256 adulationibus
2689 3216 2809 3257 esse
2858 3202 3233 3273 redemptum,
3266 3206 3363 3262 sed

3459 2008 3597 2061 intra
3630 2007 4014 2062 monasterium
4034 2021 4215 2073 curas,
4244 2006 4499 2075 adjuncto
4522 2007 4578 2060 in
4626 2005 4927 2074 septimana
4979 2004 5041 2059 il-

3460 2102 3637 2156 lorum
3684 2098 4088 2153 bebdomadarii
4137 2098 4371 2164 solatio,
4423 2098 4525 2169 ipsi
4574 2096 4942 2167 adimpleant,
4989 2108 5042 2153 et

3460 2194 3618 2261 regia:
3647 2192 3946 2247 mundicias
3990 2192 4091 2261 ipsi
4130 2199 4455 2247 exerceant:
4483 2191 4570 2246 vel
4620 2192 4763 2246 intra
4802 2206 4923 2245 eam
4966 2191 5042 2246 ci-

3458 2282 3743 2337 cendelum
3771 2297 4090 2352 suspensum
4118 2289 4175 2337 et
4216 2282 4416 2336 factum
4444 2281 4737 2337 incendant
4755 2281 5003 2352 quotidie
5026 2324 5042 2348 ,

3459 2380 3521 2428 ut
3541 2383 3702 2427 noctu
3734 2374 3863 2427 foris
3891 2372 4151 2440 cujusvis,
4195 2372 4531 2427 advenientis
4557 2383 4919 2441 cognoscatur
4963 2372 5041 2427 in-

3458 2476 3697 2532 gressus.
3726 2464 3827 2531 Qui
3853 2481 4033 2531 senes,
4060 2474 4119 2520 ut
4145 2466 4394 2534 superius
4421 2464 4653 2519 diximus
4672 2505 4688 2532 ,
4718 2478 4818 2534 pro
4840 2465 5044 2519 honore

3459 2559 3634 2612 aetatis
3674 2573 3797 2612 cum
3827 2558 4022 2613 abbate
4061 2557 4424 2623 manducent,
4483 2557 4776 2611 secundum
4815 2554 5044 2609 formam

3462 2650 3714 2720 perfectae
3736 2652 4073 2717 humilitatis,
4113 2662 4171 2706 ut
4198 2660 4383 2706 sancta
4419 2649 4656 2721 Eugenia
4684 2650 5042 2712 demonstrat,

3461 2756 3581 2811 qua:
3603 2742 3758 2806 dixit,
3797 2758 3898 2798 nec
3929 2744 4059 2813 ipsis
4088 2759 4147 2798 se
4175 2745 4511 2814 superiorem
4536 2743 4675 2799 velle
4731 2741 5039 2799 ostendere.

3461 2833 3596 2891 Nam
3627 2835 3821 2891 talibus
3860 2836 3991 2891 dicit
4023 2836 4303 2905 Scriptura
4351 2835 4641 2906 perfectis:
4676 2834 4883 2899 Quanto
4940 2851 5029 2887 ma

3463 2943 3596 2998 gnus
3626 2944 3701 2994 es,
3730 2938 3875 2983 tanta
3928 2928 4142 2982 humilia
4170 2938 4217 2983 te
4238 2943 4257 2981 :
4278 2939 4326 2985 et
4353 2928 4490 2998 apud
4518 2928 4687 2983 Deum
4734 2936 4784 2981 et
4814 2927 5046 2981 homines

3458 3019 3687 3074 invenies
3730 3022 3955 3091 gratiam
3985 3020 4152 3089 (Eccl.
4206 3020 4308 3089 ιιι).
4344 3017 4535 3074 Omnia
4582 3032 4713 3074 vero
4742 3016 5046 3074 necessaria

3462 3110 3606 3165 intus
3633 3111 3773 3165 intra
3800 3112 3977 3179 regias
4006 3125 4128 3166 esse
4149 3118 4394 3181 oportet;
4435 3110 4487 3164 id
4509 3117 4623 3176 est,
4668 3110 4906 3173 furnum,
4940 3122 5029 3162 ma

3464 3202 3621 3268 cium,
3644 3199 4000 3272 refrigerium,
4023 3203 4232 3269 hortos,
4262 3202 4346 3257 vel
4374 3201 4559 3257 omnia
4587 3200 4892 3257 necessaria
4917 3217 4933 3265 ;
4991 3206 5046 3254 ut

1785 3288 1842 3342 in
1872 3304 2089 3343 causam
2114 3288 2207 3343 Dei
2226 3306 2385 3360 quam
2409 3291 2675 3348 invenerit
2706 3294 2919 3365 integre
2960 3298 3215 3368 pandere.
3241 3299 3365 3355 Mox
3390 3279 3441 3347 (ἶ
3472 3306 3578 3346 non
3600 3292 3671 3347 sit
3700 3294 3953 3362 frequens
3973 3292 4210 3357 occasio.
4234 3302 4454 3363 propter
4477 3306 4641 3362 quam
4672 3290 4836 3348 inter
4856 3291 5047 3347 mullo-

1790 3396 1918 3437 vero
1947 3389 2127 3435 stante
2149 3393 2275 3437 ante
2302 3398 2426 3437 eum
2447 3385 2593 3439 oumi
2623 3388 3041 3456 congregatione
3060 3391 3238 3446 subito
3267 3406 3363 3462 ap-

1787 3472 2083 3543 prehendat
2113 3473 2230 3543 ejus
2273 3491 2524 3539 manum,
2580 3492 2741 3544 quem
2773 3480 2975 3533 invenit
3020 3481 3074 3536 in
3116 3485 3365 3543 omnibus

1790 3562 2093 3629 meliorem,
2128 3562 2179 3615 in
2207 3563 2355 3617 outni
2403 3564 2743 3620 observantia
2785 3570 3162 3626 mandatorum
3229 3573 3364 3640 Dei,

1790 3652 1876 3707 vel
1904 3653 2099 3721 regula:
2128 3655 2467 3721 constitutio;
2512 3665 2569 3712 et
2616 3667 2744 3713 tunc
2795 3659 3010 3715 demum
3040 3661 3094 3716 in
3136 3677 3240 3727 eo,
3298 3666 3367 3721 ab

1790 3742 1883 3797 illo
1927 3745 2182 3813 pontilice
2212 3746 2296 3799 vel
2350 3748 2499 3802 clero
2541 3749 2709 3819 ipsius
2756 3751 3009 3807 territorii
3068 3757 3363 3813 secundum

1790 3835 1950 3903 hujus
1976 3838 2172 3905 regulae
2199 3840 2512 3906 constituta,
2536 3844 2859 3913 utsuperius
2885 3845 3137 3917 diximus,
3170 3850 3369 3920 prima-

1798 3936 1882 3982 tus
1900 3927 2174 3987 ordinatio
2198 3926 2524 3989 celebretur.

2372 4043 2597 4102 CAPUT
2634 4045 2788 4104 XCV.

2224 4148 2612 4192 lN'l'EllllOGA'l'lO
2649 4155 2923 4197 DISCIPULI.

2232 4245 2313 4301 De
2348 4251 2578 4305 ostiariis
2608 4259 2926 4312 monasterii.

2064 4376 2367 4421 BESPONDET
2406 4383 2630 4426 DOIIINUS
2671 4389 2769 4427 PER
2809 4391 3119 4432 MAGISTIIUM.

3467 3383 3571 3438 ties
3598 3384 3743 3438 foras
3771 3383 3994 3451 egressi,
4027 3382 4371 3438 saecularibus
4421 3384 4567 3438 misti
4598 3381 4737 3439 forte
4761 3397 4794 3436 a
4820 3381 5043 3449 religio-

3468 3492 3651 3533 sorum
3677 3476 3850 3531 oculis
3886 3476 4006 3541 visi,
4035 3477 4103 3530 ad
4143 3475 4544 3531 damnationem
4591 3475 4769 3545 potius
4810 3483 5047 3529 nostram

3473 3568 3541 3624 ab
3569 3569 3650 3623 eis
3676 3582 3775 3638 pro
3804 3567 4009 3636 angelis
4034 3568 4350 3633 adorentur;
4377 3576 4433 3622 et
4452 3564 4744 3621 Benedicite
4761 3565 4917 3621 nobis
4943 3581 5047 3621 non

3474 3662 3684 3717 meritis
3728 3660 3947 3729 indigne
3974 3659 4217 3727 dicatur,
4262 3674 4383 3715 cum
4433 3657 4573 3714 forte
4599 3658 4773 3715 sancti
4804 3665 5042 3727 putemur

3473 3770 3616 3818 esse,
3647 3753 3794 3823 quod
3841 3769 3949 3808 non
3997 3768 4217 3809 sumus:
4249 3762 4342 3808 aut
4387 3754 4556 3821 magis
4606 3766 4706 3821 per
4746 3750 5047 3806 irrisionem

3475 3845 3829 3918 quorumdam
3858 3843 4152 3900 infidelium
4174 3843 4396 3899 vilescat
4421 3842 4475 3897 in
4500 3841 4712 3911 publico
4740 3840 4829 3896 vel
4857 3839 5048 3910 plateis

3476 3947 3696 3996 sanctus
3724 3936 3936 3991 habitus
3972 3932 4320 3989 ambulando.
4365 3932 4501 3988 Cum
4531 3945 4660 4001 ergo
4707 3931 4824 3985 haec
4871 3931 5048 3984 omnis

3479 4030 3623 4085 intus
3651 4028 3846 4085 fuerint
3875 4027 4187 4092 constituta,
4210 4026 4391 4082 clausa
4409 4025 4482 4079 sit
4509 4037 4722 4092 semper
4740 4022 5048 4077 monasterii

3476 4122 3655 4191 regia:
3690 4130 3749 4175 ut
3777 4121 3919 4176 intus
3946 4118 4112 4175 clausi
4142 4132 4265 4174 cum
4306 4117 4534 4173 Domino
4571 4113 4767 4169 fratres
4801 4113 4973 4169 veluti
5021 4128 5048 4167 s

3476 4215 3676 4272 sacculo
3716 4223 3822 4269 sint
3862 4215 3972 4283 jam
4004 4227 4163 4269 causa
4194 4212 4288 4268 Dei
4344 4213 4398 4267 in
4445 4210 4755 4267 cmlestibns
4798 4208 5047 4280 separati.

3478 4314 3607 4375 Qua:
3629 4311 3775 4379 regia
3812 4308 4126 4363 monasterii
4154 4323 4185 4363 a
4219 4307 4352 4364 foris
4379 4305 4655 4363 circetlum
4700 4304 4903 4360 haheat
4949 4303 5047 4358 fer-

3477 4420 3631 4459 reum
3659 4404 3713 4457 in
3736 4403 3953 4468 limclla,
3994 4417 4102 4471 quo
4130 4401 4199 4456 ab
4219 4400 4535 4457 adveniente
4562 4412 4849 4463 concusso,
4877 4395 5046 4466 cujus-

1868 4476 2083 4536 Duobus
2113 4478 2363 4538 fratribus
2411 4495 2570 4541 aetate
2595 4488 2883 4560 decrepitis
2916 4493 3052 4547 cella
3098 4493 3240 4549 intra
3286 4509 3373 4551 rc-
3408 4484 3458 4543 D
3482 4498 3613 4553 libet
3644 4496 4075 4567 supervenientis
4098 4497 4242 4551 intus
4269 4494 4536 4550 indicetur
4560 4490 4842 4546 adventus.

1995 4612 2347 4622 ’.Ἦ-ξ’·
2802 4621 3774 4634 η--ηὺ--ᾓ---ιοσ--ᾞ

3051 4747 3188 4785 ANNO
3229 4746 3427 4787 S.l~1t‘l'l.l
3468 4749 3538 4788 VII
3582 4749 3832 4788 INCERTO.

1808 4880 2785 5049 AUCTOR
2833 4891 3851 5147 Qnmj

3000 4883 5039 5147 lNCERTUS

3133 5130 3890 5166 ψει-ι’

1990 5258 2119 5334 DE
2181 5258 2710 5340 CUJUSDAM
2775 5264 3140 5342 PATRIS
3210 5267 3607 5345 iiilGULA
3666 5265 4151 5344 VETERUM
4194 5263 4860 5345 TESTIMONIA.

1878 5507 1937 5567 S.
1972 5507 2289 5564 Benedictus
2317 5508 2535 5565 Anianm
2562 5473 2725 5566 abbas
2761 5512 2812 5565 in
2847 5510 3129 5566 concordia
3173 5511 3382 5581 regula-

1805 5618 1922 5655 rum
1953 5601 2177 5670 singulis
2199 5599 2366 5655 ferme
2398 5602 2659 5672 capitibus
2687 5603 2947 5673 Regulam
2968 5602 3268 5672 cnjusdam,
3301 5620 3361 5658 ve

1808 5702 1865 5748 ut
1889 5709 2007 5761 cap.
2041 5692 2125 5755 55,
2150 5692 2178 5765 §
2208 5691 2297 5758 26,
2321 5690 2578 5762 Regulam
2607 5695 2879 5764 cujusdam
2911 5695 3084 5750 Patris
3108 5695 3307 5750 laudat.

1877 5785 2199 5854 Smaragdus
2244 5786 2409 5840 abbas
2465 5786 2518 5840 in
2571 5788 2907 5858 expositione
2945 5787 3162 5856 Regulae
3210 5788 3381 5843 sancti

1806 5877 2080 5933 Benedicti
2106 5893 2225 5949 cap.
2265 5878 2356 5946 23,
2386 5877 2452 5934 23
2508 5890 2561 5937 et
2606 5881 2696 5948 29,
2720 5897 2784 5937 ex
2833 5883 3016 5939 eadem
3054 5881 3256 5951 Regula
3286 5897 3380 5938 cu-

3486 5508 3695 5578 jusdam
3729 5505 3901 5562 Patris
3928 5503 4236 5561 testimonia
4263 5503 4437 5560 affert.

3554 5600 3787 5656 Joannes
3813 5598 4137 5654 Trithemius
4169 5596 4258 5650 lib.
4293 5596 4360 5651 de
4405 5608 4588 5665 propr.
4630 5592 4811 5661 Μου..
4833 5609 4954 5668 cap.
4994 5593 5045 5663 5,

3487 5697 3623 5751 hanc
3646 5694 3901 5765 Regulam
3925 5694 3996 5747 ita
4031 5693 4179 5746 citat.

3558 5785 3686 5840 ltcm
3720 5786 3771 5840 in
3804 5783 4008 5853 Regula
4032 5782 4184 5839 Servi
4225 5781 4319 5837 Dei
4358 5780 4425 5837 ad
4457 5795 4672 5837 sorores
4692 5779 4928 5851 capitulo
4960 5777 5043 5850 Π,

3486 5879 3735 5936 scribitur
3761 5896 3772 5932 :
3804 5875 4014 5948 PrOprii
4036 5875 4236 5947 aliquid
4266 5878 4319 5932 in
4349 5873 4699 5943 monasterio,
4726 5881 4834 5930 etc.
