5174 6558
1952 390 1991 443 R
2006 389 2231 445 ECULA
2270 390 2363 445 ΑΙ)
2401 387 2745 448 VIBGINES.
3816 391 3954 450 1054

682 392 823 449 I053

1054 627 1698 707 OBSERVATIO
1748 628 2158 705 CRITICA
2216 627 2325 703 IN
2386 625 2875 704 REGULAM
2939 627 3559 720 SEQUENTEM

748 834 831 892 Ad
859 835 1021 902 hujus
1049 832 1240 887 incerti
1271 831 1506 885 auctoris
1534 828 1792 899 Regulam
1825 846 1922 900 pro
1951 834 2229 887 monachis
2252 842 2531 890 exaratam
2553 831 2982 899 observavimus,
3008 831 3152 885 illam
3175 846 3277 902 pro
3300 831 3584 888 monachis
3609 829 3794 890 Scotis
3820 831 3959 889 scri-

675 938 829 1003 ptam
862 929 1048 993 fuisse,
1078 928 1148 981 ob
1170 925 1394 995 rigidam
1420 924 1617 979 ibidem
1646 925 2017 995 praescriptam
2050 930 2402 984 monasticam
2423 927 2793 998 disciplinam;
2826 934 2991 995 atque
3016 926 3088 979 ob
3113 926 3358 982 eamdem
3383 926 3650 981 rationem
3678 925 3956 983 existima-

671 1043 818 1095 mus,
850 1032 907 1080 et
936 1024 1075 1079 hanc
1101 1032 1421 1091 praesentem
1456 1020 1718 1090 Regulam
1741 1035 1841 1090 pro
1889 1021 2131 1091 ejusdem
2184 1022 2419 1076 nationis
2464 1020 2972 1076 sanctimonialibus
3018 1019 3233 1075 feminis
3282 1020 3639 1089 compositam
3698 1034 3713 1070 :
3773 1019 3845 1074 ita
3894 1027 3955 1073 ut

670 1129 907 1188 utraque
932 1115 1135 1186 Regula
1164 1130 1330 1170 unum
1360 1114 1720 1181 eumdemque
1751 1121 2029 1169 auctorem
2061 1114 2333 1175 habuerit,
2375 1114 2626 1167 nimirum
2669 1121 2918 1167 sanctum
2941 1111 3259 1167 Columbam
3289 1111 3539 1166 abbatem
3573 1111 3864 1183 Hyensent,
3898 1119 3954 1165 ct

669 1211 1068 1269 monachorum
1097 1207 1388 1264 Scotorum
1416 1206 1802 1276 patriarcham.
1843 1205 2029 1275 Neque
2052 1207 2103 1259 in
2138 1206 2243 1259 hoc
2265 1206 2492 1260 multum
2523 1207 2589 1259 ab
2618 1205 2874 1274 opinione
2893 1204 3327 1259 reverendissimi
3351 1202 3580 1259 Calmeti
3600 1203 3949 1269 discedimus,

666 1309 760 1377 qui
797 1312 1111 1372 auguratur,
1143 1309 1391 1357 sanctum
1421 1298 1754 1368 Comgellum
1787 1300 2040 1353 abbatem
2064 1300 2193 1355 olim
2220 1300 2398 1353 sancti
2431 1299 2751 1353 Columbani
2771 1297 3043 1352 exstitisse
3068 1298 3260 1366 prioris
3288 1297 3511 1368 Regula:
3558 1305 3855 1364 auctorem,
3880 1314 3949 1353 on

665 1394 1079 1451 similitudinem
1110 1391 1408 1461 disciplina:
1438 1391 1579 1459 apud
1602 1388 1981 1444 Luxovi’enses
2006 1391 2305 1445 monachos
2338 1390 2690 1453 introductae;
2742 1406 2866 1443 nam
2902 1390 2953 1443 in
3005 1391 3256 1444 omnibus
3302 1392 3579 1461 utriusque
3628 1407 3792 1448 sexus
3835 1411 3949 1448 nio-

665 1488 924 1545 nasteriis
954 1484 1094 1555 apud
1124 1483 1325 1540 Scotos
1352 1481 1539 1538 eadem
1570 1481 1741 1549 rigida
1784 1482 2067 1551 disciplina
2126 1481 2535 1535 observabatur.
2588 1481 2697 1535 Nec
2735 1481 2951 1549 quidem
2998 1488 3241 1535 sanctum
3284 1480 3615 1549 Comgcllum
3662 1485 3949 1555 scripsisse

667 1581 933 1650 Regulam
964 1579 1318 1634 monasticam
1376 1578 1628 1644 legimus;
1657 1574 1751 1629 sed
1780 1583 2021 1630 sanctum
2052 1575 2367 1629 Columbam
2398 1583 2481 1631 tot
2509 1575 2963 1627 monasteriorum
2993 1582 3199 1642 patrem
3249 1589 3313 1629 ac
3359 1575 3730 1644 legislalorem
3777 1592 3946 1648 agno-

664 1682 832 1728 scunt
862 1686 1050 1728 omnes
1074 1670 1340 1735 historici,
1366 1670 1662 1737 prtesertim
1695 1667 2017 1722 venerabilis
2051 1667 2193 1720 Beda
2237 1666 2286 1719 in
2317 1680 2414 1720 sua
2460 1663 2693 1720 Historia
2733 1665 3136 1720 Ecclesiaslica.
3183 1664 3252 1719 Et
3290 1667 3505 1735 quidem
3538 1668 3590 1722 in
3646 1672 3946 1726 monastico

661 1767 890 1822 Scotico
918 1764 1150 1834 plurima
1179 1762 1524 1831 reperiuntur
1553 1776 1828 1817 sacrarum
1858 1760 2125 1827 virginum
2158 1758 2403 1813 cocnobia
2435 1758 2683 1826 antiqua,
2711 1758 2801 1813 ubi
2831 1758 2944 1813 hate
2974 1755 3123 1814 arcta
3155 1767 3211 1815 et
3259 1759 3430 1827 rigida
3486 1761 3774 1831 disciplina
3820 1763 3945 1816 olim

662 1857 1083 1921 observabatur,
1116 1854 1416 1924 praesertim
1448 1852 1501 1905 in
1532 1850 1926 1906 Abernethensi
1951 1851 2289 1918 parthenone
2311 1860 2474 1917 atque
2505 1850 2645 1918 apud
2678 1848 3145 1917 'fbiningbamiam
3168 1858 3224 1902 et
3248 1847 3716 1918 Coldinghamiam
3738 1893 3751 1919 ,
3785 1852 3946 1907 sicuti

660 1961 720 2011 et
750 1949 892 2020 apud
915 1946 1179 2003 Hebrides
1218 1945 1333 1999 sive
1369 1943 1742 1999 Occidentales
1770 1943 1997 2007 insulas,
2024 1943 2121 1995 ubi
2164 1950 2383 1997 sanctus
2426 1939 2689 1995 Columba
2742 1955 2841 2008 pro
2886 1938 3388 1995 sanctimonialibus
3439 1940 3652 1997 feminis
3682 1944 3945 1998 ‘ca-nohia

660 2043 943 2108 condidit;
969 2041 1218 2109 adeoque
1244 2037 1700 2109 quemadmodum
1733 2037 2034 2103 monachis,
2065 2039 2143 2091 sic
2172 2045 2227 2091 et
2258 2036 2366 2092 illis
2393 2050 2636 2090 normam
2685 2035 2807 2088 vitae
2851 2035 3199 2104 praescripsit.
3252 2033 3320 2088 Ut
3372 2042 3429 2089 ut
3477 2036 3584 2098 sit,
3634 2034 3742 2091 hoc
3784 2053 3946 2091 unum

658 2138 942 2193 fatendum
975 2142 1076 2195 est,
1112 2133 1379 2186 exoticam
1404 2129 1743 2200 disciplinam
1778 2130 1831 2184 iu
1864 2132 1962 2184 hac
1988 2129 2202 2199 Regula
2234 2136 2546 2182 contentam
2570 2127 2700 2181 satis
2747 2127 3095 2183 manifestare
3138 2126 3419 2181 obsoletos
3469 2127 3758 2181 Scotorum
3807 2130 3946 2194 ritus

657 2242 717 2289 et
750 2227 1104 2284 creremonias
1134 2226 1320 2293 quales
1342 2230 1467 2278 sunt
1489 2223 1755 2292 imprimis
1789 2240 1800 2274 :
1836 2232 2166 2292 praeceptum
2222 2220 2515 2283 virginibus
2563 2221 2746 2275 datum
2792 2220 2859 2272 ad
2903 2220 3208 2275 conlitenda
3254 2229 3479 2288 peccata
3525 2235 3622 2274 sua
3664 2219 3948 2273 abbatissm

658 2324 754 2380 vel
785 2321 1109 2394 prrepositae,
1145 2326 1239 2373 aut
1262 2316 1564 2373 senioribus
1592 2315 1657 2369 ad
1708 2315 1759 2369 id
1804 2315 2083 2384 deputatis
2118 2332 2128 2366 :
2164 2313 2364 2369 deinde
2407 2314 2452 2366 si
2490 2312 2898 2367 consideremus
2948 2320 3027 2367 tot
3074 2311 3415 2366 visitationes
3459 2311 3833 2367 cubiculorum
3892 2326 3947 2367 ct

655 2419 959 2479 lcetorum,
992 2426 1212 2468 severas
1242 2423 1431 2479 poenas
1460 2407 1893 2462 inohedicnlibus
1919 2417 1974 2461 et
2003 2406 2465 2461 murmurantibus
2495 2406 2748 2469 inﬂictas,
2772 2413 2828 2461 et
2853 2405 2957 2460 alia
2988 2406 3158 2474 rigida
3188 2405 3416 2473 monita,
3440 2420 3742 2476 agnoscere
3772 2405 3937 2462 debe-

655 2529 781 2568 mus
808 2554 821 2576 ,
869 2512 1008 2563 hanc
1038 2507 1295 2575 Regulam
1326 2504 1396 2557 2i
1425 2505 1603 2575 capita
1654 2503 2024 2556 continentem
2054 2501 2277 2553 oumino
2304 2514 2498 2568 sapere
2524 2514 2769 2555 severam
2820 2499 3107 2555 Scotorum
3158 2502 3514 2556 monasticam
3562 2499 3900 2569 disciplinam
3930 2516 3944 2561 ;

657 2605 913 2676 quamvis
936 2612 1124 2658 auctor
1154 2601 1333 2669 aliqua
1364 2615 1483 2654 cum
1516 2596 1736 2666 Regulis
1767 2593 1941 2650 sancti
1971 2593 2243 2647 Benedicti
2276 2601 2331 2647 et
2361 2592 2535 2646 sancti
2575 2592 2894 2646 Columbani
2936 2594 3242 2648 communia
3292 2594 3643 2663 prtescribere
3673 2594 3941 2651 videatur.

654 2700 895 2771 Insuper
918 2705 1105 2751 notare
1131 2696 1315 2759 velim,
1349 2702 1621 2748 auctorem
1653 2705 1844 2746 revera
1876 2688 2231 2753 intellexisse,
2262 2687 2665 2743 confessio-tem
2689 2688 2973 2743 abbatissae
3022 2688 3218 2744 factam
3260 2691 3423 2746 fuisse
3454 2692 3903 2746 sacramentalem
3929 2709 3941 2756 ;

658 2796 865 2851 ibidem
890 2793 1031 2847 enim
1057 2790 1391 2861 prohibetur,
1424 2804 1495 2843 ne
1524 2785 1750 2842 crimina
1782 2785 1993 2838 minora
2021 2781 2105 2836 vel
2135 2782 2371 2836 maxima
2401 2780 2456 2836 in
2488 2782 2837 2838 confessione
2869 2784 3106 2838 revelata
3135 2785 3616 2840 manifestarentur
3650 2805 3660 2839 :
3705 2786 3935 2840 Crimina

659 2894 871 2943 minora
918 2890 990 2941 rel
1037 2888 1265 2940 nmmima
1316 2883 1609 2938 nullatenus
1655 2880 2008 2950 manifestent,
2059 2878 2159 2930 nisi
2202 2879 2311 2932 solo
2347 2877 2491 2946 justo
2513 2878 2699 2947 judici,
2729 2878 2815 2947 qui
2844 2879 3072 2931 omnium
3123 2880 3480 2948 conﬁtentium
3518 2880 3734 2933 crimina
3782 2881 3935 2934 lavat.

658 2986 953 3056 (Breucum,
979 2982 1109 3036 Cod.
1145 2979 1360 3049 llegul.,
1394 2985 1435 3032 t.
1467 2976 1554 3046 Il.)

660 3095 3934 3134 ww

976 3195 1375 3273 INCIPIT
1425 3192 1831 3270 REGULA
1890 3186 2426 3267 CUJUSDAM
2486 3185 2855 3265 PATRIS
2915 3186 3047 3262 AD
3104 3185 3619 3266 VIBGINES.

1166 3432 1397 3491 CAPUT
1438 3430 1725 3489 PRIMUM.
2272 3438 2322 3493 Α
2352 3438 2403 3484 et
2452 3430 2782 3498 disciplinam
2814 3436 2861 3482 et
2891 3429 3161 3482 scientiam
3211 3429 3337 3483 doce
3362 3446 3464 3496 me,
3506 3430 3729 3485 Domine
3756 3432 3774 3502 (
3792 3432 3935 3487 Psal.

837 3572 1112 3629 Abbatissa
1148 3572 1449 3627 monasterii
1496 3572 1665 3642 qualis
1706 3585 1816 3625 esse
1838 3570 2057 3625 debeat?

725 3711 1020 3770 Abhatissa
1051 3709 1357 3765 monasterii
1381 3723 1487 3763 non
1510 3716 1620 3763 tam
1645 3720 1841 3775 genere
1865 3720 2024 3774 quam
2042 3720 2248 3777 sapien-

648 3806 723 3863 tia
761 3815 819 3859 et
846 3802 1136 3857 sanctitate
1160 3800 1350 3854 nobilis
1376 3813 1497 3854 esse
1524 3798 1685 3855 debet
1716 3815 1731 3853 :
1764 3805 1821 3851 ut
1877 3813 1997 3866 quae
2041 3812 2246 3853 sermo-

644 3915 779 3955 nem
804 3898 871 3951 ad
893 3894 1214 3950 erudiendas
1243 3895 1448 3949 animas
1470 3893 1617 3962 justa
1647 3892 1952 3948 eruditione
1975 3891 2242 3958 lucubrat,

644 3990 892 4064 proliriis
918 3988 1126 4042 aclibus
1158 4000 1263 4041 non
1291 3985 1626 4040 COIlll'adiCtI.
1656 4000 1667 4035 :
1703 3983 1824 4053 plus
1873 3983 2075 4039 etenim
2118 3984 2247 4037 sub-

636 4084 854 4152 jugalzu
882 4078 1222 4148 pra-latorum
1253 4088 1466 4129 actuum
1496 4078 1719 4128 formum
1755 4074 2048 4141 imitantur,
2081 4091 2244 4145 quam

642 4170 920 4227 doctrinm
952 4168 1113 4222 illata:
1153 4182 1336 4221 aurem
1386 4166 1818 4220 accommodant.
1879 4166 2046 4221 Debet
2099 4166 2240 4220 enim

642 4262 827 4318 sacris
854 4260 1083 4329 eloquiis
1112 4274 1275 4330 opera
1310 4269 1526 4313 nectere
1554 4274 1736 4311 sacra:
1768 4267 1824 4311 nt
1849 4273 1965 4326 qua:
1988 4258 2108 4326 ejus
2131 4254 2247 4313 imi;

645 4366 805 4411 tatur
836 4353 1141 4407 doctrinam
1164 4366 1231 4406 ex
1262 4367 1415 4413 voce,
1453 4351 1688 4405 imitetur
1711 4352 1910 4407 cultum
1943 4366 2010 4408 ex
2041 4367 2242 4423 Opere:

643 4463 718 4502 ne
750 4445 796 4500 si
832 4446 885 4497 in
925 4443 1106 4512 aliquo
1130 4442 1248 4497 voci
1280 4458 1415 4510 opus
1438 4442 1845 4509 contradixcrit,
1872 4443 2071 4497 fructus
2101 4444 2245 4498 vocis

2356 3524 2562 3590 cxvtn).
2595 3521 2652 3575 In
2683 3529 2911 3589 utroque
2932 3520 3132 3575 etenim
3171 3521 3456 3576 abbatissa:
3484 3525 3779 3577 cavendum
3825 3536 3939 3589 est,

2356 3629 2425 3668 ne
2448 3624 2538 3668 aut
2570 3613 2730 3668 nimia
2754 3612 2998 3666 bonitate
3026 3612 3081 3667 in
3102 3612 3466 3680 subjectarum
3509 3613 3765 3669 cordibus
3812 3616 3939 3670 Vitia

2356 3705 2585 3771 nutriat,
2616 3713 2709 3758 aut
2739 3704 2904 3759 nimia
2927 3702 3223 3772 disciplina:
3254 3704 3573 3759 austeritate
3602 3721 3668 3760 ea
3692 3721 3811 3774 qua:
3837 3708 3939 3761 leni

2354 3798 2728 3868 increpatione
2773 3796 3015 3851 sananda
3074 3796 3313 3862 fuerant,
3359 3795 3531 3864 rigida
3596 3800 3939 3868 c0rreptione

2356 3889 2702 3959 diripiantur.
2735 3887 2971 3943 Incautis
3002 3888 3203 3942 etenim
3231 3890 3309 3943 sic
3337 3889 3530 3944 blanda
3584 3892 3939 3960 persuasione

2355 3983 2670 4049 subveniat,
2710 3990 2771 4036 ut
2817 3994 3006 4035 eorum
3049 3981 3220 4034 saniei
3262 3980 3489 4035 antidoti
3540 3982 3939 4051 quodammodo

2353 4075 2624 4130 medendo
2652 4089 2839 4130 curam
2873 4075 3119 4127 iniundat
3161 4090 3175 4128 :
3222 4075 3370 4128 sanis
3413 4090 3542 4130 vero
3592 4076 3831 4130 motibus
3874 4092 3935 4131 ea

2352 4168 2621 4225 hortando
2668 4168 2931 4237 praebeat,
2965 4176 3022 4221 ut
3058 4182 3178 4235 quaa
3224 4182 3386 4235 agere
3425 4178 3724 4238 cmpernnt,
3748 4170 3939 4223 melio-

2354 4263 2525 4318 rande
2549 4275 2718 4329 usque
2743 4262 2808 4315 ad
2844 4264 3003 4314 tinem
3033 4264 3349 4329 perducant.
3391 4259 3531 4313 Nihil
3578 4262 3775 4314 etenim
3808 4276 3935 4330 pro-

2355 4355 2478 4409 dest
2500 4354 2750 4425 crepisse,
2782 4354 2827 4408 si
2860 4354 2911 4406 in
2943 4368 3107 4422 opere
3138 4352 3279 4406 bono
3308 4351 3453 4421 quod
3500 4362 3777 4422 cmperant
3827 4369 3935 4406 non

2352 4446 2603 4501 studeant
2631 4458 3002 4514 perseverare.
3037 4442 3247 4497 Habeat
3275 4458 3407 4513 ergo
3438 4452 3517 4497 tot
3564 4446 3775 4498 animos
3823 4461 3935 4498 mn-

642 4553 761 4593 non
797 4536 1051 4591 obtinere
1082 4534 1255 4588 valeat
1282 4533 1553 4587 effectum.
1586 4534 1675 4586 Sic
1717 4547 1845 4600 ergo
1895 4533 1963 4586 sit
2010 4539 2065 4588 et
2114 4548 2247 4588 voce
2279 4507 2325 4565 Β
2354 4545 2453 4598 ter,
2488 4544 2618 4606 quot
2648 4536 2815 4591 habet
2842 4536 2891 4590 in
2919 4549 3018 4589 suo
3050 4536 3315 4603 regimine
3347 4536 3512 4599 lizias;
3562 4536 3792 4603 utjuxta
3821 4553 3938 4589 om-

641 4638 851 4686 ornata
876 4633 933 4681 et
963 4640 1149 4694 Opere,
1184 4633 1239 4677 ut
1271 4634 1325 4679 et
1366 4640 1498 4692 opus
1520 4625 1661 4689 voci,
1691 4632 1746 4677 et
1790 4640 1891 4677 vox
1947 4626 2248 4679 consentiat

638 4721 804 4793 operi
833 4737 849 4786 ;
886 4719 955 4771 sit
983 4718 1325 4771 continentiae
1357 4724 1412 4770 et
1442 4716 1701 4769 «ustilatis
1751 4716 1884 4771 flore
1929 4724 2163 4785 compta.
2192 4725 2247 4772 ct

643 4813 907 4869 omnium
935 4824 1026 4862 ore
1056 4808 1360 4872 laudabilis,
1387 4810 1624 4864 omnium
1648 4809 1924 4862 desideriis
1970 4808 2245 4863 imitabilis

640 4901 929 4970 exemplo.
967 4900 1049 4954 Sit
1071 4900 1350 4954 cbaritatis
1381 4900 1759 4953 benevolentia
1793 4910 2002 4965 ornata,
2030 4909 2087 4954 nt
2129 4916 2244 4955 οη]-

638 5000 797 5051 nium
839 4992 1071 5047 fidelium
1127 4990 1358 5043 lzctificct
1402 4990 1585 5043 corda.
1645 4988 1778 5057 Erga
1835 4992 2242 5059 peregrinorum

635 5098 692 5142 ct
719 5085 1003 5154 hospitum
1027 5083 1438 5138 sollicitudinem
1465 5093 1685 5151 przL'le:
1709 5098 1835 5150 erga
1862 5085 2243 5141 inlirmantium

636 5191 845 5233 curam
874 5174 1103 5229 sollicita
1133 5193 1148 5233 ;
1181 5189 1307 5243 erga
1332 5176 1552 5244 inopum
1581 5185 1631 5229 ct
1664 5191 1958 5244 egenorum
1990 5179 2241 5247 jnvamen

636 5270 936 5340 apulenta.
970 5265 1059 5320 Sic
1090 5266 1516 5336 delinquentium
1567 5268 1830 5335 ignaviam
1884 5270 2138 5337 corrigat,
2184 5280 2245 5324 ut

637 5364 708 5417 ad
744 5358 964 5416 cultum
991 5356 1264 5424 religionis
1291 5356 1516 5413 lascivas
1538 5360 1780 5414 etl'essas
1829 5370 2034 5413 utentes
2081 5360 2242 5415 redu-

638 5464 758 5510 cat.
818 5451 921 5506 Sic.
961 5448 1383 5504 mlSt'l'ICONIIIBI'
1431 5450 1686 5504 honizatis
1741 5450 1880 5504 dona
1929 5450 2239 5517 distribuat;

636 5555 921 5618 quatenus
946 5557 1015 5596 ex
1055 5540 1217 5595 nimia
1250 5540 1491 5595 bonitate
1522 5540 1817 5595 facinorum
1847 5542 2083 5596 fomenta
2134 5558 2242 5597 non

637 5637 877 5693 nutriat.
912 5635 997 5687 Sit
1027 5647 1159 5700 ergo
1192 5632 1347 5685 bonis
1379 5633 1515 5685 bona
1551 5649 1644 5701 per
1673 5634 1943 5700 meritum,
1976 5637 2044 5689 sit
2090 5637 2243 5691 malis

638 5731 788 5786 mala
825 5744 921 5797 per
952 5724 1247 5791 ﬂagellant,
1276 5724 1416 5792 quod
1437 5725 1702 5779 nmdiante
1728 5728 1947 5781 scicntia
1977 5729 2239 5797 agendum

638 5835 746 5885 cst,
784 5819 939 5887 juxta
970 5816 1271 5871 Psalm‘stm
1301 5818 1599 5873 orationem
1646 5818 1871 5875 dicentis
1904 5840 1915 5874 :
1948 5821 2236 5879 Bonitatem

2350 4628 2496 4683 nium
2533 4644 2713 4682 mores
2743 4629 2983 4683 omnium
3014 4629 3233 4684 noverit
3256 4629 3387 4683 vitia
3436 4644 3713 4684 coercere.
3764 4629 3935 4685 Tanta

2348 4722 2415 4777 sit
2457 4723 2507 4774 in
2541 4736 2731 4775 omnes
2763 4722 3131 4791 providentia,
3163 4730 3221 4775 ut
3249 4736 3351 4775 nec
3399 4722 3572 4790 pietas
3617 4722 3935 4792 disciplina;

2349 4830 2524 4883 neque
2554 4814 2834 4883 disciplina
2866 4814 3053 4884 pietati
3086 4815 3262 4869 locutn
3288 4815 3461 4869 tollat.
3509 4814 3646 4882 Agat
3693 4816 3934 4869 omnium

2348 4920 2563 4969 curam,
2593 4916 2649 4958 ut
2697 4904 2765 4959 dc
2815 4907 3059 4959 omnium
3111 4907 3354 4975 prol'ectu
3404 4905 3671 4961 mercedis
3713 4907 3937 4975 recipiat

2347 4998 2524 5057 lucra;
2562 5005 2614 5049 ut
2647 5014 2711 5050 ex
2740 5000 3087 5067 corruptione
3113 5000 3389 5067 prmsenlis
3421 5000 3543 5053 vitae
3588 4998 3937 5067 quandocun-

2346 5105 2451 5159 que
2478 5099 2660 5159 erepta
2688 5100 2893 5145 tantum
2920 5092 3117 5147 laboris
3154 5093 3381 5161 recipiat
3404 5092 3938 5161 pra-mium,quantis

2348 5183 2413 5234 ad
2442 5182 2766 5236 vincendum
2814 5184 3087 5238 inimicum
3131 5182 3392 5252 pswsidiis
3439 5183 3671 5252 prathuit
3720 5182 3935 5252 Sttpple-

2348 5284 2605 5331 mentum.

2970 5369 3202 5427 CAPUT
3243 5373 3306 5428 Il.

2542 5504 2720 5570 Qualis
2763 5505 2944 5560 debeat
2968 5522 3079 5563 esse
3106 5510 3382 5577 prwpasita
3411 5512 3734 5566 monasterii.

2420 5637 2712 5711 Przeposita
2745 5645 3059 5699 monasterii
3094 5660 3201 5699 non
3232 5655 3391 5701 mtatc
3422 5650 3596 5715 senili,
3629 5649 3722 5702 sed
3768 5650 3931 5704 mori-

2345 5732 2444 5786 bus
2474 5735 2847 5789 constituenda
2876 5746 2977 5789 est.
3015 5735 3204 5792 Multas
3233 5739 3431 5792 etenim
3461 5741 3737 5807 prolixitas
3757 5755 3930 5795 anno-

2348 5836 2463 5878 rum
2495 5825 2715 5895 attollit,
2747 5829 2839 5882 sed
2868 5827 3102 5885 dedecus
3133 5832 3403 5901 torpentis
3433 5833 3554 5885 vitae
3585 5834 3649 5889 ad
3698 5835 3931 5888 infantius
