5174 6616
3 6490 761 6616 .---

1810 430 1951 490 1055

3096 432 3455 490 CUJUSDAM
3495 432 3743 493 PATRIS

4942 443 5070 501 i056

1806 547 2246 603 lmmaturitatem
2314 548 2641 617 tepescendo
2710 548 2936 604 reducit.
2997 548 3386 605 Constituenda
3414 546 3764 616 Asiderent,
3810 564 3927 618 qua:
3976 550 4357 621 perfunctoriis
4419 556 4748 628 contemptis
4802 533 5067 616 Christum

1806 656 1936 711 ergo
1965 651 2047 696 est
2091 641 2377 711 prieposita
2409 643 2647 697 moribus
2675 643 2871 711 gravis,
2905 658 3157 699 sermone
3191 642 3381 705 soleis,

1806 731 2023 799 ingenio
2072 732 2243 795 tortis,
2294 733 2726 789 consideratione
2772 735 2917 803 vigil,
2945 750 3105 791 cursu
3139 734 3381 803 impigra,

1807 822 2149 892 correptione
2192 825 2302 892 pia,
2345 824 2626 893 disciplina
2674 827 2976 893 moderata,
3019 833 3139 881 actu
3194 834 3379 878 casta:

1806 916 2050 971 moribus
2090 917 2292 983 sobria,
2322 917 2723 986 dispensatione
2750 934 2925 987 mqua,
2968 918 3264 972 humilitate
3289 933 3383 973 or-

1807 1016 1954 1073 nata,
1986 1008 2218 1078 patiens,
2260 1009 2423 1073 mitis,
2458 1025 2564 1063 non
2598 1009 2923 1074 turbulenta,
2964 1023 3073 1064 non
3103 1010 3380 1076 iracunda,

1808 1116 1914 1154 non
1964 1100 2224 1169 superbire
2272 1101 2356 1154 vel
2404 1101 2723 1170 arrogantiae
2768 1101 2899 1156 vitio
2943 1100 3231 1166 maculata,
3276 1117 3385 1156 non

1806 1191 2050 1261 prodiga,
2085 1208 2191 1247 non
2221 1193 2453 1263 garrula,
2499 1192 2594 1247 sed
2625 1193 2773 1247 omni
2816 1200 2943 1248 actu
2989 1193 3264 1261 religionis
3292 1207 3385 1246 or-

1806 1293 1954 1352 nata,
1983 1300 2103 1355 qute
2142 1288 2276 1340 sciat
2321 1285 2686 1354 languentium
2716 1286 2954 1341 moribus
2982 1285 3295 1348 subvenire,
3328 1295 3384 1340 et

1809 1381 2193 1449 tepescentimn
2225 1380 2491 1447 ignaviam
2525 1379 2761 1434 excitare
2789 1398 2799 1431 :
2833 1393 2996 1447 super
3019 1393 3179 1448 quam
3210 1379 3382 1433 abba-

1808 1473 1933 1525 tissa
1962 1472 2283 1539 requiescat,
2312 1480 2370 1524 ιιι
2400 1472 2451 1525 in
2483 1470 2627 1524 nullo
2650 1471 2715 1524 ab
2736 1469 2852 1539 ejus
2873 1470 3153 1539 prmceptis
3173 1470 3380 1536 deviet;
3420 1480 3425 1485 '

1808 1565 1904 1619 sed
1937 1566 1988 1620 in
2021 1564 2269 1619 omnibus
2311 1564 2539 1629 subdita,
2573 1572 2628 1617 et
2659 1563 2711 1617 in
2754 1561 2918 1630 jussis
2955 1562 3256 1625 senioribus
3284 1561 3383 1617 de-

1809 1665 1981 1725 tenta,
2011 1658 2138 1711 nihil
2170 1654 2313 1725 quod
2344 1656 2626 1711 abbatissa:
2657 1656 2918 1710 voluntati
2957 1656 3025 1710 sit
3052 1657 3381 1711 contrarium

1808 1762 1902 1806 aut
1925 1751 2104 1815 l'aciat,
2127 1757 2219 1803 aut
2241 1748 2455 1804 ordinet
2477 1748 2799 1814 faciendum,
2826 1745 2919 1801 sed
2944 1747 3124 1800 omnia
3146 1762 3244 1815 per
3265 1748 3383 1813 ejus

1806 1841 2315 1909 interrogationem;
2345 1843 2499 1908 juxta
2525 1838 2650 1892 illud
2677 1837 2820 1906 quod
2847 1837 3105 1907 scriptum
3135 1845 3252 1890 est:
3286 1835 3380 1889 ln-

3492 654 3674 694 amarc
3704 652 4020 711 creperum;
4051 645 4103 698 in
4127 660 4285 715 quem
4313 662 4582 702 summum
4612 648 4813 704 bonum
4835 660 5070 706 contem-

3492 731 3729 800 platione
3779 736 3973 789 mentis
4020 751 4239 791 manere
4286 742 4724 807 cormpexerunt?
4777 741 4901 796 Sint
4947 757 5068 811 ergo

3490 828 3685 881 mentis
3713 841 3823 881 sua:
3851 837 3992 883 statu
4022 830 4337 886 ﬁrmissima:
4357 874 4370 895 ,
4422 840 4482 885 ut
4527 832 4756 888 Domino
4785 849 4911 888 cum
4940 832 5069 891 Pro-

3491 918 3649 987 pheta
3666 920 3871 975 orando
3893 921 4071 975 dicant
4096 939 4108 974 :
4135 924 4317 978 Auerte
4332 924 4505 979 oculos
4528 935 4755 991 nostros,
4778 943 4844 981 ne
4866 928 5070 981 videant

3488 1011 3785 1074 vanitatem,
3830 1013 3883 1064 in
3925 1014 4006 1064 ria
4035 1022 4122 1065 tua
4151 1014 4353 1082 vivi/ica
4396 1031 4490 1069 nos
4553 1014 4729 1083 (Psal.
4791 1018 4909 1086 cx).
4943 1017 5069 1073 Tale

3488 1116 3702 1170 semper
3728 1105 4235 1172 supervenientibus
4262 1106 4550 1161 ostendant
4574 1108 4905 1177 exemplum,
4938 1119 4996 1164 ut
5020 1121 5069 1167 et

3491 1194 3621 1248 loris
3662 1193 3730 1247 ab
3757 1195 4029 1250 extraneis
4060 1211 4254 1250 nomen
4285 1196 4498 1252 Domini
4526 1197 4889 1266 gloriﬁcetur;
4916 1202 5068 1268 juxta

3488 1286 3627 1355 quod
3660 1284 3917 1342 Dominus
3942 1289 4052 1342 ait:
4088 1288 4179 1344 Sic
4223 1291 4391 1344 luceat
4420 1291 4512 1344 lux
4552 1301 4724 1345 vestra
4762 1308 4944 1347 coram
4974 1296 5065 1348 ho-

3487 1379 3731 1442 minibus,
3761 1390 3817 1432 ut
3852 1379 4053 1433 videant
4090 1397 4250 1450 opera
4285 1391 4451 1436 vestra
4480 1383 4649 1447 bona,
4682 1394 4732 1437 et
4775 1385 5068 1455 gloriﬁcent

3488 1466 3700 1522 Patrem
3726 1480 3945 1523 vestrum
3976 1474 4060 1541 qui
4090 1474 4144 1525 in
4172 1475 4313 1526 cwli:
4341 1486 4419 1527 est
4446 1473 4667 1542 (Matth.
4700 1476 4756 1546 ν)
4784 1495 4798 1529 :
4830 1488 4890 1532 et
4928 1478 5067 1532 intus

3486 1571 3517 1610 a
3547 1559 3923 1614 consodalibus
3952 1562 4064 1616 suis
4110 1564 4371 1619 mercedis
4402 1575 4709 1635 praeparent
4736 1568 4913 1637 lucra,
4943 1569 5067 1625 dum

3487 1650 3721 1703 onmium
3753 1651 3869 1706 vice
3902 1654 4030 1711 l'oris
4057 1665 4251 1724 gerunt
4276 1672 4483 1713 curam.
4514 1657 4605 1715 Sic
4624 1668 4797 1715 cautie
4827 1664 5068 1717 moribus

3486 1755 3605 1793 cum
3634 1741 3885 1797 virtutum
3913 1746 4170 1811 magistra
4198 1747 4501 1805 humilitate
4527 1752 4786 1818 existant.
4814 1763 4876 1808 ut
4894 1756 5068 1809 omnis

3487 1833 3761 1899 patientia:
3814 1834 4179 1890 blandimenta
4210 1853 4277 1892 ex
4323 1839 4597 1910 colloquio
4637 1843 4838 1898 allabili
4888 1856 5068 1899 osten-

1807 1943 2011 2001 (errnga
2057 1941 2254 2001 patrem
2293 1941 2451 1994 tuum,
2503 1936 2551 1982 et
2604 1926 2930 1980 annuntiabit
2970 1926 3101 1991 tibi;
3152 1928 3379 1996 majores
3414 1917 3459 1977 Β
3486 1921 3634 1974 dant.
3668 1923 3950 1991 Nunquam
3973 1926 4192 1994 singula:
4218 1928 4299 1982 vel
4330 1928 4468 1983 bina:
4489 1932 4605 1986 sine
4634 1932 4793 1986 tertia
4825 1942 4964 1988 teste
4993 1936 5066 1990 lo-

1806 2034 1916 2075 tuos
1943 2033 1992 2074 ct
2019 2023 2189 2075 dicent
2241 2020 2418 2089 (Dent.
2462 2026 2648 2077 χχχιι).
2687 2019 3131 2088 interrogandum
3171 2036 3385 2089 semper

1804 2124 1908 2181 est,
1941 2125 1997 2169 ut
2040 2116 2091 2169 in
2125 2115 2270 2168 nullo
2298 2131 2327 2167 a
2355 2116 2625 2167 seniorum
2660 2113 2885 2166 consilio
2916 2113 3108 2166 anima:
3155 2113 3383 2167 subdita:

1807 2206 2146 2274 discrepent;
2182 2205 2233 2257 in
2265 2204 2409 2258 nullo
2436 2218 2566 2258 oves
2594 2218 2622 2255 a
2654 2205 2886 2272 pastoris
2917 2204 3191 2257 voluntate
3220 2203 3383 2258 decli-

1806 2307 1953 2354 nent.
1989 2297 2203 2367 Sprevit
2247 2313 2479 2365 nzmquc
2524 2298 2798 2350 seniorum
2840 2298 3065 2351 consilia
3115 2298 3378 2363 llnboarn,

1800 2388 2055 2458 juvenem
2087 2404 2212 2443 usus
2241 2389 2486 2442 consilio.
2514 2388 2643 2453 Quze
2670 2404 2755 2441 res
2782 2388 2954 2455 qualis
2984 2389 3245 2457 dispendii
3272 2390 3385 2445 fue—

1807 2480 1876 2535 rit
1901 2479 2111 2535 occasio
2156 2480 2441 2547 Scripturae
2471 2479 2671 2533 veritas
2698 2487 3008 2541 attestatur,
3038 2481 3152 2547 qui,
3183 2481 3384 2536 omissa

1805 2572 2174 2626 dominatione
2199 2570 2446 2625 undecim
2471 2570 2727 2635 tribuum,
2749 2572 2835 2624 vix
2863 2586 2984 2624 cum
3008 2588 3110 2625 una
3138 2572 3278 2625 tribu
3305 2572 3384 2626 in-

1803 2672 1888 2717 ter
1917 2671 1999 2717 tot
2025 2677 2395 2732 pressurarum
2429 2661 2712 2731 dispendia
2743 2663 2948 2731 absque
2978 2664 3165 2717 mortis
3197 2665 3385 2718 cruie-

1803 2757 1956 2812 litate
1988 2757 2252 2825 reliquum
2277 2757 2396 2809 vit-e
2426 2755 2649 2824 peregit.
2684 2754 2852 2809 Debet
2872 2770 3101 2823 namque
3127 2770 3245 2809 esse
3268 2770 3384 2808 0m—

1802 2849 1951 2901 nium
1996 2847 2375 2900 necessitatum
2408 2854 2514 2898 tam
2554 2846 2799 2915 corporis
2827 2861 2985 2912 quam
3029 2846 3222 2899 animae
3256 2862 3386 2915 pro-

1805 2940 1928 2994 vida
1956 2958 1970 2993 :
1999 2948 2056 2993 ut
2084 2948 2138 2994 et
2182 2938 2419 2995 subsidia
2448 2939 2726 3008 prmsentis
2756 2939 3093 2993 necessitatis
3122 2941 3380 3008 porrigat,

1801 3040 1857 3087 et
1879 3031 2041 3088 corda
2069 3031 2402 3085 subditarum
2425 3032 2492 3084 ad
2515 3031 2726 3084 laudem
2743 3030 3014 3085 Creatoris
3034 3032 3380 3086 intonamlam

1804 3137 1872 3177 ex
1900 3121 2083 3178 sedula
2114 3122 2479 3177 admonitione
2510 3122 2796 3177 excitando
2824 3125 3024 3190 erigat;
3069 3122 3299 3174 humiles
3327 3130 3381 3175 et

1799 3225 2024 3287 propter
2053 3215 2326 3271 Christum
2373 3216 2647 3285 subjectas
2691 3218 3010 3271 honorando
3054 3218 3105 3271 in
3147 3217 3377 3272 sublime

1801 3308 2065 3379 provehat
2091 3328 2101 3361 :
2136 3325 2255 3365 sese
2286 3325 2410 3363 vero
2454 3310 2742 3365 attolentes
2770 3311 3134 3378 castigationis
3165 3310 3374 3377 ﬂagello

1800 3401 1867 3455 ad
1896 3400 2095 3469 gradus
2121 3400 2437 3454 humilitatis
2463 3401 2722 3455 retrahat.
2753 3399 2948 3455 Curam
2979 3402 3032 3455 in
3065 3402 3224 3455 rebus
3254 3419 3374 3457 mo-

1798 3491 2043 3555 nasterii,
2074 3505 2170 3544 seu
2202 3490 2365 3553 vasis,
2395 3505 2489 3543 seu
2517 3490 2938 3559 supellectilibus
2967 3492 3041 3545 ita
3070 3492 3266 3547 habeat
3290 3494 3372 3548 in-

1801 3594 2025 3648 tentam,
2062 3592 2120 3636 ut
2161 3583 2213 3637 in
2243 3583 2391 3637 nullo
2421 3583 2758 3651 negligentiae
2788 3584 3025 3638 tenebris
3070 3585 3375 3653 reperiatur

1799 3678 2005 3732 fuscata
2032 3696 2041 3730 :
2070 3685 2128 3731 ut
2157 3677 2285 3731 dum
2310 3678 2447 3732 sacri
2472 3676 2668 3732 laboris
2691 3691 2904 3732 omnem
2927 3691 3109 3731 curam
3132 3677 3369 3740 adhibet,

1800 3771 1868 3823 ab
1899 3771 2278 3840 omnipotente
2319 3772 2548 3824 fructum
2591 3770 2793 3824 laboris
2837 3770 3081 3839 recipiat.
3111 3769 3373 3827 Omnibus

1798 3863 2048 3919 Sabbatis
2079 3871 2202 3932 post
2233 3863 2419 3917 horam
2453 3862 2714 3916 orationis
2745 3877 2944 3916 nonam
2986 3872 3096 3916 tam
3132 3863 3375 3917 seniores

1797 3969 1957 4023 quam
1983 3954 2226 4022 juniores
2247 3955 2546 4023 praepositae
2568 3953 2740 4008 lectos
2760 3954 2999 4008 omnium
3029 3968 3274 4009 sororum
3301 3953 3377 4007 vi-

1797 4046 1981 4107 sitent,
2025 4050 2079 4097 et
2110 4042 2309 4096 faciant
2343 4051 2567 4111 propter
2591 4056 2777 4096 earum
2817 4043 3167 4111 negligentias
3194 4044 3374 4114 inqui-

1799 4134 2019 4199 rendas,
2051 4141 2141 4185 aut
2172 4133 2217 4187 si
2241 4131 2442 4198 aliquid
2470 4132 2774 4186 inseniatur
2794 4132 2982 4187 illicite
3007 4141 3062 4188 et
3089 4135 3204 4188 sine
3226 4150 3373 4189 com-

1800 4231 1980 4275 meatu
2029 4230 2316 4278 retentum.
2368 4219 2608 4289 Itemque
2654 4229 2780 4290 post
2825 4222 3149 4291 completam
3204 4223 3374 4279 lectos

1798 4313 2037 4368 onmium
2061 4327 2180 4366 cum
2203 4312 2552 4367 luminaribus
2573 4312 2813 4379 visitent,
2839 4321 2896 4366 ut
2918 4314 3157 4368 omnium
3181 4329 3364 4384 exper-

1799 4403 2092 4472 giscentem
2164 4418 2380 4456 sensum
2444 4402 2551 4463 vel,
2593 4410 2956 4472 tepescentem
3003 4418 3071 4459 ex
3124 4407 3372 4461 oratione

1799 4502 2106 4564 agnoscant.
2140 4493 2397 4547 Similiter
2424 4492 2488 4546 ad
2518 4507 2705 4548 omnes
2735 4510 2923 4549 cursus
2948 4503 3244 4552 nocturnos
3269 4498 3372 4554 hoc

1800 4596 1881 4643 est
1913 4586 2228 4649 faciendum,
2262 4594 2317 4638 ut
2345 4587 2517 4640 sciant
2543 4602 2661 4655 quae
2689 4602 2814 4641 cmn
2858 4591 3089 4653 l'ervore,
3121 4590 3206 4644 vel
3250 4606 3371 4659 quae
3397 4623 3450 4683 Ι)

1800 4697 1921 4735 cum
1952 4680 2226 4749 tepiditate
2274 4677 2339 4730 ad
2387 4693 2601 4733 cursum
2631 4688 2964 4748 assurgunt:
3007 4690 3063 4734 et
3101 4696 3194 4736 eas
3236 4698 3372 4752 quas

1801 4773 2050 4826 tarditate
2097 4771 2178 4825 vel
2226 4770 2452 4838 segnitie
2502 4771 2798 4841 culpabiles
2845 4775 3167 4842 repererint,
3209 4784 3372 4845 prout

1799 4865 1955 4933 culpa
1985 4865 2067 4918 vel
2096 4871 2225 4919 retas
2271 4864 2448 4929 luerit,
2494 4872 2586 4918 aut
2633 4864 3002 4935 increpatione
3030 4877 3125 4922 aut
3154 4866 3368 4940 ﬂagello

1800 4955 2109 5026 corripiant.

2400 5068 2627 5123 (IAPU'I‘
2665 5069 2750 5124 lli.

2240 5184 2317 5239 De
2346 5187 2642 5239 monasterii
2668 5189 2923 5256 portariu.

1868 5317 2106 5372 Portaria
2136 5330 2229 5369 seu
2260 5316 2477 5369 ostiaria
2503 5318 2818 5371 monasterii
2847 5316 2983 5371 tales
3006 5331 3123 5373 esse
3144 5319 3365 5386 debent,

1798 5424 1913 5478 quae
1934 5408 2164 5463 oinuium
2193 5407 2344 5460 simul
2371 5406 2677 5476 mercedem
2695 5408 2977 5470 aediﬁcent,
3002 5416 3163 5463 aetate
3189 5411 3363 5476 senili,

1799 5500 1991 5567 quibus
2019 5497 2246 5551 mundus
2273 5498 2420 5563 silet;
2450 5513 2569 5566 quae
2594 5498 2703 5566 jam
2733 5514 2795 5552 ex
2824 5502 3173 5567 pnesentibus
3205 5519 3357 5571 poin-

1800 5593 1880 5659 pis
1906 5588 2034 5643 nihil
2059 5588 2362 5642 desiderent
2391 5608 2402 5640 ;
2435 5592 2525 5643 sed
2552 5590 2604 5645 in
2635 5598 2748 5645 toto
2776 5592 2951 5647 cordis
2981 5591 3173 5648 allectu
3196 5593 3365 5648 Crea-

1802 5684 1902 5736 tori
1934 5685 2252 5736 inhaerentes
2275 5683 2490 5751 singula:
2510 5685 2691 5739 dicant
2715 5704 2724 5737 :
2752 5685 2884 5740 Mihi
2906 5696 3074 5741 autem
3095 5689 3362 5742 adha'rere

1802 5773 1910 5828 Deo
1968 5775 2150 5827 bonum
2180 5786 2277 5841 est,
2317 5792 2505 5845 ponere
2538 5778 2591 5829 in
2639 5777 2744 5832 Deo
2782 5796 2925 5849 spem
2967 5797 3138 5833 meam
3183 5780 3358 5847 (Paul.

1801 5869 1990 5937 Lxxn).
2019 5865 2154 5931 Quid
2182 5865 2322 5922 enim
2352 5882 2417 5923 ex
2447 5870 2795 5938 praesentibus
2823 5870 3239 5940 phaleramentis
3267 5872 3363 5932 de-

3484 2020 3735 2081 quantur.
3767 2013 4054 2083 Nunquam
4085 2019 4273 2074 oculos
4302 2020 4355 2074 in
4382 2021 4612 2077 sublime
4633 2024 4950 2079 attollentes
4972 2025 5069 2080 lai-

3484 2118 3577 2158 cos
3609 2106 3690 2158 vel
3720 2104 3947 2162 clericos
3974 2107 4181 2164 intente
4207 2110 4474 2179 aspiciant
4502 2128 4516 2165 :
4545 2112 4641 2167 sed
4669 2113 4902 2169 remisso
4944 2130 5066 2171 cum

3486 2194 3787 2252 humilitate
3828 2198 3974 2252 vultu
4027 2199 4291 2256 inclinatis
4332 2202 4502 2259 oculis
4551 2207 4859 2260 necessaria
4903 2206 5067 2263 collo-

3483 2299 3735 2355 quantur.
3781 2288 4104 2360 l’auperum,
4135 2293 4561 2364 peregrinorum,
4591 2305 4649 2350 et
4676 2296 4946 2366 hospitum
4976 2314 5066 2353 cu-

3485 2396 3599 2435 ram
3629 2382 3768 2436 inter
3796 2383 3977 2437 omnia
4009 2384 4270 2440 habentes
4296 2403 4308 2439 :
4337 2387 4460 2453 quia
4493 2388 4545 2442 in
4588 2390 4671 2443 bis
4699 2388 4945 2445 Christus
4985 2408 5067 2445 re-

3485 2471 3701 2538 cipitur,
3733 2472 3874 2526 sicut
3922 2475 4034 2542 ipse
4077 2476 4190 2528 ait:
4224 2472 4548 2547 Quacunque
4574 2479 4653 2532 his
4677 2481 4904 2533 minimis
4940 2485 5066 2549 feri-

3485 2563 3599 2641 stis,
3622 2562 3745 2614 mihi
3771 2565 3961 2631 iecistis
3987 2563 4200 2632 (Matth.
4225 2566 4374 2634 xxv).
4396 2565 4561 2622 Foras
4582 2569 4783 2639 aliquid
4808 2572 4955 2635 dare,
4983 2574 5063 2624 vel

3485 2653 3700 2707 cuilibet
3730 2654 4054 2724 ministrare,
4084 2658 4170 2712 vel
4199 2672 4229 2712 a
4259 2657 4389 2714 foris
4417 2660 4621 2729 aliquid
4653 2664 4917 2733 aecipere.
4946 2664 5063 2717 nul-

3486 2745 3693 2799 latenus
3723 2748 3837 2801 sine
3863 2758 4167 2803 commeatu
4196 2751 4478 2806 abbatissa:
4506 2753 4686 2809 facere
4717 2766 5058 2824 pnesumant.

3485 2834 3552 2889 Et
3579 2839 3937 2908 quodcunque
3968 2855 3998 2892 a
4029 2842 4156 2895 loris
4186 2841 4459 2912 accipiunt
4487 2860 4555 2898 ex
4582 2845 4740 2899 donis
4782 2848 4862 2900 vel
4910 2849 5060 2901 «ειειεο

3485 2931 3718 2999 mosynis
3748 2930 3995 2996 aliorum,
4032 2934 4337 2990 nullatenus
4366 2946 4521 2990 antea
4544 2937 4609 2990 ad
4632 2939 4901 2993 cellarium
4936 2956 5056 3009 por-

3487 3032 3618 3084 tent,
3651 3039 3816 3092 quam
3847 3034 3973 3079 ante
4003 3027 4300 3081 oratorium
4339 3027 4645 3084 deterentes
4686 3032 4860 3086 omnis
4897 3032 5057 3088 simul

3484 3117 3827 3182 congregatio
3857 3132 3954 3185 pro
3985 3133 4052 3171 eo
4080 3127 4255 3183 orent,
4278 3119 4369 3189 qui
4400 3119 4504 3175 hoc
4524 3121 4789 3176 exhibuit.
4821 3123 5055 3193 Fabulis,

3482 3222 3613 3276 quas
3642 3207 3708 3260 ad
3739 3217 3948 3276 portam
3978 3210 4063 3263 vel
4093 3225 4123 3263 a
4152 3212 4521 3280 secularibus,
4553 3215 4637 3269 vel
4667 3231 4697 3269 ει
4728 3217 5055 3287 quibuslibet

3482 3300 3768 3367 audierint,
3795 3302 4099 3358 nullatenus
4120 3313 4298 3360 autem
4326 3308 4741 3366 accommodent
4764 3328 4778 3364 :
4808 3321 4863 3367 et
4881 3315 4929 3368 si
4959 3331 5056 3370 no-

3478 3391 3649 3445 lentes
3679 3393 3944 3448 audierint
3990 3396 4074 3450 vel
4106 3397 4487 3464 intellexerint,
4521 3402 4827 3459 nullatenus
4861 3422 5056 3464 censeo

3476 3483 3683 3539 dalihus
3711 3487 3821 3540 suis
3850 3487 4101 3542 referant.
4136 3490 4193 3545 Si
4243 3491 4434 3545 horum
4482 3494 4717 3562 aliquid,‘
4748 3512 4866 3565 qua:
4918 3499 5053 3554 disi-

3477 3594 3615 3641 mus,
3657 3587 4002 3647 transgressa:
4034 3582 4249 3648 fuerint,
4279 3583 4514 3653 regulari
4543 3588 4857 3654 poenitentia
4885 3594 5049 3647 casti-

3477 3679 3684 3738 gentur.
3738 3669 3794 3725 Si
3844 3672 4029 3726 humili
4077 3674 4449 3731 satisfactione
4500 3677 4850 3745 patefaciant,
4892 3693 5049 3751 prout

3476 3759 3747 3814 humilitas
3773 3761 4076 3817 conlitentis
4106 3763 4360 3829 cernitur,
4393 3767 4462 3818 ita
4492 3765 4855 3835 delinquentis
4894 3771 5047 3843 culpa

3472 3851 3760 3920 judicetur.
3794 3852 3850 3906 Si
3881 3868 4010 3908 vero
4043 3856 4394 3909 contumacia:
4433 3857 4637 3911 crimen
4685 3862 4947 3923 occurrit.
4997 3871 5047 3917 et

3477 3943 3693 3997 modum
3741 3944 4070 4013 paenitentiae
4126 3945 4363 4013 augebit.
4415 3947 4605 4001 Claves
4654 3949 4924 4005 ostiorum
4970 3953 5049 4008 vel

3478 4041 3646 4101 porta:
3685 4034 3989 4089 nullatenus
4017 4050 4184 4114 penes
4231 4050 4290 4090 se
4340 4044 4498 4091 nocte
4529 4038 4823 4107 retineant,
4864 4043 4961 4096 sed
4986 4042 5049 4098 ad

3476 4126 3796 4180 abbatissam
3844 4135 4000 4181 nocte
4048 4126 4352 4182 deferentes
4398 4138 4741 4197 pnesentent,
4788 4141 4845 4185 et
4898 4149 5048 4187 mane

3466 4226 3598 4287 post
3622 4218 3912 4273 secundam
3938 4218 4216 4287 recipiant.
4251 4218 4483 4288 ldipsmn
4505 4228 4560 4273 et
4580 4221 4841 4287 cellarize,
4879 4234 4936 4278 et
4975 4227 5046 4296 pi-

3475 4310 3686 4371 strices,
3717 4317 3772 4362 et
3797 4324 3941 4363 coca:
3970 4310 4193 4379 implere
4221 4311 4507 4378 studeant;
4538 4322 4593 4365 ut
4620 4314 4688 4366 ab
4712 4329 4918 4371 occasu
4963 4334 5045 4371 so-

3477 4401 3561 4465 lis,
3592 4401 3674 4454 vel
3702 4416 3824 4455 cum
3856 4401 4017 4455 fuerit
4061 4416 4200 4469 Opus
4227 4403 4567 4458 necessitatis
4599 4404 4925 4473 perfectum,
4965 4425 5047 4464 us-

3476 4507 3582 4562 que
3607 4492 3673 4545 ad
3702 4492 3989 4546 secundam
4013 4493 4281 4547 abbatissa
4307 4495 4487 4548 claves
4515 4494 4747 4549 retineat
4771 4514 4789 4562 ;
4819 4499 4921 4556 nisi
4954 4513 5041 4553 ne.

3476 4588 3698 4643 cessitas
3714 4589 3976 4654 evenerit,
4005 4596 4061 4641 ut
4085 4602 4180 4657 per
4201 4599 4560 4643 commeatum
4584 4590 4876 4647 abbatissa:
4893 4602 5046 4649 nocte

3474 4678 3825 4741 retineantur,
3867 4689 3920 4731 et
3964 4689 4085 4747 post
4119 4678 4408 4733 secundam
4438 4678 4615 4734 denuo
4644 4682 4972 4737 tribuantur.
5001 4684 5045 4738 Δ

3474 4767 3628 4836 signo
3656 4768 3960 4837 vespertino
3987 4783 4155 4836 usque
4179 4768 4246 4822 ad
4275 4769 4563 4823 secundam
4593 4770 4898 4843 impletam.
4925 4773 5042 4827 nul-

3473 4862 3682 4915 latenus
3708 4870 3982 4929 portarum
4026 4860 4168 4915 l'ores
4215 4861 4525 4929 aperiantur
4562 4881 4576 4916 :
4618 4878 4802 4931 neque
4830 4863 4970 4919 ullus
5013 4881 5041 4919 a

3474 4952 3605 5008 foris
3632 4952 3880 5006 introitus
3908 4951 4128 5021 pateliat
4158 4970 4169 5003 :
4203 4952 4296 5007 sed
4320 4952 4367 5008 si
4406 4954 4700 5010 necessitas
4734 4955 4858 5011 talis
4886 4957 5043 5011 adre-

3477 5046 3637 5108 nerit,
3682 5052 3740 5099 ut
3785 5053 3909 5114 post
3937 5059 4217 5113 vesperam
4263 5045 4333 5099 sit
4373 5044 4799 5111 deliberandum,
4839 5065 4939 5118 per
4966 5054 5041 5103 fe-

3476 5144 3711 5191 nestram
3734 5152 3851 5205 qua:
3881 5137 3933 5191 in
3963 5138 4149 5191 eadem
4186 5145 4342 5206 porta
4384 5137 4548 5191 fuerit
4577 5147 4748 5192 totum
4779 5140 5043 5195 delibere-

3477 5238 3580 5283 tur.
3613 5226 3668 5281 Si
3707 5228 3826 5283 talis
3871 5228 4162 5282 necessitas
4213 5227 4486 5298 hospitum
4516 5229 4601 5284 vel
4638 5233 5042 5299 peregrinorum

3474 5321 3771 5386 advenerit,
3820 5330 3879 5375 ut
3921 5322 4051 5376 hora
4096 5320 4407 5375 refectionis
4445 5336 4567 5375 cum
4604 5323 4888 5379 sororibus
4930 5338 5045 5377 esse

3475 5432 3580 5471 non
3608 5415 3833 5485 possint,
3865 5425 3988 5485 post
4032 5429 4151 5469 cum
4180 5415 4322 5469 cocis
4352 5414 4435 5468 vel
4478 5415 4755 5480 ministris,
4787 5419 4879 5473 vel
4923 5433 5041 5473 cum

3474 5510 3748 5565 reﬁciendi
3783 5509 4010 5577 spatium
4041 5507 4343 5572 habuerint,
4379 5506 4640 5561 reliciant.
4676 5506 4814 5563 Vasa
4842 5510 4930 5566 vel
4960 5524 5046 5568 re-

3476 5602 3616 5670 liqua
3650 5600 3916 5665 utensilia,
3944 5613 4061 5667 qua:
4107 5596 4170 5651 ad
4202 5613 4336 5666 opus
4366 5596 4637 5665 hospitum
4676 5597 4940 5667 bajulant,
4983 5616 5041 5654 ac

3474 5694 3515 5744 si
3546 5698 3754 5745 sacrata
3800 5689 3908 5743 Deo
3936 5689 4236 5756 gubernem
4262 5697 4425 5756 atque
4462 5688 4768 5743 custodiant
4805 5706 4819 5741 :
4853 5704 4921 5742 ne
4948 5705 5034 5757 per

3475 5782 3706 5850 ipsarum
3737 5782 4035 5850 neglectum
4065 5780 4131 5835 ab
4156 5782 4272 5849 ipso
4296 5779 4598 5835 mercedem
4624 5796 4732 5833 non
4756 5782 5037 5851 recipiant,

3472 5872 3625 5947 cujus
3653 5891 3737 5931 res
3767 5874 4067 5945 diripienda
4097 5888 4205 5931 non
4232 5878 4531 5931 reservant.
4561 5867 4709 5927 intra
4732 5879 4888 5943 septa
4916 5887 5035 5927 mu-
