5174 6546
643 445 667 497 1
684 442 782 496 0’57

1904 425 2173 487 REGULA
2216 427 2309 484 ΑΙ)
2347 426 2682 484 VIRGINES.

3774 434 3799 490 ’ἱ
3811 432 3915 491 058

640 555 870 613 nasterii
894 553 978 611 vel
1008 552 1168 619 ostia,
1196 549 1399 606 nullum
1430 549 1667 604 virorum
1698 545 1918 602 omnino
1950 545 2040 601 vel
2072 544 2221 599 femi-
2254 543 2305 601 A
2331 547 2487 595 tenus
2529 538 2853 611 respondeat
2892 554 2952 597 se
2991 555 3098 597 non
3145 542 3374 610 habere;
3426 544 3522 601 sed
3565 547 3711 603 dicat
3761 551 3906 607 fideli

636 665 839 705 narum
869 648 1030 703 edere
1060 646 1143 702 vel
1184 646 1370 701 bibere
1405 642 1724 713 permittant
1765 656 1780 694 :
1830 637 1926 694 sed
1975 636 2227 693 omnibus

638 740 1058 797 advenientibus
1088 739 1215 793 foris
1244 739 1296 791 in
1330 735 1601 806 hospitali,
1642 739 1803 803 prout
1832 732 2006 787 honor
2036 730 2226 798 exigit,

639 850 743 903 per
784 831 1066 887 abbatissae
1096 827 1487 884 ordinationem
1536 825 1860 880 ministrent.
1906 820 2053 878 Intus
2099 834 2229 875 vero

637 923 1023 981 tantummodo
1049 936 1167 991 quae
1206 934 1414 975 sacram
1444 919 1556 974 Deo
1586 923 1850 971 voverunt
1878 914 2224 983 religionem,

636 1026 700 1071 et
730 1018 785 1071 in
817 1015 1023 1069 unitate
1053 1012 1372 1068 obedientia:
1401 1011 1500 1065 sub
1532 1024 1636 1063 una
1666 1006 1848 1076 regula
1875 1015 2002 1060 sunt
2029 1004 2226 1074 ligatae,

636 1108 813 1163 edere
868 1106 953 1163 vel
1000 1107 1184 1162 bibere
1241 1116 1544 1158 censemus.
1594 1100 1685 1155 Sic
1730 1114 1943 1170 semper
1991 1098 2225 1154 OStiariaa

630 1210 831 1270 agant,
862 1208 921 1254 ut
948 1200 1000 1255 in
1028 1198 1272 1255 omnibus
1300 1196 1473 1251 zelum
1508 1194 1603 1250 Dei
1635 1194 1901 1248 habentes
1922 1191 2119 1260 regulte
2147 1198 2230 1244 te-

632 1310 837 1352 norem
863 1300 1215 1357 conservent;
1248 1298 1304 1346 ut
1334 1304 1433 1359 pro
1462 1288 1625 1345 studii
1651 1286 1734 1342 sui
1760 1285 1845 1341 vel
1874 1300 2015 1341 cura:
2044 1284 2228 1339 labore

640 1388 1018 1460 incorruptam
1042 1385 1301 1456 recipiant
1332 1383 1657 1439 mercedem.

1256 1519 1481 1576 CAPUT
1522 1518 1609 1574 IV.

902 1637 1084 1703 Qualis
1114 1635 1258 1690 debet
1286 1650 1396 1689 esse
1425 1634 1638 1688 cellaria
1662 1632 1986 1687 monasterii.

713 1746 1030 1809 Nonasterii
1058 1747 1275 1804 cellaria
1322 1747 1536 1817 sapiens
1579 1755 1633 1800 et
1679 1746 1931 1815 religiosa
1969 1762 2037 1801 ex
2080 1742 2224 1799 omni

630 1842 1069 1913 Wregatione
1097 1840 1340 1908 eligenda
1388 1848 1468 1894 est
1496 1857 1507 1891 :
1536 1853 1654 1907 qua:
1697 1854 1795 1893 nec
1833 1839 1953 1903 sibi,
1986 1852 2085 1892 nec
2113 1838 2223 1893 suis

2328 646 2484 698 voce,
2515 630 2763 684 Dominus
2784 631 2919 685 dabit
2944 630 3157 701 (Matth.
3190 636 3308 703 xu).
3337 635 3408 690 Ea
3434 652 3562 693 vero
3587 653 3702 703 qua:
3731 640 3909 696 danda

2326 731 2475 789 sunt,
2506 722 2624 777 sine
2646 736 2798 777 mora
2823 724 3154 792 tribuantur;
3181 740 3247 779 ne
3277 728 3513 782 scandali
3540 731 3781 795 occasio,
3810 741 3904 786 aut

2330 812 2641 869 ollensionis
2665 828 2826 868 casus
2847 829 2913 868 ex
2936 814 3048 885 ipsa
3073 817 3327 872 tarditate
3351 830 3667 886 generetur;
3700 838 3908 878 memor

2326 918 2539 975 semper
2563 912 2953 975 praeceptorum
2988 907 3219 975 Domini,
3251 909 3337 977 qui
3372 912 3639 966 neminem
3688 929 3907 969 suorum

2328 998 2531 1066 patitur
2555 998 2933 1055 scandalizari.

2946 1132 3173 1190 CAPUT
3216 1133 3277 1189 V.

2356 1247 2433 1304 De
2459 1265 2514 1305 se
2540 1248 2753 1303 invicem
2783 1248 3064 1318 diligendo,
3101 1248 3175 1304 vel
3202 1248 3297 1304 sibi
3327 1249 3539 1303 invicem
3570 1250 3879 1308 obediendo.

2400 1361 2635 1432 Diligere
2657 1376 2717 1418 se
2743 1361 2809 1416 ad
2836 1361 3065 1417 invicem
3096 1363 3147 1416 in
3171 1364 3384 1419 Christo
3408 1366 3688 1420 monachae
3712 1367 3761 1419 in
3794 1382 3902 1421 mo-

2330 1455 2568 1511 nasterio
2591 1462 2789 1523 quanta
2815 1469 2944 1509 cura
2968 1454 3219 1519 debeant,
3247 1472 3341 1525 per
3362 1455 3709 1524 Evaiigclium
3740 1458 3910 1513 Joan-

2330 1548 2415 1604 nis
2459 1549 2715 1604 Dominus
2757 1549 3112 1615 demonstrat,
3158 1565 3279 1611 cum
3317 1550 3482 1603 dicit:
3521 1554 3632 1606 Hoc
3671 1564 3743 1607 est
3774 1572 3909 1623 pra:-

2330 1652 2530 1708 ceptum
2554 1657 2741 1707 meum,
2772 1650 2825 1693 ut
2853 1640 3077 1711 diligatis
3114 1642 3344 1697 invicem.
3378 1641 3431 1694 Μ
3441 1644 3636 1713 ajorein
3674 1648 3909 1702 dilectio-

2332 1750 2445 1789 nem
2486 1750 2633 1789 nemo
2662 1734 2830 1799 habet,
2865 1751 3016 1801 quam
3049 1745 3101 1787 ut
3130 1738 3355 1789 animam
3399 1754 3549 1790 suam
3598 1749 3752 1807 ponat
3796 1744 3908 1811 quis

2333 1844 2425 1897 pro
2454 1829 2632 1881 amicis
2677 1830 2784 1881 suis
2816 1825 2997 1895 (Joan.
3032 1828 3143 1897 xv).
3176 1825 3239 1881 Et
3270 1828 3397 1883 illud
3433 1849 3443 1883 :
3482 1830 3543 1883 In
3589 1831 3683 1886 hoc
3716 1851 3907 1904 cogno-

632 1907 1036 1995 Vdutitatibus,
1068 1907 1298 1987 seditoti
1339 1930 1743 1999 congregationi
1772 1929 2142 1997 mquanimiter
2170 1938 2224 1983 ει
2252 1907 2303 1970 Β
2328 1931 2466 1975 sccnt
2488 1938 2685 1985 omnes,
2716 1921 2838 1987 quia
2856 1920 2955 1973 mei
2976 1920 3215 1987 discipuli
3240 1923 3382 1986 estis,
3406 1925 3447 1974 si
3478 1924 3693 1976 invicem
3718 1926 3908 1995 diliga-

636 2025 732 2096 pie
758 2027 974 2095 placeat
1004 2022 1387 2094 dispensando.
1434 2023 1541 2077 Nec
1584 2023 1707 2075 inde
1745 2022 1958 2091 placere
1988 2023 2221 2087 studeat,

639 2118 787 2172 unde
815 2126 869 2171 et
895 2133 953 2170 se
980 2118 1032 2170 in
1062 2116 1268 2170 ruinam
1302 2115 1528 2185 peccati,
1555 2122 1607 2169 et
1631 2114 1763 2169 alias
1788 2116 2226 2181 transgressionis

637 2223 841 2263 noxam
873 2205 1260 2262 eonsentiendo
1302 2204 1606 2259 introducat
1634 2222 1648 2259 :
1682 2204 1734 2258 id
1776 2214 1879 2270 est,
1912 2205 2044 2258 nihil
2069 2216 2225 2259 extra

635 2298 880 2353 debitam
924 2310 1229 2353 mensuram
1282 2310 1379 2364 pro
1424 2295 1665 2365 qualibet
1705 2294 2092 2359 familiaritate,
2129 2310 2225 2364 pro

636 2390 817 2457 gratia
861 2388 1041 2442 meriti
1068 2386 1429 2457 dispensando
1471 2388 1805 2441 distribuat:
1852 2388 2048 2451 sciens,
2099 2386 2223 2456 quia

628 2483 811 2554 justus
846 2481 1095 2535 Dominus
1127 2480 1387 2550 justitiam
1415 2495 1449 2533 a
1475 2480 1660 2534 strculo
1689 2480 1893 2544 dilexit,
1930 2481 2225 2551 wquitatem

633 2576 764 2630 vidit
796 2573 962 2627 vultus
1015 2574 1127 2643 ejus
1157 2572 1329 2643 (Psal.
1370 2573 1481 2641 χι).
1518 2572 1597 2626 Sit
1626 2586 1755 2641 ergo
1804 2574 2055 2627 omnibus
2078 2572 2223 2639 justa

636 2664 1047 2735 dispensatione
1076 2672 1229 2732 grata
1254 2681 1266 2715 :
1302 2663 1373 2717 sit
1396 2663 1634 2717 muribus
1656 2673 1889 2726 matura,
1920 2663 1990 2716 sit
2018 2664 2225 2729 sobria,

638 2771 750 2810 non
785 2754 943 2819 edax,
976 2769 1084 2808 non
1110 2754 1271 2818 elata,
1306 2768 1414 2807 non
1442 2753 1769 2816 turbulenta,
1804 2766 1910 2806 non
1942 2751 2222 2819 injuriosa,

638 2863 754 2902 non
787 2845 940 2900 tarda
987 2845 1072 2899 vel
1102 2844 1275 2914 pigra,
1310 2843 1408 2898 sed
1458 2843 1509 2897 in
1552 2843 1805 2898 omnibus
1846 2844 2055 2898 actibus
2086 2843 2224 2897 bene

634 2936 948 3005 composita
974 2952 987 2987 :
1013 2950 1131 3004 quae
1162 2935 1570 3003 congregationi
1600 2934 1770 3001 omni,
1802 2934 1851 2987 id
1873 2944 1975 2999 est,
2001 2943 2107 2987 tam
2136 2947 2223 2988 se-

640 3028 892 3085 nioribus
918 3042 1081 3097 quam
1110 3028 1274 3083 etiam
1318 3026 1623 3095 junioribus
1665 3041 1764 3094 pro
1787 3024 1983 3079 affectu
2015 3032 2071 3078 et
2108 3038 2223 3077 ma-

636 3133 803 3178 terno
830 3119 1021 3175 ordine
1046 3118 1245 3173 debeat
1269 3118 1602 3172 ministrare.
1634 3116 1834 3171 Curam
1876 3116 1945 3171 de
1972 3114 2221 3170 omnibus

633 3214 744 3268 sibi
776 3209 1075 3267 commissis
1104 3209 1265 3264 rebus
1292 3209 1526 3263 habeat:
1560 3207 1692 3262 nihil
1720 3216 1901 3261 tamen
1920 3207 2037 3261 sine
2063 3221 2214 3261 eom-

2330 2015 2393 2067 tis
2426 2012 2587 2084 (Ibid.
2624 2012 2760 2080 xui).
2793 2011 3023 2081 Diligere
3052 2026 3181 2080 ergo
3213 2014 3553 2083 praecipimur
3580 2016 3907 2084 aulinviccm,

2328 2113 2389 2159 ut
2436 2106 2664 2159 invicem
2710 2104 2983 2159 salvemur
3033 2124 3043 2158 :
3082 2115 3137 2158 ut
3174 2120 3269 2175 per
3298 2114 3537 2160 mutuam
3568 2107 3909 2164 dilectionem

2329 2208 2453 2248 eum
2482 2194 2770 2261 imitemur,
2803 2196 2889 2262 qui
2918 2212 3012 2250 nos
3040 2195 3243 2257 dilexit,
3265 2197 3415 2262 juxta
3446 2200 3826 2270 Apocalypsin,
3860 2212 3910 2255 et

2329 2289 2454 2342 lavit
2486 2304 2577 2342 nos
2606 2305 2639 2341 a
2676 2290 2898 2359 peccatis
2926 2291 3118 2343 nostris
3148 2290 3202 2343 in
3233 2292 3486 2361 sanguine
3514 2307 3605 2345 suo
3631 2294 3811 2362 (Apoc.
3843 2298 3905 2363 ι).

2328 2378 2383 2432 Si
2413 2393 2542 2447 ergo
2586 2394 2744 2435 soror
2773 2394 3018 2435 sororem
3050 2390 3269 2451 propter
3296 2382 3568 2437 Christum
3614 2384 3819 2453 diligat,
3852 2394 3911 2440 ut

2326 2468 2598 2525 Christum
2632 2485 2663 2525 a
2710 2486 2770 2526 se
2800 2487 2897 2541 per
2925 2472 3277 2542 temporalem
3311 2473 3655 2530 dilectionem
3681 2492 3786 2531 non
3815 2494 3906 2533 re-

2328 2564 2515 2633 pellat.
2544 2563 2681 2629 Quia
2705 2579 2831 2619 vera
2856 2574 2910 2618 et
2938 2566 3233 2620 secundum
3260 2562 3534 2621 Christum
3562 2566 3780 2622 dilectio
3822 2579 3907 2624 est

2330 2655 2589 2726 proximae
2613 2655 2811 2710 malum
2835 2672 2940 2711 non
2963 2653 3197 2727 operari.
3222 2657 3479 2726 Diligatur
3507 2673 3635 2727 ergo
3663 2661 3906 2729 proxima

2328 2761 2435 2801 non
2463 2746 2643 2801 carnis
2665 2746 2882 2809 affectu,
2916 2747 3009 2801 sed
3043 2748 3259 2817 pietatis
3284 2748 3585 2804 ministerio
3611 2770 3621 2802 ;
3657 2749 3909 2819 diligatur

2300 2838 2581 2907 .puritate,
2610 2837 2862 2907 diligatur
2888 2838 3167 2906 religione,
3194 2840 3445 2908 diligatur
3470 2842 3905 2907 mansuetudine,

2325 2930 2575 2997 diligatur
2602 2929 2867 2983 charitate
2902 2946 2915 2981 :
2947 2937 3004 2982 ut
3033 2930 3084 2982 in
3114 2932 3259 2983 omni
3286 2945 3501 3001 semper
3540 2946 3725 2986 amore
3753 2931 3908 2987 Chri-

2324 3028 2440 3074 stus
2476 3020 2809 3083 inveniatur;
2844 3028 3027 3075 etnon
3056 3022 3351 3076 secundum
3389 3025 3665 3090 sacculum,
3697 3026 3790 3080 sed
3819 3040 3906 3082 se-

2324 3110 2556 3165 cundum
2591 3110 2759 3167 Deum
2803 3121 3019 3167 maneat
3064 3129 3237 3167 amor.
3280 3114 3369 3170 Sic
3412 3117 3553 3171 cnim
3600 3133 3630 3171 a
3679 3117 3905 3174 Domino

2328 3201 2676 3271 prtecipitur:
2736 3201 2934 3273 Diliges
2980 3207 3272 3274 proximum
3323 3216 3463 3260 tuum
3514 3209 3645 3263 sicut
3689 3212 3906 3278 teipsum

632 3312 828 3361 meatu
866 3302 1150 3357 abbatissae
1190 3300 1369 3354 facere
1398 3306 1704 3369 praesumat.
1737 3299 1965 3353 Sorores
1993 3306 2102 3350 tam
2132 3312 2220 3351 se-
2251 3264 2295 3327 Ο
2331 3292 2547 3365 (Matth.
2578 3296 2730 3365 xxii).
2770 3296 2825 3352 Si
2871 3311 3027 3353 soror
3065 3314 3304 3352 sororem
3332 3300 3516 3369 diligat
3542 3302 3681 3357 sicut
3707 3264 3907 3358 semet-

636 3397 828 3451 niores
849 3402 1012 3447 aetate
1034 3406 1197 3460 quam
1219 3391 1464 3459 juniores
1491 3389 1800 3445 nullatenus
1824 3388 2143 3453 conturbet;
2168 3396 2225 3442 et

632 3487 679 3540 si
714 3484 899 3554 aliqua
927 3496 1178 3538 sororum
1210 3482 1279 3535 ab
1310 3494 1375 3535 ea
1404 3479 1847 3535 irrationabiliter
1876 3478 2077 3547 aliquid
2118 3493 2222 3548 po-

634 3576 899 3647 poscerit,
932 3573 1037 3628 leni
1060 3571 1411 3642 responsione
1439 3586 1562 3625 cum
1585 3585 1718 3625 voce
1739 3569 2061 3624 humilitatis
2082 3584 2219 3624 con-

638 3678 725 3720 tra
777 3665 1043 3719 rationem
1089 3661 1293 3732 petenti
1322 3666 1570 3729 deneget.
1604 3659 1662 3714 ln
1692 3658 2001 3715 infirmitate
2030 3660 2221 3731 positis

631 3755 921 3813 sororibus
958 3752 1197 3822 diligenti
1226 3766 1355 3806 cura
1383 3760 1439 3806 et
1467 3750 1865 3821 promptissimo
1894 3749 2089 3806 affectu
2120 3752 2217 3805 mi.

635 3850 854 3902 nistret.
883 3844 1142 3899 Similiter
1172 3857 1467 3914 pauperum
1495 3856 1680 3897 curam
1709 3850 1862 3911 gerat
1900 3861 1913 3897 :
1946 3842 1998 3896 in
2039 3843 2217 3898 omni-

630 3942 738 3994 bus
785 3937 1035 3991 timorem
1080 3934 1292 3990 Domini
1332 3947 1665 4003 proponens,
1711 3941 1767 3987 et
1810 3934 1986 3989 sciens
2033 3949 2093 3989 se
2143 3932 2219 3989 illi

631 4032 837 4087 exinde
865 4030 1133 4084 rationem
1163 4026 1513 4094 reddituram,
1554 4026 1598 4081 si
1637 4041 1742 4081 non
1773 4042 1872 4096 pro
1921 4027 2037 4096 ejus
2082 4043 2219 4097 prte-

628 4121 808 4192 ceptis
850 4118 1137 4189 implendis
1162 4120 1277 4174 haec
1314 4116 1493 4172 omnia
1523 4114 1706 4184 faciat,
1753 4131 1961 4172 memor
1996 4131 2213 4187 semper

630 4216 778 4273 illius
824 4212 918 4281 qui
965 4211 1099 4266 dixit
1135 4228 1149 4264 :
1190 4210 1288 4278 Qui
1333 4212 1461 4265 mihi
1506 4210 1790 4276 ministrat,
1842 4225 1920 4263 me
1968 4221 2210 4278 sequatur

628 4311 823 4385 (Joan.
876 4310 991 4377 xu).
1035 4305 1194 4361 Omni
1222 4320 1352 4375 ergo
1400 4306 1552 4376 operi
1582 4305 1726 4360 bono
1772 4303 1920 4373 quod
1966 4304 2212 4369 facimus,

628 4402 854 4460 Domini
898 4401 1141 4455 timorem
1179 4397 1484 4467 iungamus.
1528 4394 1619 4452 Sic
1646 4394 1700 4449 in
1743 4394 1996 4450 omnibus
2025 4410 2211 4451 curam

626 4504 781 4566 agat,
813 4502 876 4548 ut
903 4493 956 4547 in
989 4491 1137 4547 nullo
1164 4489 1499 4559 negligentiae
1536 4488 1733 4543 damna
1778 4488 2037 4542 incurrat.
2070 4488 2212 4542 Ava-

627 4586 772 4640 ritiae
796 4592 854 4639 et
880 4580 1190 4653 cupiditatis
1233 4589 1440 4649 pestem
1469 4580 1692 4635 omnino
1730 4578 1916 4649 fugiat.
1949 4578 2210 4635 Similiter

625 4675 774 4730 sicut
819 4687 926 4727 non
972 4687 1152 4734 avara,
1184 4671 1264 4726 sic
1305 4686 1413 4726 non
1455 4672 1525 4727 sit
1552 4671 1799 4741 prodiga,
1844 4672 1898 4726 id
1928 4681 2030 4739 est,
2067 4674 2213 4728 sicut

628 4770 783 4822 dono
812 4764 1200 4835 omnipotentis
1226 4761 1320 4819 Dei
1344 4762 1444 4818 sub
1466 4764 1707 4818 avaritiae
1727 4764 1861 4820 vitio
1886 4764 2210 4819 occultando

623 4855 952 4911 subtrahere
979 4870 1085 4909 non
1115 4852 1296 4919 debet,
1342 4854 1422 4909 sic
1463 4855 1581 4909 siue
1620 4854 1765 4930 justa
1797 4855 2208 4926 dispensatione

626 4951 794 5007 nimis
821 4948 1115 5005 fenerando
1138 4960 1477 5003 communem
1506 4948 1863 5003 substantiam
1908 4964 2015 5005 non
2045 4950 2207 5006 debet

621 5042 894 5112 diripere;
941 5038 1038 5095 sed
1082 5039 1263 5095 omnia
1309 5052 1405 5108 per
1433 5037 1812 5095 discretionem
1854 5041 2205 5111 temperando

624 5148 881 5205 pensare.
928 5131 994 5187 Et
1039 5133 1083 5187 si
1133 5146 1240 5188 non
1285 5130 1482 5187 habeat
1510 5132 1653 5201 quod
1699 5132 1766 5187 ab
1814 5148 1879 5189 ea
1924 5133 2205 5204 quieritur,

623 5226 778 5297 quod
807 5224 1027 5288 tribuat,
1068 5236 1320 5279 sermone
1367 5223 1475 5278 leni
1513 5223 1631 5279 sine
1656 5222 1767 5277 ulla
1816 5226 2112 5294 asperitate
2154 5224 2207 5279 in

624 5319 987 5391 responsione
1006 5317 1296 5387 procedat;
1322 5326 1382 5371 ut
1410 5316 1636 5373 dulcedo
1657 5317 1838 5374 cordis
1860 5328 1916 5373 et
1935 5318 2083 5375 vocis
2117 5333 2207 5374 re-

626 5411 924 5482 sponsione
952 5409 1174 5479 patefiat
1211 5428 1225 5463 :
1255 5409 1409 5477 juxta
1431 5408 1562 5463 illud
1589 5409 1734 5479 quod
1776 5410 2035 5479 scriptum
2080 5418 2201 5465 est:

625 5504 801 5560 Famis
846 5505 1013 5559 mellis
1052 5519 1310 5558 sermones
1354 5505 1471 5557 boni
1510 5502 1694 5571 (Prov.
1746 5506 1876 5575 xvi).
1922 5504 1987 5557 Et
2032 5504 2199 5558 illud:

624 5598 808 5653 Sermo
833 5600 991 5652 bonus
1016 5600 1363 5664 super'datum
1384 5596 1567 5649 bonum
1592 5596 1775 5666 (Eccli.
1805 5598 1978 5666 xvui).
2006 5596 2080 5649 Ita
2102 5596 2203 5651 sibi

624 5691 970 5746 commissum
999 5705 1135 5758 opus
1164 5690 1230 5745 ad
1254 5688 1557 5743 mercedem
1589 5690 1801 5744 noverit
1831 5689 2124 5757 pertinere,
2153 5688 2201 5743 si

624 5787 800 5839 omnia
825 5799 947 5839 cum
977 5782 1280 5837 humilitate
1304 5788 1359 5835 et
1379 5779 1579 5849 pietate
1604 5779 1871 5835 studuerit
1902 5780 2095 5836 facere.
2133 5780 2196 5835 Et

626 5879 865 5947 quamvis
895 5874 1039 5945 quod
1070 5875 1269 5945 petitur
1299 5888 1405 5930 non
1434 5872 1503 5929 sit
1530 5869 1672 5928 unde
1698 5872 1985 5931 tribuatur.
2026 5874 2199 5929 nulla-

2325 3384 2527 3455 ipsam;
2587 3402 2857 3456 nunquam
2908 3389 3115 3457 peccati
3162 3390 3425 3444 maculam
3492 3392 3764 3458 incurret,
3810 3394 3905 3450 sed

2325 3479 2475 3533 cultu
2504 3480 2719 3549 pietatis
2766 3495 2831 3535 ac
2878 3481 3183 3536 dilectionis
3211 3495 3396 3537 ornata
3441 3496 3644 3540 mterna
3683 3489 3903 3556 praemia

2324 3572 2570 3641 accipiet.
2606 3570 2820 3626 Maneat
2858 3586 2987 3641 ergo
3017 3588 3230 3641 semper
3271 3573 3322 3627 in
3368 3578 3531 3629 corde
3562 3575 3802 3642 dilectio,
3847 3588 3906 3632 ut

2324 3662 2528 3730 antiqui
2564 3661 2732 3717 hostis
2761 3661 2946 3717 livoris
2974 3662 3116 3715 virus
3146 3664 3452 3730 exstinguat
3478 3686 3492 3729 ;
3527 3680 3624 3734 pcr
3652 3679 3813 3734 quem
3848 3667 3901 3721 in

2322 3755 2614 3825 primordio
2658 3754 2997 3824 protoplasto
3028 3752 3259 3825 decepto
3290 3756 3481 3810 mortis
3524 3756 3777 3825 patefecit
3818 3756 3902 3811 in-

2324 3847 2563 3912 troitum,
2612 3845 2755 3900 sicut
2796 3846 3056 3917 scriptum
3101 3855 3181 3899 est
3209 3844 3225 3899 Ξ
3255 3845 3461 3900 Invidia
3490 3858 3659 3902 autem
3703 3848 3901 3903 diaboli

2322 3952 2460 3989 mors
2486 3938 2712 3989 introivit
2742 3936 2793 3989 in
2826 3936 2996 3989 orbem
3027 3946 3281 3989 terrarum
3311 3939 3465 4007 (Sap.
3514 3940 3595 4008 ιι).
3642 3938 3905 4010 Diligatur

2323 4028 2587 4097 proxima,
2632 4044 2702 4083 ne
2728 4029 2837 4083 odii
2867 4031 3078 4085 macula
3119 4041 3343 4085 crucula
3394 4033 3667 4089 homicidii
3696 4037 3900 4092 crimen

2321 4119 2579 4182 incurrat,
2607 4119 2763 4174 sicuti
2786 4118 3021 4175 Joannes
3038 4121 3315 4190 apostolus
3328 4130 3555 4179 testatus
3572 4135 3655 4180 est
3676 4127 3898 4183 dicens:

2323 4210 2422 4273 Qui
2449 4212 2556 4266 odit
2587 4217 2803 4281 fratrem
2830 4229 2981 4266 suum
3010 4214 3269 4269 homicida
3297 4224 3372 4268 est
3404 4214 3458 4285 (1
3486 4215 3645 4271 Joan.
3676 4222 3777 4285 ιιι).
3810 4218 3897 4274 Di~

2320 4304 2514 4372 ligatur
2543 4306 2808 4373 proxima,
2857 4320 2923 4359 ne
2962 4320 3058 4375 per
3105 4306 3284 4374 aliqua
3327 4306 3610 4363 discordia)
3656 4310 3895 4367 fomenta

2320 4405 2531 4452 retenta
2560 4396 2764 4467 proprii
2794 4397 3048 4453 facinoris
3079 4398 3291 4453 vinculo
3324 4414 3429 4455 non
3452 4400 3695 4455 solvatur
3721 4420 3731 4455 :
3757 4402 3895 4458 sicut

2322 4488 2576 4545 Dominus
2604 4489 2656 4543 in
2690 4489 2979 4560 Evangelio
3011 4498 3237 4545 testatus
3268 4499 3371 4553 est,
3420 4491 3607 4547 dicens
3633 4509 3648 4546 :
3694 4492 3755 4549 Si
3786 4512 3893 4548 non

2320 4586 2615 4641 dimiseritis
2642 4586 2934 4641 hominibus
2960 4594 3169 4657 peccata
3198 4603 3395 4655 eorum,
3430 4603 3522 4640 nec
3549 4585 3708 4642 Pater
3727 4599 3895 4643 vester

2320 4680 2534 4733 cmlestis
2560 4680 2781 4733 dimittet
2810 4679 2949 4735 vobis
2978 4689 3187 4750 peccata
3218 4689 3383 4732 vestra
3414 4677 3630 4747 (Matth.
3654 4682 3752 4751 vi).
3784 4681 3891 4737 Re-

2320 4772 2593 4826 mittamus
2641 4772 2918 4841 proximis,
2967 4780 3027 4825 ut
3055 4771 3121 4824 ab
3161 4769 3543 4840 Omnipotente
3589 4772 3893 4827 remittatur

2318 4862 2489 4917 nobis.
2516 4861 2672 4929 Date,
2699 4862 2887 4931 inquit,
2907 4861 3180 4915 etdathur
3196 4860 3331 4915 vob‘s
3360 4859 3510 4929 (Luc.
3533 4860 3639 4932 ιιι).
3663 4859 3709 4917 Ο
3727 4876 3891 4932 quam

2310 4953 2451 5023 justa
2474 4953 2854 5009 commutatio!
2894 4967 2927 5008 ο
2957 4967 3117 5021 quam
3150 4953 3235 5022 pia
3268 4952 3561 5018 miseratio,
3590 4952 3771 5008 dando
3798 4970 3890 5010 ac—

2314 5046 2539 5117 cepisse,
2566 5045 2880 5114 accipiendo
2911 5045 3177 5099 donasse!
3213 5044 3361 5098 Nulla
3380 5044 3679 5112 jurgiorum
3707 5046 3887 5101 incre-

2316 5144 2514 5200 menta,
2548 5134 2759 5189 nullave
2790 5135 3112 5189 nutrimenta
3142 5134 3493 5189 retineantur.
3524 5133 3613 5189 Sic
3642 5143 3698 5191 et
3739 5135 3888 5206 Apo-

2312 5228 2484 5284 stolus
2507 5228 2756 5282 hortatur
2782 5228 2963 5282 dicens
2990 5244 3000 5277 :
3038 5224 3216 5279 Estote
3242 5226 3454 5279 invicem
3476 5224 3702 5298 benigni,
3738 5228 3890 5280 mise-

2311 5320 2559 5384 ricordes,
2590 5321 2841 5373 donantes
2869 5318 3106 5381 invicem,
3152 5319 3281 5371 sicut
3323 5326 3371 5370 et
3407 5316 3547 5371 Deus
3577 5320 3632 5370 in
3675 5316 3882 5375 Christo
3950 5366 3953 5369 λ

2311 5414 2519 5467 donavit
2549 5413 2686 5466 vobis
2716 5411 2851 5481 (Col.
2887 5410 2989 5480 tu).
3022 5409 3162 5465 N.hil
3191 5410 3337 5465 aliud
3365 5410 3494 5465 dare
3521 5410 3886 5482 praicipimur,

2310 5505 2411 5559 nisi
2435 5504 2579 5573 quod
2603 5505 2756 5557 nobis
2778 5503 2891 5558 dari
2913 5503 3168 5572 petimus.
3192 5501 3283 5557 Sic
3305 5513 3360 5557 et
3380 5503 3583 5558 orando
3604 5504 3835 5560 dicimus
3861 5523 3877 5559 :

2312 5596 2522 5650 Dimitte
2560 5594 2704 5650 nobis
2744 5595 2913 5649 debita
2949 5604 3147 5660 nostra,
3194 5598 3324 5648 sicut
3363 5606 3412 5648 ct
3450 5612 3546 5651 nos
3574 5596 3882 5652 dimittimus

2309 5688 2615 5742 debitoribus
2662 5688 2853 5741 nostris
2883 5684 3101 5755 (Matth.
3148 5686 3250 5755 vr).
3296 5685 3634 5742 Dehitoribus
3681 5686 3884 5742 demit~

2310 5782 2475 5837 tendo
2516 5796 2614 5837 nos
2654 5781 2957 5836 relaxamur
3000 5796 3030 5834 a
3078 5780 3281 5836 debito.
3311 5780 3595 5837 Solvamus
3623 5794 3754 5851 ergo
3785 5797 3885 5853 per

2307 5875 2651 5931 dilectionem
2696 5885 2752 5930 et
2796 5887 3035 5929 amorem
3068 5875 3362 5945 proximus,
3394 5884 3453 5930 ut
3482 5891 3582 5931 nos
3618 5890 3646 5929 a
3680 5876 3883 5932 nostris
