5174 6626
1832 524 1965 578 1059

3142 508 3496 565 CUJUSDAM
3543 506 3783 562 PATRIS

4965 509 5084 563 test
5172 471 5174 512 ⁵

1825 637 2140 695 criminibus
2193 635 2392 708 pietate
2451 639 2506 688 et
2569 625 2936 685 misericordia
3011 623 3187 680 solvat
3240 623 3404 681 Deus.
3435 630 3485 688 Λ
3513 621 3830 692 pmnitentia
3859 619 4188 686 detinentur,
4216 619 4272 675 in
4311 618 4559 676 Ecclesia
4587 635 4718 676 cum
4747 621 4959 676 caeteris
4985 640 5084 692 qua

1824 733 2014 788 Amen.

2433 835 2656 894 CAPUT
2697 833 2786 890 Vl.

2175 955 2256 1012 De
2276 956 2483 1010 assidue
2509 954 2684 1007 danda
2716 951 3058 1022 confessione.

1901 1105 2180 1164 Confessio
2211 1124 2369 1176 qttant
2401 1107 2592 1160 crebra
2641 1114 2693 1159 et
2741 1101 2918 1170 sagaci
2949 1116 3077 1157 cura
3109 1099 3283 1155 danda
3313 1100 3402 1164 sit,

1828 1205 2114 1258 multorum
2141 1199 2356 1252 Patrum
2377 1199 2530 1266 juxta
2547 1197 2943 1264 Scripturarum
2969 1195 3164 1248 seriem
3192 1192 3405 1246 traditio

1829 1291 2237 1348 demonstravit.
2271 1289 2452 1343 Danda
2484 1304 2612 1355 ergo
2651 1287 2922 1342 confessio
2964 1301 3177 1355 semper
3218 1293 3318 1348 est,
3352 1292 3408 1338 ut

1829 1394 2254 1439 vclercsccntem
2299 1381 2490 1435 mentis
2535 1389 2756 1443 statum,
2790 1391 2838 1433 et
2877 1386 3219 1447 peccatorum
3254 1385 3404 1430 tene-

1830 1475 1937 1528 bris
1973 1471 2302 1540 quotidiauis
2348 1470 2449 1524 ιιιυι
2473 1471 2614 1524 cbris
2659 1472 2942 1533 l'uscattuu,
2979 1467 3164 1522 rudem
3192 1481 3407 1536 semper

1825 1565 2114 1628 custmliat,
2159 1563 2299 1617 sicut
2337 1561 2612 1631 Scriptura
2659 1559 2842 1614 docuit
2872 1558 3056 1612 dicens
3091 1576 3102 1611 :
3141 1557 3290 1614 Omni
3318 1575 3407 1608 ru-

1826 1659 1992 1710 studiu
2045 1673 2191 1708 serva
2237 1672 2325 1708 cor
2371 1668 2508 1708 tuum
2551 1653 2720 1718 :qnin
2765 1669 2828 1704 ex
2874 1651 2984 1718 ipso
3034 1650 3136 1702 rita
3175 1649 3408 1718 procedit

1823 1747 2009 1816 (Prov.
2039 1750 2135 1815 tv).
2170 1747 2259 1800 Sic
2293 1747 2490 1814 quippe
2523 1746 2715 1797 beatus
2747 1743 2911 1796 David
2943 1741 3147 1796 orando
3179 1741 3407 1796 Domino

1825 1841 2060 1894 dicebat.
2089 1839 2342 1892 Delicium
2363 1840 2618 1908 t‘ogttilttm
2645 1836 2734 1889 tibi
2760 1838 2940 1904 feci,et
2964 1835 3246 1905 injustitins
3265 1852 3408 1889 meas

1829 1947 1928 1983 non
1961 1929 2168 1998 operui;
2199 1929 2308 1980 dixi
2338 1925 2673 1996 :Conﬁtebor
2703 1927 2971 1980 adversum
2999 1925 3404 1995 meinjustitiam

1825 2037 2008 2082 turam,
2038 2029 2085 2072 et
2117 2029 2168 2072 tu
2200 2019 2443 2072 remisisti
2485 2020 2795 2086 impietatem
2824 2017 3019 2084 peccati
3077 2016 3175 2068 mei
3225 2015 3398 2086 (Psal.
3438 1997 3482 2054 Β

1828 2113 1996 2179 xxxt).
2029 2113 2297 2176 Quantum
2325 2111 2461 2161 valet
2493 2123 2623 2176 pura
2647 2117 2702 2161 ct
2723 2122 2829 2161 non
2855 2107 3006 2160 tarda
3034 2105 3325 2170 confessio,
3351 2113 3409 2161 ut

1821 2204 1900 2258 sic
1945 2220 2133 2257 secura
2174 2218 2290 2255 eam
2338 2201 2695 2267 subsequatur
2737 2199 3073 2268 impetratio!
3117 2197 3408 2253 Confessus

1822 2309 1884 2350 se
1913 2294 2217 2356 adversum,
2255 2302 2310 2344 ut
2359 2293 2656 2345 facinorum
2691 2289 2889 2344 molem
2936 2288 3192 2358 pelleret:
3238 2289 3305 2342 de
3348 2303 3406 2342 se

1822 2387 2082 2452 ingemuit
2112 2385 2440 2445 confitenti»,
2481 2381 2808 2442 gloriticavit
2850 2379 3225 2435 remissionem
3266 2379 3407 2434 toci-

1821 2480 2020 2548 piendo
2059 2495 2072 2530 :
2116 2477 2346 2530 dolendo
2375 2462 2630 2544 patefecit
2657 2475 2894 2540 crimen,
2941 2472 3119 2527 dando
3163 2472 3406 2528 redinte-

1823 2572 1993 2638 gravit
2021 2583 2193 2638 Spem.
2227 2569 2340 2620 Non
2367 2570 2508 2621 cuitu
2537 2567 2811 2642 praacessit
2837 2566 2951 2636 spei
2980 2566 3248 2629 fiduciam,
3279 2566 3406 2634 quia

1821 2663 2140 2715 meminerat
2171 2679 2227 2714 se
2261 2659 2384 2712 olim
2417 2673 2512 2728 per
2539 2659 2798 2730 Spiritum
2838 2667 3084 2713 sanctum
3119 2673 3148 2712 a
3179 2657 3405 2712 Domino

1826 2755 2181 2807 illuminatun
2214 2753 2416 2806 dixisse
2442 2769 2454 2804 :
2492 2751 2629 2814 Quia
2660 2752 2798 2820 apud
2833 2761 2877 2804 te
2905 2761 2980 2804 est
3007 2753 3324 2821 proyn'tiatio,
3357 2760 3405 2804 et

1821 2857 2026 2916 propter
2051 2847 2080 2898 ιε
2101 2863 2210 2916 gem
2237 2855 2376 2897 luant
2399 2843 2619 2896 sustinui
2649 2853 2714 2908 te,
2748 2841 2964 2896 Domine
2987 2841 3160 2900 tl’snt.
3195 2841 3402 2910 cxxtx).

1825 2935 1890 2988 lit
1931 2937 2122 2991 iterum
2157 2955 2166 2987 2
2205 2937 2337 2999 Quid
2369 2934 2507 3003 apud
2540 2933 2813 2985 Dominum
2847 2935 3202 2988 misericordia
3231 2943 3324 2994 est,
3357 2940 3406 2986 et

1822 3031 2026 3097 copiosa
2057 3031 2196 3098 apud
2221 3045 2334 3081 eum
2373 3026 2671 3091 redemptio.
2723 3027 2872 3094 Apud
2905 3041 3063 3094 quem
3105 3026 3406 3078 misericor-

1823 3120 1963 3172 tliatn
1995 3133 2287 3188 perennem
2319 3117 2580 3184 agnoscit,
2608 3115 2747 3182 apud
2780 3130 2902 3168 eunt
2935 3115 3210 3184 copiosam
3242 3124 3296 3168 et
3321 3129 3405 3168 re-

1819 3211 2204 3280 demptionem.
2235 3214 2551 3275 Qttzct'ntnus
2583 3223 2713 3268 ιιι-,ο
2742 3207 2811 3260 ibi
2843 3207 3288 3270 miscricordiam,
3315 3207 3403 3260 ubi

1823 3304 2252 3373 redemptionem
2284 3317 2503 3366 tonuere
2531 3301 2638 3368 jam
2666 3301 2912 3354 novimus
2949 3300 3243 3367 copiosam.
3273 3300 3404 3356 Cre-

1820 3405 1937 3451 scat
1966 3396 2120 3450 dolor
2150 3405 2270 3465 post
2301 3395 2541 3457 ruinam,
2591 3401 2646 3446 ut
2693 3394 2860 3461 culpa:
2903 3393 3202 3446 inveniatur
3235 3394 3400 3447 ntedi-
3433 3362 3479 3425 C

1823 3489 1962 3542 cina.
2009 3486 2350 3542 Coulitemiui
2393 3485 2618 3539 ἱιιγὶ‹·‹ιιιι
2667 3485 2878 3544 delicia,
2917 3495 2974 3537 ιιι
3015 3495 3194 3538 nostra
3242 3487 3398 3540 nobis

1818 3581 2172 3648 Omnipotens
2215 3579 2449 3630 dimittat
2480 3587 2722 3645 peccata.
2758 3577 2845 3630 Sic
2877 3593 2974 3628 nos
3003 3576 3280 3643 Scriptura
3312 3576 3396 3630 di-

1821 3669 1997 3724 cendo
2028 3670 2272 3723 hortatur
2306 3685 2317 3720 :
2353 3665 2682 3735 Conﬁtentini
2727 3665 3034 3717 alterutrum
3079 3673 3288 3729 percata
3315 3682 3398 3719 ve-

1823 3771 1951 3824 sti-tt,
1981 3770 2027 3814 ct
2057 3771 2198 3814 orate
2233 3777 2326 3826 pro
2357 3759 2568 3811 invicem
2601 3757 2738 3814 (Juv.
2774 3758 2848 3827 ι’).
2881 3757 3088 3821 Quanta
3120 3757 3400 3812 clementis

1817 3850 2012 3918 indicis
2044 3849 2212 3919 pietas
2242 3863 2366 3918 erga
2408 3864 2505 3901 nos
2553 3846 2741 3900 dill'asa
2783 3847 3132 3914 dignoscitur,
3167 3856 3226 3900 ut
3251 3847 3396 3914 quod

1823 3943 2030 3997 actibus
2074 3943 2388 3996 aerumnosis
2427 3940 2632 3994 facinus
2673 3948 3011 3994 contractum
3046 3941 3162 4003 l'uit,
3211 3950 3397 3994 nttttua

1823 4051 1982 4102 prcce
2028 4032 2302 4088 solvatur!
2338 4032 2501 4086 Detur
2531 4045 2662 4101 ergo
2694 4039 2891 4084 mutua:
2932 4029 3198 4084 orationis
3246 4031 3397 4084 sola-

1827 4128 1992 4189 tium;
2025 4136 2073 4180 ut
2110 4127 2337 4180 invicem
2367 4125 2575 4180 orando
2603 4126 2849 4192 eupiatur
2877 4125 3202 4192 pratsidium.
3233 4125 3404 4193 Magis

1828 4216 2026 4268 ctenim
2056 4216 2212 4284 copia
2255 4214 2522 4270 fructuum
2569 4215 2814 4281 habetur,
2849 4215 3064 4285 quando
3095 4231 3162 4272 ex
3193 4217 3402 4272 revela-

1832 4307 1978 4360 tione
2025 4306 2342 4361 delictorum
2389 4307 2532 4360 salus
2579 4308 2893 4376 acquiritur.
2954 4307 3173 4374 Revela,
3231 4309 3404 4378 inquit

1831 4401 2130 4467 I‘salntista,
2167 4400 2385 4456 Domino
2432 4402 2568 4456 vium
2616 4413 2774 4466 tuum,
2816 4413 2864 4457 et
2909 4406 3018 4475 ipse
3066 4414 3114 4460 te
3162 4406 3402 4460 enutriet.

1833 4491 2004 4550 (I’sui.
2037 4495 2241 4562 xxxvi).
2265 4493 2321 4548 Si
2362 4493 2656 4549 revelando
2698 4503 2917 4566 peccata
2947 4497 3180 4550 nutritor
3199 4499 3400 4563 anima,

1829 4579 2141 4652 quotidiano
2171 4599 2300 4654 ergo
2323 4585 2498 4642 studio
2523 4602 2620 4656 per
2638 4587 3036 4642 confessionem
3069 4589 3397 4656 reveleutur,

1832 4683 1890 4728 ut
1911 4675 2219 4744 quotidiana
2242 4677 2507 4732 medicina
2526 4677 2747 4732 vulnera
2771 4689 3049 4733 sanentur.
3077 4678 3182 4734 Sed
3207 4681 3401 4749 quibus

1831 4765 1978 4819 horis
2006 4769 2422 4834 congruentibus
2451 4767 2759 4836 quotidiana
2792 4770 2986 4823 delicta
3019 4779 3144 4823 sunt
3174 4770 3396 4825 abluen-

1825 4855 1911 4918 da,
1944 4873 1974 4910 a
2005 4857 2158 4912 nobis
2201 4859 2542 4914 inserendum
2570 4869 2669 4915 est.
2700 4860 2968 4930 Quidquid
2999 4873 3118 4932 post
3160 4865 3398 4933 comple-

1825 4948 2020 5001 torium
2051 4963 2147 5016 per
2175 4963 2358 5017 opac:e
2401 4951 2574 5004 noctis
2603 4952 2776 5022 spatia
2816 4969 2968 5008 mens
3012 4955 3094 5008 vel
3137 4971 3263 5010 caro
3303 4972 3399 5026 per

1822 5045 2130 5098 facilitatem
2157 5045 2460 5114 deliquerit,
2493 5056 2614 5116 post
2655 5047 2946 5102 secundam
2979 5064 3074 5118 per
3098 5052 3398 5106 confessio-

1824 5153 1942 5190 nem
1973 5137 2266 5190 curaudunt
2315 5148 2397 5192 est
2437 5140 2670 5210 expiari.
2712 5142 2983 5212 Quidquid
3033 5159 3162 5196 vero
3205 5144 3400 5200 diurno

1823 5239 1970 5292 actu,
1998 5227 2082 5282 vel
2112 5229 2248 5293 visu,
2279 5229 2485 5299 auditu,
2509 5232 2767 5300 cogitatu,
2802 5233 3127 5302 tepesccndo
3151 5233 3397 5304 deliquit,

1825 5336 1976 5374 nonae
2024 5321 2170 5376 liora:
2211 5322 2426 5390 expleto
2466 5339 2625 5377 cursu
2669 5332 2728 5376 ut
2769 5334 3030 5393 purgetur
3069 5325 3396 5378 censendum

1824 5421 1922 5464 est.
1961 5410 2084 5467 Post
2115 5427 2243 5468 vero
2275 5414 2526 5484 quidquid
2558 5415 2624 5468 ab
2660 5415 2792 5468 hora
2827 5432 2966 5470 nona
2999 5431 3148 5470 mens
3179 5418 3400 5472 macula:

1824 5506 2121 5568 attraxerit,
2167 5513 2293 5558 ante
2339 5507 2657 5574 completam
2711 5508 3076 5562 confitendum
3119 5517 3220 5562 est.
3267 5507 3402 5562 Illud

1823 5603 2000 5650 tamen
2039 5597 2304 5651 abbatissa
2351 5597 2564 5652 studere
2608 5599 2788 5666 debet,
2837 5606 2896 5652 ut
2924 5609 3048 5668 post
3101 5600 3397 5654 secundant

1825 5687 2059 5740 scholam
2106 5686 2406 5753 ingrediens
2457 5698 2673 5757 peracta
2722 5689 2969 5742 oratione
3012 5691 3209 5744 mtllatn
3263 5693 3403 5744 foras

1826 5777 1999 5845 egredi
2031 5777 2326 5846 permittat,
2355 5779 2451 5830 nisi
2482 5779 2629 5847 prius
2651 5777 2808 5832 detur
2831 5781 3122 5834 C(llliitSsiO.
3148 5781 3406 5834 Similiter

1827 5875 1878 5920 et
1905 5877 2026 5935 post
2073 5883 2289 5934 nouant,
2333 5868 2414 5922 vel
2466 5878 2589 5922 ante
2633 5871 3042 5940 contplctoritun
3098 5872 3402 5926 faciendum

1829 5973 1924 6015 est.
1977 5959 2063 6013 lla.-
2096 5976 2222 6015 vero
2267 5976 2504 6027 sorores,
2549 5979 2666 6032 qua!
2704 5981 2799 6034 pro
2843 5965 3092 6034 gravibus
3133 5967 3306 6043 culpis
3353 5967 3410 6018 in

3514 711 3917 768 communicant
3945 727 4052 768 non
4083 719 4264 778 stent;
4295 711 4390 768 sed
4414 713 4468 767 in
4493 711 4600 766 alia
4623 711 4874 768 Ecclesia
4899 724 5086 770 secrete

3513 821 3728 862 cursum
3771 815 4029 861 cantent:
4064 817 4120 862 et
4148 806 4364 877 expleto
4394 821 4556 864 cursu
4600 807 4950 877 egredientes
4977 819 5085 864 ante

3517 899 3659 954 fores
3689 897 3964 962 Ecclesin
4015 899 4070 952 in
4098 914 4204 968 qua
4254 900 4720 956 communicantes
4749 917 4969 955 cursum
5007 917 5086 955 ex-

3514 991 3684 1059 plent,
3714 998 3860 1044 stare
3889 991 4267 1060 praecipiantur
4305 1008 4318 1044 :
4362 999 4417 1045 et
4448 992 4766 1059 egrediente
4799 1006 5084 1061 congrega-

3514 1081 3660 1136 tione
3689 1097 3852 1151 supra
3882 1083 4100 1136 bumum
4128 1092 4410 1152 prostrata:
4440 1093 4637 1152 rogent
4664 1100 4766 1153 pro
4808 1099 4871 1140 se
4917 1085 5083 1138 Domi-

3513 1190 3637 1228 nttm
3668 1175 3906 1240 exorari,
3933 1185 3990 1228 ttt
4012 1177 4195 1241 gravia
4217 1175 4507 1232 commissa
4529 1175 4863 1231 contritione
4885 1177 5084 1232 delean-

3512 1275 3598 1319 tur
3626 1265 3838 1326 cordis;
3871 1265 4225 1320 meminentes
4255 1265 4382 1320 illud
4423 1283 4436 1318 :
4469 1266 4572 1321 (ior
4601 1267 4885 1320 contritum
4913 1278 4961 1320 et
5002 1271 5084 1320 Ini-

3512 1359 3770 1412 miliutum
3819 1357 3958 1412 Dens
3988 1375 4091 1411 non
4122 1361 4316 1426 spernit
4345 1358 4520 1426 (l’sul.
4551 1368 4628 1427 ι),
4675 1357 4763 1424 Et,
4797 1360 4851 1412 in
4883 1361 5086 1414 hinniti-

3513 1461 3614 1503 tntc
3635 1461 3810 1504 nostra
3841 1469 4032 1506 menter
4064 1453 4162 1521 fuit
4183 1453 4346 1506 nostri
4369 1451 4628 1506 Dominus
4655 1452 4831 1524 (I’snl.
4880 1459 5084 1522 (δην).

3511 1543 3564 1597 ln
3614 1547 3860 1598 oratione
3907 1547 4080 1614 posita
4125 1561 4339 1615 semper
4371 1547 4640 1614 paenitens
4685 1545 4840 1598 dicat
4877 1563 4889 1596 :
4922 1550 5086 1600 Arat»:

3511 1639 3693 1706 ferient
3725 1649 3863 1690 tuum
3887 1655 3916 1691 a
3949 1640 4169 1704 peccatis
4197 1638 4342 1700 meis,
4367 1646 4415 1691 et
4443 1654 4619 1690 omnes
4643 1639 4946 1706 iniquitates
4964 1656 5085 1691 meas

3511 1731 3622 1781 dele
3671 1729 3850 1790 (I'snl.
3907 1739 3973 1796 ι.)
4025 1745 4040 1786 :
4095 1739 4153 1782 ut
4201 1729 4281 1782 ira
4331 1729 4608 1797 arguentis
4655 1729 4892 1796 judicis,
4947 1740 4999 1782 ct
5046 1730 5086 1782 in

3511 1822 3756 1892 proximo
3789 1822 4073 1876 vindictam
4117 1822 4410 1883 reddentis,
4461 1837 4557 1891 per
4587 1821 4689 1892 piae
4740 1822 4938 1877 mentis
4975 1823 5087 1875 alle-

3511 1923 3658 1968 ctum
3685 1914 3820 1968 hanc
3856 1913 4042 1968 humili
4070 1913 4320 1968 oratione
4347 1911 4592 1968 sedetur.

4107 2068 4332 2125 CAPUT
4372 2069 4480 2124 VII.

3625 2161 3704 2216 De
3726 2179 3827 2216 non
3859 2162 4256 2230 nmnifestandis
4282 2178 4518 2216 sororum
4548 2165 4984 2232 confessionibus.

3581 2295 3860 2348 Abbatissa
3907 2297 3989 2348 vel
4033 2294 4340 2364 prmposita,
4390 2295 4474 2349 vel
4516 2297 4780 2366 quaelibet
4829 2300 5086 2354 seniorum

3507 2401 3754 2440 sororum
3776 2387 3860 2440 cui
3884 2387 3950 2438 alt
3973 2387 4244 2443 abbatissa
4263 2388 4425 2440 fuerit
4443 2390 4794 2444 connnissum
4818 2400 4875 2443 ut
4893 2394 5090 2444 contes-

3508 2482 3688 2535 siones
3715 2481 3960 2547 recipiat,
3990 2480 4216 2534 crimina
4248 2481 4458 2534 minora
4487 2481 4573 2534 vel
4603 2484 4844 2537 maxima
4873 2482 5089 2536 nullateo

3509 2586 3608 2626 nus
3639 2571 4008 2633 manifesteut,
4043 2571 4142 2624 nisi
4182 2571 4302 2627 solo
4337 2571 4484 2639 justo
4513 2571 4709 2640 judici,
4738 2575 4828 2640 qui
4859 2576 5089 2627 omnium

3507 2665 3878 2720 confitentium
3923 2664 4149 2718 crimina
4197 2664 4359 2718 lavat.
4394 2662 4486 2718 Illa
4514 2667 4662 2719 enim
4692 2679 4811 2733 qua:
4854 2665 5089 2719 confessa

3508 2769 3591 2813 est
3620 2775 3714 2814 sua
3744 2759 3963 2813 vulnera
3987 2757 4312 2821 verecunde,
4344 2772 4450 2813 non
4473 2758 4542 2812 ad
4570 2760 4923 2828 opprobrium
4953 2761 5087 2812 reci-

3509 2855 3782 2923 piendum,
3835 2852 3928 2908 sed
3973 2851 4039 2906 ad
4083 2852 4314 2906 salutem
4343 2850 4826 2918 redintegrandam
4851 2849 5088 2906 confessa

3509 2955 3612 3008 est,
3643 2945 3845 3013 justum
3875 2945 4080 2998 habens
4110 2951 4302 2997 testem
4353 2943 4542 3006 Deum,
4577 2957 4609 2996 a
4649 2957 4757 3011 quo
4802 2950 4858 2996 et
4895 2941 5090 2996 mederi

3507 3047 3808 3108 exspectat.
3843 3035 3916 3090 Ea
3949 3050 4077 3091 vero
4102 3035 4286 3090 senior
4303 3049 4422 3104 qua:
4453 3035 4665 3104 recipit,
4689 3049 4812 3090 cum
4833 3035 5088 3105 gravitate

3509 3140 3562 3184 et
3593 3128 3962 3182 moderatione
3985 3143 4151 3198 penes
4171 3143 4228 3181 se
4255 3125 4586 3182 occultando
4611 3127 4993 3182 honestissime
5012 3137 5086 3181 te-

3509 3228 3656 3286 neat,
3691 3235 3759 3272 ne
3791 3218 3916 3273 dum
3951 3217 4172 3272 altezius
4214 3217 4423 3271 vulneri
4471 3216 4800 3272 medicinam
4841 3217 5085 3282 infundit,

3509 3326 3619 3365 sua-
3653 3310 3848 3365 ntentis
3877 3317 4195 3379 corrumpat
4220 3309 4472 3363 nitorem.
4511 3307 4669 3362 Nulla
4699 3318 4882 3362 tanien
4913 3323 5088 3362 mona-

3509 3404 3727 3459 charum
3756 3402 3840 3456 vel
3871 3401 4268 3456 confessionem
4296 3402 4562 3470 recipere,
4593 3399 4682 3454 vel
4720 3401 5084 3468 ptenitentiam

3504 3495 3632 3548 dare
3647 3495 3764 3548 sine
3787 3493 4126 3548 ordinatione
4153 3493 4442 3547 abbatissae
4459 3502 4756 3562 praesumat
4777 3511 4794 3558 ;
4820 3508 4891 3548 ne
4907 3495 5083 3548 vitium

3501 3589 3847 3644 commissum
3894 3587 4181 3642 abbatissze
4213 3588 4438 3652 celetur,
4484 3587 4581 3641 sed
4625 3588 4810 3641 omnia
4857 3603 4957 3657 per
4981 3588 5084 3655 ejus

3503 3682 3748 3738 notitiam
3795 3691 4040 3750 agantur.
4073 3681 4128 3736 Si
4179 3696 4305 3735 vero
4357 3680 4577 3736 inventa
4628 3682 4814 3748 fuerit,
4847 3698 4969 3751 quae
4995 3684 5083 3736 hoc

3502 3774 3836 3846 propositum
3869 3773 4066 3843 regula:
4090 3773 4292 3827 violare
4314 3782 4561 3836 conetur,
4585 3775 4739 3842 gravi
4765 3777 5080 3846 poenitentia

3503 3867 3725 3921 scientia
3751 3866 4110 3934 corripiatur;
4143 3865 4270 3934 quia
4300 3865 4484 3921 delicti
4532 3865 4780 3921 fomitem
4813 3868 5080 3924 abbatissa-

3505 3957 3673 4010 voluit
3705 3957 3998 4010 occultare.

4100 4061 4330 4118 CAPUT
4373 4063 4504 4118 \‘lll.

3613 4178 3844 4242 Qualiter
3873 4179 3940 4232 ad
3960 4181 4161 4250 signum
4183 4179 4510 4234 Dominicunt
4541 4184 4862 4252 surgendum
4891 4197 4981 4240 est.

3579 4305 4022 4374 Quandocunque
4053 4305 4136 4359 vel
4164 4305 4370 4360 diurnis
4405 4306 4490 4361 vel
4527 4311 4822 4366 nocturnis
4848 4313 4994 4368 horis
5019 4312 5074 4367 ad

3505 4413 3640 4468 opus
3676 4397 3915 4452 divinum
3943 4399 4152 4468 signum
4201 4399 4520 4464 insonuerit,
4551 4417 4683 4456 mox
4710 4419 4842 4460 cum
4879 4421 5073 4462 summa

3509 4488 3852 4544 festinatione
3878 4488 4203 4558 surgendum
4236 4497 4340 4556 est,
4359 4505 4436 4544 .ac
4479 4490 4527 4545 si
4557 4506 4746 4561 praeco
4777 4496 4924 4564 regis
4951 4497 5081 4551 inso-

3509 4595 3618 4648 net,
3649 4585 3794 4638 omni
3836 4599 4004 4654 opere
4032 4584 4176 4653 quod
4206 4585 4261 4639 in
4304 4585 4552 4640 manibus
4596 4587 4910 4646 habebatur
4947 4601 5081 4661 post-

3508 4677 3715 4744 posito;
3749 4685 3810 4731 ut
3833 4675 3967 4730 nihil
3994 4676 4147 4746 operi
4175 4675 4270 4731 Dei
4301 4686 4649 4746 praeponatur
4674 4695 4692 4733 :
4725 4681 4828 4738 sed
4850 4698 5002 4738 mens
5021 4681 5080 4737 ad

3507 4767 3737 4820 sonitum
3783 4766 4043 4836 praeconis
4086 4769 4311 4835 intenta,
4341 4777 4396 4824 et
4421 4770 4573 4840 operi
4605 4771 4700 4826 Dei
4730 4773 4941 4837 innixa,
4971 4790 5079 4830 cum

3506 4860 3650 4913 onmi
3675 4859 3938 4926 gravitate
3967 4869 4019 4914 et
4049 4861 4461 4916 mansuetudine
4488 4863 4556 4916 ad
4587 4863 4950 4920 intonandam
4978 4867 5080 4934 glo-

3503 4956 3638 5006 riam
3669 4953 3968 5019 majestatis
3997 4950 4136 5021 ejus,
4167 4961 4222 5006 et
4252 4954 4438 5022 pietati
4467 4953 4586 5022 ejus
4616 4959 4824 5025 gratias
4854 4960 5080 5014 referen-

3503 5046 3600 5100 das
3630 5045 3820 5098 festina
3851 5051 4049 5098 currat.
4084 5041 4146 5096 Et
4189 5045 4233 5099 si
4281 5059 4497 5102 morose
4541 5056 4597 5100 et
4640 5050 4890 5116 segniter
4913 5052 5082 5105 veniat

3505 5147 3628 5206 post
3660 5137 3814 5205 primi
3843 5136 4033 5205 psalmi
4055 5137 4142 5205 qui
4174 5139 4224 5191 in
4249 5153 4410 5192 cursu
4434 5138 4648 5193 canitur
4667 5139 4858 5208 finem,
4881 5141 5084 5196 noverit

3503 5243 3562 5282 se
3591 5242 3618 5280 a
3645 5243 3743 5281 suo
3775 5227 3963 5281 ordine
3993 5226 4118 5280 dum
4146 5243 4334 5283 cursus
4369 5229 4621 5298 expletur
4649 5230 4922 5292 revocari,
4953 5240 5012 5285 et
5036 5229 5084 5282 in

3505 5321 3625 5374 loco
3654 5319 3844 5372 ultimo
3887 5319 4140 5388 positam,
4183 5317 4236 5372 id
4275 5327 4382 5386 est,
4415 5319 4468 5372 in
4513 5333 4580 5374 eo
4613 5319 4738 5376 loco
4767 5322 4864 5388 qui
4895 5321 5084 5376 talibus

3507 5411 3900 5478 negligentibus
3933 5410 4096 5466 fuerit
4115 5411 4424 5482 deputatus,
4453 5421 4652 5478 astare,
4672 5421 4731 5466 et
4751 5413 4825 5466 ibi
4847 5427 4976 5468 cum
4997 5427 5085 5466 ve-

3507 5503 3775 5556 recundiae
3805 5509 3949 5557 metu
3979 5511 4315 5572 exspectare,
4341 5514 4395 5558 et
4419 5511 4540 5572 post
4562 5504 4841 5574 expletum
4870 5519 5085 5559 cursum

3509 5594 3716 5660 prolixa
3739 5593 3898 5646 venia
3920 5602 4046 5648 ante
4073 5603 4274 5648 emtum
4298 5609 4546 5649 sororum
4575 5596 4977 5664 egredientium
5001 5610 5086 5650 sa-

3509 5685 3776 5739 tisfacere.
3828 5685 3958 5738 Nam
4001 5684 4132 5739 foris
4163 5685 4384 5740 omnino
4414 5701 4524 5740 non
4554 5696 4928 5756 segregentur,
4962 5703 5032 5742 ne
5057 5701 5086 5740 ι

3507 5793 3696 5830 somno
3719 5779 3950 5830 detenta:
3969 5775 4262 5839 dormiant,
4288 5787 4380 5830 aut
4401 5777 4454 5830 in
4479 5778 4663 5846 aliquo
4685 5777 4927 5846 maligno
4950 5777 5088 5833 hosti

3509 5873 3735 5929 adeundi
3781 5871 3941 5926 detur
3982 5874 4221 5928 occasio.
4253 5872 4399 5926 lntus
4427 5871 4628 5926 etenim
4661 5871 4840 5940 posita
4875 5885 4984 5925 nec
5014 5881 5089 5924 to-

3507 5976 3620 6022 tum
3650 5965 3824 6036 perdit
3873 5963 4016 6033 quod
4057 5975 4318 6035 eruperat,
4361 5973 4412 6018 el
4461 5967 4787 6020 Verr-cundia
4827 5981 4892 6022 ac
4945 5973 5087 6019 metu
