5174 6542
639 457 785 513 1οϋί

634 666 781 715 tera:
811 658 1031 729 expleto
1062 653 1241 709 officio
1271 653 1413 708 foras
1441 652 1803 721 egrediuntur,
1839 649 1925 702 illa
1970 649 2021 701 in
2063 645 2237 701 eccle-

636 751 724 805 sia
752 766 853 819 pro
880 750 994 820 ipsa
1027 747 1282 801 tarditate
1305 745 1478 814 posita
1507 742 1787 797 duodecim
1819 742 2055 811 psalmos
2080 753 2240 805 super

636 858 841 897 cursus
873 841 1068 895 seriem
1098 848 1301 894 cantet.
1333 838 1390 893 Si
1435 852 1563 892 vero
1596 852 1660 892 ex
1691 844 1804 890 toto
1836 851 2051 890 cursum
2084 847 2237 887 suum

637 934 966 1002 perdiderit,
1001 933 1269 1003 prtecipue
1300 931 1578 986 nocturnis
1608 930 1777 993 horis,
1815 930 1865 983 in
1893 928 2087 997 quibus
2116 926 2238 978 nul-

640 1025 758 1078 lum
811 1026 975 1079 alium
1024 1040 1160 1094 opus
1210 1022 1488 1091 impendit,
1530 1021 1902 1090 suppositione
1932 1017 2231 1071 damnetur.

643 1117 825 1171 lloras
858 1132 985 1170 vero
1025 1117 1093 1169 ad
1126 1132 1341 1170 cursum
1377 1129 1669 1184 procurare
1694 1113 1845 1180 juxta
1876 1110 2235 1193 dispensatio.

638 1224 768 1264 nem
796 1206 1084 1261 abbatissa:
1116 1206 1297 1271 debet,
1343 1205 1648 1272 cuicunque
1687 1202 1991 1257 ordinatum
2038 1200 2232 1262 fuerit;

634 1302 689 1355 id
726 1309 833 1366 est,
865 1316 980 1368 qu.e
1012 1309 1194 1353 mente
1236 1299 1467 1353 sollicita
1501 1306 1558 1351 et
1600 1286 1821 1365 impigra
1851 1294 2013 1348 fuerit
2038 1291 2105 1345 ad
2135 1292 2239 1346 hoc

636 1407 782 1461 opus
813 1392 1008 1445 idonea
1040 1392 1281 1456 iuventa,
1326 1398 1385 1444 ut
1415 1406 1552 1459 opus
1599 1388 1693 1442 Dei
1727 1403 1835 1442 non
1882 1386 2147 1440 tardetur.
2180 1386 2234 1438 Si

637 1497 775 1536 vero
807 1482 1050 1551 qualibet
1080 1483 1365 1537 occasione
1388 1497 1416 1535 a
1436 1482 1583 1550 justo
1606 1480 1799 1535 ordine
1819 1478 2091 1532 deviatum
2115 1478 2234 1531 fue-

636 1575 730 1639 rit,
767 1583 827 1628 ut
856 1591 966 1629 non
993 1575 1287 1629 secundum
1315 1589 1471 1629 suum
1494 1574 1739 1629 ordinem
1763 1572 1909 1627 llOI‘iB
1928 1569 2237 1626 custodian-

643 1673 755 1730 tur,
790 1666 1170 1737 suppositione
1196 1666 1504 1721 damnetur.

1255 1816 1482 1875 CAPUT
1521 1819 1613 1873 ΙΧ.

643 1933 884 1999 Qualiter
928 1936 984 1988 in
1028 1934 1340 1988 monasterio
1405 1934 1598 1987 silentii
1645 1933 1877 2003 regulam
1932 1932 2006 1984 rel
2046 1930 2231 2003 diurno
2268 1928 2313 1988 B

709 2024 893 2074 opere,
934 2009 1010 2059 vel
1053 2006 1121 2058 ad
1166 2022 1401 2058 mensam
1438 2006 1654 2057 debeant
1698 2004 1954 2057 custodire
1981 2019 1999 2055 :
2048 2002 2124 2056 vel
2165 2002 2234 2054 ad

706 2094 946 2132 mensam
972 2078 1228 2147 quomodo
1258 2078 1324 2130 sit
1348 2076 1640 2147 legendum.

712 2206 980 2276 Regulam
1011 2206 1213 2261 silentii
1259 2206 1407 2261 onmi
1451 2216 1695 2277 tempore
1740 2205 2061 2260 servandam
2107 2220 2236 2258 san-

638 2312 852 2356 ctarum
871 2300 1265 2370 Scripturarum
1290 2300 1457 2355 series
1479 2299 1791 2365 declaravit,
1817 2298 1940 2353 dum
1974 2314 2071 2366 per
2103 2281 2235 2352 ιττυί

639 2396 862 2464 pbetam
897 2393 1130 2447 dicitur:
1165 2392 1343 2446 Cultus
1365 2393 1588 2464 justitia:
1617 2393 1877 2445 silentium
1905 2401 1953 2444 et
1976 2408 2099 2458 pax.
2132 2390 2236 2442 Ὑρι-

638 2488 879 2542 cendum
903 2500 1136 2554 namque
1168 2496 1252 2541 est
1291 2486 1359 2540 ab
1392 2484 1581 2541 otiosis
1612 2492 1668 2540 et
1696 2485 1923 2549 frivolis,
1955 2493 2009 2537 et
2033 2480 2234 2537 scurri-

637 2579 806 2646 libus,
839 2588 897 2635 et
925 2579 1103 2649 pravis
1129 2588 1185 2634 et
1213 2579 1501 2633 malitiosis
1528 2579 1721 2632 fabulis
1745 2595 1759 2641 ;
1793 2577 1860 2631 de
1888 2576 2084 2644 quibus
2111 2576 2239 2627 Pro-

638 2671 807 2741 pheta
848 2671 1041 2725 orabat
1077 2671 1299 2726 dicens:
1337 2670 1501 2733 Pone,
1536 2669 1777 2737 Domine,
1817 2668 2109 2721 custodiam
2157 2669 2235 2721 ori

641 2780 779 2829 meo,
809 2772 860 2816 et
891 2764 1079 2817 ostium
1109 2763 1513 2814 circumstantia:
1542 2760 1695 2814 labiis
1725 2761 1870 2813 meis.
1907 2757 2033 2812 Non
2077 2759 2239 2812 decli-

639 2872 731 2909 nes
754 2872 847 2910 cor
878 2872 1044 2908 meum
1075 2857 1128 2908 in
1155 2854 1305 2909 verba
1334 2855 1473 2908 ntala
1520 2854 1657 2925 (Isa.
1680 2868 1856 2917 xxxn;
1908 2851 2058 2905 l‘sal.
2086 2852 2233 2921 CXL).

640 2948 980 3005 Cessandum
1012 2950 1213 3019 quippe
1242 2956 1325 3003 est
1355 2964 1386 3003 a
1417 2947 1615 3003 fabulis
1642 2946 1949 3016 superlluis,
1986 2961 2056 3000 ne
2080 2945 2237 2999 dam-

642 3041 888 3096 nationis
917 3056 1013 3110 per
1042 3040 1374 3097 ineflrenatte
1409 3041 1608 3095 mentis
1631 3040 1903 3109 ignaviam
1930 3038 2108 3091 anima
2136 3036 2240 3091 fruo

642 3140 793 3188 etum
819 3133 1035 3203 capiat:
1061 3134 1187 3203 quia
1217 3149 1324 3189 non
1353 3134 1530 3189 solum
1556 3133 1625 3188 de
1652 3132 1865 3188 scurrili
1894 3140 1949 3187 et
1976 3131 2239 3198 injurioso

642 3240 921 3291 sermone,
949 3225 1046 3280 sed
1076 3226 1239 3281 etiam
1267 3225 1337 3281 de
1367 3226 1564 3292 otioso,
1593 3225 1747 3294 juxta
1786 3225 1999 3280 Doniini
2039 3238 2240 3295 praece-

1908 444 2186 501 ltEGULA
2224 443 2315 498 AD
2357 441 2690 498 VlltGiNES.

634 568 934 637 frangitur,
967 566 1095 621 dum
1134 563 1203 617 ab
1233 562 1484 617 omnibus
1512 559 1747 615 videtur.
1786 558 1848 611 Et
1875 556 2094 626 quando
2126 570 2229 609 cae-
2262 558 2314 614 Α
2341 569 2586 608 mensam
2632 553 2782 622 loqui
2813 569 2919 609 non
2950 569 3209 625 negamus

3797 447 3937 502 1062

3253 573 3266 609 :
3318 558 3396 613 sic
3424 567 3632 627 tamen,
3662 568 3720 615 ut
3745 578 3934 632 pressa

2343 661 2449 700 non
2482 645 2742 700 dissoluta
2787 660 2920 701 voce
2973 647 3294 718 loquantur;
3347 664 3413 704 ne
3455 651 3671 718 garrula
3703 667 3833 709 voce
3876 655 3931 710 in

2342 755 2529 794 sonum
2560 750 2995 811 prorumpentes,
3024 744 3191 810 magis
3217 743 3422 798 desidia
3449 759 3607 813 quam
3640 746 3823 802 laetitia
3844 748 3933 818 ju-

2341 829 2567 884 dicetur.
2604 830 2671 884 Et
2710 832 2825 900 ipsa
2874 830 3239 887 confabulatio
3268 834 3393 889 talis
3433 835 3503 889 sit
3550 851 3617 891 ex
3657 838 3932 909 colloquio

2340 920 2761 989 Scripturarum,
2796 938 2917 992 qum
2948 924 3140 977 anima:
3182 924 3389 979 lucrum
3428 926 3612 991 faciat,
3645 944 3750 983 non
3780 931 3932 985 dam-

2341 1027 2489 1064 num.
2524 1012 2809 1068 Silentium
2847 1030 2975 1069 vero
3006 1016 3057 1069 in
3098 1016 3418 1083 paenitentia
3446 1020 3780 1088 accipientes
3810 1037 3929 1076 om-

2343 1103 2575 1157 nimodis
2598 1105 2848 1159 studeant
2874 1108 3167 1173 custodire,
3197 1116 3254 1163 ut
3276 1108 3343 1162 de
3366 1124 3491 1163 vera
3516 1113 3934 1168 mortificatione

2341 1203 2655 1248 mereantur
2685 1196 2917 1250 fructum
2950 1199 3214 1268 recipere.
3249 1200 3376 1254 Dote
3406 1216 3554 1266 vero,
3600 1203 3653 1255 in
3683 1218 3921 1272 quocunr

2342 1297 2449 1351 qne
2479 1285 2599 1340 loco
2649 1285 2847 1341 fuerint
2874 1290 3085 1359 positze,
3117 1291 3426 1346 nullatenus
3457 1293 3573 1346 sine
3608 1294 3764 1348 tertia
3799 1302 3897 1351 test

2342 1374 2486 1445 loqui
2517 1390 2846 1447 prmsumant
2871 1398 2885 1435 :
2918 1383 3011 1439 sed
3040 1392 3148 1439 tres
3178 1400 3394 1455 semper
3418 1388 3603 1455 positae
3629 1388 3897 1447 necessari

2341 1470 2744 1540 colloquantur.

2968 1586 3195 1643 CAPUT
3236 1586 3301 1641 Χ.

2483 1715 2555 1771 De
2604 1719 2805 1772 ratione
2830 1734 3020 1773 mensw
3067 1723 3287 1791 qualiter
3326 1724 3792 1782 administrandum

2843 1792 2917 1844 vel
2946 1791 3317 1846 observandum
3342 1797 3429 1850 sit.
3482 1842 3485 1843 ν

2410 1923 2608 1980 Mensa:
2638 1925 3031 1982 administratio
3062 1928 3144 1983 vel
3174 1932 3482 1987 observatio
3520 1944 3721 2004 quanta
3750 1951 3933 2007 mqua-

2342 2017 2494 2072 litate
2539 2018 2625 2072 vel
2664 2019 2959 2074 sobrietate
3008 2037 3330 2089 percurrere
3374 2024 3586 2095 debeat,
3646 2028 3932 2086 abbatissa:

2342 2109 2566 2163 scientia
2598 2119 2682 2164 est
2715 2110 3076 2164 trutinamimn
3104 2130 3116 2166 :
3154 2121 3209 2166 ut
3239 2115 3288 2167 in
3320 2118 3586 2181 omnibus,
3611 2119 3748 2174 sicut
3776 2123 3933 2179 decet

2348 2199 2438 2254 Dei
2469 2201 2759 2267 ministras,
2796 2203 3069 2270 religionis
3102 2206 3276 2274 vigeat
3304 2207 3494 2262 fomes.
3523 2209 3930 2268 Ministrandum

2342 2308 2576 2363 namque
2624 2303 2706 2349 est
2758 2295 3010 2349 omnibus
3056 2298 3247 2365 mquali
3297 2298 3584 2357 libratione
3626 2312 3732 2357 tam
3776 2315 3935 2374 potus

2341 2398 2502 2452 quam
2552 2386 2725 2451 cibus,
2779 2396 2941 2455 prout
2986 2398 3214 2456 tempus,
3246 2390 3358 2445 sive
3388 2392 3777 2458 soletnnitates,
3822 2398 3937 2452 sive

2342 2477 2704 2541 abstinentiaa,
2738 2477 2850 2531 sive
2886 2478 3188 2546 quotidiani
3233 2496 3356 2535 usus
3390 2487 3758 2552 peposccrint.
3794 2488 3937 2552 Quu-

2348 2568 2561 2621 tidianis
2592 2570 2792 2622 etenim
2824 2569 3010 2623 diebus
3037 2572 3287 2626 sufficere
3326 2575 3669 2631 tht‘el‘ttlllills
3696 2579 3802 2631 duo
3832 2582 3939 2632 fer~

2343 2659 2483 2725 cuia,
2568 2660 2766 2728 sceptis
2798 2676 3081 2728 pomorum
3117 2662 3273 2717 donis
3307 2682 3318 2717 :
3366 2668 3431 2719 de
3464 2666 3820 2734 leguminibus
3852 2673 3936 2724 vel

2342 2750 2410 2804 de
2456 2750 2697 2806 oleribus
2737 2758 3001 2819 conferta,
3041 2771 3135 2809 seu
3184 2756 3369 2810 farinae
3408 2761 3647 2827 qualibet
3678 2779 3939 2832 consper-

2342 2842 2512 2896 sione.
2540 2842 2799 2899 Omnibus
2819 2846 3019 2897 etenim
3039 2861 3190 2912 requa
3219 2863 3467 2903 mensura
3491 2852 3937 2920 ministrandnm;

2345 2944 2539 3000 praeter
2564 2938 2608 2990 si
2638 2944 2770 2990 aetas
2801 2935 3085 3003 infirmior,
3118 2944 3541 3007 qum-sustinere
3592 2962 3637 2998 n-
3665 2965 3695 3000 n
3742 2950 3937 3012 valeat,

2344 3038 2438 3080 aut
2474 3029 2733 3096 mgritudo
2783 3032 3053 3098 corporis,
3099 3039 3191 3083 aut
3247 3034 3473 3087 novella)
3513 3038 3943 3093 conversationis

2344 3122 2555 3176 novitas
2577 3123 2877 3191 improbata
2905 3123 3129 3178 sufferre
3156 3142 3258 3179 non
3282 3136 3465 3196 queat,
3488 3130 3631 3195 quod
3655 3131 3940 3186 abbatissa:

2340 3212 2545 3281 judicio
2579 3215 2911 3283 pensandum
2960 3223 3061 3269 est.
3111 3214 3273 3269 l'otus
3306 3234 3432 3272 vero
3464 3220 3651 3274 sicetze
3693 3222 3936 3290 liquoris,

644 3327 823 3388 ptum,
866 3318 1128 3375 rationem
1159 3333 1346 3374 sumus
1374 3318 1655 3374 reddituri,
1690 3318 1827 3384 Quid
1855 3318 2001 3372 aliud
2041 3318 2241 3372 debeat
2271 3297 2316 3358 C
2347 3304 2399 3358 id
2423 3312 2522 3366 est,
2548 3304 2785 3358 cervisia:
2815 3320 3063 3359 mensura
3096 3307 3251 3359 solita
3288 3308 3552 3363 tribuatur
3579 3328 3590 3361 :
3623 3310 3666 3363 si
3692 3313 3943 3365 voluntas

645 3410 919 3465 monacba
948 3410 1185 3473 studere,
1208 3425 1369 3480 quam
1401 3410 1502 3465 soli
1523 3410 1657 3474 Deo,
1682 3409 1735 3465 in
1756 3424 1867 3478 quo
1895 3410 2063 3464 semel
2104 3408 2241 3464 desi-

647 3503 861 3559 derium
892 3505 1026 3570 fixit,
1058 3512 1113 3559 et
1140 3504 1251 3560 oris
1274 3519 1529 3560 sermone
1549 3512 1605 3559 et
1626 3505 1819 3557 anima:
1845 3502 2111 3558 desiderio
2142 3518 2239 3557 va-

646 3598 814 3648 care?
844 3593 1107 3648 Omnibus
1146 3608 1278 3664 ergo
1327 3594 1475 3650 horis
1520 3593 1747 3659 diurnis,
1779 3603 2139 3665 praeterquam
2171 3596 2239 3649 ad

650 3702 929 3751 mensam,
978 3686 1045 3740 ab
1093 3688 1225 3741 liora
1276 3686 1515 3741 secunda
1572 3701 1742 3755 usque
1794 3685 1864 3740 ad
1910 3687 2240 3755 completam

649 3777 912 3846 quidquid
942 3777 1143 3832 utilitas
1168 3792 1339 3832 sacrae
1368 3778 1566 3847 regula:
1597 3780 1928 3847 poposcerit,
1962 3793 2057 3847 per
2084 3778 2241 3833 abba-

652 3872 794 3925 tissa:
815 3878 1182 3925 commeatum
1203 3869 1534 3939 loquendum
1559 3875 1663 3924 est.
1688 3868 1767 3923 Ab
1790 3869 1924 3923 hora
1946 3884 2075 3923 vero
2098 3883 2242 3924 com-

652 3962 926 4029 pletionis,
956 3976 1078 4017 cum
1124 3959 1299 4015 oratio
1330 3959 1401 4013 ad
1431 3974 1681 4014 somnum
1711 3959 2027 4028 capiendum
2059 3959 2239 4024 datur,

655 4054 800 4108 nulla
833 4052 1055 4107 omnino
1102 4052 1251 4119 loqui
1282 4058 1591 4120 praesumat,
1630 4048 1731 4103 nisi
1758 4048 1977 4117 grandis
2006 4048 2242 4103 necessi-

655 4152 738 4198 tas
766 4142 1082 4196 monasterii
1111 4140 1440 4210 poposcerit.
1462 4137 1564 4194 Cui
1587 4139 1653 4193 ab
1679 4138 1950 4193 abbatissa
1972 4136 2132 4192 fuerit
2153 4154 2242 4194 or-

655 4232 922 4297 dinatum,
956 4232 1101 4301 loqui
1128 4231 1365 4298 studeat,
1397 4232 1484 4286 vel
1526 4231 1690 4285 etiam
1721 4245 1750 4285 a
1782 4230 2090 4300 praeposita,
2124 4246 2245 4301 qua:

656 4340 845 4383 curam
874 4328 1101 4381 aliarum
1132 4334 1333 4396 portat.
1368 4323 1451 4379 Ad
1491 4340 1734 4380 mensam
1761 4338 1890 4378 vero
1913 4323 2056 4377 nulla
2087 4325 2241 4392 peni-

659 4428 747 4477 tus
776 4430 973 4491 praeter
998 4419 1343 4483 abbatissam,
1374 4415 1460 4471 vel
1486 4416 1573 4472 cui
1605 4415 1876 4471 abbatissa
1907 4416 2244 4484 praeceperit,

662 4529 760 4583 pro
796 4511 1071 4568 communi
1104 4511 1428 4564 necessitate
1456 4523 1706 4564 sororum
1736 4506 1883 4575 loqui
1915 4518 2202 4576 praesumat
2228 4525 2241 4560 :

661 4605 753 4659 sed
780 4619 971 4658 omnes
1004 4602 1208 4656 intento
1240 4603 1421 4655 animo
1450 4601 1654 4670 gratias
1681 4599 1971 4655 reddentes
2009 4600 2249 4656 creatori

2346 3396 2628 3451 abbatissa:
2659 3396 2837 3463 fuerit,
2871 3397 2918 3450 si
2951 3396 3125 3462 labor,
3155 3399 3237 3452 vel
3266 3398 3435 3454 fesuts
3461 3401 3596 3466 dies,
3646 3402 3729 3456 vel
3753 3403 3938 3473 hospi-

2348 3490 2414 3543 tis
2468 3487 2729 3542 adventus
2778 3488 2863 3556 pia
2906 3489 3146 3556 precatio
3200 3490 3575 3557 cxagilavcrit,
3636 3494 3744 3546 vini
3794 3497 3945 3563 potio

2347 3582 2590 3649 augendi
2639 3590 2739 3636 est.
2791 3580 2857 3633 Et
2900 3582 2947 3635 si
2995 3581 3205 3635 duabus
3231 3582 3440 3637 vicibus
3476 3585 3821 3641 reficiendum
3851 3588 3945 3654 sit,

2348 3683 2545 3742 praeter
2571 3672 2675 3724 vini
2705 3672 2980 3739 potionem
3026 3672 3214 3726 similis
3261 3673 3443 3742 regula
3471 3684 3736 3741 servetur,
3771 3676 3811 3730 F
3817 3679 3947 3733 estis

2348 3780 2480 3819 vero
2512 3765 2723 3831 diebus,
2758 3779 2857 3834 pro
2893 3766 3195 3819 reverentia
3226 3781 3395 3821 sacra:
3423 3768 3800 3838 solemnitatis,
3828 3773 3950 3843 plu-

2352 3860 2501 3913 ribus
2543 3859 2693 3923 ciLis,
2727 3856 2776 3910 id
2805 3866 2906 3922 est,
2940 3858 3106 3912 ternis
3137 3859 3221 3912 vel
3261 3860 3535 3928 quaternis
3568 3861 3783 3917 ferculis
3822 3871 3949 3919 sunt

2351 3965 2582 4020 corpora
2626 3948 2915 4003 reficienda
2952 3969 2962 4002 :
2999 3950 3077 4003 sic
3110 3958 3311 4013 tamen,
3365 3961 3425 4004 ut
3464 3952 3511 4006 si
3545 3953 3693 4021 plura
3720 3965 3844 4008 sunt
3871 3956 3949 4010 ci-

2352 4042 2503 4096 baria
2536 4056 2783 4107 numero,
2832 4040 2938 4093 sint
2973 4040 3213 4105 minora;
3268 4051 3323 4095 ut
3364 4059 3592 4111 corpora
3640 4047 3949 4101 necessario

2350 4133 2477 4187 cibo
2526 4132 2854 4195 reficiantur,
2911 4149 3017 4186 nou
3070 4132 3233 4186 nimia
3271 4135 3555 4190 saturitate
3600 4134 3945 4191 damnentur.

2354 4227 2619 4281 Sedentes
2648 4241 2776 4279 vero
2807 4225 2875 4278 ad
2902 4241 3140 4279 mensam
3170 4241 3387 4279 sorores
3420 4227 3563 4280 nulla
3606 4228 3829 4283 alteram
3855 4246 3948 4285 (ες)-

2358 4318 2668 4373 medentem
2698 4316 3081 4371 sublimatioue
3121 4318 3400 4371 oculorum
3432 4319 3705 4387 respiciat,
3751 4336 3850 4376 nec
3881 4321 3957 4374 al-

2358 4412 2524 4465 terius
2552 4426 2858 4464 mensuram
2888 4410 2991 4464 cibi
3022 4410 3105 4465 vel
3133 4418 3290 4477 potus
3313 4410 3492 4479 iniqua
3516 4412 3953 4468 consideratione

2359 4504 2655 4557 intueatur.
2696 4501 2920 4565 Quando
2970 4500 3021 4553 in
3066 4515 3307 4553 mensam
3340 4501 3491 4554 cibus
3521 4502 3951 4571 administratur,

2358 4594 2508 4648 nulla
2540 4594 2688 4663 prius
2715 4594 2894 4648 cibum
2926 4592 3193 4657 comedat,
3240 4608 3400 4659 quam
3432 4594 3641 4659 signum
3685 4594 3749 4647 ad
3781 4596 3951 4650 bene-

662 4696 710 4749 in
742 4695 995 4750 cordibus
1018 4691 1127 4747 suis
1156 4693 1259 4745 cibi
1291 4706 1355 4747 ac
1381 4700 1539 4760 potus
1568 4691 1754 4747 solidae
1784 4706 2047 4746 mensurae
2083 4692 2250 4759 largi—
2281 4664 2335 4723 D
2358 4685 2647 4741 dicendum
2680 4686 2912 4739 insonet.
2966 4683 3247 4738 Abbatissa
3292 4699 3416 4737 vero
3448 4684 3652 4752 vigilet,
3686 4694 3741 4738 ut
3770 4686 3954 4742 confe-

664 4786 804 4839 litine
852 4788 1116 4837 fruantur.
1165 4780 1412 4835 Portaria
1455 4797 1586 4837 vero
1626 4796 1745 4850 quae
1780 4798 1878 4851 pro
1927 4784 2249 4840 necessariis

662 4877 835 4931 causis
866 4876 1161 4945 alloquium
1190 4875 1481 4944 expetierit
1508 4875 1815 4941 abbatissaa,
1844 4875 1991 4944 loqui
2021 4876 2246 4944 permit-

667 4974 843 5020 tatur:
885 4967 1013 5033 quia
1058 4965 1285 5019 forsitan
1336 4964 1456 5019 talis
1501 4965 1878 5033 supervenerit
1922 4966 2241 5032 necessitas,

665 5072 779 5126 qua:
806 5072 1017 5111 moram
1045 5056 1246 5111 habere
1276 5072 1383 5111 non
1414 5055 1630 5111 debeat.
1670 5056 1811 5111 Ante
1838 5072 2081 5111 mensam
2113 5073 2247 5114 vero

666 5162 876 5219 semper
906 5148 1203 5217 capitulum
1232 5148 1432 5216 regulae
1465 5162 1630 5202 unum
1660 5156 1755 5203 aut
1791 5149 2035 5219 amplius,
2071 5151 2116 5205 si
2146 5152 2245 5207 ab-

667 5239 875 5296 batissa:
901 5240 1188 5311 placuerit,
1218 5241 1425 5309 legatur
1455 5260 1467 5295 :
1501 5250 1562 5295 ut
1588 5257 1712 5296 cum
1735 5243 1886 5298 cibus
1908 5258 2129 5299 carnem
2160 5260 2249 5300 re-

670 5332 793 5398 ficit,
819 5334 981 5389 lectio
1001 5334 1233 5387 animam
1264 5335 1441 5388 satiet.
1475 5334 1599 5389 llam
1626 5335 1806 5390 omnia
1832 5352 1952 5391 cum
1983 5340 2250 5408 gravitate

670 5426 828 5480 animi
857 5436 915 5483 et
942 5426 1310 5481 moderatione
1332 5427 1438 5482 leni
1461 5422 1611 5492 fiant,
1642 5437 1908 5497 quatenus
1938 5430 1991 5485 in
2020 5432 2100 5485 bis
2129 5448 2255 5487 om-

670 5517 823 5575 nibus
869 5518 1131 5573 Dominus
1159 5518 1489 5575 delectetur;
1512 5519 1685 5575 Festis
1713 5536 1841 5577 vero
1884 5522 2096 5578 Domini
2135 5525 2249 5581 die-

671 5611 787 5677 bus,
817 5611 871 5667 id
898 5619 1003 5678 est,
1038 5609 1324 5668 Nativitate
1364 5613 1597 5681 Domini,
1630 5616 1712 5670 vel
1741 5614 1960 5672 Pascha:
1993 5618 2256 5675 solemni-

675 5710 801 5771 tate,
850 5721 913 5759 ac
962 5703 1337 5773 Theophanis,
1386 5706 1470 5760 vel
1520 5705 1887 5776 l’entecostes,
1932 5710 2016 5765 vel
2063 5711 2107 5766 si
2139 5727 2248 5781 qua

674 5806 793 5851 sunt
819 5798 922 5853 alia
947 5796 1166 5853 Domini
1194 5797 1277 5851 vel
1306 5808 1616 5853 sanctorum
1652 5811 1946 5873 martyrum
1976 5803 2249 5874 praecipua

675 5900 819 5945 sacra
837 5888 1185 5956 celebranda,
1208 5887 1251 5945 si
1274 5905 1341 5946 ex
1364 5893 1626 5963 permisso
1654 5894 1943 5952 abbatissae
1969 5896 2150 5965 fuerit,
2178 5899 2249 5954 ad

2364 4781 2487 4835 stim
2519 4794 2639 4832 cum
2681 4777 2832 4832 cibus
2872 4776 3207 4830 ministratus
3251 4775 3431 4837 fuerit,
3478 4777 3687 4844 signum
3732 4788 3956 4847 tangere

2369 4878 2652 4938 procuret;
2686 4877 2739 4923 et
2761 4884 2949 4922 omnes
2977 4884 3096 4921 cum
3128 4869 3337 4935 signum
3369 4868 3655 4931 audierint,
3686 4884 3788 4923 una
3817 4886 3951 4925 voce

2365 4962 2798 5018 benedictionem
2852 4968 3083 5029 rogent,
3151 4975 3378 5028 quarum
3447 4976 3635 5015 vocem
3680 4961 3953 5018 abbatissa

2364 5059 2720 5127 subsequatur
2764 5055 2995 5109 dicens:
3049 5052 3298 5106 Dominus
3348 5052 3588 5122 dignetur
3634 5052 3953 5107 benedicere.

2368 5149 2483 5203 Hoc
2511 5149 2578 5202 ad
2610 5147 2788 5202 omnia
2813 5146 3037 5207 fercula,
3072 5145 3151 5197 vel
3193 5159 3472 5212 pomorum
3504 5160 3566 5197 ac
3590 5152 3748 5211 potus
3781 5145 3955 5198 admi-

2368 5241 2743 5297 nistrationem
2782 5236 3176 5294 observandum
3223 5245 3323 5292 est.
3379 5235 3509 5288 Illud
3559 5236 3827 5305 prmcipue
3857 5234 3957 5291 de.

2366 5335 2661 5397 cernimus,
2692 5330 2923 5385 utnulla
2967 5328 3120 5381 alteri
3167 5328 3293 5380 dare
3320 5342 3385 5381 ex
3420 5343 3667 5381 mensura
3709 5341 3829 5392 sua,
3873 5326 3959 5381 vel

2369 5429 2619 5496 accipere
2644 5427 2712 5479 ab
2741 5426 2907 5477 altera
2933 5431 3242 5492 praesumat,
3270 5430 3465 5489 pra-fer
3494 5421 3844 5485 abbatissam,
3872 5419 3960 5475 vel

2372 5520 2716 5590 prtepositam
2764 5515 2847 5570 cui
2898 5514 2965 5567 ab
3013 5512 3281 5567 abbatissa
3333 5513 3679 5568 commissum
3731 5521 3832 5568 est.
3900 5510 3959 5566 Si

2370 5632 2503 5671 vero
2554 5622 2646 5667 aut
2692 5610 2951 5671 novitate,
2986 5615 3077 5659 aut
3121 5606 3420 5658 temeritate
3465 5605 3645 5672 aliqua
3674 5604 3807 5669 haec,
3841 5618 3963 5673 qua:

2365 5722 2534 5778 supra
2564 5704 2814 5767 diximus,
2849 5698 3011 5753 fuerit
3053 5707 3410 5763 transgressa,
3439 5694 3721 5762 disciplina
3764 5693 3962 5765 regulae

2368 5798 2673 5865 corrigatur
2699 5809 2797 5867 pro
2826 5794 3166 5864 praesumpta:
3188 5788 3505 5843 temeritatis
3534 5787 3777 5844 audacia.
