5174 6604
1845 465 1985 523 10ῦὸ

2442 578 2667 634 CAPUT
2708 578 2798 634 XI.

1896 692 2092 759 Quibus
2136 690 2525 762 congruentibus
2572 693 2714 747 horis
2761 695 2955 763 hyeme,
3012 693 3089 747 vel
3137 696 3333 749 wstatis

2249 776 2468 831 tempore
2489 804 2503 830 ,
2532 765 2598 816 sit
2629 766 2981 832 reﬁciendum.

1893 900 1974 953 Ah
2002 898 2232 953 adventu
2279 900 2651 953 sacratissima:
2692 900 3067 965 soleniuitatis,
3110 902 3160 956 id
3208 913 3309 967 est,
3338 902 3405 957 ab

1824 993 2044 1048 introittt
2089 992 2258 1046 sancti
2293 989 2529 1055 Pascha),
2563 1007 2666 1057 quo
2699 991 3025 1045 immaculati
3060 993 3191 1061 Agni
3225 1010 3403 1048 resur-

1823 1084 1989 1138 rectio
2032 1081 2357 1147 celebratur,
2400 1098 2565 1150 usque
2593 1082 2661 1135 ad
2691 1092 2957 1137 sacratam
3003 1084 3402 1137 solemnitatem

1829 1171 2191 1238 Pentecostes,
2239 1189 2343 1243 qua
2375 1173 2632 1241 apostolis
2661 1173 2890 1243 Spiritus
2915 1182 3136 1228 sanctus
3179 1175 3277 1227 fuit
3302 1174 3404 1227 dif-

1832 1266 1988 1333 :‘usus,
2018 1266 2067 1321 id
2095 1276 2199 1331 est,
2228 1265 2611 1334 quinquaginta
2638 1265 2844 1319 diermn
2880 1266 3075 1333 Spatio,
3105 1267 3169 1320 ad
3195 1274 3401 1319 sextam

1822 1360 2008 1412 horam
2040 1369 2122 1415 est
2151 1358 2497 1412 relieiendum
2528 1376 2540 1412 :
2575 1359 2819 1411 similiter
2848 1367 2903 1413 et
2923 1360 3134 1427 vesperi
3165 1360 3266 1413 erit
3293 1374 3402 1413 cte-

1822 1449 2080 1516 nandum,
2126 1451 2250 1518 quia
2282 1451 2420 1505 sacri
2453 1453 2708 1518 temporis
2740 1451 2874 1504 ratio
2908 1452 3089 1519 exigit,
3125 1460 3180 1503 Ill
3227 1452 3403 1507 nullus

1821 1558 1919 1596 nec
1977 1542 2028 1595 in
2075 1540 2312 1596 Ecclesia
2364 1543 2571 1609 positus
2620 1542 2891 1595 tristitiam
2937 1542 3290 1595 demonstret.
3358 1545 3401 1596 A

1820 1632 2139 1690 Pentecoste
2188 1651 2337 1700 vero,
2390 1637 2431 1688 si
2485 1636 2661 1701 gravis
2704 1634 2856 1689 labor
2905 1651 3011 1690 non
3061 1637 3257 1701 exigat,
3311 1646 3403 1691 aut

1821 1728 2091 1796 hospitum
2117 1744 2221 1780 nou
2244 1734 2402 1793 cogat
2432 1726 2716 1793 adventus,
2742 1743 2911 1794 usque
2946 1728 3013 1781 ad
3045 1728 3403 1797 Quadragesi—

1821 1833 1919 1871 tua:
1949 1817 2368 1883 inchoationem,
2395 1817 2460 1870 ad
2486 1833 2701 1881 nonam,
2730 1818 2779 1871 id
2803 1827 2905 1881 est,
2930 1820 3097 1874 semel
3128 1821 3400 1884 relic-ient;

1819 1910 2064 1977 exceptis
2111 1923 2420 1975 magnarum
2470 1907 2869 1962 solcumitatum
2906 1911 3206 1970 eventibus,
3238 1922 3330 1964 aut
3357 1912 3399 1965 si

1821 2003 1972 2056 labor
2002 2001 2216 2071 grandis
2257 2001 2515 2068 exegerit,
2562 2009 2619 2054 ut
2658 2001 2865 2056 duabus
2894 2004 3136 2057 reficiant
3176 2005 3399 2058 vicibus.

1820 2094 1900 2146 Ab
1939 2092 2281 2147 inchoatione
2306 2093 2737 2159 Quadragesimze
2786 2108 2954 2161 usque
3002 2096 3067 2147 ad
3114 2097 3406 2148 sacratissi-

1819 2199 1961 2237 mani
1989 2184 2385 2238 solemnitatem
2431 2184 2668 2249 Paschar,
2709 2185 2950 2255 exceptis
2980 2184 3264 2241 Dominicis
3295 2187 3406 2241 die-

1821 2264 1939 2338 h'us,
1970 2276 2039 2330 ad
2078 2293 2357 2345 vesperum
2410 2277 2758 2331 reﬁciendum
2807 2285 2928 2339 est;
2970 2287 3029 2331 ut
3070 2287 3192 2332 ante
3232 2280 3407 2333 noctis

1822 2368 2222 2422 inchoationem
2251 2383 2372 2421 cum
2404 2369 2639 2422 statione
2669 2368 2803 2421 lucis
2834 2369 3140 2423 rcl'ectionis
3183 2369 3404 2437 implea-

1823 2467 1908 2513 tur
1940 2459 2094 2515 hora.
2122 2458 2350 2523 Quando
2382 2475 2510 2512 vero
2536 2457 3013 2511 administrandum
3044 2470 3143 2522 est,
3188 2460 3407 2525 singula:

1822 2570 1886 2608 ex
1919 2554 2139 2622 singulis
2167 2554 2364 2607 mensis
2390 2561 2689 2619 assurgunt,
2716 2561 2770 2605 et
2791 2553 2866 2607 sic
2889 2552 2956 2606 ad
2988 2554 3230 2622 coquinze
3264 2558 3406 2608 fenc-

1819 2656 1983 2699 stram
2016 2661 2135 2700 cum
2165 2646 2461 2699 sobrietate
2493 2647 2729 2708 venient,
2774 2654 2832 2698 ut
2873 2646 3075 2699 nullum
3126 2646 3405 2714 strepitum

1823 2738 2038 2805 pedum,
2067 2738 2151 2791 vel
2176 2754 2452 2803 vasorum,
2487 2737 2567 2791 vel
2600 2736 2886 2804 cujuslibet
2915 2738 3034 2792 soni
3064 2741 3319 2801 excitent,
3352 2748 3407 2793 et

1820 2829 2047 2897 primum
2086 2829 2151 2883 ad
2196 2831 2467 2883 seniorum
2513 2841 2753 2884 mensam
2809 2829 2969 2883 simul
3018 2845 3207 2883 omnes
3250 2828 3406 2883 mini-

1826 2928 2019 2987 strent,
2051 2921 2128 2975 sic
2175 2922 2387 2974 demtuu
2438 2922 2502 2974 ad
2534 2938 2684 2973 suam
2732 2937 2971 2976 mensam
3017 2937 3120 2989 qua
3169 2923 3406 2976 sederint

1819 3011 2067 3064 deferant
2110 3010 2331 3065 fercula.
2385 3009 2675 3079 l’ricposita
2717 3026 2913 3064 meuszc
2957 3012 3235 3078 gubernet,
3270 3027 3409 3079 quo-

1821 3104 1983 3156 modo
2031 3118 2096 3156 ex
2135 3102 2248 3171 ipsa
2297 3118 2479 3156 mensa
2531 3106 2811 3157 mutuatim
2856 3103 3078 3167 vicibus,
3124 3102 3210 3156 vel
3249 3111 3407 3157 (CL'Ilc

1816 3194 2062 3265 juniores
2090 3195 2134 3248 si
2159 3194 2376 3255 fuerint,
2408 3192 2644 3248 debeant
2672 3194 2994 3248 ministrare.

2428 3371 2650 3428 CAPUT
2689 3369 2801 3425 XII.

1820 3483 2089 3551 Quomodo
2119 3485 2432 3554 quotidinnis
2478 3487 2652 3538 diebus
2687 3485 2923 3540 manibus
2952 3487 3018 3539 sit
3048 3487 3408 3553 operandam?

1893 3618 2235 3689 Operaudum
2262 3635 2492 3688 namque
2508 3628 2590 3673 est
2615 3620 2760 3675 omni
2787 3628 3051 3690 tempore,
3078 3629 3273 3689 prieter
3294 3620 3409 3674 dies

1821 3711 1988 3767 festos
2014 3730 2027 3776 ;
2056 3718 2113 3765 ut
2135 3711 2397 3765 habeatur
2421 3711 2502 3765 vel
2537 3711 2763 3779 propria:
2791 3712 3127 3766 necessitatis
3159 3726 3305 3775 usus,
3322 3709 3408 3764 vel

1821 3805 2005 3869 egenis
2046 3805 2187 3857 unde
2225 3804 2382 3857 detur
2418 3803 2749 3871 sulfragium.
2795 3804 2885 3858 Sic
2914 3815 3091 3858 tamen
3119 3805 3268 3872 operi
3296 3822 3410 3857 ma-

1766 3914 1771 3923 '
1822 3909 1985 3948 unum
2018 3894 2369 3948 insistendum
2402 3903 2504 3959 est,
2528 3902 2585 3946 ut
2612 3894 2857 3948 lectionis
2886 3894 3086 3947 fructus
3115 3913 3221 3948 non
3246 3896 3407 3949 omit-

1824 3994 1985 4047 tatur,
2035 3985 2130 4038 sed
2175 3994 2376 4039 statuto
2405 3995 2648 4054 tempore
2676 3986 2825 4053 operi
2868 3986 3028 4039 detur
3068 3986 3315 4052 intentio,
3347 4001 3413 4043 ac

1822 4078 2079 4138 deinceps
2110 4078 2325 4131 lectioni
2356 4079 2546 4130 divina:
2591 4087 2823 4131 vacetur.
2872 4081 3127 4147 t‘peratio
3157 4096 3411 4135 manuum

1824 4169 1891 4220 ah
1918 4169 2048 4221 hora
2074 4169 2311 4222 secunda
2333 4179 2509 4221 sumat
2530 4170 2828 4234 exordium,
2855 4178 2908 4223 ct
2930 4174 2982 4223 in
3005 4171 3191 4224 horam
3216 4187 3411 4225 nonam

1832 4258 1989 4311 tinem
2022 4260 2290 4328 accipiat:
2326 4258 2392 4311 ah
2442 4259 2573 4312 hora
2600 4275 2728 4313 vero
2770 4276 2911 4314 nona
2960 4260 3121 4314 lectio
3157 4260 3409 4325 usitetur,

1828 4353 1874 4404 si
1908 4352 2197 4420 aliquando
2230 4352 2503 4421 proprium
2531 4352 2745 4420 aliquod
2790 4369 2925 4421 opus
2974 4354 3276 4407 faciendum
3318 4362 3415 4407 aut

1826 4444 2132 4497 vestimenti
2157 4443 2448 4497 consuendi
2472 4444 2553 4496 vel
2578 4444 2811 4512 lavandi,
2840 4454 2931 4497 aut
2956 4445 3234 4514 quodlibet
3264 4446 3410 4498 aliud

1825 4549 1979 4602 opus,
2013 4550 2108 4603 per
2136 4533 2419 4588 abbatissa:
2458 4535 2541 4589 vel
2586 4537 2883 4605 pncpositze
2923 4547 3283 4590 commeatum
3326 4540 3410 4590 fa-

1826 4632 1951 4687 ciet.
1986 4632 2048 4684 Et
2076 4632 2120 4684 si
2149 4630 2285 4684 forte
2310 4646 2447 4699 Opus
2477 4630 2665 4685 fortius
2702 4633 3093 4699 supervenerit,
3129 4641 3187 4683 nt
3228 4642 3406 4685 matu-

1828 4725 1938 4778 rius
1964 4723 2223 4791 arripiant
2246 4723 2479 4792 operari,
2512 4723 2596 4775 vel
2624 4734 2841 4792 propter
2868 4723 3161 4778 ferventem
3192 4733 3407 4789 iustum,

1830 4820 1932 4873 hoc
1960 4818 2243 4872 abbatissa:
2266 4818 2485 4871 arbitrio
2516 4817 2963 4872 considerandum
2995 4828 3095 4881 est,
3135 4827 3190 4870 ut
3215 4834 3403 4872 secun-

1828 4910 1953 4962 dum
1975 4908 2118 4979 quod
2141 4919 2350 4977 tempus
2372 4909 2554 4975 exigit,
2581 4918 2672 4962 aut
2693 4909 2929 4963 fortioris
2953 4909 3151 4963 laboris
3173 4910 3405 4979 pondus,

1831 4998 1914 5053 vel
1964 4998 2030 5053 ad
2071 5008 2299 5065 sextam,
2352 5006 2410 5052 ut
2444 4999 2586 5065 juste
2627 4998 2968 5065 jndicaverit,
3022 5001 3088 5051 ah
3135 5016 3299 5067 opere
3341 5003 3412 5055 sit

1833 5089 2231 5155 quiesi'endum,
2258 5099 2313 5142 ct
2339 5098 2463 5157 post
2488 5090 2720 5156 quietem
2746 5091 2826 5142 vel
2860 5090 3206 5143 refectionem
3244 5106 3409 5157 usque

1835 5186 1899 5238 ad
1928 5199 2206 5252 vesperum
2251 5185 2322 5239 sit
2368 5185 2717 5253 operandam.
2753 5184 2882 5237 lllud
2925 5185 3063 5237 inter
3108 5186 3285 5239 omnia
3328 5185 3413 5237 vel

1842 5276 2099 5331 abbatissa
2132 5276 2176 5329 si
2207 5290 2299 5343 pra
2316 5291 2437 5329 sens
2480 5275 2639 5327 fuerit
2684 5285 2953 5337 coerceat,
2993 5283 3088 5327 aut
3130 5277 3413 5341 praeposita

1849 5380 1952 5433 qua:
1979 5366 2095 5433 ejus
2125 5366 2242 5419 vice
2270 5367 2606 5433 relinquitur,
2657 5375 2712 5418 ut
2742 5367 2940 5418 nullam
2972 5368 3185 5427 penitus
3226 5381 3411 5419 lltttlla-

1838 5456 1992 5509 chain
2043 5455 2231 5509 fabulis
2279 5457 2463 5509 otiosis
2505 5464 2698 5525 printer
2728 5461 3083 5528 netessariam
3116 5457 3414 5525 interroga-

1837 5547 2037 5599 tionem
2059 5560 2251 5599 vacare
2278 5548 2551 5615 permittat
2574 5564 2587 5605 ;
2620 5545 2713 5598 sed
2745 5546 2795 5599 in
2824 5547 2939 5611 ipso
2966 5559 3131 5614 opere
3158 5562 3411 5602 manuum

1839 5637 2019 5705 operis
2049 5636 2141 5689 Dei
2169 5636 2472 5690 recordatio
2502 5644 2745 5691 teneatur
2772 5656 2782 5689 :
2816 5638 2865 5689 id
2896 5644 2998 5702 est,
3024 5646 3086 5692 ut
3113 5638 3235 5691 dum
3262 5649 3411 5693 exte—

1843 5730 1953 5783 rius
1976 5742 2071 5797 per
2092 5730 2439 5797 temporalem
2469 5730 2923 5798 opportunitatem
2948 5747 3139 5786 manus
3162 5734 3415 5800 operibus

1843 5827 2191 5887 occupantur,
2241 5820 2462 5872 interius
2502 5835 2651 5873 mens
2688 5834 2807 5873 cum
2851 5820 3038 5885 litigurc
3066 5822 3416 5879 meditatione

1847 5910 2170 5978 psalmorum
2211 5927 2271 5965 ac
2301 5912 2684 5981 scripturarum
2724 5912 3096 5967 recordatione
3121 5913 3411 5970 dulcescat.

3160 464 3271 519 ιω
3286 462 3453 519 [ΞΙΜ
3466 462 3506 515 .‘tl
3551 464 3668 518 Pft'i
3688 464 3794 519 ιιιε

3427 580 3479 638 Α
3505 576 3582 631 Ac
3604 578 3646 631 si
3682 577 3931 632 violamx
3970 591 4128 647 oujus
4168 580 4367 649 regule
4395 579 4728 637 fabulatione
4765 581 5088 655 delectetur,

4959 473 5089 531 1064

3510 666 3707 722 silentii
3737 682 3895 737 paena
3923 669 4233 739 castigetur.
4261 671 4432 727 Focos
4465 686 4595 727 vero
4620 673 4675 727 in
4698 672 4892 729 schola
4916 681 5086 747 poeni-

3511 767 3708 825 tentes,
3741 760 3783 814 si
3816 759 4032 827 fuerint,
4058 763 4195 817 binae
4214 771 4270 816 et
4294 763 4432 818 bime
4474 778 4570 833 per
4596 764 4977 823 hebdomadas
5012 768 5091 823 fa-

3509 852 3671 906 cient.
3722 852 3979 906 Similiter
4025 852 4093 906 ad
4140 860 4301 922 caput
4347 868 4592 908 sororum
4651 852 4946 910 lavandum
5000 870 5090 926 per

3507 942 3713 1012 singula
3736 942 3977 1007 sabbata,
4004 942 4090 997 vel
4112 943 4425 999 balnearum
4450 961 4575 1000 usus
4594 960 4694 1016 per
4716 946 4883 1001 festas
4897 948 5091 1004 solem.

3507 1039 3703 1093 nitates
3734 1049 4055 1109 prmparent,
4087 1050 4182 1095 aut
4210 1043 4252 1095 si
4276 1051 4399 1097 sunt
4426 1042 4529 1096 alia
4551 1051 4795 1098 extrema
4824 1041 5087 1108 facienda,

3507 1130 3833 1198 pumitcutes
3858 1130 4051 1183 facient
4077 1149 4088 1182 :
4116 1140 4173 1184 ut
4200 1133 4324 1187 dum
4353 1143 4532 1188 mente
4570 1134 4755 1188 humili
4783 1144 4839 1189 et
4858 1135 5085 1190 contrito

3507 1219 3668 1274 corde
3692 1221 3805 1275 [nec
3846 1232 4071 1292 propter
4095 1223 4345 1277 timorem
4371 1225 4578 1280 Domini
4602 1225 4827 1293 faciunt,
4866 1227 4937 1281 ab
4971 1241 5087 1280 om-

3507 1315 3797 1380 nipotentis
3849 1314 3942 1369 Dei
3982 1315 4346 1371 misericordia
4380 1318 4609 1372 celerius
4644 1333 4675 1373 a
4724 1318 4837 1373 suis
4880 1316 5090 1373 delictis

3510 1407 3771 1460 laventur.
3799 1407 4023 1470 Quando
4064 1411 4129 1461 ad
4162 1425 4325 1478 opera
4363 1411 4592 1464 cundum
4633 1419 4733 1476 est,
4769 1411 4907 1464 istud
4946 1410 5091 1480 capi-

3418 1533 3427 1539 .
3508 1499 3676 1551 tultttn
3709 1500 3967 1566 psallatttr
3995 1518 4004 1551 :
4033 1500 4113 1554 Sit
4134 1503 4378 1569 splendor
4402 1501 4607 1556 Domini
4636 1499 4735 1555 Dei
4758 1503 4921 1554 nostri
4942 1517 5091 1570 super

3508 1605 3599 1641 nos
3624 1606 3639 1650 ;
3667 1597 3715 1641 et
3743 1607 3897 1656 opem
3924 1606 4167 1643 manuum
4198 1600 4491 1645 nostrarum
4514 1593 4678 1661 dirige
4709 1610 4860 1662 super
4890 1609 4986 1647 nos
5006 1608 5025 1656 ;
5044 1601 5093 1648 st

3507 1697 3632 1747 opus
3685 1697 3931 1733 manuum
4002 1693 4295 1736 nostrarum
4356 1684 4519 1751 dirige
4574 1685 4762 1750 (Paul.
4826 1688 5089 1753 Lxxxtx).

3509 1772 3733 1834 Qatattilt)
3766 1788 3893 1825 vero
3938 1772 4120 1825 linitur
4160 1789 4316 1841 opus,
4348 1773 4484 1828 istud
4507 1774 4718 1828 dicatur
4760 1775 5093 1844 capitulum:

3510 1862 3789 1915 Benedicnt
3820 1880 3909 1916 nos
3951 1862 4111 1929 Deus,
4162 1862 4301 1917 Deus
4348 1876 4543 1932 noster,
4591 1874 4639 1917 et
4690 1866 4956 1919 benedice:
5008 1883 5097 1920 nos

3437 1952 3481 2011 Β
3514 1954 3669 2019 Deus,
3696 1968 3743 2008 ct
3774 1968 4000 2009 metuunt
4026 1972 4140 2009 eum
4166 1972 4341 2010 omnes
4361 1958 4491 2026 lines
4530 1967 4680 2010 terra:
4705 1956 4876 2025 (Psul.
4923 1960 5095 2029 vat).

3515 2048 3772 2100 l’istrices
3799 2063 3930 2101 vero
3959 2049 4263 2101 alternatim
4296 2063 4390 2117 per
4437 2049 4580 2106 vices
4627 2064 4764 2118 opus
4812 2064 5099 2104 commune

3513 2138 3709 2191 iaciant
3747 2155 3755 2187 :
3789 2140 3863 2191 sic
3895 2147 4096 2198 tamen,
4130 2146 4189 2192 ut
4215 2138 4391 2193 minus
4415 2140 4584 2194 tribus
4610 2155 4714 2194 non
4742 2140 4853 2195 sint
4875 2150 5097 2210 propter

3512 2228 3765 2296 loquendi
3795 2231 4194 2284 necessitatem.
4228 2228 4293 2283 Et
4319 2230 4362 2284 si
4391 2244 4610 2286 necesse
4636 2230 4797 2286 fuerit
4817 2240 4877 2286 ut
4897 2232 5097 2286 ibidem

3512 2327 3787 2383 maneant,
3819 2321 3995 2372 minus
4023 2328 4259 2388 quatuor
4290 2336 4394 2375 non
4423 2321 4551 2384 sint,
4583 2329 4640 2376 et
4670 2337 4770 2376 una
4800 2337 4869 2376 ex
4897 2322 4980 2376 eis
5007 2335 5098 2378 se-

3511 2409 3629 2460 nior
3659 2409 3729 2460 sit
3755 2409 4065 2477 praeposita,
4114 2409 4268 2478 cujus
4298 2412 4540 2482 religioni
4572 2413 4845 2475 credatur,
4893 2427 5018 2481 qua
5041 2420 5100 2469 et

3512 2501 3761 2567 loquendi
3793 2500 4066 2553 licentiam
4111 2501 4328 2556 habeat.
4373 2502 4440 2557 Et
4482 2519 4676 2572 panem
4705 2519 4863 2573 quem
4893 2501 5099 2561 faciunt

3512 2607 3609 2661 per
3638 2592 3781 2646 vices
3814 2593 3997 2646 senior
4023 2608 4140 2661 qua:
4167 2608 4235 2647 ex
4271 2595 4349 2648 eis
4386 2604 4486 2660 est,
4519 2596 4752 2650 cellaria:
4792 2612 5096 2666 reprzcsen-

3512 2694 3618 2747 tet;
3684 2694 3737 2738 ut
3784 2686 3929 2739 omni
3954 2684 4197 2739 custodia
4231 2694 4355 2742 tota:
4386 2687 4437 2740 in
4469 2687 4617 2743 nullo
4646 2690 5096 2758 reprehensibiles

3510 2776 3865 2844 reperiantur.
3898 2776 4154 2830 Similiter
4188 2785 4241 2831 et
4268 2792 4385 2847 qua:
4413 2778 4464 2832 in
4486 2777 4853 2833 braxatorium
4874 2782 4945 2834 ad
4974 2795 5094 2834 cer-

3509 2870 3693 2923 visiam
3726 2869 4023 2923 faciendam
4055 2870 4494 2936 inhabitaverint,
4527 2886 4631 2925 una
4670 2887 4737 2926 ex
4784 2872 4863 2926 eis
4914 2873 5096 2929 senior

3508 2960 3579 3013 sit
3609 2960 3916 3029 prceposita,
3948 2974 4067 3027 qua:
4111 2961 4404 3014 secundum
4436 2961 4675 3028 regulam
4718 2960 4954 3030 pistricis
4977 2975 5092 3015 om-

3511 3054 3597 3107 nia
3618 3052 3907 3106 custodiat.
3938 3049 4095 3106 Cocze
4121 3066 4251 3105 vero
4273 3065 4368 3120 per
4390 3050 4757 3105 hebdomadas
4776 3050 5094 3121 coquinent,

3512 3153 3569 3198 ιιι
3620 3145 3671 3198 in
3724 3159 4049 3213 unaquaque
4098 3143 4430 3198 hebdomada
4479 3153 4587 3199 tres
4621 3147 4708 3198 vel
4750 3145 5004 3215 amplius,
5048 3148 5094 3203 si

3512 3250 3734 3290 necesse
3791 3232 3966 3299 luerit,
4022 3233 4093 3288 ad
4143 3233 4539 3304 coquinandum
4608 3233 4975 3305 deputentur:
5031 3251 5094 3291 ne

3438 3323 3485 3387 C
3516 3327 3799 3397 impositus
3850 3326 3969 3381 sine
4021 3324 4350 3381 discretione
4397 3325 4567 3393 labor,
4615 3327 4753 3381 unde
4791 3329 5094 3385 mercedem

3515 3418 3745 3474 mercari
3775 3418 3981 3479 debuit,
4011 3418 4136 3472 inde
4165 3417 4608 3473 murmurationis
4640 3417 4875 3473 fructum
4910 3435 5093 3489 repor-

3514 3519 3606 3564 tet.
3641 3509 4010 3578 lngredientes
4040 3517 4221 3562 autem
4256 3524 4355 3578 pro
4384 3523 4445 3562 se
4483 3508 4629 3563 orari
4660 3518 4857 3578 rogent
4886 3525 5093 3564 omnem

3511 3609 3709 3655 uelum
3741 3615 4013 3663 sororum,
4043 3607 4263 3653 orantes
4308 3598 4361 3651 iu
4402 3599 4649 3653 oratione
4676 3600 4865 3653 dicant
4896 3618 4911 3654 :
4940 3602 5090 3671 Adjuo

3514 3693 3699 3746 torium
3727 3702 3955 3745 nostrum
4003 3689 4057 3742 in
4084 3688 4289 3742 nomine
4318 3686 4549 3751 Domini,
4580 3690 4666 3758 qui
4697 3691 4822 3759 fecit
4847 3692 5029 3744 emtum
5054 3698 5095 3742 ει

3513 3796 3704 3836 terram
3728 3780 3902 3849 (Psal.
3937 3796 4147 3845 CXXlllt,
4179 3789 4234 3835 et
4258 3795 4272 3831 :
4309 3779 4512 3849 Adjura
4540 3798 4656 3847 nos,
4684 3780 4830 3835 Deus
4858 3785 5092 3836 salutaris

3514 3884 3686 3929 noster
3743 3871 3913 3943 (Psol.
3971 3870 4214 3941 uxvm).
4265 3870 4537 3927 Exeuntes
4567 3888 4695 3927 vero
4746 3873 4941 3929 lavent
4987 3892 5091 3930 om-

3516 3965 3661 4018 nium
3690 3976 3937 4016 sororum
3968 3961 4168 4031 pedes;
4198 3970 4253 4015 et
4276 3962 4455 4017 omnia
4486 3978 4612 4016 vasa
4643 3979 4768 4033 quae
4799 3964 4870 4019 ad
4918 3981 5092 4022 neces-

3514 4056 3715 4110 sarium
3746 4069 3900 4107 usuin
3949 4052 4275 4121 habuerunt,
4322 4053 4500 4107 lavata
4547 4057 4858 4124 praeposita:
4912 4072 5094 4126 reprzco

3515 4152 3746 4201 scatent.
3782 4144 4042 4198 Similiter
4066 4159 4165 4214 pro
4193 4158 4252 4199 se
4284 4144 4430 4197 orari
4471 4154 4683 4212 rogent,
4718 4154 4777 4199 et
4807 4146 4956 4203 hunc
4988 4163 5091 4201 ver-

3516 4252 3632 4290 sum
3664 4236 3715 4289 in
3747 4235 3992 4289 oratione
4021 4235 4202 4288 dicant
4233 4252 4245 4287 :
4274 4233 4528 4298 Quoniam
4554 4246 4625 4296 tu,
4670 4234 4921 4308 Domine,
4950 4240 5090 4310 adju-

3517 4331 3629 4383 viin
3659 4344 3759 4393 me,
3783 4341 3829 4381 et
3860 4326 4152 4381 consolatus
4178 4343 4232 4381 es
4273 4344 4354 4381 me
4376 4326 4543 4396 (Psat.
4595 4329 4848 4400 Lxxxut).
4884 4331 5092 4401 Propter

3518 4419 3753 4486 singulas
3780 4419 4133 4486 negligentias
4162 4426 4269 4471 tam
4298 4433 4444 4473 cocrc
4464 4434 4627 4488 quam
4657 4420 4901 4476 cellaria:
4920 4423 5089 4490 viginti

3518 4512 3755 4580 quinque
3778 4511 4074 4579 palmarum
4096 4511 4535 4579 percussiouihus
4562 4513 4903 4581 quotidianis
4923 4516 5091 4570 diebus

3520 4600 3891 4667 emendentur,
3928 4616 3996 4656 ne
4027 4600 4272 4655 minimas
4311 4601 4460 4670 parvi
4504 4602 4808 4671 pendentes
4838 4608 5019 4676 culpas
5045 4606 5088 4659 in

3438 4693 3490 4751 D
3517 4693 3809 4763 tttajOI‘iIJtts
3842 4695 4195 4762 procliviores
4225 4695 4584 4767 reperiantur.

4105 4829 4330 4886 CAPUT
4369 4830 4506 4888 Xl‘ll.

3830 4946 3905 4999 Dc
3932 4944 4232 4999 utensilibus
4259 4946 4333 4999 vel
4362 4944 4783 5015 supellectilibus.

3593 5079 3848 5134 Utensiha
3885 5078 4220 5146 monasterii,
4246 5087 4300 5135 et
4326 5093 4662 5148 quacunque
4689 5088 4818 5135 sunt
4855 5082 4922 5136 ad
4951 5096 5088 5139 eom-

3518 5186 3682 5228 mune
3712 5187 3848 5240 opus
3879 5170 4206 5237 necessaria,
4237 5170 4520 5225 abbatissa:
4561 5188 4689 5227 cura
4719 5173 5089 5243 disponantur.

3519 5263 3588 5316 Et
3627 5264 3761 5316 tales
3815 5263 3868 5316 in
3922 5261 4343 5330 congregatione
4382 5271 4711 5331 quaerantur,
4764 5280 4996 5333 quarum
5043 5272 5093 5321 et

3520 5356 3825 5411 sollicitudo
3866 5356 4032 5408 animi
4077 5353 4241 5423 viget,
4274 5360 4329 5408 et
4356 5354 4704 5408 conscientiae
4753 5353 4987 5412 ﬁrmius
5035 5358 5093 5412 sit

3522 5452 3782 5520 probata;
3834 5459 3890 5503 et
3919 5448 4047 5518 ipsis
4093 5462 4220 5502 cura
4258 5448 4644 5513 committatur,
4676 5456 4732 5502 ut
4760 5462 4887 5518 qua:
4913 5452 5097 5519 cuique

3522 5542 3823 5597 necessaria
3872 5540 4066 5594 fuerint
4114 5540 4516 5609 opportunitate
4564 5541 4817 5606 exigente
4861 5542 5095 5597 tribuan-

3524 5645 3629 5687 tur.
3680 5632 3742 5686 Et
3774 5634 3852 5687 sic
3897 5632 4011 5701 ipsa
4058 5632 4330 5696 utensilia,
4370 5646 4464 5686 seu
4514 5647 4860 5701 qumcunque
4910 5634 4993 5687 eis
5038 5632 5095 5685 ab

3524 5729 3792 5783 abbatissa
3831 5726 4115 5780 commissa
4171 5724 4384 5791 fuerint,
4435 5740 4557 5779 cum
4609 5724 4845 5779 sollicito
4904 5725 5095 5783 timor:

3523 5823 3698 5876 studio
3737 5822 4118 5885 guhernentur,
4162 5826 4220 5870 ut
4267 5817 4572 5873 mercedem
4618 5819 4936 5876 commissa;
4978 5839 5103 5876 cum

3526 5926 3802 5987 recipiant.
3853 5923 3901 5965 vt
3955 5929 4058 5966 non
4102 5911 4348 5975 iudicium
4391 5911 4752 5965 damnationis
4803 5928 5096 5977 incurrant,
