5174 6592
642 447 779 503 1065
1887 426 2162 483 REGUI..\

640 568 1032 630 anteponentes
1086 554 1216 609 illud
1265 552 1463 608 mentis
1512 548 1686 606 oculis
1730 563 1743 601 :

639 657 764 731 facit
793 670 919 726 opus
949 650 1047 707 Dei
1079 650 1397 720 negligenter
1426 644 1560 715 (Jcr.
1593 640 1799 711 XLVIII).

1238 778 1469 837 CAPUT
1512 777 1648 834 XIV.

911 898 1149 965 Qualiter
1182 898 1234 950 in
1266 895 1442 948 schola
1474 891 1691 946 debeant
1722 888 1967 943 dormire.

709 1041 850 1097 Cum
877 1050 1094 1106 semper
1122 1033 1390 1102 religiosa:
1419 1038 1475 1085 et
1504 1028 1617 1083 Deo
1648 1028 1843 1082 dicata:
1886 1026 2097 1088 animae,
2134 1033 2243 1076 tam

638 1134 851 1193 diurnis
879 1145 1043 1201 quam
1072 1125 1352 1182 nocturnis
1402 1122 1553 1177 horis
1584 1127 1829 1190 paratam
1860 1117 1972 1171 Deo
2002 1124 2243 1170 mentem

636 1233 975 1299 praaparant,
1028 1230 1087 1275 ut
1129 1216 1377 1289 quamvis
1404 1228 1603 1284 sopore
1636 1211 1879 1266 membra
1910 1218 2241 1279 torpescent,

640 1322 826 1374 anima
883 1318 1069 1385 vigore
1098 1312 1377 1369 Creatoris
1432 1312 1637 1364 intenta
1684 1304 1968 1376 prmconiis
2016 1301 2242 1374 pervigil

636 1419 883 1478 maneat,
914 1408 1069 1477 juxta
1100 1406 1233 1461 illud
1266 1422 1279 1458 :
1312 1402 1425 1472 Ego
1456 1402 1594 1455 enim
1617 1397 1841 1463 dormio,
1882 1404 1927 1448 et
1954 1410 2044 1448 cor
2074 1409 2242 1445 meum

634 1504 820 1575 uigilat
863 1501 1042 1572 (Cant.
1076 1498 1134 1566 ν)
1168 1515 1179 1549 :
1216 1506 1396 1551 tamen
1435 1493 1622 1549 solerti
1652 1487 1900 1546 custodia
1932 1485 2241 1557 specialiter

636 1595 987 1661 intuendum,
1046 1607 1113 1647 ne
1144 1606 1243 1660 per
1270 1586 1657 1657 negligentiam
1687 1596 1947 1639 materna:
1976 1581 2243 1635 sollicitu-

636 1689 785 1746 dinis
816 1686 1061 1756 subjecta
1090 1683 1333 1737 membra
1356 1680 1553 1734 damna
1584 1677 1805 1746 capiant
1835 1672 2240 1728 imbecillitatis.

637 1782 884 1839 Proinde
931 1792 1064 1848 ergo
1106 1773 1469 1835 decernimus,
1504 1777 1564 1823 ut
1590 1769 1731 1823 bina:
1766 1773 1820 1821 et
1856 1765 2019 1830 bime,
2051 1772 2245 1833 praeter

636 1877 889 1933 infirmas
910 1882 966 1927 et
992 1870 1264 1930 seniores,
1290 1866 1342 1919 in
1366 1860 1578 1918 lectulis
1606 1859 1899 1923 dormiant,
1931 1857 2009 1911 sic
2030 1866 2235 1920 tamen,

2225 426 2314 479 Al)
2356 424 2695 482 \‘lRGlNES.

1793 544 2106 599 Maledicta:
2149 542 2231 612 qui
2266 553 2311 606 Α
2340 557 2472 596 vero
2502 551 2661 598 aetate
2690 542 2847 599 fessis
2876 543 3000 598 talis
3028 544 3099 599 sit
3129 558 3280 609 cura,
3311 551 3579 613 quatenus
3602 542 3747 597 nulla
3779 543 3831 597 in
3863 544 3941 599 eis

3804 418 3942 475 1066

2342 636 2691 706 negligentia,
2746 637 2840 693 sed
2880 636 3031 707 juxta
3079 638 3362 694 arbitrium
3409 638 3729 706 abbatissa),
3781 649 3943 708 prout

2342 728 2648 796 cuicunque
2675 730 3042 785 necessarium
3089 745 3209 785 esse
3248 730 3466 796 viderit,
3502 730 3943 786 consideratione

2342 823 2433 893 pia
2481 838 2666 878 earnm
2720 824 3077 879 imbecillitati
3123 825 3474 879 concedatur.
3525 824 3643 878 Non
3673 826 3817 879 enim
3862 827 3944 880 hac

2343 924 2573 984 possunt
2602 916 2798 982 regula:
2828 917 3003 972 tenori
3042 914 3321 983 subjacerc
3345 957 3358 981 ,
3387 916 3481 972 sed
3519 916 3699 987 potius
3731 915 3948 987 pietatis

2345 1010 2402 1067 in
2432 1026 2526 1067 eas
2553 1010 2946 1081 impendendus
2970 1020 3055 1067 est
3082 1008 3328 1065 affectus.

2933 1164 3164 1220 CAPUT
3205 1164 3339 1219 XVI.

2345 1278 2427 1334 De
2463 1281 2665 1333 casibus
2703 1281 2789 1350 qui
2827 1296 2918 1349 per
2953 1281 3321 1360 negligentiam
3356 1290 3445 1335 aut
3487 1291 3665 1338 eventu
3703 1298 3946 1352 superve-

3050 1362 3200 1405 munt

2418 1482 2766 1552 Negligentia:
2794 1483 2967 1553 culpa,
3000 1500 3102 1552 qua
3138 1502 3234 1554 per
3260 1485 3460 1542 multos
3488 1500 3647 1542 casus
3678 1490 3735 1543 in
3763 1489 3950 1548 multis

2346 1571 2693 1642 delinquitur,
2727 1575 3012 1630 abbatissa:
3055 1577 3261 1645 judicio
3312 1580 3588 1648 pensanda
3618 1592 3718 1646 est,
3749 1581 3802 1636 id
3842 1594 3950 1653 est,

2347 1663 2400 1719 in
2430 1666 2744 1731 refectorio,
2776 1665 2827 1721 in
2854 1668 3112 1737 coquina,
3149 1670 3203 1723 in
3235 1670 3578 1737 dormitorio,
3606 1671 3691 1727 vel
3723 1673 3776 1727 in
3817 1688 3950 1742 qua-

2345 1754 2481 1810 libet
2509 1756 2740 1811 utilitate
2776 1765 2870 1811 aut
2900 1758 3141 1827 fregerit,
3173 1771 3267 1814 aut
3296 1761 3624 1831 perdiderit,
3659 1772 3754 1818 aut
3780 1766 3950 1833 negli-

2350 1855 2537 1917 genter
2580 1847 2865 1917 dimiserit,
2897 1852 3078 1904 omnia
3120 1855 3420 1909 secundum
3459 1871 3616 1910 suum
3669 1857 3948 1913 modulum

636 1977 699 2022 υι
731 1965 799 2019 ad
827 1962 1063 2019 invicem
1094 1974 1206 2014 non
1236 1957 1549 2025 loquantur,
1598 1964 1775 2020 neque
1804 1964 1864 2004 se
1891 1948 1961 2004 ad
1989 1948 2244 2013 invicem,
2277 1926 2326 1987 Β
2351 1948 2479 1994 sunt
2524 1939 2819 2006 pensanda,
2875 1949 2929 1994 et
2964 1943 3117 2010 juxta
3163 1952 3377 1999 mtatem
3424 1946 3509 2000 vel
3559 1955 3830 2014 teneram,
3863 1954 3949 2006 vel

633 2059 694 2114 id
725 2064 831 2120 est,
858 2055 997 2110 facie
1018 2053 1085 2107 ad
1109 2050 1299 2105 faciem
1325 2046 1649 2117 reSpiciant;
1682 2043 1777 2099 sed
1802 2057 1908 2097 una
1935 2050 2060 2111 post
2086 2041 2249 2094 aliam

633 2151 936 2221 quiescens
999 2144 1267 2207 dormiat;
1309 2155 1378 2195 ne
1426 2138 1680 2205 antiquus
1735 2135 1943 2197 hostis,
1995 2133 2088 2200 qui
2149 2146 2246 2186 ore

633 2243 837 2299 libenti
868 2242 1077 2294 animas
1102 2240 1391 2291 vulnerare
1420 2232 1591 2299 cupit,
1626 2226 1836 2298 aliquid
1866 2224 2070 2280 fraudis
2096 2228 2249 2287 jacu-

628 2336 807 2391 lando
862 2330 1165 2393 immittat;
1217 2336 1277 2381 ut
1333 2320 1697 2389 colloquendo
1746 2316 2000 2373 mortalia
2049 2315 2249 2370 excitet

630 2424 938 2483 desideria.
985 2424 1077 2476 Sic
1110 2430 1295 2474 tamen
1340 2416 1455 2478 fiat,
1510 2422 1572 2466 ut
1618 2425 1725 2465 una
1771 2424 1838 2463 ex
1879 2408 1986 2462 illis
2028 2422 2247 2476 semper

635 2518 839 2573 senior
865 2514 938 2570 sit
970 2529 985 2570 :
1009 2513 1077 2566 de
1106 2512 1261 2578 cujus
1287 2508 1553 2574 religione
1585 2516 1696 2556 non
1727 2499 2021 2554 dubitetur.
2044 2497 2247 2553 Juven-

629 2608 797 2664 culas
828 2620 962 2661 vero
996 2602 1311 2658 nullatenus
1350 2596 1512 2653 simul
1541 2594 1827 2663 quiescere
1846 2606 2153 2649 censemus,
2180 2604 2248 2644 ne

628 2698 693 2751 in
726 2696 917 2765 aliquo
956 2691 1137 2748 carnis
1169 2690 1496 2745 adversitate
1543 2694 1677 2739 mstu
1714 2681 1916 2738 delicto
1945 2682 2244 2750 rapiantur.

626 2790 851 2844 Omnes
876 2786 1043 2851 enim,
1076 2784 1121 2839 si
1152 2784 1269 2836 fieri
1298 2787 1500 2849 potest,
1526 2794 1630 2834 una
1659 2780 1852 2834 domus
1882 2776 1948 2829 ad
1970 2774 2245 2828 dormien-

625 2884 771 2938 dum
822 2880 1032 2949 capiat,
1080 2886 1277 2947 prieter
1329 2876 1373 2929 si
1414 2874 1701 2928 infirmitas
1756 2883 1849 2927 aut
1891 2870 2076 2926 senilis
2119 2878 2250 2919 mtas

624 2971 981 3044 poposcerit,
1020 2978 1110 3022 aut
1136 2967 1293 3035 culpa
1328 2967 1689 3032 damnaverit,
1734 2973 1829 3019 aut
1866 2962 2078 3017 novitas
2119 2974 2248 3026 pro-

624 3068 769 3121 bata
803 3078 914 3118 non
942 3060 1126 3127 fuerit,
1159 3068 1218 3112 ut
1262 3074 1316 3112 In
1348 3057 1485 3111 cella
1526 3063 1868 3126 separentur.
1903 3049 2102 3106 Omnes
2128 3063 2249 3103 ves-

622 3160 754 3212 tita:
787 3163 843 3210 ct
871 3156 1062 3209 cincta:
1082 3150 1379 3207 dormiant.
1411 3148 1471 3202 In
1498 3149 1687 3202 schola
1716 3161 1821 3215 qua
1854 3144 2121 3199 dormitur
2152 3156 2248 3210 per

624 3262 822 3307 totam
854 3256 1071 3304 ιιοοιειιι
1108 3244 1327 3300 lucerna
1353 3241 1562 3297 ardeat.
1590 3241 1672 3295 Ad
1713 3254 1930 3295 CUI‘SUIII
1958 3252 2089 3291 VCI'O
2127 3248 2248 3290 ευιιι

618 3340 1000 3398 festinatione
1030 3350 1334 3406 surgentes,
1378 3334 1591 3401 signum
1629 3331 1808 3386 crucis
1848 3330 2011 3384 fronti
2055 3326 2251 3381 infera-
2278 3304 2323 3366 (ἶ

620 3446 731 3491 tur
758 3452 773 3488 :
810 3430 1084 3499 simulque
1106 3427 1206 3482 sub
1229 3424 1445 3482 silentio
1474 3422 1683 3478 dicatur
1716 3439 1730 3475 :
1759 3419 1919 3486 Deus,
1954 3422 2006 3473 in
2037 3419 2246 3488 adjuto-

618 3533 784 3582 rium
835 3540 1003 3577 meum
1043 3520 1287 3583 intende;
1346 3515 1601 3582 Domine,
1650 3514 1719 3567 ad
1766 3514 2114 3582 adjuvandum
2168 3526 2251 3564 me

621 3617 863 3686 festina.

1251 3717 1483 3775 CAPUT
1521 3715 1635 3772 XV.

845 3845 923 3898 De
951 3859 1077 3901 cura
1110 3840 1492 3917 inﬁrmantium
1520 3837 1689 3913 qualis
1716 3850 1827 3897 esse
1855 3832 2071 3894 debeat?

710 3995 932 4048 [larum
974 4004 1103 4044 cura
1134 4002 1252 4056 qua:
1291 3982 1687 4039 infirmitatibus
1733 3979 2042 4036 detinentur
2079 3976 2251 4046 qualis

614 4101 778 4146 esse
806 4083 987 4146 debet,
1022 4078 1325 4149 proprietas
1354 4074 1591 4131 auctoris
1638 4072 1898 4136 declarat,
1929 4085 2050 4125 cum
2081 4068 2209 4123 dicit
2234 4085 2245 4120 :

617 4184 805 4244 11mm
819 4189 989 4244 Imque
1014 4173 1162 4225 vultis
1183 4179 1237 4222 ut
1260 4170 1397 4223 vobis
1423 4169 1619 4236 faciant
1642 4164 1893 4228 homines,
1919 4174 1967 4216 et
1989 4178 2072 4216 vos
2097 4162 2251 4229 facite

610 4276 711 4331 eis
760 4268 1003 4322 similiter
1053 4263 1263 4332 (.tlattlt.
1307 4261 1422 4330 vII).
1458 4258 1609 4313 Licet
1656 4258 1757 4312 hoc
1804 4256 1857 4309 in
1898 4254 2145 4309 omnibus
2185 4252 2253 4306 sit

614 4361 947 4432 agendum,
980 4354 1249 4427 principue
1275 4361 1456 4407 tamen
1486 4351 1539 4405 in
1571 4348 1953 4403 infirmantium
1980 4361 2109 4402 cura
2143 4346 2255 4399 hazc

612 4450 955 4529 praeceptio
979 4456 1063 4502 est
1083 4443 1416 4506 exhibenda;
1449 4443 1573 4509 quia
1605 4439 1862 4494 Dominus
1888 4438 2022 4492 dixit
2052 4455 2061 4488 :
2090 4434 2256 4504 Inﬁr-

612 4562 766 4603 mus
799 4543 898 4613 fui,
922 4550 971 4593 et
995 4537 1204 4592 venistis
1234 4536 1302 4588 ad
1332 4550 1412 4588 me
1434 4532 1649 4603 (Matth.
1685 4535 1834 4601 xxv).
1868 4529 1945 4583 lta
1970 4542 2099 4597 ergo
2126 4542 2255 4582 cura

610 4641 891 4703 inﬁrmis
935 4634 1221 4705 quierenda
1250 4641 1354 4699 est,
1386 4645 1450 4685 ac
1479 4630 1523 4685 si
1551 4628 1799 4699 praesenti
1829 4624 2047 4681 Christo
2088 4624 2253 4679 mini-

608 4747 836 4797 strare
859 4737 1096 4799 putetur.
1118 4724 1326 4779 Revera
1345 4722 1543 4776 etenim
1565 4732 1901 4791 quaecunque
1922 4732 2019 4787 pro
2042 4716 2258 4771 Christo

608 4827 889 4891 inﬁrmis
910 4836 1095 4879 curam
1112 4817 1393 4889 impendit,
1415 4815 1630 4870 Christo
1646 4815 1699 4868 in
1723 4811 1946 4867 inﬁrmis
1968 4810 2257 4865 ministrat.

607 4928 725 4981 Sit.
763 4929 950 4974 tamen
994 4911 1278 4967 abbatissa:
1321 4922 1450 4963 cura
1479 4916 1538 4961 ut
1586 4903 1881 4972 separatim
1926 4902 2118 4957 cellam
2162 4902 2259 4955 ha-

606 5019 827 5077 beant
858 5021 984 5063 cum
1014 5005 1265 5061 omnibus
1292 4996 1829 5070 opportunitatibus;
1860 5003 1919 5048 ut
1940 4992 2143 5047 nullum
2174 5006 2263 5045 ex-

609 5106 927 5165 teriorem
956 5096 1197 5151 laborem
1224 5092 1444 5155 sentiat,
1471 5103 1591 5159 qua:
1620 5087 1676 5142 in
1708 5086 1920 5141 infirma
1947 5098 2111 5139 carne
2148 5097 2262 5151 pm-

607 5210 790 5259 nam
824 5196 1026 5260 portat.
1058 5186 1127 5241 Et
1153 5185 1201 5241 si
1244 5192 1457 5253 tempus
1498 5178 1828 5250 poposcerit,
1868 5177 2006 5232 sicut
2049 5186 2260 5243 tempus

608 5280 1131 5359 Quadragesimac,
1163 5285 1221 5332 ut
1262 5284 1471 5331 caeteras
1497 5273 1664 5327 vitam
1695 5272 2000 5335 immutent,
2034 5268 2259 5323 infirmis

603 5389 886 5447 semper
928 5370 1227 5427 cedendum
1275 5375 1388 5426 est;
1415 5374 1472 5419 ut
1507 5376 1617 5420 tam
1651 5374 1810 5435 potus
1850 5377 2010 5431 quam
2058 5360 2259 5415 cibaria

606 5468 890 5533 uberius
917 5462 1308 5518 ministrentur.
1346 5456 1668 5512 Balnearum
1698 5469 1847 5518 usus,
1872 5453 1960 5507 vel
1990 5467 2119 5507 cura
2146 5466 2261 5506 me-

603 5560 829 5629 dendi
858 5569 1071 5613 summo
1111 5550 1433 5607 adhibeatur
1461 5547 1657 5604 studio.
1690 5546 1846 5602 Sanis
1875 5560 2026 5610 vero,
2069 5545 2258 5612 praeci-

602 5675 763 5737 pue
798 5665 934 5706 vero
977 5644 1299 5716 juvenculis,
1352 5641 1555 5695 tardius
1601 5640 1948 5696 concedatur.
1982 5638 2263 5693 Abbatissa

602 5729 835 5809 salem
867 5751 1053 5795 curam
1094 5734 1162 5788 de
1192 5732 1414 5786 infirmis
1442 5732 1656 5795 habeat,
1690 5730 1904 5800 qualem
1935 5744 1994 5784 se
2022 5729 2266 5799 recipere

605 5865 647 5903 ο
702 5834 962 5895 υοιῃίιιι)
1005 5835 1221 5897 sperat;
1257 5836 1312 5878 nt
1355 5841 1453 5879 nec
1496 5842 1525 5878 a
1566 5825 1803 5885 cellaria.
1834 5840 1931 5880 nec
1961 5840 1989 5877 τι
2022 5824 2263 5878 ministra

606 5938 908 5999 anguem
958 5920 1339 5987 negligentiae.
1397 5920 1619 5969 Inlirtw
1672 5918 1927 5971 sentiant.
1980 5918 2257 5987 flccrcpua

1038 6015 1307 6072 i'ATBUl..
1358 6007 1589 6068 LXXX
1612 6012 1635 6055 κ
1668 6008 1773 6068 ill.

2352 2031 2698 2098 senilem,vel
2730 2032 2977 2098 viridem,
3009 2044 3137 2089 sunt
3163 2038 3500 2108 corrigenda.
3535 2039 3668 2105 Quia
3699 2043 3743 2098 si
3768 2044 3822 2100 in
3848 2047 3951 2101 mi-

2352 2123 2512 2177 nimis
2541 2124 2878 2193 negligentia:
2906 2126 3095 2181 vitium
3122 2144 3229 2184 non
3254 2131 3559 2201 corrigitur,
3589 2148 3742 2189 mens
3763 2136 3948 2193 vitiata

2352 2219 2407 2272 in
2450 2217 2750 2273 minoribus
2792 2221 2982 2289 culpis,
3016 2221 3070 2274 in
3101 2222 3306 2291 majora
3349 2222 3613 2282 dilabitur
3639 2226 3857 2284 delicta.
3892 2229 3950 2284 Si

2351 2325 2526 2376 soror,
2560 2327 2680 2380 qua:
2726 2312 2784 2367 in
2827 2312 2911 2367 his
2950 2314 3163 2371 casibus
3192 2315 3420 2386 dilapsa,
3452 2318 3635 2373 statim
3662 2320 3950 2378 abbatissa:

2351 2405 2436 2458 vel
2465 2406 2762 2473 praepositio
2793 2421 2982 2476 puram
3011 2406 3219 2464 dederit
3260 2410 3692 2480 confessionem;
3717 2425 3772 2469 et
3799 2431 3949 2471 com-

2352 2504 2559 2565 pertum
2611 2496 2771 2551 fuerit
2797 2514 2903 2553 non
2942 2515 3054 2554 sua:
3102 2501 3398 2557 voluntatis
3427 2503 3611 2570 fuisse,
3645 2506 3791 2576 quod
3817 2523 3949 2564 casu

2354 2587 2583 2651 accidit;
2612 2587 2717 2644 hoc
2750 2591 3126 2647 tantummodo
3155 2593 3406 2661 sufficiat,
3439 2605 3497 2649 ut
3529 2596 3631 2652 hoc
3654 2598 3800 2666 quod
3823 2599 3951 2656 deli-

2352 2678 2470 2746 quit
2509 2693 2556 2732 ρ’
2593 2682 2939 2749 perpetravit,
2972 2682 3014 2736 si
3054 2684 3308 2751 possibile
3337 2684 3519 2755 fuerit,
3548 2703 3657 2743 non
3693 2689 3945 2760 deneget,

2352 2780 2409 2826 et
2435 2771 2687 2826 emendet
2714 2789 2835 2827 cum
2865 2774 3033 2828 veniae
3060 2775 3449 2832 satisfactione.
3474 2775 3533 2833 Si
3558 2793 3688 2836 vero
3711 2798 3817 2837 non
3848 2800 3947 2838 sua

2355 2865 2719 2929 confessione,
2753 2867 2849 2920 sed
2878 2866 3097 2922 alterius
3137 2868 3441 2937 proditione
3467 2872 3741 2938 cognitum
3764 2874 3946 2939 fuerit,

2353 2963 2516 3025 prout
2536 2956 2707 3024 culpa:
2728 2958 3039 3025 magnitudo
3061 2965 3391 3029 poposcerit,
3421 2964 3753 3031 paenitentia:
3773 2966 3952 3035 subja-

2353 3050 2541 3114 cebit;
2589 3051 2713 3117 quia
2764 3051 2979 3120 culpam
3023 3066 3121 3120 per
3160 3067 3349 3121 puram
3390 3052 3787 3113 confessionem
3837 3074 3945 3115 non

2353 3141 2741 3198 manifestavit.
2776 3142 2832 3197 Si
2860 3159 2989 3198 vero
3030 3158 3099 3198 ex
3127 3144 3425 3214 majoribus
3451 3146 3654 3217 culpis,
3684 3149 3830 3217 quod
3880 3151 3949 3205 ad

2358 3234 2552 3287 anima:
2606 3237 2865 3303 majorem
2917 3238 3148 3303 pertinet
3204 3235 3652 3305 damnationem,
3710 3239 3945 3309 aliquam

2355 3328 2707 3389 commiserit,
2740 3326 2845 3381 hoc
2887 3328 3150 3382 secretius
3198 3342 3294 3396 per
3337 3343 3523 3396 puram
3554 3332 3947 3387 confessionem

2353 3418 2541 3473 volens
2584 3432 2694 3472 δυιυ
2740 3416 3049 3472 manifestet
3096 3418 3379 3474 abbatissa:
3408 3435 3422 3470 :
3451 3434 3521 3474 ne
3548 3421 3673 3474 dum
3702 3429 3949 3491 tempore

2354 3511 2516 3564 animi
2541 3510 2752 3579 culpam
2782 3509 3032 3580 detegere
3064 3512 3413 3577 verecundat,
3436 3526 3559 3568 cum
3588 3521 3741 3569 reatu
3771 3516 3944 3587 culpa:

2354 3601 2546 3658 faciem
2569 3601 2769 3657 diaboli
2797 3601 3022 3657 interius
3048 3602 3328 3656 recondat.

2936 3753 3166 3811 CAPUT
3201 3752 3362 3810 XVII.

2353 3868 2433 3927 De
2461 3884 2519 3927 eo
2540 3870 2677 3941 quod
2696 3867 2840 3927 nulla
2863 3874 3118 3925 monadia
3145 3868 3461 3944 monasterio
3482 3866 3659 3927 debeat
3678 3873 3946 3944 proprium

2894 3944 3090 4013 aliquid
3125 3942 3403 3996 vindicare.

2426 4076 2634 4147 Proprii
2688 4076 2892 4145 aliquid
2939 4092 2994 4131 In
3051 4080 3381 4133 monasterio
3428 4079 3562 4133 nihil
3607 4080 3948 4145 habendum,

2354 4171 2450 4226 sed
2494 4171 2675 4240 potius
2721 4178 2943 4239 propter
2982 4186 3181 4226 nomen
3224 4170 3437 4226 Domini
3491 4173 3670 4227 omnia
3705 4183 3950 4228 contem-

2354 4260 2551 4316 nenda.
2612 4261 2751 4328 Quid
2801 4261 2944 4316 enim
2992 4264 3270 4330 proprium
3321 4262 3523 4332 aliquid
3574 4278 3730 4318 suum
3782 4265 3953 4322 fidelis

2355 4351 2536 4405 anima
2589 4352 2656 4407 de
2704 4351 2868 4406 rebus
2920 4352 3106 4406 mundi
3155 4354 3408 4418 vindicet,
3443 4356 3533 4409 cui
3571 4357 3800 4412 mundus
3826 4373 3950 4412 cru-

2355 4444 2545 4500 cifixus
2592 4452 2707 4509 est,
2762 4452 2817 4499 et
2873 4444 2987 4513 ipsa
3042 4443 3288 4499 mundo?
3342 4444 3471 4510 Quae
3522 4448 3690 4502 semel
3746 4449 3950 4503 mundo

2357 4544 2589 4599 mortua,
2616 4550 2713 4589 cur
2740 4550 2836 4613 per
2862 4534 3095 4603 aliquam
3128 4535 3505 4603 temporalium
3533 4552 3714 4591 rerum
3745 4539 3953 4608 cupidi-

2364 4636 2529 4682 tatem
2552 4665 2566 4691 ,
2616 4626 2701 4681 vel
2738 4625 3062 4681 desiderium
3093 4640 3478 4689 mrumnosum,
3513 4628 3691 4683 denuo
3734 4631 3957 4700 incipiet

2365 4721 2548 4776 vivere
2575 4720 2792 4783 mundo,
2817 4734 2958 4789 quas,
2983 4726 3300 4790 contempto
3321 4721 3550 4786 mundo,
3572 4733 3816 4792 coeperat
3841 4724 3953 4793 jam

2363 4818 2547 4873 vivere
2569 4816 2719 4872 Deo?
2745 4816 3143 4885 Ampulandum
3180 4830 3309 4884 ergo
3340 4826 3423 4871 est
3450 4817 3555 4872 hoc
3594 4816 3782 4873 vitium
3812 4822 3957 4875 radi~

2367 4909 2505 4965 citus
2532 4908 2600 4963 ab
2622 4910 2768 4963 omni
2797 4908 3081 4972 monacha,
3115 4917 3172 4961 ut
3201 4907 3401 4962 nullam
3426 4923 3542 4963 rem
3580 4909 3667 4964 vel
3693 4910 3748 4964 in
3788 4913 3951 4967 vcsti-

2369 5001 2585 5067 mentis,
2613 5016 2710 5057 seu
2738 5003 2793 5056 in
2824 5001 3223 5064 calceamentis,
3257 5001 3343 5056 vel
3365 5001 3420 5057 in
3441 5003 3769 5071 quibuslibet
3795 5007 3956 5063 rebus

2369 5094 2470 5148 sibi
2504 5092 2766 5159 vindicet,
2795 5091 2879 5145 vel
2917 5106 3073 5145 suum
3117 5106 3237 5147 esse
3265 5092 3426 5157 dicat,
3457 5094 3559 5148 nisi
3588 5106 3847 5162 quantum
3890 5114 3953 5151 ex

2364 5184 2645 5239 abbatissae
2666 5182 2907 5251 jussione
2936 5197 3102 5251 penes
3140 5198 3201 5238 se
3246 5185 3551 5253 praecipitur
3584 5187 3851 5251 retinere,
3883 5204 3947 5245 ac

2365 5276 2410 5332 si
2458 5283 2638 5329 custos
2685 5274 2929 5341 alterius,
2982 5290 3088 5328 non
3138 5275 3369 5343 propria:
3397 5277 3477 5333 rei
3520 5277 3763 5333 domina.
3798 5279 3864 5332 Et
3892 5296 3956 5334 ea

2366 5382 2484 5437 qua:
2506 5367 2602 5421 sibi
2635 5366 2703 5420 ab
2729 5366 2998 5421 abbatissa
3028 5365 3229 5420 fuerint
3257 5370 3651 5436 commendata,
3682 5369 3733 5423 id
3760 5380 3860 5431 est,
3887 5374 3953 5425 ad

2368 5460 2742 5514 necessitatem
2784 5466 3102 5527 prmsentem
3124 5498 3137 5522 ,
3172 5467 3263 5512 aut
3311 5460 3361 5511 in
3405 5460 3744 5525 te.-.timento.
3778 5472 3871 5515 aut
3902 5462 3953 5515 in

2369 5550 2607 5619 qualibet
2636 5564 2722 5611 Ie,
2754 5548 2885 5601 nihil
2925 5547 3119 5602 exinde
3164 5559 3255 5602 aut
3302 5547 3430 5601 dare
3474 5557 3567 5603 aut
3607 5550 3957 5606 commodare

2369 5640 2615 5709 cuiquam
2645 5648 2959 5708 prmsnmat:
2992 5639 3094 5693 nisi
3125 5648 3331 5694 tantum
3355 5640 3422 5695 ab
3444 5640 3715 5697 abbatissa
3742 5642 3817 5695 illi
3842 5643 3955 5697 iuc-

2368 5735 2439 5790 rit
2467 5734 2789 5789 ordinatum.
2831 5732 2966 5801 Quid
2998 5734 3139 5788 enim
3168 5732 3234 5787 de
3266 5734 3424 5790 rebus
3453 5736 3636 5789 mundi
3667 5736 3821 5791 alteri
3866 5754 3951 5791 sn-

2369 5825 2479 5879 rori
2510 5827 2771 5890 conferat,
2800 5841 2916 5893 quae
2940 5840 3061 5879 Suos
3094 5824 3144 5876 in
3185 5827 3432 5879 onmibus
3482 5826 3789 5881 voluntates
3827 5844 3951 5896 pro-

2370 5925 2489 5988 pter
2528 5916 2800 5973 Christum
2864 5918 2912 5973 iII
2970 5916 3235 5974 abbatissa
3313 5918 3526 5975 tIadIdit
3583 5924 3955 5986 potestatein?

3616 6013 3691 6073 δῶ»

2292 4680 2340 4741 D
