5174 6612
1788 463 1923 522 1067

3103 431 3464 498 ευιιιειιιιιι
3503 430 3754 490 PATRIS

4942 422 5081 481 1068

1787 586 1976 640 Omnia
2007 590 2136 648 ergo
2165 589 2284 646 qua:
2314 573 2367 628 in
2397 567 2726 627 monasterio
2757 565 3024 621 habentur
3052 560 3162 616 sint
3200 554 3379 612 omni-
3409 548 3461 611 Δ
3488 545 3981 603 communicatione
4012 557 4112 615 pro
4146 541 4310 599 modo
4337 540 4509 611 culpae
4537 524 4866 610 corrigatur.
4898 537 4958 593 Si
4989 553 5082 594 nec

1789 679 1894 734 bus
1920 667 2260 734 communia;
2288 665 2440 735 juxta
2478 661 2623 732 quod
2665 661 2718 714 in
2749 657 2974 711 Actibus
3012 651 3380 722 apostolorum

1787 769 2015 840 legimus
2044 783 2057 818 :
2095 761 2364 826 Et'erant,
2392 755 2586 826 inquit,
2617 753 2690 808 eis
2718 751 2894 805 omnia
2918 743 3212 802 communia
3241 740 3378 811 (Act.

1791 867 1888 938 iv).
1919 863 2013 919 Sic
2040 870 2222 917 tamen
2250 852 2558 912 communia
2584 855 2708 905 sunt
2734 845 3001 909 habenda,
3030 850 3093 896 ut
3119 840 3266 895 nulla
3290 843 3384 892 aut

1792 935 1925 1013 dare
1953 961 2047 1010 aut
2084 950 2365 1020 accipere,
2397 943 2496 1000 nisi
2527 939 2797 997 abbatissa
2825 935 3129 996 ordinante,
3177 943 3384 1001 prmsu-

1794 1059 1907 1106 mat
1940 1069 1951 1102 :
1986 1061 2056 1102 ne
2080 1040 2390 1113 cupiditatis
2413 1043 2504 1093 aut
2526 1031 2848 1090 temeritatis
2874 1027 3074 1084 malum
3104 1026 3385 1081 incurrens

1795 1145 1848 1198 in
1879 1142 2156 1210 laqueum,
2189 1133 2338 1189 .Iudae
2379 1126 2674 1201 proditoris
2725 1121 3004 1180 consortio
3049 1123 3382 1180 numeretur,

1794 1232 1885 1301 qui
1921 1204 2072 1286 solus
2105 1227 2159 1282 in
2205 1235 2428 1278 numero
2477 1215 2846 1288 apostolorum
2885 1210 3094 1266 loculos
3132 1204 3388 1261 habuisse

1797 1323 2048 1384 refertur,
2071 1317 2159 1372 ubi
2188 1309 2634 1370 commutantium
2656 1321 2721 1360 ac
2741 1301 3092 1358 vendentium
3113 1308 3387 1353 commer-

1798 1418 1880 1472 cia
1912 1410 2272 1484 ponebantur.
2305 1404 2460 1472 Quod
2489 1402 2534 1456 si
2573 1399 2697 1454 huic
2746 1396 2874 1450 vitio
2921 1392 3100 1460 aliqua
3141 1399 3392 1444 sororum

1799 1504 2056 1565 delectari
2094 1502 2254 1558 fuerit
2281 1497 2646 1568 deprehensa,
2679 1502 2734 1546 et
2762 1495 2885 1559 post
2913 1487 3167 1556 primam,
3200 1494 3393 1537 secun-

1803 1601 1925 1657 dam
1974 1599 2061 1654 vel
2111 1597 2324 1651 tertiam
2371 1591 2767 1647 correctionem
2816 1579 3110 1639 emendare
3140 1575 3392 1642 noluerit,

1805 1688 2096 1761 disciplinae
2124 1683 2366 1755 regulari
2395 1677 2716 1749 suhjacebit.

2375 1810 2603 1869 CAPUT
2641 1807 2828 1863 XVIII.
2900 1765 2902 1768 ’

2135 1914 2208 1968 De
2233 1910 2502 1981 culparum
2529 1900 3084 1960 excommunicatione.

1882 2033 1940 2090 Si
1981 2045 2086 2100 qua
2132 2040 2264 2081 vero
2306 2036 2462 2076 soror
2491 2019 2782 2086 instigante
2813 2010 3031 2067 diabolo
3079 2015 3393 2074 contumax,

1809 2126 1897 2182 vel
1925 2120 2177 2193 superba,
2205 2130 2302 2171 seu
2329 2109 2646 2168 inobediens
2667 2149 2681 2175 ,
2711 2104 2797 2159 vel
2846 2114 3188 2158 murmurans
3228 2111 3400 2168 appa-

1811 2191 2013 2284 ruerit;
2037 2213 2125 2270 vel
2153 2210 2315 2266 etiam
2344 2209 2398 2262 in
2426 2214 2751 2275 quocunque
2781 2212 2909 2252 casu
2936 2191 3401 2264 lapsa,scniorum

1812 2319 2085 2386 praecepta
2117 2305 2202 2361 vel
2232 2307 2432 2358 sanctae
2461 2295 2660 2364 regulm
2708 2303 2952 2346 normam
2992 2286 3197 2341 violare
3223 2290 3403 2336 tenta-

1811 2376 2159 2465 verit;'hmc,
2185 2393 2480 2450 secundum
2527 2391 2859 2457 prteceptum
2911 2376 3145 2442 Domini,
3189 2379 3404 2430 secreto

1814 2514 1844 2553 a
1873 2463 2176 2552 senioribus
2202 2485 2370 2540 semel
2399 2481 2485 2537 vel
2513 2479 2596 2534 bis
2625 2474 2946 2544 corripiatur
2979 2466 3195 2540 (Matth.
3228 2463 3403 2534 xvm).

1814 2588 1873 2644 Si
1905 2581 2192 2642 emendare
2217 2572 2470 2637 noluerit,
2502 2579 2629 2625 tunc
2664 2564 2824 2621 simul
2847 2563 2916 2617 ab
2943 2561 3088 2618 omni
3113 2571 3409 2626 congrega-

1817 2681 1968 2735 tione.
1996 2674 2330 2743 obiurgetur.
2360 2664 2426 2718 Et
2452 2664 2497 2719 si
2526 2661 2605 2718 sic
2651 2656 2943 2715 emendare
2984 2651 3238 2716 noluerit,
3282 2656 3411 2703 tunc

1817 2779 1980 2843 prout
2007 2767 2178 2835 culpae
2203 2757 2516 2828 magnitudo
2555 2749 2902 2824 poposcerit,
2931 2743 3224 2802 secundum
3251 2754 3414 2808 regu-

1818 2832 1928 2920 iam
1951 2832 2221 2932 judicetar
2252 2871 2266 2908 :
2300 2851 2351 2906 id
2381 2858 2496 2912 est,
2526 2854 2620 2902 aut
2653 2833 3204 2899 excommunicationi
3232 2832 3414 2898 subje-

1819 2922 1969 3017 ceat:
1991 2951 2038 3006 si
2064 2951 2184 3014 eius
2207 2953 2366 3001 antea
2393 2938 2697 2995 intellectus
2720 2931 2889 3020 viguit
2922 2947 2935 2983 :
2961 2936 3054 2983 aut
3075 2927 3118 2981 si
3143 2922 3416 2978 obstinata

1821 3057 1881 3104 et
1906 3047 2054 3102 dum
2094 3041 2291 3097 mentis
2329 3035 2593 3093 tenacitas
2620 3030 2793 3099 culpas
2823 3033 2878 3082 et
2905 3020 3264 3094 improbitatis
3293 3030 3418 3089 per-

1822 3146 2067 3207 severet,
2098 3144 2227 3192 tunc
2256 3127 2528 3202 corporali
2549 3122 2846 3192 disciplinae
2870 3113 3192 3188 subiacebit.
3250 3145 3258 3153 -

2407 3259 2637 3320 CAPUT
2673 3255 2818 3313 XIX.

2105 3361 2289 3432 Qualis
2313 3356 2494 3412 debeat
2524 3369 2636 3407 esse
2659 3342 3145 3404 excommunicatio.

1899 3470 2488 3540 Excommunicationis
2534 3477 2790 3521 mensura
2829 3458 3004 3529 qualis
3046 3467 3166 3510 esse
3199 3450 3414 3516 debeat,

1823 3579 2030 3651 justum
2067 3565 2361 3626 scientibus
2403 3561 2603 3615 librare
2626 3553 2885 3626 judicium
2917 3548 3087 3617 culpas
3114 3543 3305 3599 modus
3333 3555 3422 3595 os.

2498 3649 2507 3651 ⁴
2683 3644 2695 3651 “
2741 3643 2752 3651 ⁸
2810 3642 2824 3651 “
2899 3641 2912 3651 ⁹
3073 3643 3084 3651 -
3168 3635 3203 3651 Il
3229 3633 3271 3651 δικ
3293 3648 3342 3651 μμ
3362 3631 3417 3651 j-

1827 3631 2020 3724 igitur
2065 3655 2380 3715 Levioribus
2425 3649 2569 3705 enim
2613 3643 2786 3714 culpis
2810 3641 2981 3696 levior
3008 3643 3093 3692 est
3119 3631 3424 3690 adhibenda

1829 3755 2137 3817 correctio;
2166 3744 2506 3819 gravioribus
2525 3754 2657 3795 vero
2687 3733 2980 3791 ferventior
3005 3738 3088 3786 est
3122 3725 3425 3783 adhibenda

1832 3848 2132 3910 damnatio.
2165 3838 2402 3897 Proinde
2432 3833 2718 3890 abbatissm
2747 3827 2926 3883 studio
2950 3831 3033 3879 est
3068 3819 3422 3892 pensandum,

1831 3956 1893 4000 ut
1921 3941 1968 3996 si
1998 3937 2178 4006 aliqua
2215 3944 2374 3987 soror
2417 3926 2471 3980 in
2498 3919 2797 3978 levioribus
2843 3913 3151 3969 inveniatur
3192 3907 3429 3964 obnoxia

1834 4033 2030 4102 culpis,
2057 4003 2226 4096 usque
2247 4021 2312 4076 ad
2340 4017 2594 4073 indietam
2615 4011 2717 4068 sibi
2742 4012 2929 4064 horam
2955 4020 3140 4060 mensa
3167 4003 3428 4073 privetur,

1837 4125 1914 4180 De
1928 4094 2282 4192 gravioribus
2301 4100 2432 4166 vero
2478 4121 2576 4162 seu
2617 4103 2830 4163 dierum
2857 4098 2944 4154 vel
2972 4094 3433 4151 hebdomadarum

1835 4214 1925 4271 vel
1947 4183 2212 4267 mensium
2239 4199 2483 4259 definitio
2515 4199 2569 4251 in
2592 4193 2803 4262 longius
2833 4198 3106 4260 protracta
3135 4183 3432 4240 correctio-

1839 4322 1910 4363 ne
1939 4302 2160 4358 finiatur
2189 4315 2204 4350 :
2237 4310 2302 4350 ea
2332 4300 2516 4346 tamen
2556 4285 2766 4354 regula,
2805 4291 2865 4337 ut
2900 4282 2947 4336 si
3003 4279 3233 4350 amplius
3273 4290 3435 4346 quam

1839 4404 2049 4468 septem
2092 4390 2301 4446 dierum
2341 4379 2576 4454 spatium
2614 4370 3190 4432 excommunicationis
3216 4382 3436 4439 percur-

1840 4461 1997 4556 rerit,
2029 4481 2268 4555 quandiu
2295 4473 2628 4548 poenitentiae
2665 4471 2766 4525 sub
2787 4473 2989 4524 statuto
3029 4474 3273 4534 tempore
3301 4461 3436 4517 ordo

1842 4555 2090 4639 retentus
2130 4574 2311 4638 fuerit,
2343 4571 2484 4626 sicut
2526 4581 2558 4620 a
2584 4578 2769 4620 mensa
2800 4563 2919 4617 loco
2945 4573 3042 4615 suo
3068 4557 3331 4628 privetur,
3362 4555 3437 4609 ita

3488 642 3566 698 sic
3605 639 3806 708 aliquid
3850 636 4096 708 proﬁciat
4125 635 4454 704 increpantis
4483 631 4773 697 correctio,
4810 637 4941 685 tunc
4969 645 5085 684 ver-

3488 736 3677 790 berum
3721 733 3969 788 vindicta:
4015 728 4332 799 suhjacehit.
4380 727 4537 794 Quod
4589 726 4633 780 si
4679 726 4757 781 sic
4794 725 5088 780 emendare

3489 828 3757 891 noluerit,
3818 825 3913 881 sed
3954 823 4124 892 magis
4174 823 4224 876 in
4261 831 4526 874 tumorem
4582 817 4853 887 superbiae
4906 817 5086 882 elata,

3489 932 3658 988 Opera
3698 915 3785 970 vel
3840 921 4023 980 actus,
4073 912 4141 966 de
4172 911 4366 979 quibus
4420 907 4731 977 corrigitur,
4763 906 5088 970 defenderit,

3492 1014 3622 1061 tunc
3668 1002 3953 1069 abbatissa:
3995 1000 4235 1056 scientiae
4284 999 4550 1067 regimine
4579 998 4889 1065 corrigatur
4923 1015 4938 1048 :
4971 1012 5090 1065 quia

3492 1096 3753 1165 scriptum
3809 1103 3891 1151 est
3923 1112 3936 1147 :
3973 1094 4075 1161 Qui
4131 1092 4310 1164 abjicit
4360 1090 4724 1159 disciplinam,
4774 1088 4972 1159 infelix
5023 1100 5094 1142 est

3495 1189 3648 1261 (Sap.
3685 1187 3785 1256 ιιι).
3820 1185 4136 1240 Moderante
4175 1196 4305 1250 ergo
4351 1181 4578 1236 scientia
4627 1179 4800 1235 saniei
4843 1180 5094 1234 medendi

3497 1297 3623 1337 cura
3655 1279 3994 1334 adhibeatur.
4018 1274 4075 1328 Si
4106 1273 4306 1329 lethale
4331 1271 4524 1326 vulnus
4546 1285 4644 1340 per
4671 1270 4915 1325 fomenta
4945 1269 5098 1322 casti.

3498 1375 3798 1443 gationnm,
3841 1378 3898 1426 et
3927 1367 4144 1441 pietatis
4175 1383 4239 1422 ac
4270 1365 4506 1420 leuitatis
4539 1372 4815 1432 unguenta
4848 1362 5097 1417 εοειιὶιξιίὶ

3498 1479 3608 1520 non
3640 1463 3900 1528 redditur,
3934 1460 4126 1516 saltem
4169 1457 4520 1514 incisionibus
4565 1463 4900 1525 amputetur.
4945 1453 5014 1508 Et
5057 1454 5098 1508 si

3500 1558 3579 1614 sic
3607 1557 3785 1612 sanies
3814 1556 4031 1610 desecta
4063 1562 4328 1608 tumorem
4379 1565 4488 1605 non
4539 1549 4802 1614 amiserit,
4852 1558 4968 1602 tum
5012 1564 5100 1603 ex-

3503 1646 4011 1706 communicationis
4043 1643 4388 1710 sententiam,
4413 1641 4499 1698 vel
4521 1641 4824 1712 disciplinae
4845 1655 5102 1708 corpora—

3503 1745 3568 1800 lis
3617 1758 3829 1814 poznam
3873 1741 4136 1794 incurrat.
4187 1737 4255 1792 Et
4301 1737 4347 1792 si
4378 1750 4480 1792 nec
4521 1733 5104 1790 excommunicationis

3506 1846 3688 1901 metu,
3719 1852 3819 1891 nec
3849 1834 4043 1904 ﬂagelli
4082 1847 4241 1903 poena
4285 1831 4576 1900 frangitur,
4625 1837 4889 1898 augeatur
4934 1829 5105 1882 adhuc

3430 1934 3479 1994 B
3509 1931 3722 2004 pietatis
3754 1930 3963 1992 fomes;
3997 1927 4070 1980 ita
4098 1932 4158 1980 ut
4183 1925 4250 1980 ab
4280 1923 4429 1978 omni
4457 1921 4884 1992 congregatione
4915 1937 5021 1990 pro
5051 1935 5107 1973 ea

3509 2021 3812 2080 communis
3860 2018 4120 2074 Dominus
4163 2019 4470 2072 orationum
4513 2011 4696 2069 ofﬁcio
4734 2012 5106 2080 deprecetur:

3505 2124 3567 2171 ut
3588 2129 3709 2185 qua:
3735 2113 3930 2182 laqueo
3961 2107 4164 2166 diaboli
4195 2107 4404 2162 irretita
4433 2113 4670 2170 tenetur,
4705 2100 4924 2156 Domini
4952 2101 5111 2156 mise-

3507 2204 3739 2260 ricordia
3770 2217 3836 2257 ac
3881 2200 4083 2270 pietate
4130 2203 4369 2251 curetur.
4415 2193 4566 2259 Quod
4610 2192 4657 2246 si
4683 2206 4786 2245 nec
4807 2190 4886 2245 sic
4915 2190 5109 2255 corrigi

3507 2295 3760 2361 voluerit,
3793 2294 3933 2348 intra
3979 2298 4134 2361 septa
4179 2286 4496 2344 monasterii
4525 2285 4627 2340 sub
4663 2284 5006 2353 poenitentiae
5038 2293 5113 2335 tes

3510 2404 3643 2445 nore
3665 2388 3731 2442 ab
3760 2385 4034 2451 omnibus,
4066 2387 4262 2451 praeter
4290 2375 4634 2443 custodibus,
4663 2382 4981 2444 segregata,
5011 2382 5115 2426 tan~

3511 2478 3603 2534 diu
3633 2477 3926 2544 casiigelur
3973 2471 4201 2527 diversis
4242 2465 4703 2529 correctionibus,
4752 2478 4934 2532 usque
4992 2463 5115 2516 dum

3513 2573 3629 2640 ejus
3677 2567 3952 2622 humil:tas
3994 2563 4246 2620 omnibus
4293 2573 4422 2615 vera
4472 2556 4797 2613 credulitate
4843 2555 5114 2625 patefiat:

3515 2659 3769 2731 quoniam
3801 2667 3855 2710 et
3887 2654 4068 2710 invitis
4106 2666 4252 2722 saepe
4297 2649 4444 2704 salus
4472 2654 4786 2718 prtestatur.
4817 2644 4956 2699 Nam
5003 2645 5116 2697 ideo

3514 2748 3820 2820 separanda
3844 2756 3927 2802 est
3955 2762 3984 2800 a
4012 2741 4458 2812 congregatione,
4486 2746 4546 2793 ut
4573 2752 4677 2793 suo
4705 2737 4838 2792 vitio
4866 2751 4986 2789 non
5013 2751 5118 2788 ma-

3517 2839 3662 2895 culet
3691 2839 4030 2894 innocentes.
4063 2833 4273 2889 Tenera
4295 2843 4426 2885 vero
4454 2836 4589 2884 tetas
4607 2869 4622 2891 ,
4653 2842 4775 2898 qua:
4804 2840 5118 2882 excommu-

3517 2931 3697 2985 nicata
3742 2929 3850 2984 vim
3896 2927 4104 2994 nescit,
4136 2939 4244 2980 non
4285 2919 4875 2987 excommunicatione,
4908 2917 5008 2975 sed
5034 2918 5118 2971 lla-

3521 3021 3666 3091 gello
3693 3017 4014 3090 corrigenda
4044 3025 4146 3074 est.

4111 3147 4341 3206 CAPUT
4375 3145 4521 3202 XXI.

4009 3243 4084 3299 De
4109 3245 4398 3314 receptione
4429 3242 4648 3297 sororis.

3592 3362 3687 3418 Sin
3717 3360 3830 3417 ullo
3859 3367 4125 3429 tempore,
4158 3357 4302 3428 quod
4335 3356 4475 3412 absit
4505 3372 4535 3410 a
4565 3355 4884 3412 Christiana
4914 3358 5119 3427 religio-

3521 3471 3616 3523 ne,
3644 3469 3802 3512 soror
3829 3469 3860 3508 a
3891 3453 4059 3523 septis
4088 3448 4402 3506 monasterii
4433 3448 4770 3513 discesserit,
4800 3459 4856 3505 et
4883 3450 5031 3505 foras
5055 3450 5121 3502 fu-

3522 3550 3675 3616 giens
3699 3554 3890 3617 postea
3918 3544 4202 3601 recordata
4233 3542 4473 3612 pristinae
4504 3541 4794 3610 religionis
4815 3583 4830 3606 ,
4869 3555 4928 3598 et
4957 3542 5121 3598 aeterni

3519 3639 3708 3711 judicii
3748 3637 3997 3708 perculsa
4034 3637 4230 3689 timore
4258 3649 4476 3690 reversa
4508 3633 4700 3700 fuerit;
4733 3636 4894 3705 prius
4927 3652 5122 3692 omnem

3527 3731 3858 3788 monasterio
3907 3729 4342 3784 emendationem
4393 3726 4727 3795 polliceatur
4789 3746 4802 3780 :
4858 3739 5046 3798 postea
5089 3729 5123 3782 si

3527 3823 3826 3897 probabilis
3852 3821 3970 3892 ejus
4008 3820 4328 3890 pmniteutia
4357 3827 4719 3887 agnoscatur,
4754 3831 4899 3874 tunc
4931 3821 5121 3875 demum

3530 3918 3670 3971 intra
3699 3921 3854 3984 septa
3877 3911 4198 3968 monasterii
4223 3911 4538 3980 recipiatur.
4572 3911 4638 3964 Et
4663 3911 4708 3965 si
4741 3911 4829 3966 bis
4859 3923 4959 3967 aut
4991 3915 5122 3968 tertio

3530 4006 3637 4062 hoc
3665 4003 3884 4070 fecerit,
3913 4002 4073 4058 simili
4109 4001 4315 4072 pietate
4361 4000 4642 4066 foveatur;
4675 4003 4758 4058 sic
4790 4013 4978 4059 tamen
5011 4005 5124 4058 utin

3534 4105 3780 4153 extremo
3826 4095 3948 4149 loco
3992 4093 4136 4147 inter
4183 4091 4510 4161 paenitentcs
4540 4103 4764 4162 recepta
4797 4095 4991 4148 tandiu
5021 4109 5125 4146 exa-

3532 4189 3788 4252 minetur,
3821 4199 3990 4256 usque
4018 4184 4143 4238 dum
4172 4183 4464 4255 probabilis
4494 4183 4613 4251 ejus
4656 4185 4774 4238 vita
4810 4187 5122 4241 inveniatur.

3534 4279 3592 4337 Si
3617 4294 3747 4335 vero
3773 4287 3900 4348 post
3926 4276 4137 4332 tertiam
4167 4275 4534 4346 receptionem
4579 4273 4720 4345 fugae
4749 4278 4917 4348 culpa
4965 4295 5127 4332 maru-

3536 4372 3646 4428 lata
3676 4371 3856 4436 fuerit,
3900 4370 4038 4427 sciat
4075 4384 4292 4424 omnem
4321 4367 4649 4424 reversionis
4700 4369 4915 4426 aditum
4949 4387 5059 4428 esse
5087 4373 5126 4424 in

3539 4465 3883 4538 postmodum
3913 4462 4309 4532 denegandum.

4117 4590 4346 4648 CAPUT
4386 4589 4551 4646 XXII.

1846 4682 1904 4730 θι
1927 4673 1980 4728 in
2010 4666 2241 4726 cedes“
2262 4667 2612 4732 segregem”
2644 4664 2703 4710 ω
2727 4654 2929 4758 “11°”
2950 4667 3002 4705 ω
3025 4665 3134 4758 3‘”
3165 4658 3289 4758 an,”
3313 4648 3431 4758 ‘mf’
3461 4662 3517 4726 D
3544 4691 3778 4758 Qualiter
3817 4689 4036 4742 invicem
4079 4701 4134 4739 se
4181 4684 4470 4750 humilient,
4511 4681 4588 4736 rel
4634 4683 4852 4738 ordines
4899 4695 5090 4739 servent
5117 4701 5129 4738 :

1848 4780 1951 4823 nec
2003 4761 2274 4832 psalmum
2321 4761 2524 4816 cantet,
2579 4765 2682 4805 nec
2727 4747 2895 4802 ullum
2943 4744 3188 4801 ordinem
3230 4749 3436 4810 teneat,

1849 4869 2021 4926 usque
2050 4852 2179 4908 dum
2201 4845 2569 4904 satisfactione
2597 4838 2783 4894 humili
2803 4852 2926 4892 cum
2953 4835 3132 4892 cordis
3155 4833 3436 4890 contritio-

1854 4965 1921 5004 ne
1951 4947 2016 5001 ab
2044 4941 2315 4999 abbatissa
2348 4938 2435 4993 vel
2464 4952 2494 4990 a
2532 4931 2836 4989 senioribus
2876 4929 3091 4983 veniam
3140 4932 3438 4981 mereatur.

1853 5034 2336 5095 Exeommunicata
2376 5044 2506 5083 vero
2531 5040 2705 5090 soror,
2737 5037 2855 5092 qua:
2896 5021 3066 5090 culpis
3108 5018 3443 5088 gravioribus

1857 5127 2216 5189 existentibus
2261 5129 2355 5179 aut
2383 5119 2572 5177 cellula
2604 5116 2933 5181 recluditur,
2963 5121 3057 5168 aut
3099 5127 3129 5166 a
3170 5111 3444 5168 consortio

1860 5217 2291 5292 congregationis
2329 5219 2640 5285 separatur,
2671 5225 2698 5262 a
2743 5207 2889 5264 nullo
2933 5205 3148 5276 penitus
3177 5203 3442 5273 colloquia

1864 5322 1956 5371 aut
1986 5309 2310 5366 visitationis
2337 5319 2530 5360 munus
2555 5301 2760 5357 fruatur
2779 5342 2794 5367 ,
2824 5297 2927 5354 nisi
2956 5298 3328 5351 tantummodo
3359 5294 3445 5349 cui

1863 5411 2198 5478 praeceptum
2228 5399 2296 5454 ab
2341 5397 2608 5452 abbatissa
2652 5392 2828 5448 fuerit.
2880 5389 2934 5444 Si
2966 5403 3072 5459 qua
3117 5397 3448 5456 transgressa

1867 5499 2011 5555 hanc
2033 5492 2274 5564 regulam
2302 5489 2479 5555 fuerit,
2510 5485 2743 5557 regulari
2773 5482 3100 5556 poenitentiae
3127 5480 3444 5551 subjacebit.

2468 5623 2694 5680 CAPUT
2734 5622 2852 5676 XX.

1935 5723 2013 5778 De
2037 5721 2118 5776 his
2145 5735 2257 5792 (μαῖ’
2281 5733 2374 5787 per
2392 5717 2620 5770 sedulam
2643 5716 2981 5792 correptionis
3011 5729 3184 5767 curam
3209 5712 3396 5782 saepius

2243 5798 2483 5844 correcta:
2508 5789 2778 5842 emendare
2808 5788 3095 5840 noluerunt.

1949 5901 2114 5960 Soror
2142 5903 2185 5958 si
2215 5902 2409 5974 saepius
2447 5912 2695 5972 correpta
2735 5900 3023 5958 emendare
3072 5897 3323 5966 noluerit,
3358 5918 3454 5958 cx-

3613 4763 3688 4815 vel
3716 4764 3770 4814 in
3808 4759 4018 4814 minutis
4060 4756 4260 4810 actibus
4299 4755 4519 4826 qualiter
4561 4754 4669 4808 sint
4711 4759 4981 4808 seruanda
5012 4772 5129 4824 prir-

3615 4841 3787 4885 cepta.

3615 4847 3787 4902 cepta.

3618 4965 3832 5032 Quanto
3859 4977 3919 5019 se
3939 4960 4156 5027 all‘ectu,
4186 4961 4274 5015 vel
4302 4958 4581 5016 charitatis
4610 4961 4923 5019 ministerio
4950 4964 5003 5018 in
5034 4980 5132 5018 mo-

3549 5056 3787 5114 nasterio
3819 5055 4015 5110 anima:
4052 5053 4242 5125 positte
4284 5052 4514 5109 debeant
4542 5051 4800 5123 diligere,
4833 5066 5132 5110 sanctorum

3546 5154 3769 5210 Patrum
3811 5153 4057 5209 instituta
4107 5159 4401 5206 sanxerunt
4433 5167 4446 5204 :
4478 5149 4571 5205 sed
4598 5150 4652 5204 in
4683 5150 4887 5219 quibus
4915 5153 4984 5207 sit
5010 5153 5133 5206 acti-

3547 5249 3648 5304 bus
3677 5248 3762 5302 vel
3791 5245 3984 5302 officiis
4027 5240 4528 5309 demonstrandum,
4561 5257 4592 5296 a
4641 5241 4802 5296 nobis
4845 5258 4947 5312 pro
4994 5255 5133 5312 parte

3551 5337 3898 5394 indicandum
3929 5343 4030 5392 est.
4062 5333 4240 5390 liabet
4267 5333 4498 5402 denique
4531 5333 4854 5387 latissimum
4887 5335 5132 5388 virtutum

3553 5433 3708 5505 copia
3750 5431 4010 5486 ambitum
4032 5471 4049 5498 ,
4089 5444 4197 5499 quo
4225 5428 4584 5494 circumsepta
4615 5424 4774 5481 facile
4799 5426 5016 5481 hostem
5049 5428 5132 5479 sibi

3555 5533 3776 5595 superet
3798 5523 4195 5578 adversantem.
4225 5519 4362 5576 Sunt
4391 5519 4588 5573 etenim
4614 5519 4874 5573 nonnulla
4896 5561 4912 5585 ,
4947 5537 5058 5587 qua
5095 5521 5133 5571 in

3557 5629 3682 5675 actu
3710 5617 3961 5672 videntur
3987 5615 4202 5683 exigua,
4235 5619 4290 5669 et
4320 5620 4497 5684 tamen
4531 5611 4619 5668 vel
4647 5611 4916 5665 custodita
4944 5615 5026 5666 vel
5058 5628 5137 5664 ne-

3558 5712 3754 5781 glecta,
3785 5716 3878 5762 aut
3909 5713 4240 5777 tepescente,
4271 5711 4365 5758 aut
4403 5700 4647 5758 fervente
4687 5701 4851 5756 animi
4879 5717 5028 5756 musu
5057 5704 5137 5754 de-

3560 5811 3928 5860 monstrantur
3957 5819 3969 5854 :
4003 5807 4060 5855 ut
4105 5807 4190 5854 est
4228 5796 4528 5860 humiliatzo
4572 5796 4791 5871 capitis,
4819 5798 4907 5851 vel
4942 5812 5138 5849 °ertm=

3564 5924 3686 5963 num
3719 5906 3945 5963 affabilis
3975 5903 4266 5968 salutatio;
4300 5914 4415 5970 quae
4455 5909 4550 5953 aut
4594 5896 4784 5966 rigida!
4833 5899 5029 5956 mentis
5065 5899 5136 5952 vel
