5174 6552
613 396 632 450 l
644 392 745 450 069

1842 377 2127 437 REGULA
2168 377 2256 438 AD
2294 377 2635 439 VIRGINES.

3746 378 3889 440 £070

610 498 936 569 concordiae,
965 504 1059 553 aut
1086 496 1131 552 si
1172 502 1322 552 certe
1350 493 1453 566 piae
1491 492 1834 566 purissimum
1865 492 2192 564 patefaciant
2219 515 2270 572 Δ
2298 497 2498 563 tantes,
2528 504 2653 548 cum
2698 489 3004 553 humilitate
3044 488 3332 548 ﬂectentes
3383 502 3526 562 genu
3566 492 3665 549 sub
3704 493 3887 552 silenti

608 595 881 650 affectum.
912 591 1246 648 Servandum
1278 603 1408 658 ergo
1436 600 1519 646 est
1546 589 1760 644 famulis
1780 589 1865 643 vel
1896 587 2198 643 famulahus

611 687 831 749 Christi,
866 694 925 740 ut
955 698 1172 753 semper
1223 682 1365 735 intra
1410 682 1607 736 mentis
1637 687 1837 734 statum
1866 694 1929 735 ea
1961 679 2198 733 nutriant

608 796 725 851 quae
756 796 787 835 a
816 793 944 833 vera
985 776 1290 832 humilitate
1324 784 1384 830 et
1421 774 1685 830 charitate
1727 788 1837 828 non
1866 772 2151 851 discedant
2182 789 2195 825 :

610 875 659 930 in
700 873 898 943 quibus
925 886 1135 926 summa
1175 874 1390 925 constat
1423 867 1700 925 virtutum.
1732 864 1866 922 Nam
1893 867 2035 924 sicut
2062 880 2199 921 nun—

606 982 771 1035 quam
799 965 918 1021 sine
944 978 1075 1018 vera
1105 961 1412 1017 humilitate
1458 975 1581 1015 vera
1612 967 1798 1018 manet
1823 959 2079 1022 charitas,
2126 959 2200 1014 ita

607 1070 883 1126 nunquam
912 1056 1118 1123 absque
1144 1068 1271 1108 vera
1300 1051 1562 1111 charitate
1595 1065 1722 1107 vera
1767 1058 1951 1106 manet
1992 1050 2199 1105 humili-

610 1163 707 1207 tas.
751 1150 1089 1220 Arripiamus
1118 1162 1247 1216 ergo
1290 1146 1556 1203 instruere
1584 1144 2020 1210 fundamentum,
2047 1152 2107 1198 ut
2134 1143 2201 1199 ad

608 1244 821 1299 culmen
868 1241 1253 1311 perveniamus
1295 1239 1576 1296 virtutum.
1616 1236 1708 1294 Sic
1745 1237 1895 1306 prius
1924 1235 2200 1291 humilitas

609 1334 957 1390 monstranda
991 1344 1098 1388 tam
1129 1341 1253 1388 actu
1283 1346 1444 1399 quam
1475 1329 1693 1397 allecto,
1724 1338 1783 1384 ut
1810 1338 1935 1399 post
1962 1328 2199 1383 eharita—

611 1428 673 1481 tis
699 1426 861 1494 copia
888 1424 1204 1480 mdilicetur.
1238 1422 1307 1477 Et
1334 1422 1549 1491 quando
1577 1423 1677 1487 sibi
1708 1422 1993 1477 mntuatim
2034 1423 2085 1473 in
2115 1421 2201 1473 via

610 1516 689 1569 vel
722 1531 775 1569 ιιι
810 1530 1136 1583 quocunque
1162 1516 1283 1571 loco
1313 1516 1671 1582 ocourreriat,
1699 1528 1823 1568 eum
1849 1513 1996 1568 omni
2027 1513 2203 1573 humi-

609 1606 759 1660 litate
801 1608 868 1660 ab
900 1606 1134 1658 invicem
1180 1606 1461 1661 llectentes
1508 1605 1943 1659 benedictionem
1988 1611 2198 1671 rogent.

611 1694 669 1747 Et
700 1697 746 1749 si
787 1711 853 1750 ex
886 1696 965 1750 eis
1007 1710 1113 1749 una
1140 1696 1321 1749 senior
1348 1694 1537 1761 fuerit,
1570 1696 1716 1765 prius
1748 1695 1932 1764 junior
1978 1695 2201 1751 benedi-

608 1788 845 1841 ctionem
880 1787 1154 1856 postulet;
1200 1794 1328 1842 tunc
1355 1787 1568 1840 demum
1612 1790 1793 1842 senior
1822 1796 2197 1856 prosequatur.

2298 595 2434 637 voce
2478 579 2909 637 benedictionem
2946 590 3156 651 rogent.
3188 581 3257 637 Et
3301 580 3347 637 si
3390 581 3695 638 ordinatum
3726 584 3888 642 fuerit

2298 673 2365 726 ab
2409 670 2699 737 abbatissa,
2752 680 2812 725 ut
2839 688 2961 727 cum
2992 674 3075 729 his
3104 673 3281 743 aliqua
3320 688 3571 729 sororum
3611 674 3883 743 loquatur,

2299 779 2422 825 cum
2450 766 2596 823 omni
2638 763 3027 821 humi'uateee
3065 765 3326 820 modestia
3359 780 3425 822 ac
3463 765 3762 823 sobrietate
3806 768 3889 824 lo-

2297 856 2594 926 quamini»,
2622 864 2709 914 est
2737 873 2751 913 :
2783 856 2927 911 utin
2950 856 3203 913 omnibus
3244 856 3326 911 his
3362 857 3530 914 virtus
3570 857 3889 917 humilitatis

2300 964 2367 1005 ac
2394 950 2702 1008 sobrietatis
2730 948 3056 1005 inveniatur.

2859 1102 3088 1161 CAPUT
3127 1103 3310 1162 ΧΧιιι.

2371 1217 2452 1275 ﬂe
2476 1234 2582 1277 non
2612 1214 3319 1347 ὀσῑθηάειόσῶῒαῗιζιὲοωι
3349 1234 3737 1295 consanguinea
3760 1222 3819 1280 tu

2376 1417 2674 1472 Defendere
2701 1418 3002 1487 proximam
3040 1418 3128 1474 vel
3168 1421 3624 1491 consanguineam
3672 1423 3728 1480 in
3772 1438 3890 1479 mo-

2296 1511 2537 1564 nasterio
2566 1509 2714 1564 nullo
2754 1510 2913 1565 modo
2942 1510 3181 1581 permitti
3216 1527 3517 1571 censemus.
3565 1514 3713 1583 Quid
3746 1517 3893 1575 enim

2303 1600 2460 1654 aliam
2492 1600 2765 1665 defendat,
2798 1616 2917 1669 qua:
2938 1601 3048 1669 jam
3089 1602 3191 1657 sibi
3217 1617 3325 1657 non
3354 1603 3516 1673 vivit,
3554 1605 3651 1660 sed
3675 1604 3893 1663 Christo

2302 1709 2471 1763 quem,
2511 1693 2720 1754 imitata
2765 1699 2949 1749 manet
2990 1694 3290 1749 crucilixa?
3325 1710 3444 1764 qua:
3473 1697 3745 1766 propriam
3777 1697 3897 1753 ani-

2301 1802 2463 1853 mam,
2491 1794 2551 1841 ut
2572 1786 2787 1841 uberius
2816 1786 2974 1841 saluti
2999 1786 3271 1856 jungeret,
3295 1787 3441 1857 prius
3464 1788 3737 1858 perdidit?
3764 1789 3897 1857 ρυω

608 1880 663 1932 In
692 1896 859 1934 cursu
892 1895 1019 1933 vero
1048 1879 1257 1948 positzc,
1289 1888 1450 1947 prout
1479 1880 1545 1932 ab
1587 1878 1853 1933 abbatissa
1885 1878 2082 1933 fuerint
2111 1895 2201 1933 or-
2230 1904 2279 1966 Β
2306 1892 2433 1946 ergo
2479 1880 2724 1949 proprias
2766 1878 3001 1949 perdidit
3047 1878 3381 1947 voluntates,
3420 1887 3478 1934 ut
3522 1879 3723 1945 Christi
3751 1880 3806 1945 in
3835 1894 3897 1937 se

606 1972 823 2033 dinatac,
856 1970 943 2024 vel
972 1969 1039 2022 ad
1070 1970 1336 2037 psalmum
1366 1968 1687 2034 canendum,
1712 1970 1796 2023 vel
1823 1970 2081 2024 lectiones
2110 1984 2198 2024 re-

607 2062 876 2130 citandas,
900 2062 985 2117 vel
1006 2062 1169 2116 etiam
1193 2060 1261 2113 ad
1282 2061 1787 2117 communicandum
1816 2070 2027 2125 euntes,
2045 2074 2202 2115 suum

606 2156 854 2210 ordinem
878 2155 1185 2211 custodiant
1214 2171 1227 2205 :
1261 2167 1329 2207 ne
1350 2154 1701 2207 constitutum
1729 2154 1830 2208 sibi
1854 2154 2032 2208 locum
2056 2160 2202 2207 tran-

603 2250 850 2304 silientes
888 2248 944 2302 in
974 2247 1284 2303 ambitionis
1328 2247 1415 2302 vel
1445 2248 1767 2316 arrogantiae
1808 2246 1941 2301 vitio
1984 2245 2198 2301 demer-

600 2352 822 2415 gantur.
852 2341 1155 2396 Abbatissa‘;
1195 2355 1326 2395 vero
1355 2340 1676 2395 studendum
1700 2348 1800 2402 est,
1842 2347 1900 2393 ut
1929 2353 2025 2408 per
2052 2338 2200 2392 ordi-

604 2450 726 2493 nem
747 2433 901 2491 sicut
927 2445 1204 2485 conversae
1231 2430 1285 2482 in
1316 2430 1647 2483 monasterio
1674 2429 1895 2493 fuerint,
1921 2428 1994 2481 ita
2026 2427 2079 2481 in
2101 2441 2199 2482 suo

602 2530 797 2584 ordine
835 2522 1239 2583 constituantur
1272 2535 1284 2572 :
1318 2528 1511 2587 praeter
1538 2519 1582 2573 si
1616 2518 1834 2572 uberius
1862 2516 2202 2571 conversatio

603 2620 884 2686 religionis
927 2616 1212 2679 meruerit,
1242 2618 1296 2669 ut
1328 2612 1545 2668 inantea
1578 2615 2005 2676 promoveatur;
2043 2608 2126 2659 vel
2156 2606 2201 2660 si

600 2712 783 2779 gravis
816 2710 977 2778 culpa
1023 2708 1288 2774 exegerit,
1322 2714 1379 2760 ut
1422 2714 1571 2759 retro
1616 2697 1951 2771 regradetur.
1985 2699 2039 2755 Si
2070 2712 2200 2757 vero

595 2804 783 2872 aliqua
814 2817 885 2856 ex
922 2800 1200 2856 sororibus
1239 2804 1599 2866 cognoscatur
1638 2796 1909 2851 seniorem
1948 2793 2203 2851 affectare

598 2893 808 2959 locum,
836 2906 961 2946 cum
988 2888 1297 2945 verecunda
1327 2887 1682 2956 castigatione
1706 2885 1998 2955 repellatur
2031 2902 2043 2937 :
2079 2884 2201 2953 quia

598 3000 712 3039 non
740 2983 917 3040 debiti
943 2982 1168 3039 honoris
1187 2981 1369 3037 locum
1399 2979 1759 3049 praesumpsit,
1788 2991 1893 3031 nec
1926 2975 2203 3043 religionis

595 3075 967 3141 commercio,
996 3073 1093 3129 sed
1139 3070 1450 3127 ambitionis
1486 3071 1746 3124 honorem
1777 3065 2078 3121 indebitum
2104 3080 2202 3120 co-

595 3176 728 3222 nata
754 3175 845 3223 est
865 3166 1122 3235 arripere.
1151 3163 1211 3217 ln
1238 3176 1498 3218 consessu
1516 3174 1784 3225 sororum,
1812 3159 1858 3213 si
1882 3157 1987 3210 alia
2013 3171 2201 3224 super-

594 3260 835 3325 venerit,
867 3273 987 3329 qua:
1021 3258 1264 3327 juniores
1293 3262 1421 3310 sunt
1463 3252 1675 3318 ordine,
1707 3258 2007 3318 assurgant,
2040 3256 2096 3303 et
2116 3262 2204 3305 ee-
2230 3272 2276 3335 ρ

594 3354 743 3410 niori
771 3354 955 3408 locum
980 3351 1272 3421 praebeant.
1303 3347 1557 3403 Juniores
1583 3359 1715 3399 vero
1742 3342 1944 3398 seniori
1972 3341 2199 3396 nullate-

591 3460 699 3500 nus
721 3440 1100 3514 superbiendo
1129 3437 1506 3499 contradicent-
1530 3453 1545 3499 ;
1571 3433 1670 3488 sed
1697 3448 1821 3490 cum
1844 3432 1996 3487 omni
2021 3430 2201 3486 humi-

593 3537 754 3591 litate
794 3534 886 3589 vel
923 3533 1293 3598 interrogatos,
1325 3526 1411 3583 vel
1440 3532 1704 3593 correptae
1733 3522 2113 3593 respondeant.
2144 3521 2203 3576 Si

593 3625 883 3682 labentem
912 3623 969 3678 in
1008 3620 1288 3689 quodlibet
1314 3616 1571 3671 delictum
1606 3614 1791 3683 junior
1817 3612 2088 3668 seniorem
2117 3627 2204 3667 as-

591 3718 841 3789 pexerit,
894 3730 1004 3771 non
1049 3710 1449 3783 exprobrando,
1499 3708 1594 3764 sed
1640 3707 1815 3777 magis
1860 3706 2093 3763 dolendo
2136 3706 2203 3763 ad

592 3806 980 3865 conﬁtendum
1010 3802 1293 3860 abbatissae
1319 3799 1408 3855 vel
1449 3797 1749 3869 praepositas
1777 3797 1973 3867 dirigat
2008 3816 2019 3849 :
2048 3795 2203 3851 simi-

595 3900 725 3954 liter
749 3897 946 3953 senior
984 3893 1185 3964 juniori
1208 3890 1390 3947 faciat.
1419 3889 1504 3945 Ad
1532 3887 1931 3945 confessionem
1959 3886 2202 3951 veniens,

598 3990 757 4059 prius
789 3993 1068 4059 prostrata
1093 3996 1258 4052 supra
1281 3980 1525 4044 humum,
1555 3993 1708 4033 suam
1736 3978 1949 4046 culpam
1977 3991 2097 4031 esse
2122 3975 2204 4029 di-

595 4090 689 4138 cat
718 4099 730 4133 :
764 4081 851 4135 sic
887 4085 1173 4148 postquam
1203 4086 1422 4140 surgere
1448 4069 1666 4136 jubetnr
1685 4109 1699 4135 ,
1729 4084 1881 4123 suam
1910 4066 2207 4122 confessio-

599 4186 732 4228 nem
767 4166 1108 4224 manifestet.
1139 4162 1364 4229 Quando
1407 4161 1475 4215 ad
1503 4158 1723 4229 aliquod
1751 4174 1887 4229 opus
1913 4157 2027 4211 fieri
2057 4172 2208 4212 com-

596 4271 826 4320 meatus
856 4267 1100 4327 rogatur,
1142 4257 1298 4310 venia
1324 4254 1473 4323 prius
1498 4259 1734 4321 petatur,
1766 4258 1823 4305 et
1845 4251 1924 4306 sic
1948 4250 2015 4304 de
2043 4264 2208 4319 opere

596 4356 751 4427 quod
801 4353 1115 4407 faciendum
1138 4356 1221 4403 est
1249 4353 1584 4403 commeatus
1606 4352 1847 4412 rogetur.
1881 4342 2107 4408 Quando
2137 4342 2206 4396 ad

596 4448 947 4503 abbatissam
997 4440 1229 4505 venitur,
1280 4454 1403 4495 cum
1454 4437 1602 4493 omni
1655 4437 1955 4492 humilitate
1994 4436 2208 4491 veniam

598 4541 854 4613 petendo
888 4534 1205 4599 accedatur;
1235 4531 1481 4587 similiter
1508 4530 1721 4601 quando
1750 4529 2022 4598 egreditur
2040 4567 2055 4592 ,
2084 4543 2208 4581 cum

2304 1973 2635 2028 voluntatem
2682 1972 2951 2042 impleret,
2986 1987 3085 2027 cur
3130 1972 3357 2026 aliarum
3387 1971 3583 2026 delicta
3615 1971 3892 2039 defendet,

2303 2080 2421 2135 quae
2450 2065 2667 2135 propria
2694 2062 2998 2119 crucifixit?
3028 2061 3093 2116 Et
3119 2064 3163 2118 si
3190 2063 3245 2118 in
3274 2063 3502 2129 veritate
3531 2062 3818 2132 crucifixit,
3836 2074 3897 2122 et

2305 2170 2411 2211 non
2442 2154 2642 2209 mundo
2668 2154 2803 2224 jam,
2832 2154 2928 2210 sed
2958 2153 3173 2210 Christo
3199 2154 3350 2220 vivit,
3378 2170 3476 2213 cur
3515 2153 3569 2209 in
3594 2154 3796 2210 mundo
3822 2154 3897 2213 fa-

2304 2247 2577 2303 cinoribus
2621 2246 2864 2302 labentes
2892 2261 2992 2317 pro
3033 2245 3276 2315 qualibet
3316 2244 3681 2307 familiaritate
3707 2248 3896 2307 defen-

2303 2339 2439 2394 dat?
2478 2337 2560 2393 Sit
2588 2353 2717 2408 ergo
2743 2338 2791 2393 ei
2821 2354 3007 2409 aequus
3044 2354 3199 2407 amor
3229 2348 3336 2393 tam
3365 2340 3418 2393 in
3458 2341 3892 2413 consanguinea,

2302 2444 2463 2499 quam
2506 2429 2563 2484 in
2593 2438 2786 2485 caetera
2815 2443 3026 2495 sorore,
3066 2443 3185 2498 qua:
3213 2429 3265 2483 ei
3311 2428 3587 2498 sanguinis
3630 2428 3895 2489 afﬁnitate

2303 2536 2409 2575 non
2436 2519 2698 2589 jungitur.
2732 2518 2948 2575 Maneat
2986 2533 3115 2588 ergo
3145 2521 3198 2574 iu
3235 2520 3486 2576 omnibus
3529 2536 3684 2578 amor
3729 2522 3897 2578 corde

2302 2613 2544 2675 clausus,
2574 2625 2675 2664 nec
2703 2626 3010 2679 quanquam
3048 2610 3149 2665 sub
3190 2610 3487 2680 disciplinae
3525 2611 3897 2671 moderamine

2302 2705 2532 2777 positam
2555 2702 2693 2761 tueri
2720 2704 2969 2760 studeat:
2997 2717 3066 2759 ne
3089 2702 3283 2758 vitium
3316 2701 3648 2762 defendendi
3676 2702 3732 2763 in
3760 2705 3896 2765 alias

2301 2798 2558 2853 dimittat.
2603 2797 2687 2852 Sit
2736 2809 2864 2863 ergo
2911 2795 2969 2850 in
3019 2794 3246 2851 arbitrio
3295 2794 3646 2865 corrigentis,
3679 2802 3897 2865 utquas

2302 2889 2524 2958 corrigit
2551 2889 2650 2943 sub
2679 2887 2881 2941 amoris
2920 2886 3130 2952 studio,
3176 2900 3287 2940 non
3315 2886 3590 2956 propriam
3620 2886 3894 2960 implendo

2304 2980 2661 3047 voluntatem,
2703 2977 2798 3034 sed
2845 2977 2977 3033 vitia
3023 2976 3377 3046 corrigendo,
3414 2976 3613 3038 inferat
3654 2977 3895 3051 discipli-

2305 3086 2446 3127 nanL

2868 3174 3097 3233 CAPUT
3142 3174 3329 3231 XXIV.

2718 3290 2802 3349 De
2830 3292 3119 3347 nutriendis
3146 3291 3455 3364 infantibus.

2370 3424 2609 3480 Infantes
2652 3424 2710 3479 in
2746 3426 3081 3481 monasterio
3108 3436 3312 3494 quanta
3340 3442 3467 3484 cura
3508 3437 3566 3485 et
3604 3428 3889 3502 disciplina

2305 3516 2413 3572 sint
2462 3515 2811 3582 enutriendae,
2855 3516 3038 3570 multis
3066 3516 3350 3573 didicimus
3390 3519 3750 3579 documentis.
3784 3519 3893 3579 De-

2304 3609 2435 3664 bent
2463 3610 2604 3663 enim
2630 3609 2822 3663 nutriri
2843 3624 2964 3663 cum
2993 3610 3139 3665 omni
3166 3612 3381 3681 pietatis
3409 3612 3627 3684 allecto,
3655 3624 3711 3672 et
3736 3616 3898 3675 disci-

2310 3700 2464 3771 plina:
2494 3699 2795 3759 ministerio
2825 3718 2838 3755 :
2871 3715 2943 3757 ne
2968 3700 3187 3758 desidia
3214 3704 3303 3760 vel
3328 3704 3572 3762 lascivia
3617 3707 3750 3766 vitio
3797 3711 3898 3767 sub

2306 3800 2493 3846 tenera
2522 3799 2682 3847 aetate
2709 3791 3015 3857 mawlato,
3044 3800 3136 3849 aut
3163 3794 3273 3859 vix,
3315 3804 3410 3852 aut
3433 3797 3753 3856 nullatenus
3768 3814 3901 3872 pos-

2304 3882 2414 3936 sint
2458 3888 2650 3951 postea
2690 3882 2911 3953 corrigi.
2963 3882 3046 3938 Sit
3089 3898 3217 3953 ergo
3264 3885 3318 3939 in
3372 3886 3451 3943 eis
3483 3894 3635 3944 tanta
3656 3901 3809 3955 cura,
3838 3899 3902 3946 ut

2306 3989 2585 4043 nunquam
2611 3976 2725 4029 sine
2747 3976 2962 4031 seniore
2986 3975 3090 4031 huc
3111 3984 3276 4046 atque
3300 3976 3428 4033 illuc
3452 3978 3614 4035 liceat
3637 3980 3858 4038 deviare
3884 4001 3899 4038 :

2307 4066 2402 4121 sed
2448 4080 2663 4135 semper
2704 4067 2770 4120 ab
2817 4066 2934 4134 ejus
2979 4066 3260 4136 disciplina
3313 4077 3571 4136 retentat,
3600 4079 3654 4125 et
3692 4072 3902 4129 timoris

2308 4157 2405 4211 Dei
2432 4172 2496 4212 ac
2525 4156 2725 4212 amoris
2753 4157 2999 4223 doctrina
3027 4158 3266 4227 imbuta,
3298 4159 3366 4219 ad
3392 4160 3595 4215 cultum
3624 4160 3902 4218 instruan-

2309 4258 2400 4305 tur
2426 4250 2719 4318 religionis.
2752 4248 3000 4308 Habeant
3026 4251 3273 4320 lectionis
3302 4266 3478 4318 mum;
3504 4260 3564 4308 ut
3582 4252 3683 4311 sub
3708 4255 3905 4325 puerili

2309 4351 2470 4397 aetate
2498 4343 2727 4409 discant,
2755 4343 2901 4412 quod
2932 4342 2997 4397 ad
3039 4341 3333 4411 perfectam
3360 4344 3604 4400 deductis
3632 4346 3902 4417 proficiat.

2309 4433 2369 4489 ln
2395 4434 2682 4490 refectorio
2710 4449 2808 4505 per
2833 4449 2893 4490 se
2918 4449 3158 4490 mensam
3187 4434 3425 4491 habeant
3446 4436 3600 4505 juxta
3629 4438 3904 4494 seniorum

2312 4540 2555 4579 mensam
2594 4525 2846 4595 positam.
2891 4525 3146 4580 Seniores
3175 4534 3356 4582 tamen
3384 4526 3470 4581 vel
3496 4525 3645 4593 duae,
3673 4527 3761 4583 vel
3790 4543 3906 4583 am-

600 4635 780 4690 veniaa
805 4628 1077 4701 petitione
1101 4624 1400 4680 benedictio
1423 4629 1714 4692 quaaratur.
1744 4620 1895 4675 Nulla
1917 4620 2211 4674 monaclia-
2241 4642 2288 4703 θ
2314 4615 2472 4688 plius,
2504 4616 2573 4670 de
2599 4631 2821 4686 quarum
2849 4616 3112 4686 religione
3138 4633 3248 4672 non
3302 4616 3612 4683 dubitatur,
3652 4633 3777 4674 cum
3824 4618 3906 4677 eis

597 4738 724 4779 rum
758 4736 867 4793 per
911 4718 1256 4786 semetipsam
1297 4714 1365 4768 de
1411 4712 1628 4783 propria
1674 4710 1996 4766 necessitate
2039 4710 2209 4763 abba-

599 4816 752 4869 tissze
799 4814 1082 4879 suggerat,
1114 4805 1208 4861 sed
1236 4819 1425 4860 omnes
1452 4819 1551 4873 per
1579 4802 1919 4873 prmpositam
1948 4799 2212 4871 quidquid

601 4902 1012 4959 necessitatum
1051 4897 1211 4952 fuerit
1258 4896 1539 4952 abbatissa
1568 4895 1819 4950 studeant
1854 4894 2121 4951 intimare.
2153 4892 2212 4949 Si

598 4994 879 5052 sacerdos
926 4990 1015 5047 vel
1057 4989 1281 5061 quilibet
1324 4988 1604 5057 religiosus
1651 4988 1880 5054 venerit,
1933 4994 1990 5041 ut
2037 4986 2085 5040 ei
2117 5000 2213 5055 per

601 5087 911 5143 abbatissa:
939 5090 1302 5140 commeatum
1341 5080 1413 5135 sit
1441 5079 1853 5145 occurrendum,
1888 5093 1918 5132 a
1947 5078 2106 5147 longe
2136 5092 2215 5133 as-

657 5204 698 5209 _
3537 5192 3850 5199 ___

2318 4709 2560 4774 sedeant,
2590 4716 2649 4762 ut
2672 4724 2886 4779 semper
2909 4710 3102 4775 timore
3138 4711 3464 4781 anteposita,
3495 4710 3598 4767 sub
3629 4719 3781 4768 metu
3819 4726 3907 4768 se-

2322 4800 2533 4855 niorum
2557 4800 2890 4855 nutriantur.
2924 4801 3127 4868 Quibus
3154 4815 3290 4859 vero
3336 4802 3486 4860 horis
3526 4800 3791 4873 nnciam,
3820 4804 3911 4870 vel

2320 4906 2569 4947 somnum
2591 4891 2827 4962 capiant,
2853 4891 3136 4952 abbatissae
3163 4892 3390 4952 arbitrio
3408 4893 3751 4965 pensandum
3774 4900 3858 4955 eat
3887 4912 3901 4949 :

2322 4984 2459 5043 utin
2498 4983 2748 5050 omnibus
2788 4984 3047 5041 virtutum
3092 4984 3336 5044 custodia
3372 4985 3627 5051 discretio
3664 4985 3908 5058 mseria-

2324 5084 2428 5132 tur.

1912 5242 2559 5392 .LECTOBL

678 5469 742 5526 In
771 5460 953 5522 veteri
983 5457 1207 5523 Codice,
1227 5454 1320 5524 qui
1350 5459 1659 5509 sanctorum
1690 5452 1912 5508 Patrum
1934 5450 2261 5509 monasticas
2287 5450 2593 5506 sanctiones
2622 5448 2884 5515 continet,
2913 5448 3078 5506 etiam
3104 5456 3394 5519 sequentes
3411 5446 3532 5507 dum
3552 5447 3908 5509 Constitutio-

606 5583 728 5629 nes,
762 5562 945 5615 altera
976 5551 1165 5608 nescio
1199 5547 1351 5617 cujus
1379 5547 1577 5616 regitis:
1599 5549 1935 5613 devotarnm,
1962 5547 2131 5601 altera
2173 5534 2385 5601 concilii
2413 5544 2740 5613 llispalcnsis
2766 5544 3017 5611 secundi,
3060 5553 3185 5616 post
3222 5543 3479 5614 Regulam
3514 5546 3688 5601 sancti
3718 5545 3911 5603 lsidori

609 5662 969 5733 tegebantur.
1011 5646 1113 5700 Eas
1139 5659 1373 5714 quoque,
1408 5643 1532 5713 quia
1564 5642 1629 5696 ad
1676 5643 1940 5711 virginum
1979 5640 2465 5696 sanctimonialium
2494 5654 2679 5694 curam
2717 5655 2779 5694 ac
2825 5637 3162 5710 disciplinam
3208 5646 3449 5695 veterem
3478 5639 3770 5710 pertinent,
3802 5640 3911 5699 hoc

611 5729 738 5811 loco
768 5742 986 5820 placuit
1011 5738 1295 5801 exhibere;
1332 5742 1388 5789 ut
1416 5748 1601 5788 omnes
1630 5747 1796 5788 sacrae
1824 5733 2157 5805 antiquitatis
2186 5730 2438 5801 reliquias
2466 5746 2628 5801 quam
2670 5729 2783 5787 lieri
2808 5738 2984 5801 potest
3012 5730 3433 5803 religiosissime,
3464 5732 3628 5787 etiam
3670 5748 3795 5791 eum
3821 5749 3909 5789 ra-

610 5851 805 5905 menta
828 5844 891 5895 et
916 5826 1242 5905 pulvisculo,
1274 5832 1744 5894 reprtesentarem.
