  <div class='ocr_page' id='page_1' title='image "/cluster/home/n/w/nwhite01/storage/ocr_20150623/88-89/uc1.31175000868714/539.png"; bbox 0 0 5174 6612; ppageno 0'>
   <div class='ocr_carea' id='block_1_1' title="bbox 1716 469 1847 528">
    <p class='ocr_par' dir='ltr' id='par_1_1' title="bbox 1716 469 1847 528">
     <span class='ocr_line' id='line_1_1' title="bbox 1716 469 1847 528; baseline -0.053 0"><span class='ocrx_word' id='word_1_1' title='bbox 1716 469 1847 528; x_wconf 70' lang='grc'><strong>1071</strong></span> 
     </span>
    </p>
   </div>
   <div class='ocr_carea' id='block_1_2' title="bbox 1717 589 3706 620">
    <p class='ocr_par' dir='ltr' id='par_1_2' title="bbox 1717 589 3706 620">
     <span class='ocr_line' id='line_1_2' title="bbox 1717 589 3706 620; baseline -0.001 -7"><span class='ocrx_word' id='word_1_2' title='bbox 1717 589 3706 620; x_wconf 59' lang='lat' dir='ltr'><strong>Wm—</strong></span> 
     </span>
    </p>
   </div>
   <div class='ocr_carea' id='block_1_3' title="bbox 3011 467 3685 526">
    <p class='ocr_par' dir='ltr' id='par_1_3' title="bbox 3011 467 3685 526">
     <span class='ocr_line' id='line_1_3' title="bbox 3011 467 3685 526; baseline -0.012 -1"><span class='ocrx_word' id='word_1_3' title='bbox 3011 468 3282 526; x_wconf 77' lang='lat' dir='ltr'><strong>INCERTI</strong></span> <span class='ocrx_word' id='word_1_4' title='bbox 3322 467 3685 526; x_wconf 62' lang='lat' dir='ltr'><strong>SERMONES</strong></span> 
     </span>
    </p>
   </div>
   <div class='ocr_carea' id='block_1_4' title="bbox 4836 472 4969 530">
    <p class='ocr_par' dir='ltr' id='par_1_4' title="bbox 4836 472 4969 530">
     <span class='ocr_line' id='line_1_4' title="bbox 4836 472 4969 530; baseline 0.008 -1"><span class='ocrx_word' id='word_1_5' title='bbox 4836 472 4969 530; x_wconf 65' lang='lat' dir='ltr'><strong>107i</strong></span> 
     </span>
    </p>
   </div>
   <div class='ocr_carea' id='block_1_5' title="bbox 2324 681 4350 764">
    <p class='ocr_par' dir='ltr' id='par_1_5' title="bbox 2324 681 4350 764">
     <span class='ocr_line' id='line_1_5' title="bbox 2324 681 4350 764; baseline -0.001 -4"><span class='ocrx_word' id='word_1_6' title='bbox 2324 685 2356 724; x_wconf 77' lang='grc'><strong><em>⁸</em></strong></span> <span class='ocrx_word' id='word_1_7' title='bbox 2388 683 2963 764; x_wconf 81' lang='lat' dir='ltr'><strong>SENTENTIA</strong></span> <span class='ocrx_word' id='word_1_8' title='bbox 3017 683 3150 761; x_wconf 87' lang='lat' dir='ltr'><strong>DE</strong></span> <span class='ocrx_word' id='word_1_9' title='bbox 3203 681 3639 761; x_wconf 79' lang='lat' dir='ltr'><strong>REGULIS</strong></span> <span class='ocrx_word' id='word_1_10' title='bbox 3699 683 4350 762; x_wconf 64' lang='lat' dir='ltr'><strong>DEVt&#39;Yl‘AllUM.</strong></span> 
     </span>
    </p>
   </div>
   <div class='ocr_carea' id='block_1_6' title="bbox 1780 925 4973 1002">
    <p class='ocr_par' dir='ltr' id='par_1_6' title="bbox 1780 925 4973 1002">
     <span class='ocr_line' id='line_1_6' title="bbox 1780 925 4973 1002; baseline 0.004 -19"><span class='ocrx_word' id='word_1_11' title='bbox 1780 928 1951 983; x_wconf 80' lang='lat' dir='ltr'><strong>Nemo</strong></span> <span class='ocrx_word' id='word_1_12' title='bbox 1980 926 2048 982; x_wconf 87' lang='lat' dir='ltr'><strong>ad</strong></span> <span class='ocrx_word' id='word_1_13' title='bbox 2079 939 2171 980; x_wconf 86' lang='lat' dir='ltr'><strong>eas</strong></span> <span class='ocrx_word' id='word_1_14' title='bbox 2199 925 2365 982; x_wconf 90' lang='lat' dir='ltr'><strong>vadat</strong></span> <span class='ocrx_word' id='word_1_15' title='bbox 2392 927 2682 983; x_wconf 89' lang='lat' dir='ltr'><strong>visitandas</strong></span> <span class='ocrx_word' id='word_1_16' title='bbox 2722 928 2825 985; x_wconf 84' lang='lat' dir='ltr'><strong>nisi</strong></span> <span class='ocrx_word' id='word_1_17' title='bbox 2850 931 2942 1002; x_wconf 84' lang='lat' dir='ltr'><strong>qui</strong></span> <span class='ocrx_word' id='word_1_18' title='bbox 2971 929 3192 986; x_wconf 89' lang='lat' dir='ltr'><strong>habebit</strong></span> <span class='ocrx_word' id='word_1_19' title='bbox 3221 933 3292 988; x_wconf 90' lang='lat' dir='ltr'><strong>ibi</strong></span> <span class='ocrx_word' id='word_1_20' title='bbox 3321 937 3373 997; x_wconf 75' lang='grc' dir='ltr'><strong>Α</strong></span> <span class='ocrx_word' id='word_1_21' title='bbox 3397 933 3524 996; x_wconf 92' lang='lat' dir='ltr'><strong>rint,</strong></span> <span class='ocrx_word' id='word_1_22' title='bbox 3556 930 3786 999; x_wconf 89' lang='lat' dir='ltr'><strong>primum</strong></span> <span class='ocrx_word' id='word_1_23' title='bbox 3817 928 4017 985; x_wconf 84' lang='lat' dir='ltr'><strong>facient</strong></span> <span class='ocrx_word' id='word_1_24' title='bbox 4043 930 4356 986; x_wconf 89' lang='lat' dir='ltr'><strong>renuntiare</strong></span> <span class='ocrx_word' id='word_1_25' title='bbox 4381 930 4518 1001; x_wconf 91' lang='lat' dir='ltr'><strong>patri</strong></span> <span class='ocrx_word' id='word_1_26' title='bbox 4557 937 4888 1000; x_wconf 88' lang='lat' dir='ltr'><strong>monasterii,</strong></span> <span class='ocrx_word' id='word_1_27' title='bbox 4920 951 4973 995; x_wconf 92' lang='lat' dir='ltr'><strong>et</strong></span> 
     </span>
    </p>
   </div>
   <div class='ocr_carea' id='block_1_7' title="bbox 1710 1017 3296 1092">
    <p class='ocr_par' dir='ltr' id='par_1_7' title="bbox 1710 1017 3296 1092">
     <span class='ocr_line' id='line_1_7' title="bbox 1710 1017 3296 1092; baseline 0.001 -16"><span class='ocrx_word' id='word_1_28' title='bbox 1710 1030 1957 1084; x_wconf 89' lang='lat' dir='ltr'><strong>matrem,</strong></span> <span class='ocrx_word' id='word_1_29' title='bbox 2001 1018 2085 1073; x_wconf 93' lang='lat' dir='ltr'><strong>vel</strong></span> <span class='ocrx_word' id='word_1_30' title='bbox 2111 1033 2386 1085; x_wconf 91' lang='lat' dir='ltr'><strong>sororem,</strong></span> <span class='ocrx_word' id='word_1_31' title='bbox 2417 1026 2510 1074; x_wconf 92' lang='lat' dir='ltr'><strong>aut</strong></span> <span class='ocrx_word' id='word_1_32' title='bbox 2535 1017 2721 1087; x_wconf 80' lang='lat' dir='ltr'><strong>filiam,</strong></span> <span class='ocrx_word' id='word_1_33' title='bbox 2763 1029 2820 1076; x_wconf 87' lang='lat' dir='ltr'><strong>et</strong></span> <span class='ocrx_word' id='word_1_34' title='bbox 2859 1021 3210 1092; x_wconf 91' lang='lat' dir='ltr'><strong>propinquas,</strong></span> <span class='ocrx_word' id='word_1_35' title='bbox 3242 1033 3296 1078; x_wconf 89' lang='lat' dir='ltr'><strong>et</strong></span> 
     </span>
    </p>
   </div>
   <div class='ocr_carea' id='block_1_8' title="bbox 1711 1111 3292 1178">
    <p class='ocr_par' dir='ltr' id='par_1_8' title="bbox 1711 1111 3292 1178">
     <span class='ocr_line' id='line_1_8' title="bbox 1711 1111 3292 1178; baseline 0.001 -11"><span class='ocrx_word' id='word_1_36' title='bbox 1711 1113 2082 1178; x_wconf 87' lang='lat' dir='ltr'><strong>consobrinas,</strong></span> <span class='ocrx_word' id='word_1_37' title='bbox 2107 1113 2220 1166; x_wconf 84' lang='lat' dir='ltr'><strong>sive</strong></span> <span class='ocrx_word' id='word_1_38' title='bbox 2240 1121 2464 1166; x_wconf 92' lang='lat' dir='ltr'><strong>matrem</strong></span> <span class='ocrx_word' id='word_1_39' title='bbox 2495 1111 2724 1167; x_wconf 81' lang='lat' dir='ltr'><strong>filiorum</strong></span> <span class='ocrx_word' id='word_1_40' title='bbox 2754 1128 2995 1168; x_wconf 90' lang='lat' dir='ltr'><strong>suorum.</strong></span> <span class='ocrx_word' id='word_1_41' title='bbox 3027 1114 3084 1168; x_wconf 90' lang='lat' dir='ltr'><strong>Si</strong></span> <span class='ocrx_word' id='word_1_42' title='bbox 3113 1124 3292 1170; x_wconf 90' lang='lat' dir='ltr'><strong>autem</strong></span> 
     </span>
    </p>
   </div>
   <div class='ocr_carea' id='block_1_9' title="bbox 1710 1202 3292 1274">
    <p class='ocr_par' dir='ltr' id='par_1_9' title="bbox 1710 1202 3292 1274">
     <span class='ocr_line' id='line_1_9' title="bbox 1710 1202 3292 1274; baseline 0.002 -18"><span class='ocrx_word' id='word_1_43' title='bbox 1710 1205 2003 1258; x_wconf 72' lang='lat' dir='ltr'><strong>necessitas</strong></span> <span class='ocrx_word' id='word_1_44' title='bbox 2030 1202 2192 1257; x_wconf 90' lang='lat' dir='ltr'><strong>fuerit</strong></span> <span class='ocrx_word' id='word_1_45' title='bbox 2221 1212 2277 1257; x_wconf 91' lang='lat' dir='ltr'><strong>ut</strong></span> <span class='ocrx_word' id='word_1_46' title='bbox 2306 1203 2519 1258; x_wconf 88' lang='lat' dir='ltr'><strong>videant</strong></span> <span class='ocrx_word' id='word_1_47' title='bbox 2545 1218 2659 1267; x_wconf 87' lang='lat' dir='ltr'><strong>eas,</strong></span> <span class='ocrx_word' id='word_1_48' title='bbox 2689 1211 2749 1258; x_wconf 95' lang='lat' dir='ltr'><strong>ut</strong></span> <span class='ocrx_word' id='word_1_49' title='bbox 2776 1211 3063 1274; x_wconf 76' lang='lat' dir='ltr'><strong>antequam</strong></span> <span class='ocrx_word' id='word_1_50' title='bbox 3091 1220 3292 1261; x_wconf 86' lang='lat' dir='ltr'><strong>renun-</strong></span> 
     </span>
    </p>
   </div>
   <div class='ocr_carea' id='block_1_10' title="bbox 1709 1294 3291 1366">
    <p class='ocr_par' dir='ltr' id='par_1_10' title="bbox 1709 1294 3291 1366">
     <span class='ocr_line' id='line_1_10' title="bbox 1709 1294 3291 1366; baseline 0.001 -18"><span class='ocrx_word' id='word_1_51' title='bbox 1709 1295 1907 1349; x_wconf 87' lang='lat' dir='ltr'><strong>tiarent</strong></span> <span class='ocrx_word' id='word_1_52' title='bbox 1953 1295 2176 1354; x_wconf 71' lang='lat' dir='ltr'><strong>smculo.</strong></span> <span class='ocrx_word' id='word_1_53' title='bbox 2213 1294 2475 1348; x_wconf 90' lang='lat' dir='ltr'><strong>intrarent</strong></span> <span class='ocrx_word' id='word_1_54' title='bbox 2523 1295 2576 1348; x_wconf 91' lang='lat' dir='ltr'><strong>in</strong></span> <span class='ocrx_word' id='word_1_55' title='bbox 2617 1295 3038 1364; x_wconf 84' lang='lat' dir='ltr'><strong>monasterium,</strong></span> <span class='ocrx_word' id='word_1_56' title='bbox 3070 1305 3291 1366; x_wconf 88' lang='lat' dir='ltr'><strong>paterna</strong></span> 
     </span>
    </p>
   </div>
   <div class='ocr_carea' id='block_1_11' title="bbox 1708 1384 3292 1454">
    <p class='ocr_par' dir='ltr' id='par_1_11' title="bbox 1708 1384 3292 1454">
     <span class='ocr_line' id='line_1_11' title="bbox 1708 1384 3292 1454; baseline 0.003 -16"><span class='ocrx_word' id='word_1_57' title='bbox 1708 1384 1935 1439; x_wconf 82' lang='lat' dir='ltr'><strong>debetur</strong></span> <span class='ocrx_word' id='word_1_58' title='bbox 1977 1385 2055 1438; x_wconf 89' lang='lat' dir='ltr'><strong>eis</strong></span> <span class='ocrx_word' id='word_1_59' title='bbox 2097 1385 2376 1440; x_wconf 70' lang='lat' dir='ltr'><strong>lia-reditas</strong></span> <span class='ocrx_word' id='word_1_60' title='bbox 2411 1405 2420 1437; x_wconf 90' lang='lat'>:</span> <span class='ocrx_word' id='word_1_61' title='bbox 2453 1396 2546 1439; x_wconf 91' lang='lat' dir='ltr'><strong>aut</strong></span> <span class='ocrx_word' id='word_1_62' title='bbox 2585 1386 2762 1454; x_wconf 88' lang='lat' dir='ltr'><strong>aliqua</strong></span> <span class='ocrx_word' id='word_1_63' title='bbox 2811 1401 2970 1440; x_wconf 89' lang='lat' dir='ltr'><strong>causa</strong></span> <span class='ocrx_word' id='word_1_64' title='bbox 3011 1385 3292 1442; x_wconf 80' lang='lat' dir='ltr'><strong>manifesta</strong></span> 
     </span>
    </p>
   </div>
   <div class='ocr_carea' id='block_1_12' title="bbox 1710 1477 3286 1545">
    <p class='ocr_par' dir='ltr' id='par_1_12' title="bbox 1710 1477 3286 1545">
     <span class='ocr_line' id='line_1_12' title="bbox 1710 1477 3286 1545; baseline 0.003 -16"><span class='ocrx_word' id='word_1_65' title='bbox 1710 1487 1820 1535; x_wconf 78' lang='lat' dir='ltr'><strong>est.</strong></span> <span class='ocrx_word' id='word_1_66' title='bbox 1854 1478 2064 1530; x_wconf 86' lang='lat' dir='ltr'><strong>mittent</strong></span> <span class='ocrx_word' id='word_1_67' title='bbox 2092 1492 2211 1528; x_wconf 77' lang='lat' dir='ltr'><strong>cum</strong></span> <span class='ocrx_word' id='word_1_68' title='bbox 2240 1478 2319 1531; x_wconf 87' lang='lat' dir='ltr'><strong>eis</strong></span> <span class='ocrx_word' id='word_1_69' title='bbox 2361 1478 2597 1545; x_wconf 62' lang='lat' dir='ltr'><strong>probata!</strong></span> <span class='ocrx_word' id='word_1_70' title='bbox 2627 1477 2796 1531; x_wconf 90' lang='lat' dir='ltr'><strong>virum</strong></span> <span class='ocrx_word' id='word_1_71' title='bbox 2827 1479 3001 1532; x_wconf 68' lang='lat' dir='ltr'><strong>aetatis</strong></span> <span class='ocrx_word' id='word_1_72' title='bbox 3029 1492 3092 1533; x_wconf 85' lang='lat' dir='ltr'><strong>ac</strong></span> <span class='ocrx_word' id='word_1_73' title='bbox 3121 1478 3244 1533; x_wconf 74' lang='lat' dir='ltr'><strong>vita:</strong></span> <span class='ocrx_word' id='word_1_74' title='bbox 3275 1498 3286 1532; x_wconf 88' lang='lat'><em>:</em></span> 
     </span>
    </p>
   </div>
   <div class='ocr_carea' id='block_1_13' title="bbox 1709 1569 3290 1637">
    <p class='ocr_par' dir='ltr' id='par_1_13' title="bbox 1709 1569 3290 1637">
     <span class='ocr_line' id='line_1_13' title="bbox 1709 1569 3290 1637; baseline 0.002 -14"><span class='ocrx_word' id='word_1_75' title='bbox 1709 1571 1965 1623; x_wconf 79' lang='lat' dir='ltr'><strong>videbunt</strong></span> <span class='ocrx_word' id='word_1_76' title='bbox 1990 1583 2112 1634; x_wconf 88' lang='lat' dir='ltr'><strong>eas,</strong></span> <span class='ocrx_word' id='word_1_77' title='bbox 2140 1579 2197 1622; x_wconf 90' lang='lat' dir='ltr'><strong>ut</strong></span> <span class='ocrx_word' id='word_1_78' title='bbox 2224 1572 2424 1637; x_wconf 88' lang='lat' dir='ltr'><strong>pariter</strong></span> <span class='ocrx_word' id='word_1_79' title='bbox 2453 1577 2801 1625; x_wconf 90' lang='lat' dir='ltr'><strong>revertentur.</strong></span> <span class='ocrx_word' id='word_1_80' title='bbox 2840 1569 3009 1626; x_wconf 85' lang='lat' dir='ltr'><strong>Nemo</strong></span> <span class='ocrx_word' id='word_1_81' title='bbox 3040 1570 3202 1626; x_wconf 82' lang='lat' dir='ltr'><strong>vadat</strong></span> <span class='ocrx_word' id='word_1_82' title='bbox 3223 1571 3290 1626; x_wconf 85' lang='lat' dir='ltr'><strong>ad</strong></span> 
     </span>
    </p>
   </div>
   <div class='ocr_carea' id='block_1_14' title="bbox 1710 1659 3294 1729">
    <p class='ocr_par' dir='ltr' id='par_1_14' title="bbox 1710 1659 3294 1729">
     <span class='ocr_line' id='line_1_14' title="bbox 1710 1659 3294 1729; baseline 0.001 -15"><span class='ocrx_word' id='word_1_83' title='bbox 1710 1661 1848 1723; x_wconf 67' lang='lat' dir='ltr'><strong>illas,</strong></span> <span class='ocrx_word' id='word_1_84' title='bbox 1879 1659 1980 1713; x_wconf 89' lang='lat' dir='ltr'><strong>nisi</strong></span> <span class='ocrx_word' id='word_1_85' title='bbox 2025 1673 2163 1727; x_wconf 88' lang='lat' dir='ltr'><strong>quos</strong></span> <span class='ocrx_word' id='word_1_86' title='bbox 2188 1673 2348 1729; x_wconf 85' lang='lat' dir='ltr'><strong>supra</strong></span> <span class='ocrx_word' id='word_1_87' title='bbox 2376 1659 2630 1714; x_wconf 80' lang='lat' dir='ltr'><strong>diximus.</strong></span> <span class='ocrx_word' id='word_1_88' title='bbox 2663 1659 2720 1712; x_wconf 70' lang='lat' dir='ltr'><strong>Si</strong></span> <span class='ocrx_word' id='word_1_89' title='bbox 2767 1674 2860 1714; x_wconf 85' lang='lat' dir='ltr'><strong>cas</strong></span> <span class='ocrx_word' id='word_1_90' title='bbox 2888 1659 3072 1716; x_wconf 86' lang='lat' dir='ltr'><strong>videre</strong></span> <span class='ocrx_word' id='word_1_91' title='bbox 3108 1660 3294 1715; x_wconf 88' lang='lat' dir='ltr'><strong>volue-</strong></span> 
     </span>
    </p>
   </div>
   <div class='ocr_carea' id='block_1_15' title="bbox 3401 1020 4970 1095">
    <p class='ocr_par' dir='ltr' id='par_1_15' title="bbox 3401 1020 4970 1095">
     <span class='ocr_line' id='line_1_15' title="bbox 3401 1020 4970 1095; baseline 0.003 -17"><span class='ocrx_word' id='word_1_92' title='bbox 3401 1022 3493 1078; x_wconf 91' lang='lat' dir='ltr'><strong>ille</strong></span> <span class='ocrx_word' id='word_1_93' title='bbox 3521 1023 3697 1077; x_wconf 87' lang='lat' dir='ltr'><strong>mittet</strong></span> <span class='ocrx_word' id='word_1_94' title='bbox 3735 1021 3803 1074; x_wconf 89' lang='lat' dir='ltr'><strong>ad</strong></span> <span class='ocrx_word' id='word_1_95' title='bbox 3828 1021 4098 1082; x_wconf 89' lang='lat' dir='ltr'><strong>seniores,</strong></span> <span class='ocrx_word' id='word_1_96' title='bbox 4127 1021 4216 1090; x_wconf 89' lang='lat' dir='ltr'><strong>qui</strong></span> <span class='ocrx_word' id='word_1_97' title='bbox 4249 1020 4298 1075; x_wconf 91' lang='lat' dir='ltr'><strong>in</strong></span> <span class='ocrx_word' id='word_1_98' title='bbox 4328 1021 4682 1078; x_wconf 86' lang='lat' dir='ltr'><strong>ministerium</strong></span> <span class='ocrx_word' id='word_1_99' title='bbox 4713 1026 4970 1095; x_wconf 79' lang='lat' dir='ltr'><strong>virginum</strong></span> 
     </span>
    </p>
   </div>
   <div class='ocr_carea' id='block_1_16' title="bbox 3399 1112 4972 1184">
    <p class='ocr_par' dir='ltr' id='par_1_16' title="bbox 3399 1112 4972 1184">
     <span class='ocr_line' id='line_1_16' title="bbox 3399 1112 4972 1184; baseline 0.004 -18"><span class='ocrx_word' id='word_1_100' title='bbox 3399 1112 3630 1179; x_wconf 76' lang='lat' dir='ltr'><strong>delegati</strong></span> <span class='ocrx_word' id='word_1_101' title='bbox 3659 1117 3782 1166; x_wconf 90' lang='lat' dir='ltr'><strong>sunt</strong></span> <span class='ocrx_word' id='word_1_102' title='bbox 3815 1127 3828 1163; x_wconf 92' lang='lat'>:</span> <span class='ocrx_word' id='word_1_103' title='bbox 3857 1112 3946 1179; x_wconf 90' lang='lat' dir='ltr'><strong>qui</strong></span> <span class='ocrx_word' id='word_1_104' title='bbox 3990 1119 4336 1166; x_wconf 60' lang='lat' dir='ltr'><strong>occurrentes</strong></span> <span class='ocrx_word' id='word_1_105' title='bbox 4372 1112 4477 1175; x_wconf 87' lang='lat' dir='ltr'><strong>eis,</strong></span> <span class='ocrx_word' id='word_1_106' title='bbox 4509 1121 4564 1167; x_wconf 92' lang='lat' dir='ltr'><strong>et</strong></span> <span class='ocrx_word' id='word_1_107' title='bbox 4593 1129 4712 1169; x_wconf 90' lang='lat' dir='ltr'><strong>cum</strong></span> <span class='ocrx_word' id='word_1_108' title='bbox 4743 1119 4871 1184; x_wconf 88' lang='lat' dir='ltr'><strong>ipsis</strong></span> <span class='ocrx_word' id='word_1_109' title='bbox 4898 1119 4972 1172; x_wconf 87' lang='lat' dir='ltr'><strong>vi-</strong></span> 
     </span>
    </p>
   </div>
   <div class='ocr_carea' id='block_1_17' title="bbox 3398 1199 4973 1276">
    <p class='ocr_par' dir='ltr' id='par_1_17' title="bbox 3398 1199 4973 1276">
     <span class='ocr_line' id='line_1_17' title="bbox 3398 1199 4973 1276; baseline 0.004 -21"><span class='ocrx_word' id='word_1_110' title='bbox 3398 1199 3602 1256; x_wconf 89' lang='lat' dir='ltr'><strong>debunt</strong></span> <span class='ocrx_word' id='word_1_111' title='bbox 3642 1216 3776 1272; x_wconf 84' lang='lat' dir='ltr'><strong>quas</strong></span> <span class='ocrx_word' id='word_1_112' title='bbox 3805 1214 4025 1256; x_wconf 89' lang='lat' dir='ltr'><strong>necesse</strong></span> <span class='ocrx_word' id='word_1_113' title='bbox 4050 1201 4353 1266; x_wconf 85' lang='lat' dir='ltr'><strong>habuerint.</strong></span> <span class='ocrx_word' id='word_1_114' title='bbox 4377 1218 4499 1257; x_wconf 91' lang='lat' dir='ltr'><strong>cum</strong></span> <span class='ocrx_word' id='word_1_115' title='bbox 4525 1204 4670 1257; x_wconf 90' lang='lat' dir='ltr'><strong>omni</strong></span> <span class='ocrx_word' id='word_1_116' title='bbox 4698 1204 4973 1276; x_wconf 82' lang='lat' dir='ltr'><strong>disciplina</strong></span> 
     </span>
    </p>
   </div>
   <div class='ocr_carea' id='block_1_18' title="bbox 3398 1291 4973 1364">
    <p class='ocr_par' dir='ltr' id='par_1_18' title="bbox 3398 1291 4973 1364">
     <span class='ocr_line' id='line_1_18' title="bbox 3398 1291 4973 1364; baseline 0.003 -18"><span class='ocrx_word' id='word_1_117' title='bbox 3398 1301 3454 1346; x_wconf 86' lang='lat' dir='ltr'><strong>et</strong></span> <span class='ocrx_word' id='word_1_118' title='bbox 3479 1291 3674 1347; x_wconf 86' lang='lat' dir='ltr'><strong>timore</strong></span> <span class='ocrx_word' id='word_1_119' title='bbox 3693 1291 3807 1348; x_wconf 89' lang='lat' dir='ltr'><strong>Dei.</strong></span> <span class='ocrx_word' id='word_1_120' title='bbox 3842 1293 4082 1360; x_wconf 72' lang='lat' dir='ltr'><strong>Cumque</strong></span> <span class='ocrx_word' id='word_1_121' title='bbox 4109 1306 4202 1348; x_wconf 86' lang='lat' dir='ltr'><strong>eas</strong></span> <span class='ocrx_word' id='word_1_122' title='bbox 4228 1291 4477 1359; x_wconf 81' lang='lat' dir='ltr'><strong>viderint,</strong></span> <span class='ocrx_word' id='word_1_123' title='bbox 4507 1309 4613 1348; x_wconf 91' lang='lat' dir='ltr'><strong>non</strong></span> <span class='ocrx_word' id='word_1_124' title='bbox 4643 1293 4722 1348; x_wconf 91' lang='lat' dir='ltr'><strong>eis</strong></span> <span class='ocrx_word' id='word_1_125' title='bbox 4751 1295 4973 1364; x_wconf 84' lang='lat' dir='ltr'><strong>loquen-</strong></span> 
     </span>
    </p>
   </div>
   <div class='ocr_carea' id='block_1_19' title="bbox 3395 1383 4973 1451">
    <p class='ocr_par' dir='ltr' id='par_1_19' title="bbox 3395 1383 4973 1451">
     <span class='ocr_line' id='line_1_19' title="bbox 3395 1383 4973 1451; baseline 0.003 -13"><span class='ocrx_word' id='word_1_126' title='bbox 3395 1391 3484 1438; x_wconf 89' lang='lat' dir='ltr'><strong>tur</strong></span> <span class='ocrx_word' id='word_1_127' title='bbox 3509 1383 3576 1439; x_wconf 90' lang='lat' dir='ltr'><strong>dc</strong></span> <span class='ocrx_word' id='word_1_128' title='bbox 3605 1384 3764 1440; x_wconf 90' lang='lat' dir='ltr'><strong>rebus</strong></span> <span class='ocrx_word' id='word_1_129' title='bbox 3791 1383 4159 1440; x_wconf 69' lang='lat' dir='ltr'><strong>smeularibus.</strong></span> <span class='ocrx_word' id='word_1_130' title='bbox 4193 1383 4511 1451; x_wconf 71' lang='lat' dir='ltr'><strong>Quicunque</strong></span> <span class='ocrx_word' id='word_1_131' title='bbox 4538 1383 4604 1438; x_wconf 92' lang='lat' dir='ltr'><strong>de</strong></span> <span class='ocrx_word' id='word_1_132' title='bbox 4635 1384 4716 1440; x_wconf 88' lang='lat' dir='ltr'><strong>his</strong></span> <span class='ocrx_word' id='word_1_133' title='bbox 4748 1388 4973 1442; x_wconf 84' lang='lat' dir='ltr'><strong>manda-</strong></span> 
     </span>
    </p>
   </div>
   <div class='ocr_carea' id='block_1_20' title="bbox 3395 1472 4974 1545">
    <p class='ocr_par' dir='ltr' id='par_1_20' title="bbox 3395 1472 4974 1545">
     <span class='ocr_line' id='line_1_20' title="bbox 3395 1472 4974 1545; baseline 0.002 -17"><span class='ocrx_word' id='word_1_134' title='bbox 3395 1474 3464 1529; x_wconf 89' lang='lat' dir='ltr'><strong>tis</strong></span> <span class='ocrx_word' id='word_1_135' title='bbox 3486 1476 3822 1544; x_wconf 82' lang='lat' dir='ltr'><strong>praeterierit,</strong></span> <span class='ocrx_word' id='word_1_136' title='bbox 3853 1475 4058 1544; x_wconf 83' lang='lat' dir='ltr'><strong>absque</strong></span> <span class='ocrx_word' id='word_1_137' title='bbox 4085 1473 4192 1528; x_wconf 87' lang='lat' dir='ltr'><strong>ulla</strong></span> <span class='ocrx_word' id='word_1_138' title='bbox 4233 1472 4677 1528; x_wconf 83' lang='lat' dir='ltr'><strong>recrastinatione</strong></span> <span class='ocrx_word' id='word_1_139' title='bbox 4705 1476 4974 1545; x_wconf 87' lang='lat' dir='ltr'><strong>negligen-</strong></span> 
     </span>
    </p>
   </div>
   <div class='ocr_carea' id='block_1_21' title="bbox 3398 1563 4974 1639">
    <p class='ocr_par' dir='ltr' id='par_1_21' title="bbox 3398 1563 4974 1639">
     <span class='ocr_line' id='line_1_21' title="bbox 3398 1563 4974 1639; baseline 0.001 -19"><span class='ocrx_word' id='word_1_140' title='bbox 3398 1566 3485 1620; x_wconf 71' lang='lat' dir='ltr'><strong>tia:</strong></span> <span class='ocrx_word' id='word_1_141' title='bbox 3515 1577 3678 1636; x_wconf 89' lang='lat' dir='ltr'><strong>atque</strong></span> <span class='ocrx_word' id='word_1_142' title='bbox 3704 1574 4067 1639; x_wconf 85' lang='lat' dir='ltr'><strong>contemptus,</strong></span> <span class='ocrx_word' id='word_1_143' title='bbox 4097 1574 4220 1636; x_wconf 83' lang='lat' dir='ltr'><strong>aget</strong></span> <span class='ocrx_word' id='word_1_144' title='bbox 4252 1566 4468 1636; x_wconf 78' lang='lat' dir='ltr'><strong>publice</strong></span> <span class='ocrx_word' id='word_1_145' title='bbox 4494 1563 4889 1637; x_wconf 69' lang='lat' dir='ltr'><strong>paenitentiam,</strong></span> <span class='ocrx_word' id='word_1_146' title='bbox 4919 1577 4974 1624; x_wconf 93' lang='lat' dir='ltr'><strong>ut</strong></span> 
     </span>
    </p>
   </div>
   <div class='ocr_carea' id='block_1_22' title="bbox 3399 1657 4480 1730">
    <p class='ocr_par' dir='ltr' id='par_1_22' title="bbox 3399 1657 4480 1730">
     <span class='ocr_line' id='line_1_22' title="bbox 3399 1657 4480 1730; baseline 0 -18"><span class='ocrx_word' id='word_1_147' title='bbox 3399 1657 3674 1728; x_wconf 88' lang='lat' dir='ltr'><strong>possidere</strong></span> <span class='ocrx_word' id='word_1_148' title='bbox 3706 1658 3982 1717; x_wconf 85' lang='lat' dir='ltr'><strong>valeamus</strong></span> <span class='ocrx_word' id='word_1_149' title='bbox 4007 1672 4170 1730; x_wconf 83' lang='lat' dir='ltr'><strong>regna</strong></span> <span class='ocrx_word' id='word_1_150' title='bbox 4198 1657 4480 1714; x_wconf 67' lang='lat' dir='ltr'><strong>celerum.</strong></span> 
     </span>
    </p>
   </div>
   <div class='ocr_carea' id='block_1_23' title="bbox 2467 1864 4238 1947">
    <p class='ocr_par' dir='ltr' id='par_1_23' title="bbox 2467 1864 4238 1947">
     <span class='ocr_line' id='line_1_23' title="bbox 2467 1864 4238 1947; baseline 0 -3"><span class='ocrx_word' id='word_1_151' title='bbox 2467 1866 3038 1947; x_wconf 87' lang='lat' dir='ltr'><strong>CONCILIUM</strong></span> <span class='ocrx_word' id='word_1_152' title='bbox 3105 1864 3760 1944; x_wconf 81' lang='lat' dir='ltr'><strong>IIISPALENSE.</strong></span> <span class='ocrx_word' id='word_1_153' title='bbox 3824 1867 4036 1944; x_wconf 84' lang='lat' dir='ltr'><strong>CAP.</strong></span> <span class='ocrx_word' id='word_1_154' title='bbox 4098 1867 4238 1944; x_wconf 82' lang='lat' dir='ltr'><strong>XI.</strong></span> 
     </span>
    </p>
   </div>
   <div class='ocr_carea' id='block_1_24' title="bbox 3165 2028 3503 2045">
    <p class='ocr_par' dir='ltr' id='par_1_24' title="bbox 3165 2028 3503 2045">
     <span class='ocr_line' id='line_1_24' title="bbox 3165 2028 3503 2045; baseline -0.006 -1"><span class='ocrx_word' id='word_1_155' title='bbox 3165 2028 3503 2045; x_wconf 71' lang='grc'><strong>--.</strong></span> 
     </span>
    </p>
   </div>
   <div class='ocr_carea' id='block_1_25' title="bbox 1783 2109 4976 2184">
    <p class='ocr_par' dir='ltr' id='par_1_25' title="bbox 1783 2109 4976 2184">
     <span class='ocr_line' id='line_1_25' title="bbox 1783 2109 4976 2184; baseline 0.002 -19"><span class='ocrx_word' id='word_1_156' title='bbox 1783 2110 2071 2165; x_wconf 86' lang='lat' dir='ltr'><strong>Undecima</strong></span> <span class='ocrx_word' id='word_1_157' title='bbox 2114 2109 2328 2165; x_wconf 90' lang='lat' dir='ltr'><strong>actione</strong></span> <span class='ocrx_word' id='word_1_158' title='bbox 2356 2125 2476 2164; x_wconf 94' lang='lat' dir='ltr'><strong>cum</strong></span> <span class='ocrx_word' id='word_1_159' title='bbox 2503 2123 2770 2168; x_wconf 91' lang='lat' dir='ltr'><strong>consensu</strong></span> <span class='ocrx_word' id='word_1_160' title='bbox 2803 2112 3076 2168; x_wconf 91' lang='lat' dir='ltr'><strong>communi</strong></span> <span class='ocrx_word' id='word_1_161' title='bbox 3100 2111 3292 2169; x_wconf 87' lang='lat' dir='ltr'><strong>decre-</strong></span> <span class='ocrx_word' id='word_1_162' title='bbox 3321 2118 3370 2178; x_wconf 85' lang='grc' dir='ltr'><strong>Β</strong></span> <span class='ocrx_word' id='word_1_163' title='bbox 3396 2121 3495 2178; x_wconf 89' lang='lat' dir='ltr'><strong>est,</strong></span> <span class='ocrx_word' id='word_1_164' title='bbox 3529 2113 3723 2170; x_wconf 85' lang='lat' dir='ltr'><strong>Christi</strong></span> <span class='ocrx_word' id='word_1_165' title='bbox 3770 2115 4063 2184; x_wconf 79' lang='lat' dir='ltr'><strong>virginibus</strong></span> <span class='ocrx_word' id='word_1_166' title='bbox 4109 2114 4400 2170; x_wconf 78' lang='lat' dir='ltr'><strong>familiares</strong></span> <span class='ocrx_word' id='word_1_167' title='bbox 4440 2127 4559 2171; x_wconf 86' lang='lat' dir='ltr'><strong>esse</strong></span> <span class='ocrx_word' id='word_1_168' title='bbox 4586 2114 4814 2170; x_wconf 80' lang='lat' dir='ltr'><strong>velimus</strong></span> <span class='ocrx_word' id='word_1_169' title='bbox 4845 2133 4853 2167; x_wconf 92' lang='lat'>:</span> <span class='ocrx_word' id='word_1_170' title='bbox 4887 2117 4976 2172; x_wconf 85' lang='lat' dir='ltr'><strong>sed</strong></span> 
     </span>
    </p>
   </div>
   <div class='ocr_carea' id='block_1_26' title="bbox 1708 2200 4969 2274">
    <p class='ocr_par' dir='ltr' id='par_1_26' title="bbox 1708 2200 4969 2274">
     <span class='ocr_line' id='line_1_26' title="bbox 1708 2200 4969 2274; baseline 0.002 -22"><span class='ocrx_word' id='word_1_171' title='bbox 1708 2202 1904 2264; x_wconf 86' lang='lat' dir='ltr'><strong>vimus,</strong></span> <span class='ocrx_word' id='word_1_172' title='bbox 1935 2207 1992 2254; x_wconf 90' lang='lat' dir='ltr'><strong>ut</strong></span> <span class='ocrx_word' id='word_1_173' title='bbox 2029 2200 2352 2254; x_wconf 88' lang='lat' dir='ltr'><strong>monasteria</strong></span> <span class='ocrx_word' id='word_1_174' title='bbox 2393 2201 2654 2268; x_wconf 78' lang='lat' dir='ltr'><strong>virginum</strong></span> <span class='ocrx_word' id='word_1_175' title='bbox 2706 2204 2758 2257; x_wconf 92' lang='lat' dir='ltr'><strong>in</strong></span> <span class='ocrx_word' id='word_1_176' title='bbox 2789 2205 3066 2272; x_wconf 88' lang='lat' dir='ltr'><strong>provincia</strong></span> <span class='ocrx_word' id='word_1_177' title='bbox 3100 2204 3290 2260; x_wconf 62' lang='lat' dir='ltr'><strong>litetica</strong></span> <span class='ocrx_word' id='word_1_178' title='bbox 3391 2205 3543 2272; x_wconf 86' lang='lat' dir='ltr'><strong>juxta</strong></span> <span class='ocrx_word' id='word_1_179' title='bbox 3574 2213 3631 2258; x_wconf 92' lang='lat' dir='ltr'><strong>ut</strong></span> <span class='ocrx_word' id='word_1_180' title='bbox 3674 2205 3821 2272; x_wconf 86' lang='lat' dir='ltr'><strong>jussa</strong></span> <span class='ocrx_word' id='word_1_181' title='bbox 3871 2204 4176 2274; x_wconf 88' lang='lat' dir='ltr'><strong>regularum</strong></span> <span class='ocrx_word' id='word_1_182' title='bbox 4221 2203 4304 2259; x_wconf 90' lang='lat' dir='ltr'><strong>vel</strong></span> <span class='ocrx_word' id='word_1_183' title='bbox 4350 2219 4614 2260; x_wconf 89' lang='lat' dir='ltr'><strong>canonum</strong></span> <span class='ocrx_word' id='word_1_184' title='bbox 4659 2203 4969 2270; x_wconf 87' lang='lat' dir='ltr'><strong>admonent,</strong></span> 
     </span>
    </p>
   </div>
   <div class='ocr_carea' id='block_1_27' title="bbox 1711 2289 3292 2364">
    <p class='ocr_par' dir='ltr' id='par_1_27' title="bbox 1711 2289 3292 2364">
     <span class='ocr_line' id='line_1_27' title="bbox 1711 2289 3292 2364; baseline 0.004 -21"><span class='ocrx_word' id='word_1_185' title='bbox 1711 2289 1928 2343; x_wconf 83' lang='lat' dir='ltr'><strong>condita</strong></span> <span class='ocrx_word' id='word_1_186' title='bbox 1979 2290 2363 2344; x_wconf 87' lang='lat' dir='ltr'><strong>monachorum</strong></span> <span class='ocrx_word' id='word_1_187' title='bbox 2417 2289 2878 2349; x_wconf 81' lang='lat' dir='ltr'><strong>administratione</strong></span> <span class='ocrx_word' id='word_1_188' title='bbox 2931 2307 2996 2350; x_wconf 87' lang='lat' dir='ltr'><strong>ac</strong></span> <span class='ocrx_word' id='word_1_189' title='bbox 3045 2294 3292 2364; x_wconf 65' lang='lat' dir='ltr'><strong>praesidio</strong></span> 
     </span>
    </p>
   </div>
   <div class='ocr_carea' id='block_1_28' title="bbox 1710 2378 3293 2448">
    <p class='ocr_par' dir='ltr' id='par_1_28' title="bbox 1710 2378 3293 2448">
     <span class='ocr_line' id='line_1_28' title="bbox 1710 2378 3293 2448; baseline 0.004 -15"><span class='ocrx_word' id='word_1_190' title='bbox 1710 2382 2094 2448; x_wconf 86' lang='lat' dir='ltr'><strong>gubernentur.</strong></span> <span class='ocrx_word' id='word_1_191' title='bbox 2120 2378 2272 2434; x_wconf 86' lang='lat' dir='ltr'><strong>Tunc</strong></span> <span class='ocrx_word' id='word_1_192' title='bbox 2298 2381 2441 2434; x_wconf 88' lang='lat' dir='ltr'><strong>enim</strong></span> <span class='ocrx_word' id='word_1_193' title='bbox 2463 2380 2699 2436; x_wconf 84' lang='lat' dir='ltr'><strong>salubria</strong></span> <span class='ocrx_word' id='word_1_194' title='bbox 2728 2381 2942 2440; x_wconf 87' lang='lat' dir='ltr'><strong>Christo</strong></span> <span class='ocrx_word' id='word_1_195' title='bbox 2970 2383 3160 2440; x_wconf 87' lang='lat' dir='ltr'><strong>dicatis</strong></span> <span class='ocrx_word' id='word_1_196' title='bbox 3187 2385 3293 2440; x_wconf 82' lang='lat' dir='ltr'><strong>vir-</strong></span> 
     </span>
    </p>
   </div>
   <div class='ocr_carea' id='block_1_29' title="bbox 1709 2468 3296 2544">
    <p class='ocr_par' dir='ltr' id='par_1_29' title="bbox 1709 2468 3296 2544">
     <span class='ocr_line' id='line_1_29' title="bbox 1709 2468 3296 2544; baseline 0.004 -20"><span class='ocrx_word' id='word_1_197' title='bbox 1709 2468 1922 2540; x_wconf 90' lang='lat' dir='ltr'><strong>ginibus</strong></span> <span class='ocrx_word' id='word_1_198' title='bbox 1961 2469 2320 2541; x_wconf 84' lang='lat' dir='ltr'><strong>providemus.</strong></span> <span class='ocrx_word' id='word_1_199' title='bbox 2377 2474 2592 2542; x_wconf 86' lang='lat' dir='ltr'><strong>quando</strong></span> <span class='ocrx_word' id='word_1_200' title='bbox 2639 2475 2718 2528; x_wconf 86' lang='lat' dir='ltr'><strong>eis</strong></span> <span class='ocrx_word' id='word_1_201' title='bbox 2762 2483 2942 2544; x_wconf 87' lang='lat' dir='ltr'><strong>patres</strong></span> <span class='ocrx_word' id='word_1_202' title='bbox 2989 2476 3296 2544; x_wconf 87' lang='lat' dir='ltr'><strong>spirituales</strong></span> 
     </span>
    </p>
   </div>
   <div class='ocr_carea' id='block_1_30' title="bbox 1709 2562 3294 2635">
    <p class='ocr_par' dir='ltr' id='par_1_30' title="bbox 1709 2562 3294 2635">
     <span class='ocr_line' id='line_1_30' title="bbox 1709 2562 3294 2635; baseline 0.003 -19"><span class='ocrx_word' id='word_1_203' title='bbox 1709 2562 1956 2629; x_wconf 75' lang='lat' dir='ltr'><strong>eligimus</strong></span> <span class='ocrx_word' id='word_1_204' title='bbox 1976 2603 1989 2623; x_wconf 87' lang='lat'><strong>,</strong></span> <span class='ocrx_word' id='word_1_205' title='bbox 2021 2577 2247 2630; x_wconf 90' lang='lat' dir='ltr'><strong>quorum</strong></span> <span class='ocrx_word' id='word_1_206' title='bbox 2275 2577 2378 2617; x_wconf 90' lang='lat' dir='ltr'><strong>non</strong></span> <span class='ocrx_word' id='word_1_207' title='bbox 2406 2562 2581 2631; x_wconf 88' lang='lat' dir='ltr'><strong>solum</strong></span> <span class='ocrx_word' id='word_1_208' title='bbox 2610 2563 2985 2633; x_wconf 71' lang='lat' dir='ltr'><strong>gubernaculis</strong></span> <span class='ocrx_word' id='word_1_209' title='bbox 3013 2565 3173 2635; x_wconf 87' lang='lat' dir='ltr'><strong>tueri,</strong></span> <span class='ocrx_word' id='word_1_210' title='bbox 3201 2565 3294 2622; x_wconf 83' lang='lat' dir='ltr'><strong>sed</strong></span> 
     </span>
    </p>
   </div>
   <div class='ocr_carea' id='block_1_31' title="bbox 1709 2652 3294 2725">
    <p class='ocr_par' dir='ltr' id='par_1_31' title="bbox 1709 2652 3294 2725">
     <span class='ocr_line' id='line_1_31' title="bbox 1709 2652 3294 2725; baseline 0.003 -16"><span class='ocrx_word' id='word_1_211' title='bbox 1709 2656 1872 2709; x_wconf 88' lang='lat' dir='ltr'><strong>etiam</strong></span> <span class='ocrx_word' id='word_1_212' title='bbox 1921 2653 2180 2708; x_wconf 81' lang='lat' dir='ltr'><strong>doctrinis</strong></span> <span class='ocrx_word' id='word_1_213' title='bbox 2226 2652 2480 2709; x_wconf 78' lang='lat' dir='ltr'><strong>:edillcari</strong></span> <span class='ocrx_word' id='word_1_214' title='bbox 2519 2656 2746 2725; x_wconf 86' lang='lat' dir='ltr'><strong>possint.</strong></span> <span class='ocrx_word' id='word_1_215' title='bbox 2787 2656 2899 2713; x_wconf 88' lang='lat' dir='ltr'><strong>llac</strong></span> <span class='ocrx_word' id='word_1_216' title='bbox 2940 2667 3120 2714; x_wconf 89' lang='lat' dir='ltr'><strong>tamen</strong></span> <span class='ocrx_word' id='word_1_217' title='bbox 3153 2659 3294 2715; x_wconf 87' lang='lat' dir='ltr'><strong>circa</strong></span> 
     </span>
    </p>
   </div>
   <div class='ocr_carea' id='block_1_32' title="bbox 1711 2744 3295 2820">
    <p class='ocr_par' dir='ltr' id='par_1_32' title="bbox 1711 2744 3295 2820">
     <span class='ocr_line' id='line_1_32' title="bbox 1711 2744 3295 2820; baseline 0.001 -21"><span class='ocrx_word' id='word_1_218' title='bbox 1711 2744 2006 2799; x_wconf 86' lang='lat' dir='ltr'><strong>monachos</strong></span> <span class='ocrx_word' id='word_1_219' title='bbox 2025 2745 2235 2799; x_wconf 87' lang='lat' dir='ltr'><strong>cautela</strong></span> <span class='ocrx_word' id='word_1_220' title='bbox 2257 2753 2494 2811; x_wconf 88' lang='lat' dir='ltr'><strong>servata,</strong></span> <span class='ocrx_word' id='word_1_221' title='bbox 2519 2754 2577 2800; x_wconf 92' lang='lat' dir='ltr'><strong>ut</strong></span> <span class='ocrx_word' id='word_1_222' title='bbox 2605 2751 2801 2803; x_wconf 90' lang='lat' dir='ltr'><strong>remoti</strong></span> <span class='ocrx_word' id='word_1_223' title='bbox 2822 2749 2888 2803; x_wconf 90' lang='lat' dir='ltr'><strong>ab</strong></span> <span class='ocrx_word' id='word_1_224' title='bbox 2915 2762 3100 2804; x_wconf 89' lang='lat' dir='ltr'><strong>earum</strong></span> <span class='ocrx_word' id='word_1_225' title='bbox 3131 2764 3295 2820; x_wconf 85' lang='lat' dir='ltr'><strong>pecu-</strong></span> 
     </span>
    </p>
   </div>
   <div class='ocr_carea' id='block_1_33' title="bbox 1711 2835 3293 2904">
    <p class='ocr_par' dir='ltr' id='par_1_33' title="bbox 1711 2835 3293 2904">
     <span class='ocr_line' id='line_1_33' title="bbox 1711 2835 3293 2904; baseline 0.006 -18"><span class='ocrx_word' id='word_1_226' title='bbox 1711 2835 1946 2888; x_wconf 85' lang='lat' dir='ltr'><strong>liaritatc</strong></span> <span class='ocrx_word' id='word_1_227' title='bbox 1974 2850 2072 2889; x_wconf 86' lang='lat' dir='ltr'><strong>nec</strong></span> <span class='ocrx_word' id='word_1_228' title='bbox 2104 2850 2274 2904; x_wconf 90' lang='lat' dir='ltr'><strong>usque</strong></span> <span class='ocrx_word' id='word_1_229' title='bbox 2302 2836 2368 2890; x_wconf 90' lang='lat' dir='ltr'><strong>ad</strong></span> <span class='ocrx_word' id='word_1_230' title='bbox 2397 2837 2718 2892; x_wconf 87' lang='lat' dir='ltr'><strong>vestibulum</strong></span> <span class='ocrx_word' id='word_1_231' title='bbox 2744 2839 2976 2894; x_wconf 86' lang='lat' dir='ltr'><strong>habeant</strong></span> <span class='ocrx_word' id='word_1_232' title='bbox 2999 2840 3293 2896; x_wconf 87' lang='lat' dir='ltr'><strong>accedendi</strong></span> 
     </span>
    </p>
   </div>
   <div class='ocr_carea' id='block_1_34' title="bbox 1711 2927 3293 3001">
    <p class='ocr_par' dir='ltr' id='par_1_34' title="bbox 1711 2927 3293 3001">
     <span class='ocr_line' id='line_1_34' title="bbox 1711 2927 3293 3001; baseline 0.003 -21"><span class='ocrx_word' id='word_1_233' title='bbox 1711 2927 2069 2980; x_wconf 66' lang='lat' dir='ltr'><strong>familiaritite</strong></span> <span class='ocrx_word' id='word_1_234' title='bbox 2099 2928 2439 2996; x_wconf 88' lang='lat' dir='ltr'><strong>permissum,</strong></span> <span class='ocrx_word' id='word_1_235' title='bbox 2463 2927 2558 2982; x_wconf 87' lang='lat' dir='ltr'><strong>sed</strong></span> <span class='ocrx_word' id='word_1_236' title='bbox 2583 2943 2759 2997; x_wconf 92' lang='lat' dir='ltr'><strong>neque</strong></span> <span class='ocrx_word' id='word_1_237' title='bbox 2783 2928 2986 2996; x_wconf 87' lang='lat' dir='ltr'><strong>abbati,</strong></span> <span class='ocrx_word' id='word_1_238' title='bbox 3011 2929 3094 2984; x_wconf 83' lang='lat' dir='ltr'><strong>vel</strong></span> <span class='ocrx_word' id='word_1_239' title='bbox 3124 2931 3172 2985; x_wconf 90' lang='lat' dir='ltr'><strong>ei</strong></span> <span class='ocrx_word' id='word_1_240' title='bbox 3202 2933 3293 3001; x_wconf 91' lang='lat' dir='ltr'><strong>qui</strong></span> 
     </span>
    </p>
   </div>
   <div class='ocr_carea' id='block_1_35' title="bbox 1712 3016 3296 3090">
    <p class='ocr_par' dir='ltr' id='par_1_35' title="bbox 1712 3016 3296 3090">
     <span class='ocr_line' id='line_1_35' title="bbox 1712 3016 3296 3090; baseline 0.004 -21"><span class='ocrx_word' id='word_1_241' title='bbox 1712 3016 2004 3084; x_wconf 64' lang='lat' dir='ltr'><strong>prailiritur</strong></span> <span class='ocrx_word' id='word_1_242' title='bbox 2045 3025 2196 3070; x_wconf 87' lang='lat' dir='ltr'><strong>extra</strong></span> <span class='ocrx_word' id='word_1_243' title='bbox 2244 3032 2362 3072; x_wconf 88' lang='lat' dir='ltr'><strong>eam</strong></span> <span class='ocrx_word' id='word_1_244' title='bbox 2410 3031 2528 3086; x_wconf 74' lang='lat' dir='ltr'><strong>qua:</strong></span> <span class='ocrx_word' id='word_1_245' title='bbox 2571 3027 2788 3086; x_wconf 69' lang='lat' dir='ltr'><strong>praiest,</strong></span> <span class='ocrx_word' id='word_1_246' title='bbox 2820 3018 2964 3088; x_wconf 87' lang='lat' dir='ltr'><strong>loqui</strong></span> <span class='ocrx_word' id='word_1_247' title='bbox 3003 3019 3296 3090; x_wconf 88' lang='lat' dir='ltr'><strong>virginibus</strong></span> 
     </span>
    </p>
   </div>
   <div class='ocr_carea' id='block_1_36' title="bbox 1718 3107 3295 3181">
    <p class='ocr_par' dir='ltr' id='par_1_36' title="bbox 1718 3107 3295 3181">
     <span class='ocr_line' id='line_1_36' title="bbox 1718 3107 3295 3181; baseline 0.003 -20"><span class='ocrx_word' id='word_1_248' title='bbox 1718 3108 1914 3162; x_wconf 66' lang='lat' dir='ltr'><strong>Christi</strong></span> <span class='ocrx_word' id='word_1_249' title='bbox 1946 3107 2168 3176; x_wconf 88' lang='lat' dir='ltr'><strong>aliquid,</strong></span> <span class='ocrx_word' id='word_1_250' title='bbox 2198 3108 2339 3179; x_wconf 91' lang='lat' dir='ltr'><strong>quod</strong></span> <span class='ocrx_word' id='word_1_251' title='bbox 2371 3108 2436 3164; x_wconf 90' lang='lat' dir='ltr'><strong>ad</strong></span> <span class='ocrx_word' id='word_1_252' title='bbox 2468 3110 2857 3165; x_wconf 87' lang='lat' dir='ltr'><strong>institutionem</strong></span> <span class='ocrx_word' id='word_1_253' title='bbox 2889 3125 3098 3165; x_wconf 90' lang='lat' dir='ltr'><strong>morum</strong></span> <span class='ocrx_word' id='word_1_254' title='bbox 3129 3112 3295 3181; x_wconf 84' lang='lat' dir='ltr'><strong>perti-</strong></span> 
     </span>
    </p>
   </div>
   <div class='ocr_carea' id='block_1_37' title="bbox 1717 3198 3297 3271">
    <p class='ocr_par' dir='ltr' id='par_1_37' title="bbox 1717 3198 3297 3271">
     <span class='ocr_line' id='line_1_37' title="bbox 1717 3198 3297 3271; baseline 0.003 -18"><span class='ocrx_word' id='word_1_255' title='bbox 1717 3207 1823 3259; x_wconf 69' lang='lat' dir='ltr'><strong>net,</strong></span> <span class='ocrx_word' id='word_1_256' title='bbox 1857 3198 2055 3252; x_wconf 78' lang='lat' dir='ltr'><strong>licebit.</strong></span> <span class='ocrx_word' id='word_1_257' title='bbox 2083 3198 2192 3253; x_wconf 86' lang='lat' dir='ltr'><strong>Nec</strong></span> <span class='ocrx_word' id='word_1_258' title='bbox 2217 3214 2336 3254; x_wconf 90' lang='lat' dir='ltr'><strong>cum</strong></span> <span class='ocrx_word' id='word_1_259' title='bbox 2359 3200 2470 3254; x_wconf 91' lang='lat' dir='ltr'><strong>sola</strong></span> <span class='ocrx_word' id='word_1_260' title='bbox 2500 3215 2618 3270; x_wconf 77' lang='lat' dir='ltr'><strong>qua:</strong></span> <span class='ocrx_word' id='word_1_261' title='bbox 2645 3210 2840 3271; x_wconf 69' lang='lat' dir='ltr'><strong>prteest</strong></span> <span class='ocrx_word' id='word_1_262' title='bbox 2869 3201 3178 3270; x_wconf 89' lang='lat' dir='ltr'><strong>frequenter</strong></span> <span class='ocrx_word' id='word_1_263' title='bbox 3202 3217 3297 3257; x_wconf 87' lang='lat' dir='ltr'><strong>eos</strong></span> 
     </span>
    </p>
   </div>
   <div class='ocr_carea' id='block_1_38' title="bbox 1714 3289 3296 3358">
    <p class='ocr_par' dir='ltr' id='par_1_38' title="bbox 1714 3289 3296 3358">
     <span class='ocr_line' id='line_1_38' title="bbox 1714 3289 3296 3358; baseline 0.003 -17"><span class='ocrx_word' id='word_1_264' title='bbox 1714 3289 1950 3358; x_wconf 70' lang='lat' dir='ltr'><strong>i-nlloqui</strong></span> <span class='ocrx_word' id='word_1_265' title='bbox 1991 3297 2240 3358; x_wconf 83' lang='lat' dir='ltr'><strong>Oportet;</strong></span> <span class='ocrx_word' id='word_1_266' title='bbox 2275 3291 2370 3345; x_wconf 86' lang='lat' dir='ltr'><strong>sed</strong></span> <span class='ocrx_word' id='word_1_267' title='bbox 2419 3305 2540 3345; x_wconf 92' lang='lat' dir='ltr'><strong>cum</strong></span> <span class='ocrx_word' id='word_1_268' title='bbox 2580 3291 2885 3346; x_wconf 87' lang='lat' dir='ltr'><strong>testimonio</strong></span> <span class='ocrx_word' id='word_1_269' title='bbox 2930 3291 3158 3346; x_wconf 89' lang='lat' dir='ltr'><strong>duarum</strong></span> <span class='ocrx_word' id='word_1_270' title='bbox 3204 3300 3296 3346; x_wconf 87' lang='lat' dir='ltr'><strong>aut</strong></span> 
     </span>
    </p>
   </div>
   <div class='ocr_carea' id='block_1_39' title="bbox 1715 3379 3294 3451">
    <p class='ocr_par' dir='ltr' id='par_1_39' title="bbox 1715 3379 3294 3451">
     <span class='ocr_line' id='line_1_39' title="bbox 1715 3379 3294 3451; baseline 0.004 -22"><span class='ocrx_word' id='word_1_271' title='bbox 1715 3379 1874 3433; x_wconf 89' lang='lat' dir='ltr'><strong>trium</strong></span> <span class='ocrx_word' id='word_1_272' title='bbox 1901 3396 2146 3434; x_wconf 89' lang='lat' dir='ltr'><strong>sororum</strong></span> <span class='ocrx_word' id='word_1_273' title='bbox 2179 3400 2188 3432; x_wconf 87' lang='lat'><em>:</em></span> <span class='ocrx_word' id='word_1_274' title='bbox 2222 3382 2293 3435; x_wconf 90' lang='lat' dir='ltr'><strong>ita</strong></span> <span class='ocrx_word' id='word_1_275' title='bbox 2325 3390 2380 3436; x_wconf 92' lang='lat' dir='ltr'><strong>ut</strong></span> <span class='ocrx_word' id='word_1_276' title='bbox 2407 3397 2528 3437; x_wconf 89' lang='lat' dir='ltr'><strong>rara</strong></span> <span class='ocrx_word' id='word_1_277' title='bbox 2558 3383 2629 3437; x_wconf 87' lang='lat' dir='ltr'><strong>sit</strong></span> <span class='ocrx_word' id='word_1_278' title='bbox 2654 3385 2913 3451; x_wconf 84' lang='lat' dir='ltr'><strong>accessio,</strong></span> <span class='ocrx_word' id='word_1_279' title='bbox 2943 3385 3116 3438; x_wconf 80' lang='lat' dir='ltr'><strong>brevis</strong></span> <span class='ocrx_word' id='word_1_280' title='bbox 3143 3383 3294 3438; x_wconf 85' lang='lat' dir='ltr'><strong>locu-</strong></span> 
     </span>
    </p>
   </div>
   <div class='ocr_carea' id='block_1_40' title="bbox 1712 3467 3378 3544">
    <p class='ocr_par' dir='ltr' id='par_1_40' title="bbox 1712 3467 3378 3544">
     <span class='ocr_line' id='line_1_40' title="bbox 1712 3467 3378 3544; baseline 0.005 -22"><span class='ocrx_word' id='word_1_281' title='bbox 1712 3471 1812 3523; x_wconf 90' lang='lat' dir='ltr'><strong>tio.</strong></span> <span class='ocrx_word' id='word_1_282' title='bbox 1844 3471 1999 3526; x_wconf 84' lang='lat' dir='ltr'><strong>Absit</strong></span> <span class='ocrx_word' id='word_1_283' title='bbox 2027 3473 2170 3527; x_wconf 89' lang='lat' dir='ltr'><strong>enim</strong></span> <span class='ocrx_word' id='word_1_284' title='bbox 2199 3481 2256 3526; x_wconf 92' lang='lat' dir='ltr'><strong>ut</strong></span> <span class='ocrx_word' id='word_1_285' title='bbox 2283 3476 2597 3539; x_wconf 86' lang='lat' dir='ltr'><strong>monachos,</strong></span> <span class='ocrx_word' id='word_1_286' title='bbox 2620 3477 2763 3544; x_wconf 89' lang='lat' dir='ltr'><strong>quod</strong></span> <span class='ocrx_word' id='word_1_287' title='bbox 2789 3476 2949 3531; x_wconf 91' lang='lat' dir='ltr'><strong>etiam</strong></span> <span class='ocrx_word' id='word_1_288' title='bbox 2977 3475 3124 3532; x_wconf 89' lang='lat' dir='ltr'><strong>dictu</strong></span> <span class='ocrx_word' id='word_1_289' title='bbox 3154 3474 3302 3530; x_wconf 80' lang='lat' dir='ltr'><strong>nefas</strong></span> <span class='ocrx_word' id='word_1_290' title='bbox 3331 3467 3378 3530; x_wconf 87' lang='lat' dir='ltr'><strong><em>C</em></strong></span> 
     </span>
    </p>
   </div>
   <div class='ocr_carea' id='block_1_41' title="bbox 3394 2292 4976 2365">
    <p class='ocr_par' dir='ltr' id='par_1_41' title="bbox 3394 2292 4976 2365">
     <span class='ocr_line' id='line_1_41' title="bbox 3394 2292 4976 2365; baseline 0.001 -18"><span class='ocrx_word' id='word_1_291' title='bbox 3394 2292 3553 2362; x_wconf 88' lang='lat' dir='ltr'><strong>longe</strong></span> <span class='ocrx_word' id='word_1_292' title='bbox 3573 2303 3879 2364; x_wconf 81' lang='lat' dir='ltr'><strong>segregatos</strong></span> <span class='ocrx_word' id='word_1_293' title='bbox 3907 2302 4066 2365; x_wconf 89' lang='lat' dir='ltr'><strong>atque</strong></span> <span class='ocrx_word' id='word_1_294' title='bbox 4091 2295 4383 2363; x_wconf 86' lang='lat' dir='ltr'><strong>sejunctos,</strong></span> <span class='ocrx_word' id='word_1_295' title='bbox 4407 2309 4592 2349; x_wconf 89' lang='lat' dir='ltr'><strong>eorum</strong></span> <span class='ocrx_word' id='word_1_296' title='bbox 4623 2302 4833 2348; x_wconf 85' lang='lat' dir='ltr'><strong>tantum</strong></span> <span class='ocrx_word' id='word_1_297' title='bbox 4861 2309 4976 2349; x_wconf 81' lang='lat' dir='ltr'><strong>eas-</strong></span> 
     </span>
    </p>
   </div>
   <div class='ocr_carea' id='block_1_42' title="bbox 3395 2384 4979 2457">
    <p class='ocr_par' dir='ltr' id='par_1_42' title="bbox 3395 2384 4979 2457">
     <span class='ocr_line' id='line_1_42' title="bbox 3395 2384 4979 2457; baseline -0.003 -17"><span class='ocrx_word' id='word_1_298' title='bbox 3395 2384 3519 2442; x_wconf 90' lang='lat' dir='ltr'><strong>dem</strong></span> <span class='ocrx_word' id='word_1_299' title='bbox 3592 2387 3968 2457; x_wconf 81' lang='lat' dir='ltr'><strong>gubernaculis</strong></span> <span class='ocrx_word' id='word_1_300' title='bbox 4030 2387 4348 2456; x_wconf 90' lang='lat' dir='ltr'><strong>deputamus</strong></span> <span class='ocrx_word' id='word_1_301' title='bbox 4389 2403 4402 2440; x_wconf 93' lang='lat'><strong>:</strong></span> <span class='ocrx_word' id='word_1_302' title='bbox 4443 2386 4875 2452; x_wconf 88' lang='lat' dir='ltr'><strong>constituentes,</strong></span> <span class='ocrx_word' id='word_1_303' title='bbox 4925 2391 4979 2437; x_wconf 91' lang='lat' dir='ltr'><strong>ut</strong></span> 
     </span>
    </p>
   </div>
   <div class='ocr_carea' id='block_1_43' title="bbox 3395 2476 4973 2548">
    <p class='ocr_par' dir='ltr' id='par_1_43' title="bbox 3395 2476 4973 2548">
     <span class='ocr_line' id='line_1_43' title="bbox 3395 2476 4973 2548; baseline -0.001 -16"><span class='ocrx_word' id='word_1_304' title='bbox 3395 2491 3533 2532; x_wconf 90' lang='lat' dir='ltr'><strong>unus</strong></span> <span class='ocrx_word' id='word_1_305' title='bbox 3553 2477 3940 2534; x_wconf 89' lang='lat' dir='ltr'><strong>monachorum</strong></span> <span class='ocrx_word' id='word_1_306' title='bbox 3961 2477 4369 2548; x_wconf 89' lang='lat' dir='ltr'><strong>probatissimus</strong></span> <span class='ocrx_word' id='word_1_307' title='bbox 4391 2476 4636 2545; x_wconf 87' lang='lat' dir='ltr'><strong>eligatur,</strong></span> <span class='ocrx_word' id='word_1_308' title='bbox 4662 2477 4816 2544; x_wconf 86' lang='lat' dir='ltr'><strong>cujus</strong></span> <span class='ocrx_word' id='word_1_309' title='bbox 4837 2491 4973 2530; x_wconf 78' lang='lat' dir='ltr'><strong>cure</strong></span> 
     </span>
    </p>
   </div>
   <div class='ocr_carea' id='block_1_44' title="bbox 3395 2565 4976 2637">
    <p class='ocr_par' dir='ltr' id='par_1_44' title="bbox 3395 2565 4976 2637">
     <span class='ocr_line' id='line_1_44' title="bbox 3395 2565 4976 2637; baseline -0.003 -14"><span class='ocrx_word' id='word_1_310' title='bbox 3395 2567 3464 2623; x_wconf 88' lang='lat' dir='ltr'><strong>sit</strong></span> <span class='ocrx_word' id='word_1_311' title='bbox 3491 2569 3691 2637; x_wconf 60' lang='lat' dir='ltr'><strong>praedia</strong></span> <span class='ocrx_word' id='word_1_312' title='bbox 3715 2583 3900 2624; x_wconf 91' lang='lat' dir='ltr'><strong>earum</strong></span> <span class='ocrx_word' id='word_1_313' title='bbox 3929 2569 4126 2624; x_wconf 86' lang='lat' dir='ltr'><strong>rustica</strong></span> <span class='ocrx_word' id='word_1_314' title='bbox 4150 2567 4230 2622; x_wconf 87' lang='lat' dir='ltr'><strong>vel</strong></span> <span class='ocrx_word' id='word_1_315' title='bbox 4257 2566 4457 2622; x_wconf 89' lang='lat' dir='ltr'><strong>urbana</strong></span> <span class='ocrx_word' id='word_1_316' title='bbox 4484 2566 4782 2629; x_wconf 89' lang='lat' dir='ltr'><strong>intendere,</strong></span> <span class='ocrx_word' id='word_1_317' title='bbox 4818 2565 4976 2619; x_wconf 64' lang='lat' dir='ltr'><strong>labrio</strong></span> 
     </span>
    </p>
   </div>
   <div class='ocr_carea' id='block_1_45' title="bbox 3396 2655 4978 2728">
    <p class='ocr_par' dir='ltr' id='par_1_45' title="bbox 3396 2655 4978 2728">
     <span class='ocr_line' id='line_1_45' title="bbox 3396 2655 4978 2728; baseline -0.006 -13"><span class='ocrx_word' id='word_1_318' title='bbox 3396 2673 3487 2715; x_wconf 90' lang='lat' dir='ltr'><strong>cas</strong></span> <span class='ocrx_word' id='word_1_319' title='bbox 3526 2660 3813 2726; x_wconf 87' lang='lat' dir='ltr'><strong>instruere,</strong></span> <span class='ocrx_word' id='word_1_320' title='bbox 3839 2663 3924 2715; x_wconf 89' lang='lat' dir='ltr'><strong>vel</strong></span> <span class='ocrx_word' id='word_1_321' title='bbox 3963 2660 4007 2714; x_wconf 88' lang='lat' dir='ltr'><strong>si</strong></span> <span class='ocrx_word' id='word_1_322' title='bbox 4051 2659 4178 2728; x_wconf 91' lang='lat' dir='ltr'><strong>quid</strong></span> <span class='ocrx_word' id='word_1_323' title='bbox 4206 2657 4346 2712; x_wconf 87' lang='lat' dir='ltr'><strong>aliud</strong></span> <span class='ocrx_word' id='word_1_324' title='bbox 4375 2657 4440 2712; x_wconf 90' lang='lat' dir='ltr'><strong>ad</strong></span> <span class='ocrx_word' id='word_1_325' title='bbox 4470 2655 4848 2713; x_wconf 87' lang='lat' dir='ltr'><strong>necessitatem</strong></span> <span class='ocrx_word' id='word_1_326' title='bbox 4872 2672 4978 2710; x_wconf 84' lang='lat' dir='ltr'><strong>mo-</strong></span> 
     </span>
    </p>
   </div>
   <div class='ocr_carea' id='block_1_46' title="bbox 3398 2748 4977 2821">
    <p class='ocr_par' dir='ltr' id='par_1_46' title="bbox 3398 2748 4977 2821">
     <span class='ocr_line' id='line_1_46' title="bbox 3398 2748 4977 2821; baseline -0.005 -14"><span class='ocrx_word' id='word_1_327' title='bbox 3398 2752 3618 2807; x_wconf 87' lang='lat' dir='ltr'><strong>nasterii</strong></span> <span class='ocrx_word' id='word_1_328' title='bbox 3645 2751 3930 2821; x_wconf 88' lang='lat' dir='ltr'><strong>providere</strong></span> <span class='ocrx_word' id='word_1_329' title='bbox 3960 2768 3971 2802; x_wconf 92' lang='lat'><strong>:</strong></span> <span class='ocrx_word' id='word_1_330' title='bbox 4001 2758 4058 2805; x_wconf 92' lang='lat' dir='ltr'><strong>ut</strong></span> <span class='ocrx_word' id='word_1_331' title='bbox 4080 2751 4272 2805; x_wconf 82' lang='lat' dir='ltr'><strong>Christi</strong></span> <span class='ocrx_word' id='word_1_332' title='bbox 4296 2751 4505 2804; x_wconf 78' lang='lat' dir='ltr'><strong>famula:</strong></span> <span class='ocrx_word' id='word_1_333' title='bbox 4529 2764 4628 2818; x_wconf 89' lang='lat' dir='ltr'><strong>pro</strong></span> <span class='ocrx_word' id='word_1_334' title='bbox 4654 2748 4848 2801; x_wconf 77' lang='lat' dir='ltr'><strong>anima:</strong></span> <span class='ocrx_word' id='word_1_335' title='bbox 4870 2761 4977 2800; x_wconf 75' lang='lat' dir='ltr'><strong>sure</strong></span> 
     </span>
    </p>
   </div>
   <div class='ocr_carea' id='block_1_47' title="bbox 3397 2837 4979 2906">
    <p class='ocr_par' dir='ltr' id='par_1_47' title="bbox 3397 2837 4979 2906">
     <span class='ocr_line' id='line_1_47' title="bbox 3397 2837 4979 2906; baseline -0.005 -10"><span class='ocrx_word' id='word_1_336' title='bbox 3397 2850 3602 2896; x_wconf 89' lang='lat' dir='ltr'><strong>tantum</strong></span> <span class='ocrx_word' id='word_1_337' title='bbox 3626 2841 3856 2897; x_wconf 86' lang='lat' dir='ltr'><strong>utilitate</strong></span> <span class='ocrx_word' id='word_1_338' title='bbox 3870 2841 4130 2906; x_wconf 69' lang='lat' dir='ltr'><strong>sollicita),</strong></span> <span class='ocrx_word' id='word_1_339' title='bbox 4153 2839 4283 2895; x_wconf 89' lang='lat' dir='ltr'><strong>solis</strong></span> <span class='ocrx_word' id='word_1_340' title='bbox 4303 2839 4495 2896; x_wconf 85' lang='lat' dir='ltr'><strong>divinis</strong></span> <span class='ocrx_word' id='word_1_341' title='bbox 4516 2837 4748 2894; x_wconf 85' lang='lat' dir='ltr'><strong>cultibus</strong></span> <span class='ocrx_word' id='word_1_342' title='bbox 4771 2837 4979 2902; x_wconf 88' lang='lat' dir='ltr'><strong>vivant,</strong></span> 
     </span>
    </p>
   </div>
   <div class='ocr_carea' id='block_1_48' title="bbox 3397 2926 4979 3001">
    <p class='ocr_par' dir='ltr' id='par_1_48' title="bbox 3397 2926 4979 3001">
     <span class='ocr_line' id='line_1_48' title="bbox 3397 2926 4979 3001; baseline -0.004 -15"><span class='ocrx_word' id='word_1_343' title='bbox 3397 2931 3755 3001; x_wconf 86' lang='lat' dir='ltr'><strong>eperibusque</strong></span> <span class='ocrx_word' id='word_1_344' title='bbox 3801 2931 3914 2986; x_wconf 92' lang='lat' dir='ltr'><strong>suis</strong></span> <span class='ocrx_word' id='word_1_345' title='bbox 3959 2930 4268 2986; x_wconf 72' lang='lat' dir='ltr'><strong>inserviant.</strong></span> <span class='ocrx_word' id='word_1_346' title='bbox 4301 2931 4444 2985; x_wconf 87' lang='lat' dir='ltr'><strong>Sane</strong></span> <span class='ocrx_word' id='word_1_347' title='bbox 4480 2929 4527 2984; x_wconf 83' lang='lat' dir='ltr'><strong>is</strong></span> <span class='ocrx_word' id='word_1_348' title='bbox 4567 2929 4656 2998; x_wconf 87' lang='lat' dir='ltr'><strong>qui</strong></span> <span class='ocrx_word' id='word_1_349' title='bbox 4687 2927 4755 2980; x_wconf 86' lang='lat' dir='ltr'><strong>ab</strong></span> <span class='ocrx_word' id='word_1_350' title='bbox 4785 2926 4979 2980; x_wconf 87' lang='lat' dir='ltr'><strong>abbate</strong></span> 
     </span>
    </p>
   </div>
   <div class='ocr_carea' id='block_1_49' title="bbox 3395 3017 4977 3095">
    <p class='ocr_par' dir='ltr' id='par_1_49' title="bbox 3395 3017 4977 3095">
     <span class='ocr_line' id='line_1_49' title="bbox 3395 3017 4977 3095; baseline -0.005 -17"><span class='ocrx_word' id='word_1_351' title='bbox 3395 3024 3748 3095; x_wconf 68' lang='lat' dir='ltr'><strong>praeponitur,</strong></span> <span class='ocrx_word' id='word_1_352' title='bbox 3766 3022 3970 3090; x_wconf 86' lang='lat' dir='ltr'><strong>judicio</strong></span> <span class='ocrx_word' id='word_1_353' title='bbox 3993 3022 4074 3077; x_wconf 89' lang='lat' dir='ltr'><strong>sui</strong></span> <span class='ocrx_word' id='word_1_354' title='bbox 4095 3021 4334 3093; x_wconf 88' lang='lat' dir='ltr'><strong>episcopi</strong></span> <span class='ocrx_word' id='word_1_355' title='bbox 4356 3019 4759 3090; x_wconf 87' lang='lat' dir='ltr'><strong>comprobetur.</strong></span> <span class='ocrx_word' id='word_1_356' title='bbox 4789 3017 4977 3070; x_wconf 71' lang='lat' dir='ltr'><strong>Vestes</strong></span> 
     </span>
    </p>
   </div>
   <div class='ocr_carea' id='block_1_50' title="bbox 3398 3109 4975 3180">
    <p class='ocr_par' dir='ltr' id='par_1_50' title="bbox 3398 3109 4975 3180">
     <span class='ocr_line' id='line_1_50' title="bbox 3398 3109 4975 3180; baseline -0.006 -10"><span class='ocrx_word' id='word_1_357' title='bbox 3398 3123 3577 3170; x_wconf 89' lang='lat' dir='ltr'><strong>autem</strong></span> <span class='ocrx_word' id='word_1_358' title='bbox 3603 3114 3704 3168; x_wconf 79' lang='lat' dir='ltr'><strong>illae</strong></span> <span class='ocrx_word' id='word_1_359' title='bbox 3731 3113 3918 3168; x_wconf 88' lang='lat' dir='ltr'><strong>iisdem</strong></span> <span class='ocrx_word' id='word_1_360' title='bbox 3941 3113 4200 3169; x_wconf 78' lang='lat' dir='ltr'><strong>etnnobiis</strong></span> <span class='ocrx_word' id='word_1_361' title='bbox 4221 3111 4442 3179; x_wconf 79' lang='lat' dir='ltr'><strong>faciant,</strong></span> <span class='ocrx_word' id='word_1_362' title='bbox 4473 3111 4667 3180; x_wconf 80' lang='lat' dir='ltr'><strong>quibus</strong></span> <span class='ocrx_word' id='word_1_363' title='bbox 4692 3109 4975 3164; x_wconf 89' lang='lat' dir='ltr'><strong>tuitionem</strong></span> 
     </span>
    </p>
   </div>
   <div class='ocr_carea' id='block_1_51' title="bbox 3397 3196 4978 3274">
    <p class='ocr_par' dir='ltr' id='par_1_51' title="bbox 3397 3196 4978 3274">
     <span class='ocr_line' id='line_1_51' title="bbox 3397 3196 4978 3274; baseline -0.006 -14"><span class='ocrx_word' id='word_1_364' title='bbox 3397 3213 3732 3273; x_wconf 81' lang='lat' dir='ltr'><strong>exspectant,</strong></span> <span class='ocrx_word' id='word_1_365' title='bbox 3763 3204 3830 3258; x_wconf 90' lang='lat' dir='ltr'><strong>ab</strong></span> <span class='ocrx_word' id='word_1_366' title='bbox 3863 3204 4054 3259; x_wconf 90' lang='lat' dir='ltr'><strong>iisdem</strong></span> <span class='ocrx_word' id='word_1_367' title='bbox 4085 3205 4284 3270; x_wconf 90' lang='lat' dir='ltr'><strong>denuo,</strong></span> <span class='ocrx_word' id='word_1_368' title='bbox 4314 3211 4373 3257; x_wconf 94' lang='lat' dir='ltr'><strong>ut</strong></span> <span class='ocrx_word' id='word_1_369' title='bbox 4403 3200 4715 3274; x_wconf 62' lang='lat' dir='ltr'><strong>praedictum</strong></span> <span class='ocrx_word' id='word_1_370' title='bbox 4755 3205 4866 3264; x_wconf 87' lang='lat' dir='ltr'><strong>est,</strong></span> <span class='ocrx_word' id='word_1_371' title='bbox 4901 3196 4978 3251; x_wconf 62' lang='lat' dir='ltr'><strong>la.</strong></span> 
     </span>
    </p>
   </div>
   <div class='ocr_carea' id='block_1_52' title="bbox 3397 3289 4977 3364">
    <p class='ocr_par' dir='ltr' id='par_1_52' title="bbox 3397 3289 4977 3364">
     <span class='ocr_line' id='line_1_52' title="bbox 3397 3289 4977 3364; baseline -0.003 -14"><span class='ocrx_word' id='word_1_372' title='bbox 3397 3295 3587 3350; x_wconf 87' lang='lat' dir='ltr'><strong>borum</strong></span> <span class='ocrx_word' id='word_1_373' title='bbox 3651 3293 3854 3349; x_wconf 82' lang='lat' dir='ltr'><strong>fructus</strong></span> <span class='ocrx_word' id='word_1_374' title='bbox 3905 3303 3958 3349; x_wconf 88' lang='lat' dir='ltr'><strong>et</strong></span> <span class='ocrx_word' id='word_1_375' title='bbox 4013 3293 4406 3364; x_wconf 87' lang='lat' dir='ltr'><strong>procurationis</strong></span> <span class='ocrx_word' id='word_1_376' title='bbox 4465 3289 4780 3360; x_wconf 76' lang='lat' dir='ltr'><strong>sunragium</strong></span> <span class='ocrx_word' id='word_1_377' title='bbox 4831 3302 4977 3345; x_wconf 78' lang='lat' dir='ltr'><strong>rece-</strong></span> 
     </span>
    </p>
   </div>
   <div class='ocr_carea' id='block_1_53' title="bbox 3403 3390 3597 3452">
    <p class='ocr_par' dir='ltr' id='par_1_53' title="bbox 3403 3390 3597 3452">
     <span class='ocr_line' id='line_1_53' title="bbox 3403 3390 3597 3452; baseline -0.005 -16"><span class='ocrx_word' id='word_1_378' title='bbox 3403 3390 3575 3452; x_wconf 68' lang='lat' dir='ltr'><strong>plurtl&#39;</strong></span> <span class='ocrx_word' id='word_1_379' title='bbox 3584 3421 3597 3435; x_wconf 91' lang='lat'><strong>.</strong></span> 
     </span>
    </p>
   </div>
   <div class='ocr_carea' id='block_1_54' title="bbox 1713 3590 4976 3654">
    <p class='ocr_par' dir='ltr' id='par_1_54' title="bbox 1717 3594 4972 3650">
     <span class='ocr_line' id='line_1_54' title="bbox 1717 3594 4972 3650; baseline 0.002 -8"><span class='ocrx_word' id='word_1_380' title='bbox 2474 3638 2764 3646; x_wconf 77' lang='lat'><strong>__._.____</strong></span> <span class='ocrx_word' id='word_1_381' title='bbox 2791 3639 3097 3648; x_wconf 87' lang='lat'><strong>__-_._..__</strong></span> 
     </span>
    </p>
   </div>
   <div class='ocr_carea' id='block_1_55' title="bbox 3006 3719 3774 3762">
    <p class='ocr_par' dir='ltr' id='par_1_55' title="bbox 3006 3719 3774 3762">
     <span class='ocr_line' id='line_1_55' title="bbox 3006 3719 3774 3762; baseline 0 -2"><span class='ocrx_word' id='word_1_382' title='bbox 3006 3719 3144 3762; x_wconf 66' lang='lat' dir='ltr'><strong>ANNO</strong></span> <span class='ocrx_word' id='word_1_383' title='bbox 3181 3719 3380 3762; x_wconf 63' lang='grc' dir='ltr'><strong>ελεουιι</strong></span> <span class='ocrx_word' id='word_1_384' title='bbox 3417 3722 3490 3760; x_wconf 73' lang='lat' dir='ltr'><strong>VII</strong></span> <span class='ocrx_word' id='word_1_385' title='bbox 3529 3720 3774 3761; x_wconf 68' lang='lat' dir='ltr'><strong>INCERTO.</strong></span> 
     </span>
    </p>
   </div>
   <div class='ocr_carea' id='block_1_56' title="bbox 1805 3854 4888 4082">
    <p class='ocr_par' dir='ltr' id='par_1_56' title="bbox 1805 3854 4888 4082">
     <span class='ocr_line' id='line_1_56' title="bbox 1805 3854 4888 4082; baseline 0 -2"><span class='ocrx_word' id='word_1_386' title='bbox 1805 3854 3055 4082; x_wconf 80' lang='lat' dir='ltr'><strong>AUCTOR</strong></span> <span class='ocrx_word' id='word_1_387' title='bbox 3267 3858 4888 4082; x_wconf 81' lang='lat' dir='ltr'><strong>INCERTUS.</strong></span> 
     </span>
    </p>
   </div>
   <div class='ocr_carea' id='block_1_57' title="bbox 2862 4208 3757 4246">
    <p class='ocr_par' dir='ltr' id='par_1_57' title="bbox 2862 4208 3757 4246">
     <span class='ocr_line' id='line_1_57' title="bbox 2862 4208 3757 4246; baseline -0.001 -7"><span class='ocrx_word' id='word_1_388' title='bbox 2862 4208 3757 4246; x_wconf 53' lang='grc' dir='ltr'><strong>ψ·-</strong></span> 
     </span>
    </p>
   </div>
   <div class='ocr_carea' id='block_1_58' title="bbox 2250 4361 4433 4494">
    <p class='ocr_par' dir='ltr' id='par_1_58' title="bbox 2250 4361 4433 4494">
     <span class='ocr_line' id='line_1_58' title="bbox 2250 4361 4433 4494; baseline -0.002 0"><span class='ocrx_word' id='word_1_389' title='bbox 2250 4364 2889 4494; x_wconf 82' lang='lat' dir='ltr'><strong>INCERTI</strong></span> <span class='ocrx_word' id='word_1_390' title='bbox 2983 4361 3777 4492; x_wconf 81' lang='lat' dir='ltr'><strong>AUCTORIS</strong></span> <span class='ocrx_word' id='word_1_391' title='bbox 3903 4363 4433 4491; x_wconf 81' lang='lat' dir='ltr'><strong>SERMO</strong></span> 
     </span>
    </p>
   </div>
   <div class='ocr_carea' id='block_1_59' title="bbox 2523 4599 4234 4714">
    <p class='ocr_par' dir='ltr' id='par_1_59' title="bbox 2523 4599 4234 4714">
     <span class='ocr_line' id='line_1_59' title="bbox 2523 4599 4234 4714; baseline -0.002 0"><span class='ocrx_word' id='word_1_392' title='bbox 2523 4603 2699 4714; x_wconf 88' lang='lat' dir='ltr'>DE</span> <span class='ocrx_word' id='word_1_393' title='bbox 2795 4599 3266 4714; x_wconf 85' lang='lat' dir='ltr'><strong>DECEM</strong></span> <span class='ocrx_word' id='word_1_394' title='bbox 3354 4599 4234 4714; x_wconf 85' lang='lat' dir='ltr'><strong>VIRGINIBUS.</strong></span> 
     </span>
    </p>
   </div>
   <div class='ocr_carea' id='block_1_60' title="bbox 1784 4878 4975 4961">
    <p class='ocr_par' dir='ltr' id='par_1_60' title="bbox 1784 4878 4975 4961">
     <span class='ocr_line' id='line_1_60' title="bbox 1784 4878 4975 4961; baseline -0.005 -7"><span class='ocrx_word' id='word_1_395' title='bbox 1784 4900 1841 4954; x_wconf 91' lang='lat' dir='ltr'><strong>ln</strong></span> <span class='ocrx_word' id='word_1_396' title='bbox 1873 4895 2124 4959; x_wconf 81' lang='lat' dir='ltr'><strong>lectione,</strong></span> <span class='ocrx_word' id='word_1_397' title='bbox 2155 4905 2274 4961; x_wconf 79' lang='lat' dir='ltr'><strong>quae</strong></span> <span class='ocrx_word' id='word_1_398' title='bbox 2293 4889 2447 4945; x_wconf 86' lang='lat' dir='ltr'><strong>nobis</strong></span> <span class='ocrx_word' id='word_1_399' title='bbox 2469 4889 2690 4943; x_wconf 84' lang='lat' dir='ltr'><strong>recitata</strong></span> <span class='ocrx_word' id='word_1_400' title='bbox 2723 4895 2821 4950; x_wconf 90' lang='lat' dir='ltr'><strong>est,</strong></span> <span class='ocrx_word' id='word_1_401' title='bbox 2841 4885 3028 4939; x_wconf 87' lang='lat' dir='ltr'><strong>fratres</strong></span> <span class='ocrx_word' id='word_1_402' title='bbox 3052 4885 3290 4940; x_wconf 83' lang='lat' dir='ltr'><strong>dilectis-</strong></span> <span class='ocrx_word' id='word_1_403' title='bbox 3319 4887 3370 4947; x_wconf 82' lang='grc' dir='ltr'><strong>ι)</strong></span> <span class='ocrx_word' id='word_1_404' title='bbox 3395 4893 3565 4939; x_wconf 89' lang='lat' dir='ltr'><strong>teram</strong></span> <span class='ocrx_word' id='word_1_405' title='bbox 3591 4881 3809 4951; x_wconf 84' lang='lat' dir='ltr'><strong>intelligi</strong></span> <span class='ocrx_word' id='word_1_406' title='bbox 3836 4881 4013 4946; x_wconf 86' lang='lat' dir='ltr'><strong>debet,</strong></span> <span class='ocrx_word' id='word_1_407' title='bbox 4046 4888 4165 4950; x_wconf 72' lang='lat' dir='ltr'><strong>quia</strong></span> <span class='ocrx_word' id='word_1_408' title='bbox 4188 4893 4373 4934; x_wconf 85' lang='lat' dir='ltr'><strong>revera</strong></span> <span class='ocrx_word' id='word_1_409' title='bbox 4411 4879 4526 4949; x_wconf 89' lang='lat' dir='ltr'><strong>ipse</strong></span> <span class='ocrx_word' id='word_1_410' title='bbox 4544 4878 4799 4937; x_wconf 84' lang='lat' dir='ltr'><strong>Dominus</strong></span> <span class='ocrx_word' id='word_1_411' title='bbox 4829 4887 4975 4940; x_wconf 73' lang='lat' dir='ltr'><strong>simi-</strong></span> 
     </span>
    </p>
   </div>
   <div class='ocr_carea' id='block_1_61' title="bbox 1717 4974 3294 5048">
    <p class='ocr_par' dir='ltr' id='par_1_61' title="bbox 1717 4974 3294 5048">
     <span class='ocr_line' id='line_1_61' title="bbox 1717 4974 3294 5048; baseline -0.013 -3"><span class='ocrx_word' id='word_1_412' title='bbox 1717 4989 1858 5048; x_wconf 86' lang='lat' dir='ltr'><strong>sinii,</strong></span> <span class='ocrx_word' id='word_1_413' title='bbox 1889 4983 2191 5038; x_wconf 85' lang='lat' dir='ltr'><strong>audivimus</strong></span> <span class='ocrx_word' id='word_1_414' title='bbox 2213 4979 2495 5033; x_wconf 86' lang='lat' dir='ltr'><strong>Dominum</strong></span> <span class='ocrx_word' id='word_1_415' title='bbox 2518 4977 2717 5032; x_wconf 76' lang='lat' dir='ltr'><strong>dixi-se</strong></span> <span class='ocrx_word' id='word_1_416' title='bbox 2741 4994 2752 5028; x_wconf 86' lang='lat'><strong>:</strong></span> <span class='ocrx_word' id='word_1_417' title='bbox 2781 4974 2962 5029; x_wconf 81' lang='lat' dir='ltr'><strong>Simile</strong></span> <span class='ocrx_word' id='word_1_418' title='bbox 2990 4985 3062 5027; x_wconf 79' lang='lat' dir='ltr'><strong>cst</strong></span> <span class='ocrx_word' id='word_1_419' title='bbox 3085 4990 3294 5042; x_wconf 83' lang='lat' dir='ltr'><strong>regnum</strong></span> 
     </span>
    </p>
   </div>
   <div class='ocr_carea' id='block_1_62' title="bbox 1716 5063 3291 5139">
    <p class='ocr_par' dir='ltr' id='par_1_62' title="bbox 1716 5063 3291 5139">
     <span class='ocr_line' id='line_1_62' title="bbox 1716 5063 3291 5139; baseline -0.012 -6"><span class='ocrx_word' id='word_1_420' title='bbox 1716 5080 1958 5133; x_wconf 78' lang='lat' dir='ltr'><strong>caz‘lorum</strong></span> <span class='ocrx_word' id='word_1_421' title='bbox 1988 5073 2157 5125; x_wconf 71' lang='lat' dir='ltr'><strong>decem</strong></span> <span class='ocrx_word' id='word_1_422' title='bbox 2185 5069 2482 5139; x_wconf 73' lang='lat' dir='ltr'><strong>virginibus.</strong></span> <span class='ocrx_word' id='word_1_423' title='bbox 2514 5085 2644 5136; x_wconf 68' lang='lat' dir='ltr'><strong>quit,</strong></span> <span class='ocrx_word' id='word_1_424' title='bbox 2698 5066 2916 5131; x_wconf 79' lang='lat' dir='ltr'><strong>acceptis</strong></span> <span class='ocrx_word' id='word_1_425' title='bbox 2946 5063 3291 5132; x_wconf 77' lang='lat' dir='ltr'><strong>lampadibus,</strong></span> 
     </span>
    </p>
   </div>
   <div class='ocr_carea' id='block_1_63' title="bbox 1717 5153 3294 5228">
    <p class='ocr_par' dir='ltr' id='par_1_63' title="bbox 1717 5153 3294 5228">
     <span class='ocr_line' id='line_1_63' title="bbox 1717 5153 3294 5228; baseline -0.006 -11"><span class='ocrx_word' id='word_1_426' title='bbox 1717 5170 1952 5222; x_wconf 66' lang='lat' dir='ltr'><strong>exierunt</strong></span> <span class='ocrx_word' id='word_1_427' title='bbox 1977 5165 2173 5217; x_wconf 81' lang='lat' dir='ltr'><strong>obviam</strong></span> <span class='ocrx_word' id='word_1_428' title='bbox 2203 5175 2388 5228; x_wconf 83' lang='lat' dir='ltr'><strong>sponso</strong></span> <span class='ocrx_word' id='word_1_429' title='bbox 2439 5168 2485 5210; x_wconf 79' lang='lat' dir='ltr'><strong>et</strong></span> <span class='ocrx_word' id='word_1_430' title='bbox 2515 5173 2717 5225; x_wconf 79' lang='lat' dir='ltr'><strong>sponsrr</strong></span> <span class='ocrx_word' id='word_1_431' title='bbox 2747 5155 2961 5214; x_wconf 82' lang='lat' dir='ltr'><strong>(Matth.</strong></span> <span class='ocrx_word' id='word_1_432' title='bbox 2997 5155 3146 5222; x_wconf 84' lang='lat' dir='ltr'><strong>xxv).</strong></span> <span class='ocrx_word' id='word_1_433' title='bbox 3181 5153 3294 5207; x_wconf 79' lang='lat' dir='ltr'><strong>Hoc</strong></span> 
     </span>
    </p>
   </div>
   <div class='ocr_carea' id='block_1_64' title="bbox 1717 5243 3291 5314">
    <p class='ocr_par' dir='ltr' id='par_1_64' title="bbox 1717 5243 3291 5314">
     <span class='ocr_line' id='line_1_64' title="bbox 1717 5243 3291 5314; baseline -0.012 0"><span class='ocrx_word' id='word_1_434' title='bbox 1717 5259 1760 5314; x_wconf 85' lang='lat' dir='ltr'><strong>si</strong></span> <span class='ocrx_word' id='word_1_435' title='bbox 1793 5255 2030 5311; x_wconf 82' lang='lat' dir='ltr'><strong>secundu</strong></span> <span class='ocrx_word' id='word_1_436' title='bbox 2056 5270 2085 5304; x_wconf 93' lang='lat' dir='ltr'><strong>n</strong></span> <span class='ocrx_word' id='word_1_437' title='bbox 2117 5251 2346 5304; x_wconf 81' lang='lat' dir='ltr'><strong>litteram</strong></span> <span class='ocrx_word' id='word_1_438' title='bbox 2379 5257 2584 5303; x_wconf 88' lang='lat' dir='ltr'><strong>tantum</strong></span> <span class='ocrx_word' id='word_1_439' title='bbox 2635 5245 2984 5314; x_wconf 89' lang='lat' dir='ltr'><strong>intelligimus</strong></span> <span class='ocrx_word' id='word_1_440' title='bbox 3007 5286 3022 5310; x_wconf 92' lang='lat'><strong>,</strong></span> <span class='ocrx_word' id='word_1_441' title='bbox 3074 5243 3291 5297; x_wconf 84' lang='lat' dir='ltr'><strong>nimium</strong></span> 
     </span>
    </p>
   </div>
   <div class='ocr_carea' id='block_1_65' title="bbox 1721 5336 3295 5410">
    <p class='ocr_par' dir='ltr' id='par_1_65' title="bbox 1721 5336 3295 5410">
     <span class='ocr_line' id='line_1_65' title="bbox 1721 5336 3295 5410; baseline -0.01 -6"><span class='ocrx_word' id='word_1_442' title='bbox 1721 5351 1912 5404; x_wconf 91' lang='lat' dir='ltr'><strong>durum</strong></span> <span class='ocrx_word' id='word_1_443' title='bbox 1936 5345 2148 5400; x_wconf 90' lang='lat' dir='ltr'><strong>videtur</strong></span> <span class='ocrx_word' id='word_1_444' title='bbox 2191 5353 2243 5397; x_wconf 85' lang='lat' dir='ltr'><strong>et</strong></span> <span class='ocrx_word' id='word_1_445' title='bbox 2266 5356 2534 5410; x_wconf 89' lang='lat' dir='ltr'><strong>asperum.</strong></span> <span class='ocrx_word' id='word_1_446' title='bbox 2565 5341 2706 5393; x_wconf 48' lang='grc' dir='ltr'><strong>Ααδᾲ.</strong></span> <span class='ocrx_word' id='word_1_447' title='bbox 2748 5339 2847 5393; x_wconf 85' lang='lat' dir='ltr'><strong>boc</strong></span> <span class='ocrx_word' id='word_1_448' title='bbox 2869 5354 2898 5391; x_wconf 89' lang='lat' dir='ltr'><strong>a</strong></span> <span class='ocrx_word' id='word_1_449' title='bbox 2927 5336 3172 5392; x_wconf 87' lang='lat' dir='ltr'><strong>sensibus</strong></span> <span class='ocrx_word' id='word_1_450' title='bbox 3198 5351 3295 5390; x_wconf 92' lang='lat' dir='ltr'><strong>no-</strong></span> 
     </span>
    </p>
   </div>
   <div class='ocr_carea' id='block_1_66' title="bbox 1721 5427 3295 5502">
    <p class='ocr_par' dir='ltr' id='par_1_66' title="bbox 1721 5427 3295 5502">
     <span class='ocr_line' id='line_1_66' title="bbox 1721 5427 3295 5502; baseline -0.01 -6"><span class='ocrx_word' id='word_1_451' title='bbox 1721 5443 1848 5496; x_wconf 86' lang='lat' dir='ltr'><strong>stris</strong></span> <span class='ocrx_word' id='word_1_452' title='bbox 1873 5483 1886 5502; x_wconf 82' lang='lat'><strong>,</strong></span> <span class='ocrx_word' id='word_1_453' title='bbox 1936 5448 1993 5490; x_wconf 87' lang='lat' dir='ltr'><strong>ut</strong></span> <span class='ocrx_word' id='word_1_454' title='bbox 2023 5436 2108 5490; x_wconf 89' lang='lat' dir='ltr'><strong>vel</strong></span> <span class='ocrx_word' id='word_1_455' title='bbox 2140 5434 2204 5488; x_wconf 89' lang='lat' dir='ltr'><strong>de</strong></span> <span class='ocrx_word' id='word_1_456' title='bbox 2235 5436 2396 5488; x_wconf 88' lang='lat' dir='ltr'><strong>domo</strong></span> <span class='ocrx_word' id='word_1_457' title='bbox 2427 5432 2791 5500; x_wconf 73' lang='lat' dir='ltr'><strong>cujusan-qne</strong></span> <span class='ocrx_word' id='word_1_458' title='bbox 2832 5428 2994 5484; x_wconf 88' lang='lat' dir='ltr'><strong>etiam</strong></span> <span class='ocrx_word' id='word_1_459' title='bbox 3046 5427 3295 5498; x_wconf 85' lang='lat' dir='ltr'><strong>pauperis</strong></span> 
     </span>
    </p>
   </div>
   <div class='ocr_carea' id='block_1_67' title="bbox 1720 5517 3291 5592">
    <p class='ocr_par' dir='ltr' id='par_1_67' title="bbox 1720 5517 3291 5592">
     <span class='ocr_line' id='line_1_67' title="bbox 1720 5517 3291 5592; baseline -0.01 -8"><span class='ocrx_word' id='word_1_460' title='bbox 1720 5529 2004 5584; x_wconf 57' lang='lat' dir='ltr'><strong>Christiani</strong></span> <span class='ocrx_word' id='word_1_461' title='bbox 2063 5536 2172 5578; x_wconf 89' lang='lat' dir='ltr'><strong>tam</strong></span> <span class='ocrx_word' id='word_1_462' title='bbox 2225 5539 2418 5592; x_wconf 86' lang='lat' dir='ltr'><strong>parvus</strong></span> <span class='ocrx_word' id='word_1_463' title='bbox 2472 5519 2722 5575; x_wconf 83' lang='lat' dir='ltr'><strong>numerus</strong></span> <span class='ocrx_word' id='word_1_464' title='bbox 2774 5519 2953 5574; x_wconf 89' lang='lat' dir='ltr'><strong>veniat</strong></span> <span class='ocrx_word' id='word_1_465' title='bbox 3017 5518 3080 5571; x_wconf 89' lang='lat' dir='ltr'><strong>ad</strong></span> <span class='ocrx_word' id='word_1_466' title='bbox 3131 5517 3291 5571; x_wconf 86' lang='lat' dir='ltr'><strong>vitam</strong></span> 
     </span>
    </p>
   </div>
   <div class='ocr_carea' id='block_1_68' title="bbox 1719 5609 3293 5684">
    <p class='ocr_par' dir='ltr' id='par_1_68' title="bbox 1719 5609 3293 5684">
     <span class='ocr_line' id='line_1_68' title="bbox 1719 5609 3293 5684; baseline -0.009 -7"><span class='ocrx_word' id='word_1_467' title='bbox 1719 5634 1998 5677; x_wconf 69' lang='lat' dir='ltr'><strong>aeternam.</strong></span> <span class='ocrx_word' id='word_1_468' title='bbox 2045 5617 2110 5670; x_wconf 83' lang='lat' dir='ltr'><strong>Et</strong></span> <span class='ocrx_word' id='word_1_469' title='bbox 2141 5617 2260 5670; x_wconf 87' lang='lat' dir='ltr'><strong>ideo</strong></span> <span class='ocrx_word' id='word_1_470' title='bbox 2289 5618 2410 5684; x_wconf 83' lang='lat' dir='ltr'><strong>quia</strong></span> <span class='ocrx_word' id='word_1_471' title='bbox 2454 5614 2595 5669; x_wconf 89' lang='lat' dir='ltr'><strong>nulla</strong></span> <span class='ocrx_word' id='word_1_472' title='bbox 2650 5617 2857 5666; x_wconf 81' lang='lat' dir='ltr'><strong>ratione</strong></span> <span class='ocrx_word' id='word_1_473' title='bbox 2888 5609 3176 5665; x_wconf 67' lang='lat' dir='ltr'><strong>secundum</strong></span> <span class='ocrx_word' id='word_1_474' title='bbox 3207 5610 3293 5663; x_wconf 84' lang='lat' dir='ltr'><strong>lit-</strong></span> 
     </span>
    </p>
   </div>
   <div class='ocr_carea' id='block_1_69' title="bbox 1794 5763 3296 5841">
    <p class='ocr_par' dir='ltr' id='par_1_69' title="bbox 1794 5763 3296 5841">
     <span class='ocr_line' id='line_1_69' title="bbox 1794 5763 3296 5841; baseline -0.009 -16"><span class='ocrx_word' id='word_1_475' title='bbox 1794 5782 1816 5807; x_wconf 75' lang='grc' dir='ltr'><strong>δ</strong></span> <span class='ocrx_word' id='word_1_476' title='bbox 1853 5773 2226 5841; x_wconf 79' lang='lat' dir='ltr'><strong>Fragmentum</strong></span> <span class='ocrx_word' id='word_1_477' title='bbox 2256 5770 2395 5841; x_wconf 68' lang='lat' dir='ltr'><strong>hoc,</strong></span> <span class='ocrx_word' id='word_1_478' title='bbox 2421 5765 2662 5841; x_wconf 67' lang='lat' dir='ltr'><strong>quantivis</strong></span> <span class='ocrx_word' id='word_1_479' title='bbox 2690 5765 2740 5818; x_wconf 88' lang='lat' dir='ltr'><strong>id</strong></span> <span class='ocrx_word' id='word_1_480' title='bbox 2761 5763 3296 5841; x_wconf 66' lang='lat' dir='ltr'><strong>_Ubserrationi_rriti-</strong></span> 
     </span>
    </p>
   </div>
   <div class='ocr_carea' id='block_1_70' title="bbox 1722 5835 3290 5909">
    <p class='ocr_par' dir='ltr' id='par_1_70' title="bbox 1722 5835 3290 5909">
     <span class='ocr_line' id='line_1_70' title="bbox 1722 5835 3290 5909; baseline -0.006 -13"><span class='ocrx_word' id='word_1_481' title='bbox 1722 5859 1796 5895; x_wconf 72' lang='lat' dir='ltr'><strong>me</strong></span> <span class='ocrx_word' id='word_1_482' title='bbox 1821 5843 1872 5895; x_wconf 91' lang='lat' dir='ltr'><strong>in</strong></span> <span class='ocrx_word' id='word_1_483' title='bbox 1902 5835 2154 5909; x_wconf 75' lang='lat' dir='ltr'><strong>Regulam</strong></span> <span class='ocrx_word' id='word_1_484' title='bbox 2179 5839 2346 5891; x_wconf 89' lang='lat' dir='ltr'><strong>sancti</strong></span> <span class='ocrx_word' id='word_1_485' title='bbox 2380 5837 2564 5890; x_wconf 47' lang='lat' dir='ltr'><strong>lsidori</strong></span> <span class='ocrx_word' id='word_1_486' title='bbox 2594 5835 2917 5903; x_wconf 82' lang='lat' dir='ltr'><strong>llispalensis</strong></span> <span class='ocrx_word' id='word_1_487' title='bbox 2935 5835 3042 5902; x_wconf 85' lang='lat' dir='ltr'><strong>jam</strong></span> <span class='ocrx_word' id='word_1_488' title='bbox 3074 5835 3290 5901; x_wconf 79' lang='lat' dir='ltr'><strong>subjun-</strong></span> 
     </span>
    </p>
   </div>
   <div class='ocr_carea' id='block_1_71' title="bbox 3403 4970 4972 5040">
    <p class='ocr_par' dir='ltr' id='par_1_71' title="bbox 3403 4970 4972 5040">
     <span class='ocr_line' id='line_1_71' title="bbox 3403 4970 4972 5040; baseline 0.001 -14"><span class='ocrx_word' id='word_1_489' title='bbox 3403 4973 3679 5028; x_wconf 87' lang='lat' dir='ltr'><strong>litudinem</strong></span> <span class='ocrx_word' id='word_1_490' title='bbox 3696 4987 3815 5026; x_wconf 89' lang='lat' dir='ltr'><strong>esse</strong></span> <span class='ocrx_word' id='word_1_491' title='bbox 3838 4971 3989 5036; x_wconf 78' lang='lat' dir='ltr'><strong>dixit,</strong></span> <span class='ocrx_word' id='word_1_492' title='bbox 4007 4970 4339 5038; x_wconf 88' lang='lat' dir='ltr'><strong>requiramus</strong></span> <span class='ocrx_word' id='word_1_493' title='bbox 4362 4984 4528 5037; x_wconf 87' lang='lat' dir='ltr'><strong>quare</strong></span> <span class='ocrx_word' id='word_1_494' title='bbox 4549 4972 4790 5040; x_wconf 90' lang='lat' dir='ltr'><strong>quinque</strong></span> <span class='ocrx_word' id='word_1_495' title='bbox 4814 4973 4972 5030; x_wconf 66' lang='lat' dir='ltr'><strong>dii-uc</strong></span> 
     </span>
    </p>
   </div>
   <div class='ocr_carea' id='block_1_72' title="bbox 3401 5059 4974 5134">
    <p class='ocr_par' dir='ltr' id='par_1_72' title="bbox 3401 5059 4974 5134">
     <span class='ocr_line' id='line_1_72' title="bbox 3401 5059 4974 5134; baseline 0 -15"><span class='ocrx_word' id='word_1_496' title='bbox 3401 5073 3521 5119; x_wconf 90' lang='lat' dir='ltr'><strong>sunt</strong></span> <span class='ocrx_word' id='word_1_497' title='bbox 3553 5064 3711 5116; x_wconf 71' lang='lat' dir='ltr'><strong>fatum</strong></span> <span class='ocrx_word' id='word_1_498' title='bbox 3748 5072 3803 5117; x_wconf 91' lang='lat' dir='ltr'><strong>et</strong></span> <span class='ocrx_word' id='word_1_499' title='bbox 3827 5066 4061 5132; x_wconf 90' lang='lat' dir='ltr'><strong>quinque</strong></span> <span class='ocrx_word' id='word_1_500' title='bbox 4091 5063 4396 5131; x_wconf 88' lang='lat' dir='ltr'><strong>prudentes.</strong></span> <span class='ocrx_word' id='word_1_501' title='bbox 4436 5059 4540 5116; x_wconf 76' lang='lat' dir='ltr'><strong>Illa:</strong></span> <span class='ocrx_word' id='word_1_502' title='bbox 4565 5062 4707 5115; x_wconf 90' lang='lat' dir='ltr'><strong>enim</strong></span> <span class='ocrx_word' id='word_1_503' title='bbox 4737 5064 4974 5134; x_wconf 87' lang='lat' dir='ltr'><strong>quinan</strong></span> 
     </span>
    </p>
   </div>
   <div class='ocr_carea' id='block_1_73' title="bbox 3401 5151 4974 5226">
    <p class='ocr_par' dir='ltr' id='par_1_73' title="bbox 3401 5151 4974 5226">
     <span class='ocr_line' id='line_1_73' title="bbox 3401 5151 4974 5226; baseline -0.001 -18"><span class='ocrx_word' id='word_1_504' title='bbox 3401 5154 3692 5226; x_wconf 88' lang='lat' dir='ltr'><strong>prudentes</strong></span> <span class='ocrx_word' id='word_1_505' title='bbox 3720 5153 4023 5220; x_wconf 77' lang='lat' dir='ltr'><strong>signiﬁcant</strong></span> <span class='ocrx_word' id='word_1_506' title='bbox 4051 5167 4238 5206; x_wconf 88' lang='lat' dir='ltr'><strong>omnes</strong></span> <span class='ocrx_word' id='word_1_507' title='bbox 4266 5160 4500 5216; x_wconf 88' lang='lat' dir='ltr'><strong>sanctos,</strong></span> <span class='ocrx_word' id='word_1_508' title='bbox 4522 5151 4612 5220; x_wconf 89' lang='lat' dir='ltr'><strong>qui</strong></span> <span class='ocrx_word' id='word_1_509' title='bbox 4669 5167 4790 5207; x_wconf 91' lang='lat' dir='ltr'><strong>cum</strong></span> <span class='ocrx_word' id='word_1_510' title='bbox 4819 5153 4974 5208; x_wconf 82' lang='lat' dir='ltr'><strong>Chri-</strong></span> 
     </span>
    </p>
   </div>
   <div class='ocr_carea' id='block_1_74' title="bbox 3401 5242 4973 5313">
    <p class='ocr_par' dir='ltr' id='par_1_74' title="bbox 3401 5242 4973 5313">
     <span class='ocr_line' id='line_1_74' title="bbox 3401 5242 4973 5313; baseline -0.002 -13"><span class='ocrx_word' id='word_1_511' title='bbox 3401 5254 3486 5300; x_wconf 91' lang='lat' dir='ltr'><strong>sto</strong></span> <span class='ocrx_word' id='word_1_512' title='bbox 3509 5253 3635 5300; x_wconf 88' lang='lat' dir='ltr'><strong>sunt</strong></span> <span class='ocrx_word' id='word_1_513' title='bbox 3654 5243 3928 5311; x_wconf 86' lang='lat' dir='ltr'><strong>regnaturi</strong></span> <span class='ocrx_word' id='word_1_514' title='bbox 3954 5260 3967 5296; x_wconf 88' lang='lat'><strong>:</strong></span> <span class='ocrx_word' id='word_1_515' title='bbox 3998 5251 4050 5296; x_wconf 90' lang='lat' dir='ltr'><strong>et</strong></span> <span class='ocrx_word' id='word_1_516' title='bbox 4072 5243 4389 5298; x_wconf 87' lang='lat' dir='ltr'><strong>econtrario</strong></span> <span class='ocrx_word' id='word_1_517' title='bbox 4416 5242 4519 5297; x_wconf 77' lang='lat' dir='ltr'><strong>illa:</strong></span> <span class='ocrx_word' id='word_1_518' title='bbox 4548 5243 4784 5313; x_wconf 89' lang='lat' dir='ltr'><strong>quinque</strong></span> <span class='ocrx_word' id='word_1_519' title='bbox 4815 5244 4973 5297; x_wconf 78' lang='lat' dir='ltr'><strong>fatuae</strong></span> 
     </span>
    </p>
   </div>
   <div class='ocr_carea' id='block_1_75' title="bbox 3402 5332 4973 5406">
    <p class='ocr_par' dir='ltr' id='par_1_75' title="bbox 3402 5332 4973 5406">
     <span class='ocr_line' id='line_1_75' title="bbox 3402 5332 4973 5406; baseline 0.001 -17"><span class='ocrx_word' id='word_1_520' title='bbox 3402 5336 3624 5404; x_wconf 79' lang='lat' dir='ltr'><strong>figuram</strong></span> <span class='ocrx_word' id='word_1_521' title='bbox 3673 5333 3922 5387; x_wconf 91' lang='lat' dir='ltr'><strong>videntur</strong></span> <span class='ocrx_word' id='word_1_522' title='bbox 3966 5332 4164 5388; x_wconf 89' lang='lat' dir='ltr'><strong>habere</strong></span> <span class='ocrx_word' id='word_1_523' title='bbox 4209 5332 4671 5398; x_wconf 86' lang='lat' dir='ltr'><strong>Christianorum,</strong></span> <span class='ocrx_word' id='word_1_524' title='bbox 4715 5337 4805 5406; x_wconf 92' lang='lat' dir='ltr'><strong>qui</strong></span> <span class='ocrx_word' id='word_1_525' title='bbox 4856 5336 4973 5392; x_wconf 87' lang='lat' dir='ltr'><strong>sine</strong></span> 
     </span>
    </p>
   </div>
   <div class='ocr_carea' id='block_1_76' title="bbox 3402 5423 4974 5494">
    <p class='ocr_par' dir='ltr' id='par_1_76' title="bbox 3402 5423 4974 5494">
     <span class='ocr_line' id='line_1_76' title="bbox 3402 5423 4974 5494; baseline 0.001 -14"><span class='ocrx_word' id='word_1_526' title='bbox 3402 5426 3656 5494; x_wconf 88' lang='lat' dir='ltr'><strong>operibus</strong></span> <span class='ocrx_word' id='word_1_527' title='bbox 3685 5425 3839 5480; x_wconf 91' lang='lat' dir='ltr'><strong>bonis</strong></span> <span class='ocrx_word' id='word_1_528' title='bbox 3895 5423 3961 5478; x_wconf 89' lang='lat' dir='ltr'><strong>de</strong></span> <span class='ocrx_word' id='word_1_529' title='bbox 4012 5424 4130 5480; x_wconf 85' lang='lat' dir='ltr'><strong>solo</strong></span> <span class='ocrx_word' id='word_1_530' title='bbox 4161 5433 4365 5478; x_wconf 91' lang='lat' dir='ltr'><strong>tantum</strong></span> <span class='ocrx_word' id='word_1_531' title='bbox 4403 5424 4708 5480; x_wconf 88' lang='lat' dir='ltr'><strong>Christiano</strong></span> <span class='ocrx_word' id='word_1_532' title='bbox 4755 5429 4974 5481; x_wconf 89' lang='lat' dir='ltr'><strong>nomine</strong></span> 
     </span>
    </p>
   </div>
   <div class='ocr_carea' id='block_1_77' title="bbox 3401 5513 4970 5588">
    <p class='ocr_par' dir='ltr' id='par_1_77' title="bbox 3401 5513 4970 5588">
     <span class='ocr_line' id='line_1_77' title="bbox 3401 5513 4970 5588; baseline 0.001 -18"><span class='ocrx_word' id='word_1_533' title='bbox 3401 5517 3716 5587; x_wconf 87' lang='lat' dir='ltr'><strong>gloriantur.</strong></span> <span class='ocrx_word' id='word_1_534' title='bbox 3742 5515 3867 5569; x_wconf 87' lang='lat' dir='ltr'><strong>ldeo</strong></span> <span class='ocrx_word' id='word_1_535' title='bbox 3910 5524 4089 5569; x_wconf 89' lang='lat' dir='ltr'><strong>autem</strong></span> <span class='ocrx_word' id='word_1_536' title='bbox 4138 5513 4295 5568; x_wconf 71' lang='lat' dir='ltr'><strong>fatua:</strong></span> <span class='ocrx_word' id='word_1_537' title='bbox 4324 5515 4576 5584; x_wconf 85' lang='lat' dir='ltr'><strong>quinque,</strong></span> <span class='ocrx_word' id='word_1_538' title='bbox 4609 5526 4662 5571; x_wconf 90' lang='lat' dir='ltr'><strong>et</strong></span> <span class='ocrx_word' id='word_1_539' title='bbox 4707 5517 4809 5572; x_wconf 61' lang='lat' dir='ltr'><strong>illa</strong></span> <span class='ocrx_word' id='word_1_540' title='bbox 4839 5533 4970 5588; x_wconf 80' lang='lat' dir='ltr'><strong>pru-</strong></span> 
     </span>
    </p>
   </div>
   <div class='ocr_carea' id='block_1_78' title="bbox 3401 5605 4972 5676">
    <p class='ocr_par' dir='ltr' id='par_1_78' title="bbox 3401 5605 4972 5676">
     <span class='ocr_line' id='line_1_78' title="bbox 3401 5605 4972 5676; baseline 0 -13"><span class='ocrx_word' id='word_1_541' title='bbox 3401 5609 3590 5665; x_wconf 87' lang='lat' dir='ltr'><strong>dentes</strong></span> <span class='ocrx_word' id='word_1_542' title='bbox 3616 5607 3854 5675; x_wconf 90' lang='lat' dir='ltr'><strong>quinque</strong></span> <span class='ocrx_word' id='word_1_543' title='bbox 3905 5605 4190 5660; x_wconf 89' lang='lat' dir='ltr'><strong>dicuntur:</strong></span> <span class='ocrx_word' id='word_1_544' title='bbox 4226 5607 4348 5675; x_wconf 88' lang='lat' dir='ltr'><strong>quia</strong></span> <span class='ocrx_word' id='word_1_545' title='bbox 4397 5605 4635 5676; x_wconf 85' lang='lat' dir='ltr'><strong>quinque</strong></span> <span class='ocrx_word' id='word_1_546' title='bbox 4676 5622 4867 5663; x_wconf 88' lang='lat' dir='ltr'><strong>sensus</strong></span> <span class='ocrx_word' id='word_1_547' title='bbox 4917 5608 4972 5663; x_wconf 90' lang='lat' dir='ltr'><strong>in</strong></span> 
     </span>
    </p>
   </div>
   <div class='ocr_carea' id='block_1_79' title="bbox 3403 5755 4977 5827">
    <p class='ocr_par' dir='ltr' id='par_1_79' title="bbox 3403 5755 4977 5827">
     <span class='ocr_line' id='line_1_79' title="bbox 3403 5755 4977 5827; baseline 0.002 -13"><span class='ocrx_word' id='word_1_548' title='bbox 3403 5760 3597 5827; x_wconf 79' lang='lat' dir='ltr'><strong>ximus,</strong></span> <span class='ocrx_word' id='word_1_549' title='bbox 3630 5762 3692 5813; x_wconf 83' lang='lat' dir='ltr'><strong>ad</strong></span> <span class='ocrx_word' id='word_1_550' title='bbox 3733 5767 3964 5814; x_wconf 89' lang='lat' dir='ltr'><strong>mentem</strong></span> <span class='ocrx_word' id='word_1_551' title='bbox 4001 5766 4179 5812; x_wconf 91' lang='lat' dir='ltr'><strong>tamen</strong></span> <span class='ocrx_word' id='word_1_552' title='bbox 4209 5755 4288 5810; x_wconf 88' lang='lat' dir='ltr'><strong>Cl.</strong></span> <span class='ocrx_word' id='word_1_553' title='bbox 4323 5756 4584 5815; x_wconf 86' lang='lat' dir='ltr'><strong>llolstenii</strong></span> <span class='ocrx_word' id='word_1_554' title='bbox 4611 5759 4681 5817; x_wconf 90' lang='lat' dir='ltr'><strong>ob</strong></span> <span class='ocrx_word' id='word_1_555' title='bbox 4707 5760 4977 5817; x_wconf 77' lang='lat' dir='ltr'><strong>variantes</strong></span> 
     </span>
    </p>
   </div>
   <div class='ocr_carea' id='block_1_80' title="bbox 3402 5827 4300 5896">
    <p class='ocr_par' dir='ltr' id='par_1_80' title="bbox 3402 5827 4300 5896">
     <span class='ocr_line' id='line_1_80' title="bbox 3402 5827 4300 5896; baseline -0.008 -10"><span class='ocrx_word' id='word_1_556' title='bbox 3402 5830 3658 5886; x_wconf 78' lang='lat' dir='ltr'><strong>lectimes</strong></span> <span class='ocrx_word' id='word_1_557' title='bbox 3687 5831 3773 5886; x_wconf 86' lang='lat' dir='ltr'><strong>hic</strong></span> <span class='ocrx_word' id='word_1_558' title='bbox 3799 5830 4056 5886; x_wconf 86' lang='lat' dir='ltr'><strong>recudere</strong></span> <span class='ocrx_word' id='word_1_559' title='bbox 4083 5827 4300 5896; x_wconf 85' lang='lat' dir='ltr'><strong>placuit.</strong></span> 
     </span>
    </p>
   </div>
  </div>
