5174 6546
668 384 806 440 ίυῖδ

1910 384 1995 439 DE
2032 382 2261 439 DECEM
2304 382 2716 439 \‘lltGlNlBUS.

3816 382 3955 436 107A

663 500 913 555 omntbus
944 498 1254 554 homini-bus
1303 512 1423 553 esse
1470 500 1784 567 probantur,
1812 512 1975 561 usus,
2008 496 2257 561 auditus,
2299 516 2336 558 Α
2364 504 2522 552 cutus
2555 495 2836 564 adjunxit:
2874 500 2937 546 hi
2990 512 3089 548 Ilott
3133 502 3208 548 est
3253 497 3516 550 iuventam
3572 497 3627 548 in
3664 513 3751 549 ore
3777 512 3953 550 eorum

663 600 873 661 gustus,
905 591 1185 655 odoratus,
1238 599 1292 645 et
1336 598 1548 644 tactus:
1579 604 1705 659 quia
1751 606 1845 657 per
1889 592 2018 645 istos
2069 604 2262 644 sensus

662 682 809 737 velut
866 696 963 751 per
1014 681 1270 753 quasdam
1318 682 1515 751 januas
1564 681 1648 736 vel
1686 680 1946 737 fenestras
2002 691 2097 736 aut
2151 681 2261 738 vita

664 783 757 829 aut
795 789 942 829 iners
968 774 1268 844 ingreditur
1319 774 1387 830 ad
1416 775 1649 829 animam
1700 784 1959 831 nostram.
2010 776 2087 830 De
2141 774 2262 845 qui-

662 864 764 921 bus
789 875 845 921 et
892 870 1154 938 propheta
1192 866 1365 922 dixit:
1410 866 1634 921 Intravit
1680 883 1817 921 mors
1866 884 1956 937 per
2009 867 2261 936 fenestras

661 967 860 1012 vestras
904 958 1038 1028 (Jer.
1072 976 1145 1023 ix,
1188 957 1305 1027 Ἦ).
1357 957 1482 1014 ideo
1537 967 1591 1013 et
1639 958 1709 1013 ibi
1740 959 1977 1028 quinque
2028 957 2261 1026 virgines

662 1047 920 1104 dicuntur
970 1050 1282 1119 prudentes.
1317 1064 1437 1120 quae
1486 1051 1602 1106 istis
1655 1050 1902 1107 sensibus
1929 1050 2067 1105 bene
2101 1058 2261 1103 utun-

667 1151 785 1211 tur;
819 1153 875 1199 et
906 1143 976 1198 ibi
1001 1144 1240 1214 quinque
1279 1144 1436 1199 fatuae
1462 1185 1476 1209 ,
1531 1160 1649 1215 qua:
1703 1160 1799 1214 per
1848 1145 1980 1199 istos
2020 1144 2261 1212 quinque

663 1252 859 1294 sensus
901 1239 1073 1307 magis
1119 1249 1348 1293 mortem
1380 1254 1541 1308 quam
1588 1237 1752 1293 vitam
1782 1236 2077 1307 excipiunt.
2114 1236 2260 1301 Quo.

664 1329 828 1384 modo
874 1340 1054 1384 autem
1109 1330 1194 1385 isti
1242 1332 1479 1399 quinque
1531 1345 1758 1396 sensus,
1816 1330 1963 1385 velut
2022 1328 2260 1398 quinque

663 1420 940 1491 virgines,
1002 1431 1094 1476 aut
1143 1422 1504 1491 virginitatem
1556 1423 1881 1487 custodiant,
1926 1430 2018 1475 aut
2077 1436 2260 1475 corru-

662 1513 836 1583 ptioni
886 1513 1221 1581 subjaceant,
1274 1513 1582 1581 diligentius
1638 1514 1997 1581 requiramus.
2049 1511 2104 1565 Si
2164 1511 2262 1566 ali-

662 1607 787 1675 quis
830 1608 930 1671 vir,
966 1615 1057 1661 aut
1094 1608 1268 1676 aliqua
1323 1608 1517 1663 mulier
1570 1608 1785 1672 viderit,
1820 1617 1914 1662 aut
1958 1608 2143 1672 lilium,
2169 1614 2263 1660 aut

663 1696 850 1763 tiliam,
884 1707 976 1752 aut
998 1700 1231 1754 alienum
1258 1715 1494 1765 servum,
1518 1708 1610 1754 aut
1647 1700 1922 1766 ancillam,
1949 1708 2003 1754 et
2035 1700 2100 1752 ad
2131 1714 2262 1754 con-

662 1793 1057 1862 cupiscentiam
1091 1793 1377 1862 diligenter
1420 1795 1727 1865 aspexerit;
1760 1802 2010 1863 corrupta
2043 1803 2127 1848 est
2156 1809 2258 1848 una

2368 590 2686 642 mendacium
2710 630 2725 652 ,
2760 590 2871 641 sine
2897 591 3100 642 macula
3130 598 3267 642 sunt.
3299 587 3401 654 Qui
3430 602 3560 656 ergo
3588 587 3660 643 de
3682 587 3798 642 sola
3829 604 3953 642 cor-

2366 682 2513 753 poris
2537 681 2841 750 virginitate
2894 681 3191 750 gloriantur
3224 722 3241 748 ,
3287 681 3579 751 diligenter
3629 680 3959 756 attendant,

2365 777 2491 845 quia
2521 776 2565 829 si
2596 775 2939 831 mendacium
2962 775 3208 843 diligtmt,
3236 791 3358 831 cum
3409 776 3513 830 illis
3536 775 3743 831 sanctis
3794 774 3960 845 virgi-

2366 867 2522 922 nibus
2546 866 2817 922 Christum
2846 867 2997 936 sequi
3017 881 3124 921 non
3155 874 3429 937 poterunt.
3459 866 3615 921 Nulla
3644 880 3775 934 ergo
3801 864 3959 935 virgo

2364 957 2433 1012 de
2474 957 2589 1012 sola
2631 958 2875 1028 corporis
2904 957 3211 1027 virginitate
3242 966 3564 1028 prmsumat;
3621 957 3745 1026 quia
3777 958 3820 1011 si
3870 956 3958 1012 in-

2364 1045 2624 1103 obediens
2654 1046 2815 1102 fuerit
2841 1055 2934 1103 aut
2974 1047 3240 1116 linguosa,
3274 1046 3342 1101 ab
3375 1046 3466 1100 illo
3500 1045 3739 1100 thalamo
3768 1044 3957 1115 sponsi

2365 1141 2602 1197 coalestis
2631 1155 2690 1196 se
2716 1142 2927 1196 noverit
2977 1139 3390 1196 excludendam.
3445 1138 3579 1195 Cum
3628 1153 3758 1207 ergo
3804 1140 3957 1207 virgo

2364 1235 2715 1292 centesimum
2764 1234 2985 1305 gradum
3040 1242 3264 1298 teneat,
3324 1242 3379 1288 et
3425 1231 3619 1287 mulier
3666 1230 3959 1300 conjugata

2366 1331 2727 1397 tricesimum,
2763 1332 2956 1387 melior
2977 1339 3159 1386 tamen
3189 1337 3271 1385 est
3301 1338 3445 1385 casta
3473 1338 3527 1384 et
3578 1326 3797 1382 humilis
3820 1340 3956 1381 con-

2359 1423 2566 1493 jugata,
2598 1441 2759 1495 quam
2785 1425 2938 1492 virgo
2991 1423 3242 1494 superba.
3275 1421 3367 1477 illa
3399 1424 3539 1477 enim
3586 1428 3733 1477 caste
3759 1427 3816 1475 et
3854 1419 3959 1474 ltu-

2364 1515 2565 1571 militer
2594 1517 2790 1571 marito
2846 1519 3088 1571 serviens
3149 1514 3477 1571 tricesimum
3509 1512 3731 1582 gradum
3785 1509 3960 1580 possi-

2366 1610 2488 1675 det;
2520 1608 2710 1677 virgini
2741 1608 2986 1679 superbze
3016 1621 3117 1662 nec
3163 1622 3300 1661 unus
3338 1604 3641 1660 remanebit
3670 1623 3679 1655 :
3713 1610 3768 1657 et
3797 1602 3959 1655 utris—

2364 1715 2467 1767 que
2520 1700 2772 1770 impletur
2848 1697 2994 1769 quod
3054 1700 3129 1751 ait
3193 1696 3474 1752 Psalmista
3521 1716 3531 1749 :
3578 1695 3655 1748 Tu
3714 1692 3962 1765 populum

2365 1792 2606 1845 humilem
2643 1792 2841 1846 salvum
2892 1791 3073 1859 facies,
3104 1798 3152 1841 et
3199 1788 3371 1842 oculos
3425 1786 3760 1855 superborum
3800 1784 3964 1837 humi-

660 1884 816 1955 virgo
846 1905 855 1938 :
891 1886 1016 1954 quia
1038 1901 1134 1955 per
1157 1887 1364 1951 oculos,
1396 1887 1450 1940 id
1478 1863 1561 1942 est
1590 1904 1685 1957 per
1729 1888 1993 1943 fenestras
2015 1887 2258 1957 corporis
2294 1863 2339 1921 Β
2367 1884 2518 1937 liabis
2572 1882 2744 1949 (Psal.
2806 1896 2911 1935 xvn
2938 1922 2952 1945 ,
2985 1878 3098 1946 28).
3145 1880 3209 1933 Et
3267 1878 3390 1949 quia
3446 1887 3613 1934 totam
3662 1875 3962 1931 Ecclesium

663 1976 717 2030 in
748 1985 1015 2033 secretum
1044 1977 1223 2031 cordis
1251 1993 1518 2034 venenum
1549 1980 1736 2033 mortis
1777 1978 2015 2033 intravit.
2045 1978 2101 2032 Si
2133 1992 2263 2031 vero

662 2071 861 2141 aliquis
904 2072 1019 2126 sive
1052 2072 1335 2140 religiosus
1358 2114 1372 2138 ,
1416 2073 1531 2128 sive
1561 2072 1753 2136 laicus,
1787 2072 2033 2126 homines
2081 2071 2265 2123 detra-

662 2164 880 2227 hentes,
908 2177 1188 2217 sermones
1217 2164 1380 2218 etiam
1409 2163 1632 2227 otiosos,
1667 2173 1720 2218 et
1749 2164 1959 2219 cantica
1988 2163 2265 2216 luxuriosa

658 2256 747 2310 vel
782 2255 959 2325 turpia
1013 2256 1355 2325 proferentes
1385 2256 1619 2312 libenter
1646 2256 1898 2319 audierit,
1933 2264 2136 2309 etcum
2164 2253 2261 2308 de-

662 2349 959 2404 lectatione
978 2348 1193 2417 placido
1216 2349 1403 2403 auditu
1430 2349 1748 2418 susceperit,
1771 2354 2023 2417 corrupta
2054 2355 2134 2401 est
2158 2347 2263 2402 alia

659 2442 838 2510 virgo.
866 2440 919 2494 Si
944 2449 1121 2496 autem
1147 2458 1254 2497 non
1285 2442 1356 2496 sit
1386 2450 1674 2497 contentus
1699 2440 2060 2496 mediocribus
2089 2439 2221 2495 cibis
2244 2480 2263 2507 ,

657 2532 753 2585 sed
786 2540 1133 2599 sumptuosas
1164 2532 1389 2586 delicias
1444 2532 1719 2600 acquirat;
1779 2532 1824 2585 si
1854 2545 2069 2600 semper
2124 2528 2265 2584 male

661 2623 812 2692 loqui
844 2624 1074 2687 studeat,
1108 2639 1203 2692 per
1236 2624 1475 2692 iniquum
1506 2634 1723 2692 gustum
1755 2631 2015 2691 corrupta
2046 2628 2129 2675 est
2156 2620 2262 2675 alia

658 2718 837 2785 virgo.
869 2717 1024 2782 Quod
1056 2717 1102 2771 si
1133 2718 1297 2773 etiam
1329 2717 1523 2773 odores
1546 2716 1889 2787 peregrinos,
1920 2723 1977 2769 ut
2025 2714 2260 2767 homini-

658 2811 759 2863 bus
792 2808 859 2863 ad
893 2810 1159 2865 luxuriam
1205 2810 1425 2879 placere
1456 2810 1645 2878 possit.
1680 2808 1964 2876 diligenter
1993 2805 2258 2874 inquirit,

656 2914 856 2971 quarta
890 2905 1037 2973 virgo
1069 2904 1395 2958 estviolata.
1424 2901 1479 2958 Si
1510 2918 1639 2957 vero
1671 2901 1915 2955 manibus
1936 2900 2048 2956 suis
2077 2905 2172 2951 aut
2202 2895 2262 2948 ft-

657 2995 762 3050 lios
792 3003 887 3049 aut
909 2994 1045 3048 tilias
1094 2993 1297 3048 alienas
1325 3008 1447 3047 cum
1478 2992 1840 3048 delectatione
1884 2996 2106 3061 propter
2136 2984 2259 3042 libi-

654 3088 842 3140 dinem
867 3095 1088 3153 tangere
1118 3083 1379 3147 voluerit,
1432 3092 1487 3138 et
1516 3084 1837 3138 vestimenta
1868 3081 2028 3136 nimis
2072 3076 2260 3135 mollia

655 3178 842 3232 animo
872 3178 1195 3247 voluptuoso
1230 3177 1522 3246 quaesierit,
1546 3175 1657 3243 jam
1688 3176 1849 3230 etiam
1889 3174 2075 3245 quinta
2106 3172 2256 3239 virgo

651 3280 915 3341 corrupta
949 3278 1049 3325 cst.
1086 3271 1198 3325 Hoc
1246 3270 1389 3324 enim
1441 3268 1631 3323 ordine
1657 3267 1743 3321 isti
1776 3266 2016 3336 quinque
2062 3278 2255 3321 sensus

652 3368 807 3424 velut
834 3369 1075 3437 quinque
1105 3365 1341 3434 virgines
1372 3367 1424 3419 in
1456 3363 1767 3419 hominibus
1805 3367 2253 3430 corrumpuntur.

651 3460 719 3514 Et
741 3476 775 3515 e
798 3458 1153 3523 eontra,dum
1184 3458 1377 3517 anima:
1392 3465 1591 3511 sancta:
1622 3456 1752 3509 istos
1774 3454 2013 3524 quinque
2041 3467 2251 3517 sensus,

649 3553 703 3609 id
734 3561 843 3619 est,
875 3553 1075 3617 visum,
1102 3550 1369 3615 auditum,
1400 3548 1933 3616 gustum,odoratutn
1954 3554 2008 3601 et
2030 3553 2254 3610 tactum,

649 3646 718 3699 ab
750 3643 1006 3698 omnibus
1036 3641 1237 3695 illicitis
1289 3642 1452 3695 rebus
1478 3640 1787 3703 refrenant,
1820 3639 2054 3707 linguam
2102 3651 2257 3692 suam

650 3735 720 3789 ad
753 3748 820 3788 ea
850 3748 973 3801 qum.
1000 3741 1121 3787 sunt
1154 3731 1297 3785 licita
1321 3732 1405 3784 vel
1438 3728 1674 3798 legitima
1702 3728 1884 3784 sobrie
1909 3737 1964 3783 et
1992 3734 2141 3782 caste
2170 3741 2256 3781 re—

652 3824 880 3883 laxant,
924 3821 1160 3890 quinque
1208 3834 1465 3874 sensuum
1516 3818 1879 3885 virginitatem
1920 3817 2254 3872 custodiunt.

659 3914 788 3970 Ideo
818 3912 1061 3982 quinque
1082 3910 1316 3979 virgines
1342 3909 1591 3964 homines
1619 3909 1789 3963 bonos
1817 3906 2154 3976 significant;
2201 3916 2257 3963 et

652 4005 773 4058 alia:
804 4002 1049 4071 quinque
1077 4015 1173 4055 eos
1203 4000 1292 4069 qui
1352 4000 1477 4053 mali
1522 4006 1646 4053 sunt
1678 3998 2039 4067 praefigurant.
2073 3997 2140 4051 Et
2165 4014 2253 4052 re-

650 4108 807 4158 vera,
836 4091 1028 4144 fratres
1048 4088 1368 4151 charissimi,
1389 4088 1516 4156 quid
1536 4088 1756 4158 prodest
1779 4088 1892 4141 viro
1908 4087 1989 4141 vel
2021 4085 2251 4151 femintn,

649 4184 857 4239 clerico
890 4182 974 4236 vel
1006 4186 1295 4244 monacho,
1330 4180 1410 4234 vel
1436 4178 1913 4245 sanctimoniali,si
1946 4179 1997 4232 in
2025 4192 2255 4247 corpore

649 4273 938 4344 virginitas
992 4270 1570 4339 custoditur,Quando
1624 4285 1720 4339 per
1776 4270 1945 4323 tnalas
1992 4270 2255 4340 concupi-

648 4364 894 4422 scentias
927 4364 1103 4418 cordis
1136 4362 1413 4430 integritas
1464 4362 1738 4416 violatur?
1776 4361 1911 4426 Quid
1944 4362 2166 4431 prodest
2196 4362 2247 4415 in

651 4476 760 4515 uno
787 4458 1037 4513 membro
1066 4456 1321 4525 praeferre
1348 4457 1677 4520 castitatem,
1707 4463 1762 4508 et
1794 4455 1845 4507 in
1869 4453 2121 4507 omnibus
2153 4452 2251 4506 ha-

651 4554 783 4606 bere
815 4548 1225 4617 corruptionem
1240 4550 1261 4600 ’ξ
1294 4546 1424 4601 Nam
1471 4556 1524 4601 et
1565 4547 1636 4600 illi
1668 4546 1902 4613 virgines
1932 4545 2021 4614 qui
2053 4558 2249 4613 agnum

2370 1973 2705 2029 Catholicam
2735 1974 2925 2028 beatus
2956 1971 3246 2041 Apostolus
3272 1972 3535 2037 virginem
3576 1972 3808 2035 vocavit,
3852 1985 3961 2023 non

2368 2066 2509 2121 solas
2534 2066 2584 2119 in
2609 2080 2672 2120 ea
2713 2065 3060 2120 considerans
3089 2078 3321 2133 corpore
3351 2063 3608 2131 virgines,
3638 2064 3731 2116 sed
3781 2063 3959 2115 incor-

2367 2170 2553 2229 ruptas
2582 2159 2821 2214 omnium
2850 2158 3167 2212 desiderans
3208 2165 3438 2220 mentes,
3471 2157 3542 2210 ita
3573 2156 3704 2210 dicit
3730 2172 3742 2210 :
3772 2155 3961 2225 Aptari

2365 2271 2451 2308 vos
2481 2253 2571 2306 uui
2602 2252 2729 2315 viro,
2755 2252 3006 2320 virginem
3029 2259 3227 2304 castam
3251 2250 3489 2304 exhibere
3503 2248 3707 2303 Christo
3727 2248 3810 2319 (11
3835 2250 3961 2303 Cor.

2367 2362 2440 2409 χι,
2473 2346 2551 2404 2).
2583 2345 2700 2400 Non
2727 2344 2901 2419 solum
2948 2344 3457 2407 sanctimonialium,
3490 2344 3583 2399 sed
3634 2344 3796 2398 etiam
3838 2358 3961 2397 om-

2367 2439 2511 2491 nium
2542 2437 2781 2493 virorum
2811 2437 2897 2492 vel
2926 2437 3209 2492 mulierum
3240 2437 3455 2504 animae,
3487 2436 3533 2491 si
3574 2444 3629 2491 et
3654 2436 3967 2491 castitatem

2368 2531 2420 2586 in
2451 2546 2699 2601 corpore,
2734 2538 2790 2586 et
2842 2531 2892 2585 in
2928 2531 3031 2585 illis
3086 2531 3413 2601 supradictis
3440 2531 3683 2601 quinque
3714 2530 3965 2586 sensibus

2364 2624 2726 2691 virginitatem
2750 2624 3054 2680 concordiae
3079 2639 3300 2680 servare
3332 2624 3640 2690 voluerunt,
3659 2640 3886 2695 sponsas
3900 2638 3964 2681 se

2363 2715 2562 2771 Christi
2590 2730 2709 2772 esse
2737 2732 2844 2771 non
2866 2715 3133 2771 dubitent.
3159 2716 3275 2771 Non
3305 2716 3448 2771 enim
3478 2731 3771 2786 corporum
3792 2754 3809 2780 ,
3861 2713 3965 2772 sed

2365 2812 2663 2865 animarum
2715 2825 2946 2880 sponsus
3002 2809 3380 2877 intelligendus
3433 2817 3518 2865 est
3569 2808 3835 2865 Christus.
3894 2807 3963 2863 Et

2365 2902 2508 2960 ideo.
2540 2903 2733 2957 fratres
2754 2901 3075 2965 charissimi,
3109 2909 3218 2955 tam
3248 2901 3346 2955 viri
3378 2916 3540 2969 quam
3589 2900 3820 2967 feminae,
3850 2909 3963 2955 tam

2364 2992 2516 3062 pueri
2545 3006 2707 3061 quam
2754 2991 2943 3061 puellae
2975 3008 2989 3045 :
3024 2992 3067 3046 si
3114 2990 3476 3061 virginitatem
3508 3006 3681 3060 usque
3735 2991 3805 3046 ad
3858 3007 3959 3047 nu-

2364 3084 2503 3151 ptias
2532 3093 2770 3146 servant,
2793 3092 2847 3138 et
2886 3098 2983 3152 per
3019 3083 3150 3139 istos
3183 3085 3423 3153 quinque
3453 3099 3665 3149 sensus,
3690 3084 3742 3139 id
3766 3092 3847 3139 est
3877 3085 3961 3139 vi-

2363 3194 2505 3242 sum,
2540 3177 2803 3241 auditum,
2831 3186 3067 3247 gustum,
3101 3178 3411 3243 odoratum,
3445 3178 3530 3233 vel
3559 3185 3788 3241 tactum,
3827 3175 3963 3233 dum

2365 3270 2445 3325 eis
2486 3270 2624 3324 bene
2654 3276 2899 3332 utuntur,
2932 3282 3061 3322 suas
3117 3267 3325 3322 animas
3353 3283 3460 3323 non
3489 3276 3861 3339 corrumpunt,
3905 3267 3964 3323 in

2363 3359 2453 3415 die
2501 3357 2683 3428 judicii
2737 3358 2937 3428 apertis
2987 3357 3165 3427 ianuis
3196 3361 3260 3413 ad
3306 3369 3567 3416 :eternum
3618 3360 3804 3430 sponsi
3834 3360 3961 3415 tha-

2361 3451 2562 3506 lamum
2594 3450 2823 3505 feliciter
2852 3449 3206 3504 merebuntur
3228 3450 3450 3505 intrare.
3476 3449 3558 3505 llli
3584 3465 3740 3515 vero,
3771 3449 3862 3519 qui
3905 3457 3963 3505 et

2363 3559 2593 3613 corpora
2616 3558 2710 3598 sua
2727 3552 2852 3597 ante
2869 3542 3084 3611 nuptias
3110 3541 3405 3597 adulterina
3438 3542 3824 3611 conjunctione
3847 3558 3965 3598 cor-

2363 3644 2639 3707 rumpunt,
2672 3643 2727 3690 et
2754 3643 2943 3705 postea
2998 3649 3096 3704 per
3124 3642 3295 3689 totam
3336 3630 3505 3689 vitam
3535 3649 3688 3689 suam
3710 3633 3854 3689 male
3882 3633 3964 3689 vi-

2362 3730 2558 3793 vendo.
2593 3728 2734 3782 male
2766 3727 3054 3792 audiendo,
3088 3726 3229 3783 male
3272 3728 3563 3798 loquendo,
3594 3728 3803 3785 animas
3835 3744 3963 3786 suas

2362 3820 2571 3876 violare
2594 3835 2704 3875 non
2733 3820 3018 3881 desinunt;
3049 3819 3091 3874 si
3119 3819 3198 3875 eis
3232 3819 3407 3890 digna:
3452 3820 3660 3877 fructus
3686 3823 3962 3891 pteniten-

2362 3914 2449 3969 tite
2507 3929 2612 3968 non
2667 3914 3025 3981 subvenerit,
3102 3912 3295 3969 clausis
3356 3913 3558 3982 januis,
3627 3915 3745 3970 sine
3796 3929 3962 3969 causa

2359 4004 2704 4060 clamabunt:
2739 4004 2993 4071 Domine,
3036 4004 3295 4069 Domine,
3344 4007 3490 4075 aperi
3538 4006 3684 4061 nobis
3745 4006 3960 4077 (Matth.

2360 4110 2504 4160 xxv,
2550 4095 2661 4164 Η),
2701 4102 2754 4147 tt
2799 4095 2984 4149 audire
3021 4095 3412 4150 merebuntur:
3445 4098 3606 4151 Amen
3654 4099 3769 4152 dico
3798 4098 3959 4165 vobis,

2358 4190 2531 4241 nescio
2556 4204 2642 4240 vos
2664 4187 2799 4241 unde
2822 4186 3161 4256 sitis(lbid.).
3200 4188 3323 4243 Hmc
3350 4204 3502 4258 ergo,
3534 4189 3728 4245 fratres
3758 4231 3773 4256 ,
3832 4192 3875 4243 si
3907 4201 3964 4245 et

2360 4277 2562 4344 clerici,
2583 4285 2638 4331 et
2669 4277 2808 4341 laici,
2836 4286 2890 4332 et
2922 4278 3168 4333 monachi
3195 4321 3208 4342 ,
3242 4288 3297 4333 et
3335 4280 3790 4343 sanctimoniales,
3825 4289 3879 4335 et
3907 4280 3962 4338 in

2359 4368 2624 4439 conjugiis
2676 4370 2837 4439 positi
2886 4370 3116 4426 fideliter
3165 4380 3219 4425 et
3260 4372 3545 4440 diligenter
3588 4374 3961 4441 attendimus,

2359 4467 2555 4515 etcum
2579 4462 2828 4517 castitate
2859 4463 3103 4531 corporis
3146 4450 3333 4517 etiam
3359 4464 3725 4531 integritatem
3780 4466 3961 4523 cordis

2359 4550 2654 4605 auxiliante
2683 4550 2911 4606 Domino
2940 4552 3291 4619 custodimus,
3324 4571 3429 4609 non
3462 4572 3583 4611 cum
3625 4557 3787 4614 fatuis
3835 4574 3961 4628 pro-

648 4651 978 4712 sequuntur.
1013 4639 1057 4693 si
1107 4638 1393 4707 diligenter
1421 4638 1719 4703 attenditis,
1754 4651 1857 4691 non
1898 4645 2122 4705 propter
2150 4636 2254 4691 hoc
2284 4625 2333 4685 D
2354 4642 2605 4710 jiciemur
2632 4643 2685 4697 in
2710 4644 2958 4698 tenebras
2987 4646 3303 4707 exteriores,
3333 4646 3426 4700 sed
3458 4664 3579 4702 cum
3623 4625 3958 4719 sapientibus

648 4745 957 4807 sequuntur
988 4749 1206 4803 agnum,
1231 4735 1356 4803 quia
1391 4734 1561 4788 solam
1613 4732 1971 4799 virginitatem
2004 4731 2251 4801 corporis

647 4838 1043 4887 servaverunt:
1079 4830 1311 4900 denique
1333 4845 1454 4883 cum
1494 4829 1750 4882 dixisset:
1785 4828 1855 4881 Ili
1906 4835 2022 4881 sunt
2051 4829 2136 4897 qui
2194 4844 2251 4881 se

646 4941 764 4979 cum
792 4922 1096 4977 mulieribus
1148 4940 1249 4976 non
1304 4923 1696 4992 inquinat-crant
1748 4923 1933 4992 (Apoc.
1978 4924 2119 4992 xiv),
2162 4937 2249 4976 se-

2355 4737 2421 4792 ad
2451 4737 2717 4807 spiritales
2745 4739 2959 4808 nuptias
3018 4740 3376 4805 introibimus,
3398 4751 3453 4797 et
3484 4743 3672 4799 audire
3725 4746 3958 4801 merebi-

2355 4844 2476 4882 mur
2502 4846 2514 4882 :
2550 4826 2710 4899 Euge,
2735 4846 2875 4884 serve
2892 4830 3019 4885 boue
3046 4841 3094 4885 et
3120 4834 3311 4903 ﬁdelis,
3331 4834 3471 4888 intra
3491 4838 3545 4889 in
3578 4837 3822 4907 gaudium
3849 4837 3959 4903 Dio-

2354 4923 2564 4976 miuitui
2590 4922 2804 4992 (Matth.
2829 4924 3076 4993 xxvﬂl).
3102 4926 3257 4993 Quod
3274 4926 3390 4998 ipse
3409 4936 3665 4998 praestare
3680 4930 3953 4997 dignetur.

1170 5049 3945 5087 ___..__..______..____________._____________,

1614 5159 1867 5239 ITEM
1926 5160 2447 5253 SEQUITUR
2509 5161 2612 5237 EJ
2631 5162 2996 5239 USDEM.

2159 5330 2443 5342 _—-o-C

716 5428 775 5468 in
802 5411 1044 5468 lectione
1071 5412 1400 5479 evangelica,
1432 5427 1552 5482 qua:
1593 5412 1747 5468 nobis
1774 5414 1841 5469 de
1865 5413 2054 5470 decem
2083 5415 2245 5486 virgi-

646 5504 809 5558 nibus
838 5503 1068 5557 recitata
1094 5510 1195 5565 est,
1247 5501 1440 5557 fratres
1489 5502 1854 5571 dilectissimi,
1912 5506 2113 5563 dictum
2164 5516 2248 5563 est

644 5592 791 5661 quod
813 5607 997 5646 omnes
1042 5593 1266 5660 virgines
1292 5604 1601 5647 ornaverunt
1644 5595 1908 5664 lampades
1939 5615 2060 5653 suas
2088 5638 2101 5660 .
2156 5600 2247 5653 sed

645 5688 807 5751 fatua-
838 5700 944 5737 non
994 5680 1282 5736 habuerunt
1316 5686 1484 5738 oleum
1524 5685 1849 5754 lampadibus
1876 5690 2239 5742 necessarium.

649 5772 937 5828 Prudentes
959 5790 1077 5828 vero
1100 5787 1424 5842 sumpserunt
1457 5776 1622 5829 oleum
1651 5778 1703 5829 in
1726 5778 1858 5830 rasis
1880 5779 2004 5833 suis.
2038 5778 2243 5833 Moram

647 5875 815 5919 autem
877 5867 1103 5937 faciente
1130 5883 1353 5937 sponso,
1387 5867 1789 5924 dormitareruut
1833 5878 1882 5925 et
1925 5868 2244 5928 dormierunt

2346 5430 2543 5469 omnes.
2575 5412 2756 5466 Media
2810 5424 2978 5467 autem
3026 5425 3175 5468 nocte
3226 5417 3424 5472 clamor
3475 5420 3643 5489 factus
3666 5428 3785 5475 est:
3814 5422 3951 5479 Ecce

2344 5522 2562 5575 sponsus
2583 5508 2737 5569 venit,
2762 5507 2896 5559 exite
2923 5509 3122 5560 Obtltlm
3141 5512 3207 5561 ei.
3244 5507 3387 5563 Tum:
3415 5523 3750 5568 surrexerunt
3772 5533 3951 5571 omnes

2346 5599 2565 5666 virgines
2592 5599 2718 5662 illm,
2743 5609 2791 5653 et
2812 5612 3124 5653 ornaverunt
3143 5602 3539 5671 lumpadessuas
3555 5603 3769 5675 (Matth.
3790 5609 3947 5673 xxv).

2350 5689 2549 5745 Etcum
2581 5691 2842 5745 fatuarum
2868 5693 3129 5761 virginum
3149 5695 3423 5762 lampades
3448 5698 3947 5765 exstinguerentur,

2349 5791 2674 5851 rogaverunt
2704 5784 2941 5854 reliquas
2973 5788 3225 5855 virgines.
3261 5799 3319 5842 ut
3348 5791 3537 5842 darent
3564 5791 3631 5842 tle
3660 5790 3784 5843 oleo
3806 5807 3907 5845 suo
3931 5810 3945 5845 :

2350 5882 2404 5930 et
2436 5874 2537 5930 ilhc
2565 5877 2962 5948 responderunt
2989 5897 3000 5933 :
3036 5878 3116 5932 Nc
3144 5883 3275 5950 forte
3318 5898 3418 5935 non
3466 5881 3691 5950 stt/[irim
3720 5884 3870 5937 uoltis
3898 5893 3949 5935 ct
