5174 6628
1736 498 1877 558 1075

3023 498 3297 556 INCERTI
3340 500 3712 561 SERMONES

4856 502 5003 563 10Ἰό

1731 613 1909 669 vobis:
1939 614 2030 667 sed
2049 613 2121 668 ite
2144 614 2313 684 potius
2335 615 2405 668 ad
2429 613 2702 668 uendentes
2730 620 2779 667 et
2804 614 2955 667 emite
2994 610 3152 666 vobis.
3179 610 3318 665 Dum
3346 613 3394 674 Α
3423 619 3579 669 tuant
3607 629 3676 670 ne
3698 613 3777 669 eis
3800 627 3905 669 non
3937 615 4106 684 possit
4130 616 4197 671 ad
4238 617 4417 672 omnia
4446 627 4670 688 peccata
4696 617 5004 673 redimenda

1731 714 1906 758 autem
1926 705 2060 759 irent
2081 721 2267 769 emere,
2300 706 2436 760 venit
2462 721 2699 777 sponsus,
2729 713 2777 758 et
2805 721 2918 776 qua:
2946 713 3146 772 parata:
3171 713 3319 757 erant

1729 796 2042 853 introierunt
2064 815 2179 853 cum
2204 798 2294 853 illo
2314 801 2384 853 ad
2409 800 2616 869 nuptias
2645 837 2661 866 ,
2712 804 2764 851 et
2798 797 2976 851 clausa
3014 805 3089 850 est
3129 796 3315 866 janua.

1741 885 2005 943 Venerunt
2030 898 2208 959 postea
2228 890 2435 962 reliqua
2448 890 2667 958 uirgines
2688 897 2739 942 et
2761 889 3006 942 dixerunt
3027 902 3043 939 :
3075 886 3315 949 Domine,

1735 983 1882 1051 aperi
1908 980 2076 1039 nobis.
2109 980 2314 1048 Quibus
2336 996 2652 1051 responsum
2680 989 2801 1036 est:
2831 977 3025 1034 Nescio
3068 996 3156 1033 vos
3184 978 3319 1031 unde

1732 1074 1868 1128 sitis.
1897 1074 2035 1139 Quid
2066 1084 2250 1131 autem
2280 1076 2382 1130 ista
2408 1074 2733 1144 signiﬁcent,
2763 1071 2958 1128 fratres
2985 1072 3282 1128 charissimi
3300 1113 3315 1137 ,

1731 1164 2030 1218 secundum
2078 1165 2224 1235 quod
2272 1167 2325 1221 iu
2355 1166 2700 1234 antiquorum
2732 1162 2947 1219 Patrum
2980 1164 3320 1234 expositione

1733 1251 1964 1323 legimus
2006 1255 2242 1311 breviter
2287 1256 2538 1311 charitati
2567 1263 2761 1310 vestra:
2809 1255 3162 1325 suggerimus.
3202 1252 3318 1307 Non

1735 1346 1860 1404 ideo
1888 1348 2045 1405 dictu:
2072 1359 2199 1405 sunt
2236 1351 2475 1421 quinque
2525 1350 2778 1420 virgines,
2807 1351 2931 1421 quia
2979 1360 3085 1404 tam
3126 1362 3322 1419 parvus

1734 1455 1992 1495 numerus
2032 1441 2240 1496 futurus
2296 1442 2367 1497 sit
2414 1443 2468 1498 in
2514 1442 2624 1497 vita
2669 1450 2904 1506 :cterna;
2952 1439 3047 1495 sed
3104 1446 3325 1510 promer

1733 1535 1974 1604 quinque
2009 1550 2232 1603 sensus,
2278 1552 2374 1605 per
2399 1552 2534 1606 quos
2565 1544 2658 1591 aut
2681 1551 2828 1591 mors
2869 1543 2963 1589 aut
3007 1534 3115 1587 vita
3146 1534 3325 1601 ingrc-

1735 1624 1879 1679 ditur
1909 1626 1977 1679 ad
2009 1627 2244 1682 anin‘iam
2284 1636 2559 1686 nostram;
2598 1628 2791 1695 quibus
2818 1636 2911 1681 aut
2938 1627 3077 1681 male
3127 1626 3326 1680 utimur

1736 1726 1794 1773 et
1819 1719 2245 1787 corrumpimur;
2275 1727 2367 1772 aut
2389 1727 2538 1774 certe
2567 1720 2707 1774 bene
2728 1729 2939 1776 utentes
2963 1718 3323 1783 virginitatem

1736 1808 1930 1861 anima:
1958 1809 2312 1863 custodimus.
2358 1809 2490 1864 lllud
2538 1800 2681 1878 quod
2722 1811 2833 1863 ait:
2868 1810 3072 1879 Sponsa
3124 1825 3324 1861 momm

1736 1900 1959 1968 faciente
1986 1900 2392 1954 dormitaverunt
2421 1910 2471 1954 et
2516 1901 2831 1955 dormierunt
2879 1916 3052 1953 omnes
3100 1898 3323 1968 (Ibid.);

3420 704 3690 759 sufticrre.
3729 704 3862 759 Illud
3883 721 4011 761 vero
4040 707 4185 778 quod
4233 706 4435 763 dictum
4460 716 4584 764 est:
4622 707 4704 763 Ite
4740 710 4916 779 potius
4942 708 5008 761 ad

3418 796 3712 862 uendentes,
3755 807 3804 850 et
3833 799 3983 852 emite
4008 798 4148 852 vobis
4181 796 4371 869 (Ibid.)
4394 842 4409 866 ,
4442 808 4624 872 potest
4651 799 4755 855 hoc
4782 799 4851 854 de
4878 813 5007 868 pau-

3419 890 3635 959 peribus
3666 890 3888 959 intelligi
3914 908 3928 946 :
3960 893 4060 961 ipsi
4092 892 4235 947 enim
4275 902 4401 947 sunt
4453 893 4819 964 negotiatores
4841 929 4860 954 ,
4918 889 5007 960 qui

3420 979 3601 1034 oleum
3630 981 3931 1036 animarum
3978 983 4314 1053 lampadibus
4344 983 4704 1038 necessarium
4743 980 5006 1035 vendunt.

3420 1069 3525 1127 Per
3555 1074 3701 1141 ipsos
3722 1073 3865 1130 enim
3895 1079 3998 1129 hoc
4024 1077 4295 1145 negotium
4319 1076 4567 1131 Christus
4593 1089 4851 1131 exercere
4879 1088 5007 1127 con-

3420 1163 3634 1217 suevit:
3672 1166 3722 1218 in
3754 1165 3883 1235 ipsis
3910 1167 4051 1220 enim
4082 1167 4283 1236 accipit
4319 1176 4557 1234 terrena,
4590 1174 4646 1218 ut
4674 1166 4867 1221 reddat
4896 1180 5001 1218 ea:-

3420 1252 3575 1306 lestia
3599 1272 3613 1319 ;
3638 1256 3832 1322 accipit
3858 1256 4082 1322 caduca,
4108 1269 4493 1328 repensatutus
4512 1268 4734 1317 mterua.
4765 1256 5007 1325 Denique

3421 1347 3499 1404 sic
3526 1349 3639 1415 ipse
3670 1348 3841 1402 dixit:
3877 1348 4122 1412 Quaudiu
4165 1353 4356 1421 fecistis
4383 1352 4471 1405 uni
4518 1368 4581 1405 ea:
4618 1348 4849 1404 minimis
4873 1349 5005 1412 istis,

3422 1438 3545 1491 mihi
3595 1440 3789 1509 fecistis
3841 1437 4059 1505 (Matth.
4126 1457 4257 1506 xxv,
4292 1440 4405 1509 iit).
4468 1440 4770 1510 Lampades
4827 1446 5005 1493 autem

3424 1531 3615 1586 anima:
3647 1532 4034 1601 intelliguntur.
4070 1533 4207 1588 Vasa
4250 1550 4378 1588 vero
4407 1532 4496 1587 illa
4520 1572 4537 1601 ,
4589 1532 4680 1587 ubi
4711 1533 4894 1587 oleum
4920 1531 5007 1599 ju-

3424 1626 3616 1679 bcmur
3654 1625 3877 1691 habere,
3909 1625 4037 1694 quid
4084 1626 4229 1681 aliud
4281 1627 4580 1694 signiticet,
4613 1626 4714 1680 nisi
4764 1625 4913 1679 intus
4957 1625 5008 1677 iu

3425 1715 3758 1771 conscientia
3806 1718 3948 1772 bona
3991 1734 4156 1788 Opera
4206 1718 4537 1774 recondere?
4575 1717 4640 1771 Et
4687 1719 4813 1788 quia
4872 1717 5009 1769 bona

3427 1822 3593 1877 opera
3625 1807 3713 1861 alii
3754 1807 3952 1863 faciant
3974 1825 4072 1877 pro
4096 1809 4187 1863 Dei
4225 1825 4431 1873 amore,
4463 1809 4553 1863 alii
4575 1824 4701 1863 vero
4731 1821 4831 1877 pro
4857 1807 5010 1874 cupi-

3426 1895 3595 1951 ditate
3627 1898 3798 1952 laudis
3820 1900 4082 1962 humanm,
4119 1899 4350 1967 virgines
4373 1901 4476 1953 illa:
4508 1901 4665 1954 fatua:
4692 1908 4747 1953 ct
4775 1897 4921 1966 quod
4960 1897 5011 1949 in

1736 2008 1962 2049 somnus
1984 1994 2076 2048 ille
2105 2004 2336 2048 mortem
2365 1991 2702 2062 significavit.
2732 1992 2972 2063 Denique
2994 1993 3069 2047 sic
3085 1993 3159 2046 ait
3180 1991 3325 2060 Apo—
3357 1976 3402 2035 Β
3431 2002 3658 2057 corpore
3680 1991 3912 2059 virgines
3942 1999 4118 2054 erant,
4150 2001 4203 2046 et
4232 1990 4374 2060 quod
4401 1991 4594 2061 vigiliis
4613 2031 4628 2057 ,
4664 1990 4910 2060 psalmis.
4946 1988 5013 2041 Ie-

1734 2083 1908 2138 stolus
1934 2102 1944 2136 :
1977 2082 2059 2137 De
2073 2084 2445 2139 dormientibus
2471 2094 2642 2139 autem
2669 2085 2789 2140 nolo
2820 2101 2906 2139 vos
2926 2086 3189 2156 ignorare,
3215 2088 3325 2154 fra-

1736 2181 1842 2227 tres
1872 2170 1959 2243 (II
1992 2174 2146 2229 Thes.
2195 2190 2270 2242 tv,
2320 2175 2434 2245 l3).
2485 2174 2663 2229 Media
2710 2189 2818 2230 nox
2866 2176 3077 2242 quando
3125 2176 3327 2230 clamor

1737 2278 1965 2335 magnus
1992 2267 2169 2323 factus
2218 2276 2338 2330 est,
2378 2266 2643 2336 significat
2670 2266 2809 2323 diem
2835 2268 3041 2337 judicii.
3100 2267 3327 2338 Propter

1738 2356 2098 2427 ignorantiam
2155 2358 2359 2415 dictum
2412 2367 2497 2415 est
2559 2360 2734 2414 media
2789 2374 2931 2429 nox,
2981 2359 3107 2428 quia
3166 2374 3326 2414 nemo

1736 2450 1841 2506 scit
1860 2452 2080 2521 quando
2109 2461 2206 2507 aut
2257 2467 2365 2522 qua
2395 2453 2527 2508 hora
2557 2452 2671 2508 dies
2712 2452 2903 2522 judicii
2933 2453 3133 2507 veniat.
3175 2453 3327 2519 Quod

1735 2528 1916 2597 autem
1938 2557 2127 2598 omnes
2147 2544 2385 2612 virgines
2404 2553 2733 2599 ornaverunt
2761 2542 3036 2613 lampades
3064 2559 3187 2599 suas
3205 2584 3219 2607 ,
3273 2552 3330 2600 et

1733 2629 1839 2686 illa:
1894 2632 2053 2689 fatua:
2100 2632 2406 2690 habuerunt
2429 2633 2630 2697 oleum,
2662 2633 2757 2689 sed
2800 2643 2910 2690 tam
2950 2649 3140 2705 parum
3187 2633 3324 2698 fuit,

1734 2729 1796 2777 ut
1839 2723 1920 2778 eis
1961 2721 2213 2780 sufﬁcere
2261 2739 2367 2779 non
2400 2724 2956 2794 potuisset:dcnique
2998 2725 3180 2779 statim
3230 2741 3327 2779 ex-

1731 2814 1935 2884 stingui
1962 2824 2264 2886 cceperunt.
2301 2814 2452 2872 Unde
2475 2823 2734 2887 quantum
2760 2830 3044 2886 possumus
3074 2832 3198 2871 cum
3229 2817 3325 2872 Dei

1736 2904 2010 2975 adjutorio
2039 2906 2290 2962 laborare
2318 2907 2599 2970 debemus,
2632 2906 2826 2961 fratres
2865 2906 3228 2970 dilectissimi,
3271 2915 3331 2960 ut

1734 2993 1993 3067 quoniam
2017 2996 2071 3050 in
2097 2996 2221 3051 oleo
2266 2995 2637 3051 misericordia
2669 2996 2753 3051 vel
2784 2996 3023 3052 charitas
3077 2995 3330 3064 intelligi-

1734 3093 1826 3141 tur
1855 3125 1871 3153 ,
1942 3092 2149 3141 tantum
2197 3100 2525 3156 reponamus
2584 3087 2639 3142 in
2687 3088 2831 3145 vasis
2878 3089 3176 3146 animarum
3230 3105 3329 3144 no-

1733 3183 1992 3240 strarum,
2017 3184 2277 3246 quantum
2305 3177 2458 3234 nobis
2483 3175 2715 3232 sufficiat
2743 3179 2795 3233 in
2819 3187 3099 3234 :cternum.
3119 3178 3329 3235 Nemini

1733 3268 1940 3326 suflicit
1991 3284 2203 3339 parum,
2237 3269 2432 3326 fratres
2486 3270 2824 3339 charissimi;
2879 3271 2981 3327 nisi
3032 3269 3172 3327 forte
3227 3286 3325 3343 pro

1733 3368 2057 3434 paupertate
2104 3361 2221 3434 plus
2252 3362 2384 3419 dare
2436 3378 2542 3419 non
2593 3363 2872 3433 praevalet.
2927 3364 3087 3419 Plena
3135 3362 3325 3418 anima:

1734 3453 1960 3509 lucerna
1990 3469 2126 3526 opus
2148 3461 2249 3519 est,
2284 3462 2341 3509 ut
2367 3468 2467 3525 per
2493 3454 2770 3509 cbaritatis
2800 3454 2980 3510 oleum
3023 3454 3203 3510 lumen
3229 3470 3328 3510 no-

1733 3551 1909 3602 strum
1938 3545 2117 3601 luceat
2144 3544 2200 3601 in
2226 3553 2509 3601 mternum.
2554 3544 2653 3600 Cui
2680 3545 2822 3601 Deus
2865 3544 3015 3602 dedit
3040 3545 3327 3614 largiorem

1733 3634 2127 3704 substantiam,
2212 3645 2474 3707 quantum
2539 3644 2720 3706 potest
2771 3636 2918 3693 laxet
2980 3653 3198 3691 manum
3262 3636 3329 3691 ad

1734 3725 2181 3799 eleemosynam,
2233 3740 2335 3782 nec
2380 3724 2567 3781 credat
2594 3724 2738 3795 quod
2768 3726 2818 3781 ei
2864 3725 3033 3796 possit
3081 3724 3331 3781 sullicere

1734 3830 1960 3887 parum;
1997 3814 2093 3871 sed
2133 3814 2444 3872 consideret
2482 3817 2848 3887 unusquisque
2886 3832 2955 3872 ex
2989 3831 3057 3872 eo
3089 3824 3330 3887 tempore

1738 3922 1849 3979 quo
1870 3922 2061 3978 sapere
2081 3908 2269 3978 erepit,
2300 3916 2560 3978 quantum
2586 3906 2783 3963 debeat
2810 3924 2908 3979 pro
2933 3908 3017 3963 bis
3041 3923 3161 3978 qua:
3189 3910 3331 3966 male

1738 3998 2020 4066 cogitavit,
2042 4012 2161 4068 qum
2192 3999 2331 4053 male
2374 3997 2588 4054 locutus
2615 3998 2702 4053 vel
2754 3999 2895 4054 male
2922 4010 3177 4069 operatus
3206 4011 3327 4056 est:

1737 4092 1986 4149 attendat
2031 4093 2433 4149 multitudinem
2481 4102 2863 4163 peccatorum,
2915 4103 2969 4150 et
2995 4095 3328 4164 singulorum

1736 4185 1915 4257 pretia
1979 4182 2265 4252 diligenter
2307 4181 2580 4254 appendat
2622 4201 2634 4236 :
2686 4182 2866 4238 videat
2923 4193 3184 4251 quantum
3231 4200 3329 4254 pro

1738 4273 2059 4343 mendaciis,
2085 4290 2184 4346 pro
2224 4274 2570 4345 iuramentis,
2603 4290 2703 4346 pro
2741 4276 3011 4345 perjuriis,
3041 4291 3139 4346 pro
3164 4276 3331 4331 male-

1741 4363 1924 4433 dictis,
1955 4379 2053 4435 pro
2080 4363 2505 4420 detractionibus
2529 4404 2545 4428 ,
2591 4381 2691 4435 pro
2721 4364 2984 4421 ebrietate
3011 4407 3028 4433 ,
3078 4382 3176 4438 pro
3206 4367 3329 4437 gula

1741 4464 1909 4524 atque
1934 4454 2169 4521 luxuria,
2194 4469 2294 4526 pro
2325 4454 2654 4527 cupiditate,
2703 4471 2801 4525 pro
2827 4456 3025 4511 invidia
3050 4496 3066 4522 ,
3114 4474 3210 4528 pro
3240 4475 3331 4512 su-

1737 4545 1952 4618 perbia,
1978 4559 2075 4615 pro
2102 4546 2520 4613 cogitationibus
2557 4546 2808 4614 sordidis,
2857 4563 2957 4617 pro
2990 4549 3329 4607 sermonibus

3427 2081 3695 2137 ctioniims
3719 2084 3805 2136 vel
3853 2084 4194 2138 orationibus
4221 2100 4279 2138 sc
4327 2085 4675 2149 exercebant,
4709 2092 4884 2137 totum
4916 2082 5017 2134 hoc

3427 2188 3525 2242 pro
3557 2173 3711 2228 laude
3760 2174 4026 2239 hurnaaa,
4058 2190 4163 2227 num
4197 2189 4293 2243 pro
4327 2174 4437 2228 Deo
4461 2214 4479 2241 ,
4531 2175 4618 2228 vel
4673 2188 4771 2242 pro
4815 2180 5016 2226 mteriia

3427 2266 3763 2323 beatitudine
3794 2267 4063 2321 faciebant
4092 2286 4104 2320 :
4136 2267 4258 2321 ideo
4290 2275 4464 2321 morte
4496 2266 4909 2325 interveniente,
4929 2264 5016 2316 ubi

3427 2358 3506 2412 eis
3535 2359 3764 2411 cessavit
3789 2357 3905 2412 laus
3935 2358 4232 2422 hominum,
4262 2357 4420 2412 simul
4450 2356 4557 2412 illis
4583 2355 4782 2410 deiecit
4814 2354 5014 2409 oletnn.

3427 2449 3561 2504 Nam
3614 2448 3743 2504 illud
3774 2448 3915 2519 «μιυά
3947 2448 4025 2503 cis
4053 2447 4254 2504 dictum
4312 2456 4394 2504 est
4428 2469 4437 2502 :
4474 2446 4554 2502 Ite
4583 2449 4755 2517 potius
4785 2445 4854 2498 ad
4899 2462 5019 2498 reu-

3429 2542 3604 2595 deutes
3628 2551 3675 2593 et
3705 2542 3856 2595 emite
3896 2539 4034 2594 vobis
4066 2539 4280 2609 (Matth.
4316 2549 4442 2610 xxv)
4467 2580 4483 2604 ,
4533 2547 4716 2609 potest
4744 2547 4799 2592 et
4820 2536 4898 2592 sic
4927 2554 5013 2591 ac-

3433 2630 3560 2699 cipi,
3592 2638 3649 2683 ut
3677 2629 3968 2684 vendentes
4000 2630 4362 2697 intelligantur
4389 2627 4717 2693 adulatores,
4750 2627 4840 2696 qui
4884 2628 5017 2681 lictis

3430 2719 3675 2775 laudibus
3702 2736 3797 2775 eos
3826 2721 3916 2788 qui
3964 2737 4013 2788 oi
4037 2736 4128 2774 era
4158 2720 4298 2774 bona
4331 2735 4427 2789 pro
4460 2721 4691 2773 humana
4722 2719 4894 2787 gloria
4938 2717 5019 2771 fa-

3428 2826 3553 2866 cere
3576 2812 3844 2876 videntur,
3880 2811 4166 2866 extollunt.
4189 2809 4432 2881 Denique
4453 2810 4545 2880 qui
4574 2825 4675 2880 pro
4695 2824 4833 2864 vana
4859 2808 5020 2864 laude

3428 2902 3556 2958 boni
3585 2901 3784 2972 aliquid
3812 2902 3957 2969 facit,
3979 2904 4022 2957 si
4050 2916 4171 2956 eum
4202 2915 4361 2956 nemo
4398 2901 4734 2965 laudaverit,
4795 2899 5018 2954 omnino

3430 3009 3536 3049 non
3562 2994 3707 3048 facit.
3755 2992 3905 3050 Unde
3953 2994 4269 3063 intelligitur
4292 2994 4434 3064 quod
4466 3008 4655 3049 omnes
4699 2992 4791 3062 qui
4832 2992 5019 3047 laudes

3429 3088 3692 3144 humanos
3716 3087 3963 3158 accipere
3990 3087 4232 3156 cupiunt,
4274 3085 4417 3155 quod
4448 3088 4500 3140 in
4531 3100 4696 3154 opera
4721 3082 4815 3140 Dei
4857 3099 5017 3140 exer-

3430 3195 3555 3236 cere
3583 3180 3852 3245 videntur,
3878 3180 4126 3235 humanis
4153 3179 4607 3235 assentationibus
4631 3179 4894 3245 vendunt,
4922 3193 5018 3234 ac-

3429 3270 3692 3341 cipientes
3714 3284 3909 3326 vanam
3936 3269 4167 3338 laudem,
4198 3278 4253 3326 et
4281 3270 4499 3339 praemia
4540 3277 4742 3324 azterna
4788 3268 5019 3339 perden-

3430 3367 3534 3417 tes.
3572 3358 3681 3412 lll.e
3710 3368 3890 3413 autem
3936 3358 4173 3427 virgines
4197 3400 4211 3423 ,
4242 3374 4361 3428 qua:
4390 3360 4568 3415 oleum
4613 3359 4915 3413 habuerunt
4963 3358 5019 3413 in

3430 3451 3572 3505 vasis
3600 3451 3710 3504 suis
3734 3490 3749 3516 ,
3781 3464 3942 3505 omne
3970 3465 4105 3520 Opus
4151 3450 4348 3505 bonum
4404 3451 4547 3505 intus
4596 3451 4648 3504 in
4686 3451 5018 3506 conscientia

3431 3550 3755 3613 posuerunt:
3785 3540 3910 3610 quia
3943 3541 4046 3597 hoc
4068 3558 4170 3596 non
4213 3558 4310 3613 pro
4340 3543 4499 3598 laude
4530 3543 4787 3605 liutnana,
4811 3545 4905 3598 sed
4922 3559 5019 3613 pro

3430 3633 3801 3689 misericordia
3828 3634 4007 3688 divina
4030 3633 4295 3688 fecerunt.
4338 3633 4464 3689 Haec
4495 3648 4624 3702 ergo
4667 3633 5017 3689 fideliter-co-

3431 3725 3691 3797 gitantes,
3726 3724 3920 3780 fratres
3964 3724 4282 3789 charissimi,
4329 3727 4454 3794 quia
4509 3725 4764 3794 parabola
4816 3724 4917 3780 ista
4951 3724 5020 3779 ad

3433 3818 3742 3873 universam
3772 3815 4066 3872 Ecclesium
4103 3818 4365 3888 pertinet;
4397 3818 4490 3887 qui
4515 3834 4621 3872 non
4664 3827 4888 3889 possunt
4907 3833 5019 3873 ser-

3432 3925 3559 3966 vare
3598 3911 3961 3980 virginitatem
4006 3912 4216 3979 carnis,
4260 3911 4565 3966 custodiant
4618 3912 4924 3966 cordiszut
4972 3912 5017 3965 si

3432 3999 3500 4055 ad
3523 4015 3781 4056 coronam
3813 4010 4109 4071 martyrum
4138 4002 4253 4056 sive
4288 4001 4555 4068 virginum
4594 4017 4701 4055 non
4745 4003 5019 4071 potuerint

3430 4094 3754 4161 pervenire,
3805 4092 3890 4147 vel
3939 4095 4179 4148 onmium
4229 4103 4573 4163 peccatorum
4633 4093 5017 4161 indulgentiam

3428 4196 3740 4241 mereantur
3766 4186 4034 4256 accipere.
4069 4184 4315 4254 Virgines
4351 4200 4502 4249 vero,
4531 4186 4621 4255 qui
4654 4186 5016 4251 integritatem

3432 4278 3676 4347 corporis
3707 4276 3816 4331 Deo
3848 4275 4142 4330 auxiliante
4168 4274 4499 4339 custodiunt,
4528 4275 4656 4330 totis
4678 4275 5018 4329 viribuscum

3430 4369 3526 4426 Dei
3556 4368 3823 4438 adiutorio
3853 4368 4099 4423 laborare
4141 4365 4471 4421 contendant
4518 4364 4907 4420 verbositatem
4939 4365 5021 4419 fu-

3429 4475 3577 4530 gere,
3605 4459 3995 4514 detractionctn
4033 4457 4179 4513 velut
4226 4457 4425 4512 diaboli
4467 4472 4671 4512 venena
4719 4472 4978 4526 respuere
5003 4498 5020 4523 ,

3430 4549 3641 4605 indivie
3679 4548 3766 4604 vel
3812 4549 4076 4621 superbia:
4121 4549 4367 4614 morbum
4412 4549 4563 4617 quasi
4615 4549 4823 4617 antiqui
4853 4548 5024 4603 hostis

1742 4639 1952 4696 otiosis.
1980 4638 2299 4695 Consideret
2345 4652 2476 4709 ergo
2502 4639 2869 4709 unusquisque
2916 4640 3018 4696 ista
3062 4643 3241 4698 omnia
3271 4651 3328 4698 et
3356 4672 3408 4733 ο
3434 4641 3668 4712 gladium
3707 4641 4110 4710 pertimescere,
4156 4641 4517 4696 obedientiam
4570 4640 4847 4695 humiliter
4889 4642 5023 4695 reti-

1740 4727 1829 4785 bis
1855 4728 2071 4795 similia,
2112 4742 2232 4798 qua:
2258 4742 2361 4784 nec
2389 4729 2661 4784 numerari
2691 4740 2949 4799 possunt;
2993 4740 3049 4786 et
3078 4740 3205 4788 tunc
3232 4748 3326 4804 ag-

1740 4829 1936 4879 noscet
1988 4830 2218 4891 quantas
2267 4835 2390 4877 eum
2436 4819 2806 4892 eleemosynas
2866 4833 3115 4893 oporteat
3173 4840 3328 4879 exer-

1738 4927 1886 4970 cere.
1909 4910 2042 4966 Cum
2082 4910 2227 4968 enim
2249 4913 2412 4966 etiam
2441 4912 2483 4967 si
2508 4920 2682 4967 totum
2709 4911 2918 4978 demus,
2946 4915 3046 4970 nisi
3078 4931 3329 4986 prmpon-

1740 5004 1957 5061 deravit
1979 5004 2118 5061 Deus
2138 5004 2586 5071 misericordiam,
2600 5004 2866 5061 redimere
2887 5023 2929 5061 c.
2957 5018 3079 5062 ncta
3107 5017 3329 5078 peccata

1740 5112 1853 5153 non
1883 5097 2179 5162 valeamus,
2211 5096 2295 5153 vel
2324 5096 2598 5153 humiliter
2646 5098 2880 5154 contrito
2909 5108 2965 5153 et
3004 5108 3329 5169 compuncto

1742 5187 1906 5243 corde
1934 5196 2195 5257 quantum
2236 5203 2522 5257 possumus
2555 5203 2677 5244 cum
2722 5190 2817 5244 Dei
2866 5190 3138 5258 adjutorio
3180 5190 3331 5244 labo-

1742 5292 1928 5332 remus
1952 5293 1965 5332 :
1998 5287 2053 5332 et
2077 5294 2184 5333 non
2216 5295 2314 5349 pro
2341 5278 2498 5335 laude
2518 5281 2771 5345 humana,
2795 5281 2888 5335 sed
2911 5296 3010 5351 pro
3036 5282 3124 5335 Dei
3146 5294 3334 5336 amore

1744 5378 1803 5422 et
1834 5370 1955 5423 vita:
1981 5378 2195 5424 :eternze
2242 5373 2698 5441 contemplatione
2747 5371 3022 5427 faciamus.
3056 5374 3207 5438 Quod
3238 5388 3333 5428 au-

1745 5468 1855 5515 tem
1878 5463 2131 5517 dixerunt
2156 5461 2387 5530 virgines
2418 5464 2579 5519 fatua:
2609 5465 2938 5534 sapientibus
2965 5479 2979 5517 :
3021 5463 3157 5519 Date
3185 5465 3333 5520 nobis

1747 5551 1813 5605 de
1858 5552 1968 5605 oleo
1997 5562 2163 5608 oestro
2192 5551 2405 5625 (Matth.
2437 5558 2596 5622 xxv),
2621 5577 2630 5585 ·
2657 5562 2713 5610 et
2750 5556 2852 5610 illa:
2893 5558 3289 5626 responderunt
3317 5572 3331 5611 :

1749 5639 1838 5697 Ne
1866 5645 2001 5714 forte
2023 5661 2127 5699 non
2168 5647 2384 5716 sufﬁciat
2414 5646 2559 5702 nobis
2587 5646 2777 5718 (lbid.)
2806 5665 2821 5713 ;
2868 5648 2971 5703 hoc
3013 5665 3110 5719 pro
3142 5650 3336 5706 timore

1748 5733 2027 5789 humiliter
2056 5735 2257 5790 dictum
2277 5745 2399 5793 est:
2435 5741 2556 5809 quia
2590 5747 2761 5793 terror
2790 5749 2844 5794 et
2876 5747 3021 5794 tanta
3064 5743 3335 5797 examina-

1750 5826 1827 5882 tio
1852 5827 1955 5883 erit
1982 5829 2036 5883 in
2056 5826 2148 5884 die
2172 5828 2356 5899 judicii
2376 5869 2391 5894 ,
2417 5841 2475 5885 ut
2497 5832 2659 5887 etiam
2706 5832 2780 5885 illi
2821 5833 2911 5902 qui
2940 5833 3117 5888 oleum
3163 5835 3332 5890 mise--

1751 5915 1995 5974 ricordia:
2016 5932 2077 5977 se
2108 5918 2414 5991 intelligunt
2447 5920 2804 5978 abundantius
2831 5936 3186 5995 praeparasse,
3216 5939 3330 5982 me-

3438 4742 3587 4797 nere,
3619 4746 3890 4800 nunquam
3943 4731 4171 4787 senioris
4220 4741 4482 4801 prtecepta
4511 4740 4891 4795 contemnere,
4945 4732 5025 4787 le-

3437 4822 3602 4879 ctioni
3632 4829 3687 4876 et
3735 4822 3967 4877 orationi
4006 4822 4285 4887 insistere,
4317 4825 4357 4879 si
4390 4823 4672 4877 inlirmitas
4701 4840 4809 4877 non
4839 4823 5026 4893 probi-

3436 4913 3558 4979 bet,
3615 4912 3682 4967 ad
3719 4914 3926 4980 vigilias
3970 4929 4090 4969 cum
4146 4915 4291 4969 omni
4339 4915 4615 4970 alacritate
4653 4930 5023 4986 consurgere:

3436 5006 3552 5061 sive
3582 5006 3634 5059 in
3663 5004 3921 5072 Ecclesia,
3948 5006 4060 5061 sive
4087 5006 4138 5061 iu
4174 5023 4203 5059 c.
4224 5008 4437 5072 ‘nvivio,
4464 5009 4577 5062 sive
4624 5007 4675 5062 in
4708 5008 5023 5076 aliqunliset

3437 5096 3558 5153 loco
3593 5112 3806 5167 semper
3833 5097 3975 5166 quod
3993 5095 4058 5151 ad
4084 5096 4439 5151 obedientiam
4466 5096 4551 5151 vel
4574 5096 4639 5150 ad
4665 5098 5023 5155 humilitatem

3437 5189 3673 5259 pertinet
3709 5188 3962 5243 studeant
3990 5203 4056 5243 ex
4083 5204 4178 5243 ore
4225 5187 4499 5257 proferre:
4530 5189 4574 5244 si
4618 5190 4826 5244 tristem
4873 5192 5025 5247 vide-

3437 5281 3565 5345 rint,
3595 5282 3971 5343 consolcntur:
4031 5282 4074 5337 si
4102 5282 4498 5337 inobedientcm
4528 5286 4875 5351 agnoverint,
4933 5303 5025 5341 ca-

3439 5375 3636 5443 Sligarc
3664 5390 3769 5428 non
3801 5381 4032 5428 cessent.
4065 5372 4132 5427 Et
4176 5375 4297 5443 quia
4331 5376 4381 5429 in
4411 5375 4556 5429 omni
4585 5378 4921 5445 professione
4972 5390 5026 5433 et

3439 5467 3566 5522 boui
3597 5466 3940 5520 inveniuntur
3960 5475 4013 5519 et
4042 5465 4202 5530 mali;
4233 5475 4286 5521 et
4314 5466 4367 5520 in
4391 5465 4630 5521 Ecclesia
4651 5465 4867 5531 Christi,
4901 5484 5026 5538 qua:

3440 5572 3585 5612 nunc
3613 5571 3752 5611 arca
3772 5556 3959 5611 similis
3981 5564 4083 5622 est,
4112 5572 4217 5610 non
4250 5556 4421 5610 solum
4453 5556 4707 5615 triticum.
4737 5557 4830 5612 sed
4854 5559 5024 5616 etiam

3439 5647 3597 5719 palea
3626 5648 3929 5718 reperitur;
3962 5656 4017 5701 et
4065 5647 4136 5701 ibi
4167 5647 4527 5711 inveniuntur,
4550 5645 4691 5715 quod
4721 5648 4874 5719 pejus
4895 5656 4983 5701 est
5009 5688 5024 5713 ,

3440 5757 3548 5796 non
3579 5742 3753 5795 solum
3778 5740 3920 5802 laici,
3949 5740 4042 5796 sed
4067 5741 4224 5794 etiam
4252 5748 4306 5794 et
4325 5739 4527 5802 clerici,
4555 5747 4610 5793 et
4632 5740 4901 5809 monachi,
4932 5742 5019 5795 vel

3438 5832 3896 5896 sanctimoniales,
3920 5832 3993 5887 ita
4022 5832 4348 5901 negligentes
4364 5841 4416 5886 et
4442 5830 4627 5900 tepidi,
4648 5840 4707 5885 ut
4733 5845 4839 5888 non
4874 5825 5029 5880 Velut

3438 5923 3706 5998 spiritales
3735 5938 3863 5996 apes
3886 5924 4062 5982 dulcia
4090 5926 4387 5982 animarum
4405 5923 4563 5981 mella
4593 5918 4903 5991 conﬁciant,
4925 5918 5022 5977 sed
