5174 6542
648 438 776 493 1077

1882 428 1971 482 DE
2013 426 2244 482 DECEM
2289 423 2709 480 VIRGINIBUS.

3814 424 3958 481 1078

645 550 790 604 velut
816 546 1206 603 crudelissimae
1232 559 1408 613 vesptc
1428 583 1441 606 ,
1491 543 1774 596 veni-uatis
1805 540 1998 604 lineuze
2050 539 2248 591 aculeis
2276 544 2322 599 A
2354 566 2456 620 εει,
2483 557 2548 611 de
2581 573 2688 611 cor,

1912 554 1998 592 "in
2050 539 2248 591 ³⁰¹¹¹⁰Ῑ⁵
2276 544 2322 599 Α
2354 566 2456 620 est,
2483 557 2548 611 de
2581 557 2743 611 conte
2772 556 2916 610 bono
2961 554 3183 625 prolatis
3227 555 3636 611 medicamentis
3691 555 3758 612 ad
3805 573 3955 612 coni-

648 644 868 692 fratrum
894 639 980 691 vel
1013 653 1263 691 sororum
1295 639 1457 689 corda
1489 643 1828 702 Pclt'illlJlll;
1862 633 1947 686 isti
1973 632 2107 686 tales
2138 648 2244 684 non

649 733 926 799 adjutores
951 729 1190 794 Christi,
1231 728 1326 781 sed
1357 728 1670 781 defensores
1717 725 1917 778 diaboli
1945 737 2067 778 esse
2115 737 2249 792 pro-

649 827 860 879 bantur.
908 823 1009 888 Qui
1058 823 1100 876 si
1156 827 1292 874 forte
1331 820 1566 874 viderint
1611 818 1829 871 fratrem
1871 817 1957 870 vel
2006 830 2247 870 sororem

650 924 836 967 centra
863 915 1130 966 seniorem
1163 913 1454 980 superbum
1487 912 1741 970 existere,
1779 927 1881 962 nor.
1915 908 2086 963 solum
2139 917 2249 962 stu-

651 1007 779 1056 dent
808 1005 1073 1071 mitigare,
1108 1003 1184 1056 sel
1209 1001 1455 1070 malignis
1485 1001 1825 1054 sermonibus
1867 1000 1934 1051 ad
1986 997 2246 1067 majorem

652 1114 770 1152 eum
819 1101 1054 1151 furorem
1104 1105 1372 1151 conantur
1436 1096 1770 1158 accendere;
1825 1096 2066 1147 (liventes
2108 1091 2250 1160 quod

653 1191 763 1244 han-
795 1208 899 1243 non
935 1191 1103 1260 possit
1145 1205 1242 1242 nec
1288 1189 1484 1242 debeat
1521 1188 1720 1242 diutius
1770 1188 2053 1240 su~tiucre.
2116 1184 2253 1238 lior-

655 1292 794 1336 tatur
817 1285 980 1335 etiam
1016 1291 1072 1335 ut
1118 1281 1187 1334 ita
1221 1280 1527 1334 senioribus
1558 1282 1665 1333 suis
1692 1295 1811 1333 cum
1844 1278 2029 1343 grandi
2061 1275 2254 1329 amari-

656 1376 836 1428 tudine
894 1383 985 1426 aut
1020 1375 1202 1426 furore
1259 1373 1646 1440 respondeant,
1702 1380 1757 1424 ut
1814 1372 1957 1438 ipsos
2014 1369 2256 1423 scniorrs

653 1470 956 1536 pwuiteat,
1018 1466 1160 1533 quod
1195 1481 1288 1518 eos
1342 1475 1562 1531 paterna
1595 1465 1796 1533 pietate
1849 1461 2140 1514 admone:e
2173 1459 2258 1510 vel

655 1573 713 1613 ca
751 1560 920 1624 ligare
952 1558 1241 1609 \‘UillClilll.
1275 1555 1379 1607 Sed
1411 1558 1534 1622 quia
1569 1556 1619 1608 in
1651 1556 1796 1606 (lllllli
1827 1553 2126 1621 ιιιῚιειιιδίιυ,
2157 1552 2257 1605 sic.-

655 1659 710 1703 ut
737 1650 852 1714 jam
903 1649 1172 1711 diximus,
1208 1664 1312 1698 non
1346 1651 1518 1699 solum
1568 1655 1692 1698 sunt
1720 1663 1746 1696 a
1776 1644 1994 1709 .jutores
2041 1659 2134 1694 seu
2168 1658 2261 1692 nu-

655 1740 808 1792 nistri
843 1727 1064 1800 diaboii,
1094 1737 1185 1790 sed
1218 1735 1311 1788 Dei
1341 1779 1353 1799 ,
1412 1745 1466 1788 ct
1509 1750 1629 1787 vasa
1659 1734 1852 1786 Clu-isti
1891 1777 1901 1792 ,
1955 1742 2008 1786 et
2051 1731 2261 1788 iustitia:

656 1829 1002 1883 defensores:
1061 1840 1416 1896 quoscunque
1447 1826 1720 1891 adjutores
1753 1826 1948 1876 diaindi
1982 1823 2046 1873 ad
2072 1822 2258 1874 inobo-

2355 648 2705 718 punctionem
2729 657 2997 701 conautur
3027 647 3346 702 accendere.
3387 647 3441 700 Si
3474 648 3842 702 detrahentem
3875 649 3959 704 vel

2355 745 2790 792 murmurantem
2821 736 3074 803 viderint,
3107 736 3290 790 dicunt
3337 737 3385 791 ei
3441 737 3567 792 illud
3621 737 3761 790 beati
3812 739 3958 807 Apo-

2357 829 2482 884 stoli
2510 845 2522 881 :
2557 827 2741 899 Neque
2768 831 3211 883 murmurareritis
3237 869 3251 894 ,
3283 832 3411 883 sicut
3455 831 3663 900 quidam
3713 849 3778 884 ex
3834 833 3961 900 ipsis

2359 928 2829 984 murnmrarerunt,
2863 929 2913 972 et
2945 921 3203 986 perierunt
3233 919 3296 972 ab
3328 924 3728 975 exterminalore
3761 920 3810 990 (1
3837 921 3958 977 Cor.

2362 1027 2420 1078 ι,
2450 1012 2560 1078 10).
2594 1011 2781 1078 Neque
2809 1011 3123 1075 detrahatis,
3156 1012 3278 1079 quia
3303 1011 3560 1080 scriptum
3592 1024 3674 1066 est
3699 1030 3712 1066 :
3747 1014 3846 1076 Qui
3875 1013 3962 1066 de-

2364 1103 2521 1156 trahit
2539 1105 2689 1172 fratri
2714 1120 2824 1164 suo,
2851 1102 3218 1155 eradicubi-ur.
3242 1100 3306 1154 Et
3324 1117 3418 1171 per
3438 1102 3574 1155 hanc
3596 1113 3838 1158 sanctam
3863 1102 3962 1156 ad-

2365 1194 2717 1247 monitionem
2749 1210 2777 1246 a
2811 1193 3122 1260 maliloquio
3153 1195 3510 1253 deti-rrentcs,
3547 1193 3610 1245 ad
3638 1193 3962 1247 laudandum

2366 1304 2462 1341 eos
2492 1287 2751 1355 incipiunt
2778 1303 3086 1350 ιιιογοςειγυ.
3113 1289 3166 1340 Si
3211 1288 3495 1341 veiliosum
3533 1286 3610 1338 vel
3662 1287 3968 1340 contentiu-

2367 1394 2484 1432 smn
2534 1378 2887 1445 agnoverint,
2942 1378 3388 1432 inedia-amentum
3445 1377 3824 1431 taciturnitatis
3870 1393 3966 1446 ap-

2367 1477 2594 1541 ponunt,
2627 1469 2867 1522 dicentes
2891 1467 2960 1520 illi
2985 1467 3124 1536 quod
3150 1469 3403 1536 scriptum
3426 1478 3502 1520 cst
3531 1486 3544 1522 ;
3576 1471 3740 1532 Audi,
3781 1469 3965 1533 Israel,

2369 1572 2416 1613 ct
2449 1573 2558 1613 tace
2588 1559 2720 1626 (IStl.
2761 1577 2923 1626 xxxv,
2952 1559 3028 1624 7).
3059 1558 3118 1611 Et
3155 1560 3282 1612 i'lnd
3313 1558 3459 1626 quod
3498 1559 3563 1609 de
3597 1558 3821 1613 Domino
3850 1558 3971 1612 Sal-

2368 1663 2555 1705 vatorc
2583 1652 2961 1720 prophetatum
2995 1661 3073 1702 est
3101 1665 3114 1701 :
3149 1651 3294 1701 Sicut
3325 1665 3491 1718 agnus
3521 1665 3695 1700 coram
3729 1648 3969 1701 tondente

2368 1759 2550 1794 senon
2600 1743 2799 1810 aperuit
2848 1758 2905 1794 os
2949 1756 3093 1792 suum
3133 1740 3348 1805 (.ιίηιι1ι.
3395 1755 3490 1806 xtl,
3520 1739 3634 1807 51$).
3687 1737 3753 1792 Et
3798 1737 3966 1794 illud:

2374 1831 2539 1883 Omne
2585 1829 2786 1882 verbum
2839 1831 3056 1882 otiosum
3104 1829 3238 1899 quod
3268 1828 3421 1882 locuti
3476 1829 3665 1892 fuerint
3717 1829 3969 1884 homines.

658 1924 916 1976 dieutiam
949 1921 1031 1974 vel
1058 1922 1368 1988 superbiam
1402 1922 1593 1972 callida
1620 1921 1990 1972 bll~~llr|‘:llllttlc
2037 1932 2251 1967 succru-
2300 1929 2343 1986 Β
2372 1925 2584 1977 νιιιίιιένιιί
2609 1925 2670 1974 de
2692 1942 2749 1974 ea
2781 1925 3027 1975 r'uioarm
3063 1927 3113 1975 in
3142 1923 3225 1974 die
3271 1922 3481 1990 judirii.
3516 1923 3733 1975 Talibus
3761 1938 3889 1990 ergo
3921 1932 3974 1974 et

658 2014 836 2079 dunt,
906 2014 1185 2080 adjutores
1249 2013 1444 2065 Christi
1527 2010 1720 2062 blanda
1782 2008 2163 2060 utiliort'i'iom-
2219 2017 2272 2057 et

659 2115 852 2160 sant-:o
885 2121 947 2158 ac
991 2105 1188 2158 salubri
1241 2102 1469 2156 consilio
1501 2117 1754 2156 revocare
1791 2100 2140 2152 mutemlunt.
2194 2098 2270 2150 illi

662 2215 914 2263 venena,
969 2199 1055 2251 isti
1115 2198 1263 2248 antid
1306 2207 1455 2255 tum;
1489 2196 1559 2248 illi
1612 2197 1812 2247 iaciunt
1862 2195 2079 2245 vultu-ra
2110 2233 2122 2252 ,
2188 2189 2272 2242 isti

659 2301 960 2362 prin-urant
1016 2290 1448 2346 tuedirautenla;
1497 2287 1994 2355 illiperditioueui,
2047 2285 2129 2336 isti
2188 2302 2273 2336 sa-

663 2385 833 2437 lutem
865 2402 877 2446 ;
915 2383 988 2436 illi
1043 2386 1301 2437 furorem.
1349 2379 1434 2433 isti
1496 2377 1996 2436 mansuettnlinem;
2059 2377 2129 2428 illi
2182 2392 2270 2427 su-

661 2475 932 2542 perbiam,
967 2473 1053 2524 isti
1106 2471 1462 2522 humilitatem
1495 2469 1692 2521 docent
1721 2485 1734 2531 ;
1770 2467 1842 2520 illi
1892 2467 2163 2534 injuriam,
2191 2467 2273 2519 isti

662 2563 1022 2632 patientiam;
1059 2560 1134 2613 illi
1196 2560 1399 2622 odimn,
1459 2559 1545 2612 isti
1589 2558 1928 2612 charitatein.
1989 2559 2044 2610 Si
2105 2574 2270 2624 quan-

662 2653 919 2706 tutnlibet
966 2649 1168 2703 faciant
1210 2649 1366 2714 mali,
1407 2649 1525 2718 plus
1558 2657 1734 2701 tamen
1786 2647 2080 2716 praevalent
2119 2648 2274 2701 Chri-

662 2745 731 2799 sti
783 2743 1208 2805 inedicamenta,
1253 2757 1414 2812 quant
1466 2742 1664 2795 diaboli
1725 2743 1968 2796 vulnera.
2001 2741 2079 2794 illi
2134 2743 2273 2795 enim

663 2839 754 2908 qui
799 2839 856 2892 in
887 2837 1058 2900 clero,
1091 2837 1176 2889 vel
1204 2837 1256 2889 in
1290 2837 1625 2889 monasterio
1656 2836 1837 2904 positi.
1874 2845 1928 2888 et
1972 2851 2029 2888 se
2060 2845 2113 2888 et
2143 2837 2276 2887 alios

667 2931 732 2982 ad
766 2928 1081 2998 superbiam
1105 2927 1340 2995 erigunt,
1377 2927 1522 2980 velut
1546 2927 1809 2995 ιιιιίιιριγςυ
1841 2927 2048 2994 sagittis
2078 2925 2277 2979 diaboli

667 3022 842 3090 νινιιιῐξ
862 3020 1189 3088 simplicium
1208 3020 1369 3073 corda
1388 3029 1688 3088 percutere,
1710 3028 1762 3071 et
1785 3035 1998 3070 omnem
2023 3019 2070 3069 iu
2091 3021 2166 3069 eis
2189 3020 2278 3069 bu-

671 3113 968 3166 miiitatem
997 3111 1081 3164 vel
1112 3111 1579 3164 mansuetudinem
1613 3119 1878 3163 conantur
1907 3126 1936 3162 e
1977 3110 2270 3175 stinguere.

667 3204 774 3257 Sed
807 3204 938 3272 quia
971 3204 1084 3256 Deo
1130 3202 1365 3272 propitio
1395 3201 1445 3255 in
1477 3201 1653 3255 medio
1685 3199 1960 3269 palearum
2011 3198 2276 3252 invenitur

667 3303 720 3348 et
748 3297 1014 3356 triticum,
1048 3302 1103 3348 et
1130 3293 1321 3348 anima:
1346 3303 1564 3352 sanctae,
1585 3305 1703 3359 quae
1735 3289 1879 3344 velut

670 3393 934 3458 armaria]
957 3386 1504 3455 Christispiritalilms
1535 3383 1792 3439 antidotis
1820 3382 1990 3452 plena:
2017 3397 2134 3435 esse
2156 3397 2276 3450 pro-

669 3483 907 3546 bantur;
940 3481 1200 3549 quidquid
1229 3481 1304 3534 illi
1342 3479 1741 3534 vulneraverint
1769 3475 2078 3533 emicatibus
2109 3473 2277 3528 medi-

667 3576 942 3632 camentis
967 3590 1160 3630 curare
1209 3590 1318 3629 non
1353 3574 1604 3628 desinunt
1636 3615 1650 3639 ,
1705 3571 1946 3626 dicentes
1976 3569 2278 3635 cuicunque

670 3669 916 3738 superbo
945 3682 959 3719 :
991 3666 1107 3720 Noli
1133 3666 1436 3736 superbire,
1477 3665 1642 3720 frater
1663 3707 1677 3731 ,
1708 3665 1830 3733 quia
1859 3661 2119 3730 scriptum
2152 3668 2231 3711 est
2261 3673 2272 3710 :

668 3758 811 3812 Deus
837 3755 1079 3825 superbis
1110 3756 1300 3809 resistit
1327 3754 1527 3826 (Jacob.
1564 3772 1632 3817 tv,
1668 3753 1743 3821 ὓ).
1778 3751 1902 3807 Noli
1927 3751 2116 3813 irasci,
2150 3748 2274 3817 quia

669 3852 944 3918 scripturn
977 3857 1060 3903 est
1091 3866 1102 3902 :
1138 3847 1229 3900 Ira
1256 3849 1305 3900 in
1339 3850 1452 3900 sinu
1494 3847 1785 3915 insipientis
1813 3847 2074 3916 requiescit
2107 3842 2277 3910 (latri.

667 3960 764 4006 vn,
795 3943 919 4008 10').
952 3940 1011 3994 Et
1043 3941 1235 3996 iterum
1264 3958 1279 3994 :
1311 3940 1400 3994 Ira
1428 3943 1522 3993 viri
1562 3941 1821 4009 justitimn
1855 3937 1946 3990 Dei
1971 3955 2070 3990 non
2099 3951 2278 4004 apera-

669 4047 755 4090 tur
788 4037 940 4104 (Jac.
1001 4051 1034 4089 ιι
1063 4073 1076 4096 ,
1121 4035 1237 4104 2t“).
1270 4035 1324 4088 bi
1381 4035 1519 4088 forte
1551 4034 1948 4088 inobedieutem
2009 4031 2236 4083 viderint
2265 4070 2280 4094 ,

671 4129 883 4183 biaiule
931 4135 986 4181 et
1039 4126 1313 4180 humiliter
1367 4125 1596 4178 dicunt:
1628 4122 1743 4177 Noli
1787 4137 1904 4176 esse
1946 4119 2278 4182 iuobefiens,

670 4217 844 4271 frater
873 4255 893 4279 ,
941 4216 1066 4284 quia
1121 4216 1378 4283 scriptum
1410 4223 1529 4267 est:
1565 4210 1870 4266 Obcdientia
1901 4228 2053 4280 super
2082 4209 2254 4275 sacriﬁ

670 4309 810 4359 cium
845 4306 903 4370 (1
948 4304 1080 4376 Reg.
1112 4305 1210 4374 xu).
1260 4303 1324 4357 Et
1377 4302 1573 4358 Paulus
1618 4305 1852 4357 clamat:
1896 4302 2106 4354 ()bedite
2152 4315 2286 4369 prm-

673 4401 786 4462 posi
817 4400 862 4452 is
896 4397 1096 4460 restria,
1130 4405 1176 4447 et
1206 4395 1466 4466 subjarete
1508 4397 1618 4458 eis;
1672 4395 1790 4464 quia
1833 4395 1932 4463 ipsi
1979 4391 2288 4462 pervigilant

675 4506 932 4565 tanquam
986 4495 1237 4547 rationem
1312 4510 1404 4562 pro
1461 4493 1732 4544 animabus
1796 4493 1974 4544 restria
2037 4488 2288 4542 reddituri

676 4586 824 4652 (Gal.
864 4601 918 4647 ν,
957 4583 1070 4647 l7).
1107 4583 1224 4635 Isne
1251 4583 1439 4635 animte
1470 4583 1579 4636 Ileo
1629 4584 1798 4652 plena:
1829 4583 1869 4634 si
1919 4581 2151 4650 tepidsm
2197 4589 2288 4633 aut

2381 2017 2460 2068 bis
2515 2016 2778 2068 similibus
2838 2016 3243 2067 medicamentis
3290 2013 3547 2082 quidquid
3603 2029 3726 2067 vasa
3777 2014 3976 2068 diabtli

2377 2106 2584 2158 Slluilli‘l
2605 2109 2676 2157 ist
2711 2109 2850 2157 talin
2875 2123 3015 2168 rare,
3045 2121 3170 2157 \asa
3211 2104 3408 2158 Christi
3437 2114 3703 2159 conantur
3732 2105 3795 2157 ad
3828 2106 3974 2158 saui-

2379 2204 2540 2246 tatem
2577 2197 2860 2248 reducere.
2892 2196 3018 2249 She
3050 2211 3179 2260 ergo
3223 2196 3470 2255 delirus,
3504 2196 3617 2248 sive
3649 2196 3976 2253 monachus,

2377 2286 2490 2339 sive
2528 2290 2830 2341 sancziumu
2856 2288 2971 2342 alis.
3001 2287 3305 2340 consideret
3347 2287 3731 2339 conscientiam
3779 2302 3931 2338 suam
3962 2303 3972 2338 :

2379 2388 2432 2432 et
2460 2382 2501 2432 si
2529 2381 2663 2433 bene
2689 2380 2954 2447 loquendo
2986 2380 3288 2446 adjutorem
3318 2379 3514 2432 Christi
3544 2387 3596 2431 et
3631 2379 3973 2433 defensorem

2373 2471 2594 2540 justitic
2645 2487 2702 2525 se
2731 2486 2849 2525 esse
2881 2471 3186 2538 cognoscit;
3241 2470 3473 2537 gaudeat
3525 2477 3578 2523 et
3610 2469 3718 2522 Deo
3775 2472 3976 2537 gratias

2379 2577 2518 2635 agat,
2552 2576 2607 2618 et
2636 2566 2752 2634 ipso
2783 2567 3075 2618 auxiliante
3133 2572 3444 2632 perse\'er.-t
3475 2578 3640 2632 usque
3691 2563 3742 2616 in
3777 2565 3935 2616 linem
3963 2577 3976 2614 :

2380 2661 2503 2726 quia
2527 2675 2575 2710 ιιι
2604 2675 2631 2704 ἰ
2661 2659 2752 2726 qui
2783 2658 3009 2725 cmgerit
3043 2697 3059 2722 ,
3111 2655 3206 2710 sed
3234 2657 3318 2724 qui
3369 2655 3766 2725 perseveraverit
3809 2657 3978 2708 salvus

2379 2751 2476 2801 erit
2501 2747 2714 2800 {.ilatt/i.
2753 2765 2781 2801 κ
2807 2789 2820 2811 ,
2873 2747 2984 2806 22).
3016 2741 3116 2812 Qui
3149 2763 3278 2800 vero
3326 2761 3424 2812 per
3473 2744 3780 2816 superbiam
3809 2787 3824 2812 ,
3881 2761 3978 2816 per

2382 2840 2799 2893 inulnuiientiaiu
2833 2839 2916 2892 vel
2953 2837 3204 2892 invidiam
3250 2836 3556 2905 adjutorem
3593 2836 3677 2889 vel
3719 2836 3976 2890 vicarium

2381 2930 2579 2984 diaboli
2612 2947 2729 2985 esse
2755 2947 2812 2983 se
2844 2933 3034 2992 sentit,
3067 2931 3248 2982 doleat
3281 2929 3348 2982 de
3372 2929 3669 2997 praeterito,
3694 2936 3886 2983 caveat
3913 2928 3979 2980 de

2385 3022 2584 3086 futuro,
2621 3033 2675 3078 et
2704 3038 2797 3090 per
2821 3023 3176 3076 luunilitateui
3226 3031 3503 3075 construat
3529 3021 3673 3090 quod
3717 3020 3982 3090 superbia:

2384 3115 2665 3187 tyrannide
2693 3115 3025 3169 destruxnat
3051 3135 3063 3180 ;
3094 3117 3237 3185 quol
3269 3116 3538 3170 iracundia
3587 3129 3784 3168 sucren
3808 3118 3943 3168 terat
3963 3155 3977 3178 ,

2383 3209 2592 3278 mitiget
2621 3209 3012 3268 mansuetudo;
3061 3209 3201 3276 quod
3231 3208 3430 3261 malitia
3479 3207 3560 3260 vel
3611 3206 3976 3260 inobedicntia

2176 3285 2272 3345 Ψ·
2306 3304 2350 3365 C
2386 3309 2818 3369 exasperth-rat,
2851 3301 3128 3354 charitatis
3163 3300 3391 3354 dulcedo
3423 3307 3744 3367 componat:
3773 3308 3826 3350 et
3855 3298 3980 3350 dum

2390 3393 2564 3447 adhuc
2594 3393 2768 3446 anima
2795 3393 2880 3445 ilia
2914 3396 3352 3460 tenebrosa,qo:n
3376 3389 3592 3444 diabolo
3616 3389 3821 3443 servire
3845 3403 3977 3442 con-

2388 3490 2658 3547 sueverat,
2689 3481 2740 3534 in
2774 3483 2874 3534 isto
2923 3483 3136 3534 mortali
3163 3496 3394 3550 corpore
3443 3480 3707 3534 retinetur
3732 3518 3745 3541 ,
3805 3493 3980 3532 reme-

2388 3573 2532 3627 dium
2561 3573 2660 3626 sil'i
2688 3573 2739 3627 in
2763 3573 2904 3627 diem
2949 3573 3284 3627 necessitatis
3313 3571 3553 3641 acquirat
3581 3586 3594 3623 :
3627 3579 3682 3623 ut
3731 3569 3797 3624 de
3845 3569 3981 3622 sini-

2386 3674 2495 3720 stra
2555 3665 2845 3718 translatus
2897 3664 2964 3718 ad
3027 3663 3302 3718 dexteram
3361 3679 3481 3715 cum
3537 3662 3730 3716 ovibus
3785 3659 3982 3716 Christi

2389 3766 2657 3810 tuerentur
2686 3755 2872 3810 audire
2898 3775 2908 3808 :
2953 3754 3150 3814 Vertite,
3177 3754 3447 3816 benedicti,
3481 3753 3724 3822 percipitc
3749 3767 3983 3823 regnum,

2388 3849 2522 3917 quod
2553 3848 2688 3900 vobis
2712 3856 2952 3916 paratum
2969 3859 3042 3900 est
3071 3846 3134 3899 ab
3165 3847 3365 3914 origine
3392 3845 3571 3898 mundi
3607 3843 3822 3914 (Matth.
3851 3859 3979 3908 xxv,

2390 3937 2504 4005 54.)
2551 3938 2615 3990 Et
2639 3938 2763 3992 licet
2793 3939 2903 3992 haec
2933 3939 3004 3992 ita
3037 3939 3176 3999 sint,
3211 3942 3424 4001 fratres,
3455 3939 3558 3991 hoc
3603 3945 3782 3990 tamen
3816 3951 3981 4006 opor-

2393 4039 2486 4091 tet,
2522 4039 2579 4082 ut
2606 4045 2706 4084 nec
2737 4030 2860 4083 boni
2901 4029 2969 4082 de
2990 4030 3190 4083 sanctis
3220 4029 3426 4084 meritis
3457 4029 3791 4082 extollantur
3817 4043 3831 4090 ;
3884 4041 3986 4080 nec

2390 4119 2464 4174 illi
2496 4123 2586 4190 qui
2618 4121 2742 4175 mali
2777 4122 2991 4186 fuerint,
3025 4121 3186 4175 nimia
3217 4120 3594 4190 desperatione
3624 4119 3938 4186 frangantur
3967 4135 3980 4171 :

2391 4214 2484 4268 sed
2515 4221 2571 4266 et
2598 4213 2670 4267 illi
2695 4213 2966 4268 humiliter
2994 4221 3341 4283 perseverent
3371 4213 3422 4266 in
3447 4212 3602 4266 bonis
3627 4254 3642 4279 ,
3688 4221 3741 4266 et
3765 4211 3850 4264 isti
3875 4213 3986 4265 cito

2391 4307 2728 4374 corrigantur
2759 4321 2786 4360 a
2811 4306 2998 4371 malis;
3033 4315 3090 4359 ut
3113 4321 3232 4357 cum
3262 4306 3376 4357 dies
3417 4304 3603 4372 judicii
3633 4303 3842 4358 venerit
3868 4345 3882 4367 ,
3931 4312 3983 4356 et

2393 4399 2563 4452 bonos
2611 4414 2876 4453 coronare
2908 4398 3075 4464 gessit
3105 4398 3211 4449 vita
3237 4397 3466 4464 integra,
3491 4404 3544 4449 et
3585 4396 3755 4449 malos
3804 4395 3984 4447 valeat

2391 4505 2649 4545 excusare
2708 4502 2951 4544 correcta
2993 4504 3005 4541 :
3055 4497 3346 4558 prtl'staute
3378 4488 3604 4542 Domino
3636 4496 3826 4540 nostro
3861 4484 3989 4540 Jesu

2392 4581 2624 4647 Christo,
2666 4582 2906 4650 quicum
2950 4579 3107 4632 Patre
3137 4590 3189 4633 et
3211 4579 3413 4647 Spiritu
3441 4586 3632 4632 sancto
3658 4577 3792 4632 vivit
3819 4584 3874 4632 et
3906 4591 3988 4630 re-

677 4678 1053 4747 urgligentem
1086 4676 1336 4734 viderint.
1368 4675 1514 4730 vciut
1555 4675 1621 4730 de
1667 4676 1894 4745 spiritali
1943 4675 2196 4737 armario,
2233 4673 2282 4728 id
2312 4667 2359 4726 D
2388 4682 2514 4740 gnat
2549 4673 2689 4729 Deus
2717 4675 2770 4726 in
2801 4670 2993 4726 smcula
3014 4669 3354 4726 smculoruui.
3393 4669 3586 4725 Amen.

1809 4951 2876 4994 “03—.”
