5174 6578
190 19 3157 69 m

1788 444 2151 458 .___.‘———-———

2308 476 3161 492 Mi”..-
3174 476 3487 485 ,ᾠ--ιμ-

2151 475 3542 860 mm
3574 475 4445 847 me;

3561 470 3921 482 ;;ﬂ*:NM—-
3934 475 3983 481 —-
3996 475 4017 481 ο
4032 474 4107 481 ~-
4129 471 4613 482 ..ρ’-..-ψ
4632 470 4652 480 δ
4664 472 4743 481 ἦ

2689 992 3171 1082 ρυίΕῡΑΜ
3230 984 4089 1062 ECCLESIASTICA

2472 1156 2976 1222 SECULORUM
3022 1154 3134 1213 νη
3182 1151 3283 1211 ΕΤ
3326 1148 3471 1210 Vill
3514 1145 3749 1222 QUAS]
3792 1140 4317 1207 INTERMEDIA.

2938 1275 3838 1314 ..ψ

2571 1392 3623 1518 POSTREMORUM
3738 1389 4223 1506 REGUM

1759 1687 2545 1827 PBIMZE
2652 1670 3555 1823 STIBPIS
3668 1663 5043 1808 FBANCOBUM

2179 1981 2971 2064 ECCLESIASTICIE
3029 1977 3159 2053 ET
3222 1970 3413 2051 PIIE
3469 1970 4132 2049 DONATIONES
4182 1967 4628 2049 ULTIMIE.

2648 2196 2772 2267 (Ex.
2804 2195 2964 2264 Breq.
2999 2191 3323 2262 Diplomata,
3353 2185 3584 2247 Chartze,
3620 2185 3809 2253 Leges,
3841 2193 3969 2248 etc.,
4001 2190 4040 2237 t.
4075 2181 4165 2252 ll.)

3180 2299 3296 2337 AM.
3341 2278 3640 2336 (ἰθὺ-748.

3376 2409 3445 2419 ——-

1772 2635 2018 2707 Diploma
2082 2623 2563 2707 ςιιιράουωίηιιι,
2609 2639 2727 2707 ηυορ
2760 2612 3354 2707 εοῃρςεεᾳφλᾲδέίίίὶςηδὶ

1838 2684 2557 2761 triten'usterioimmunitatetn
2594 2684 2865 2763 conﬁrmat
2896 2700 2920 2726 ι
2955 2692 3102 2760 (ann.
3131 2684 3278 2754 69l).

1844 2835 2208 2901 Chlodoveus,
2238 2845 2332 2887 rex
2353 2829 2704 2885 Francorum.
2737 2824 2793 2881 Si
2824 2823 2912 2879 illa
2939 2819 3219 2882 beneﬁcia,
3252 2828 3359 2885 que

1775 2937 2028 2999 parentes
2054 2923 2225 2979 nostri
2260 2922 2327 2975 ad
2361 2920 2481 2974 loca
2522 2926 2830 2973 sanctorum
2876 2912 3230 2984 prestiterunt
3274 2906 3357 2959 vel

1772 3024 2179 3081 concesserunt,
2208 3029 2307 3085 pro
2338 3012 2536 3066 nostris
2586 3006 2820 3064 oraculis
2872 3005 3271 3062 conﬁrmamus,
3305 3004 3358 3051 et

3465 2483 3519 2528 et
3545 2472 3865 2536 servientes,
3905 2484 4068 2540 super
4114 2477 4286 2523 terras
4331 2480 4458 2522 suas
4493 2471 4927 2528 commanentes,
4967 2461 5054 2518 di-

3462 2562 3819 2629 stringentlos,
3855 2576 3956 2616 nec
3986 2561 4161 2615 nullas
4191 2559 4539 2614 redibitiones
4568 2557 4930 2626 requirendas
4953 2570 5054 2610 nec

3463 2658 3808 2720 exactandas,
3837 2671 3935 2712 nec
3960 2654 4244 2723 judiciaria
4271 2659 4509 2722 potestas
4531 2649 4737 2706 ibidem
4765 2649 5054 2720 ingredere

3462 2764 3682 2817 quoque
3718 2757 3958 2817 tempore
4006 2760 4112 2800 non
4155 2744 4398 2808 deberet,
4444 2742 4545 2796 nisi
4589 2741 4694 2795 sub
4741 2739 5055 2797 emunitatis

3461 2856 3658 2895 nomen
3682 2841 3829 2894 omni
3883 2849 4127 2907 tempore
4171 2849 4293 2890 cum
4347 2832 4525 2890 omnis
4571 2831 4730 2886 fretis
4777 2830 5053 2886 concessis

3463 2947 3586 3001 pars
3638 2932 3801 2999 ipsius
3855 2928 4167 2983 monasterii
4205 2926 4399 2982 debeat
4438 2924 4739 2995 possidere.
4796 2921 4954 2981 Unde
4999 2930 5053 2976 et

3466 3026 3883 3094 praeceptionem
3912 3021 4238 3093 principum,
4269 3034 4364 3073 seu
4392 3017 4868 3073 conﬁrmationem
4885 3030 5054 3070 avun-

1773 3112 1979 3180 regiam
2010 3106 2454 3164 consuetudinem
2484 3116 2822 3166 exercemus,
2853 3106 2909 3153 et
2939 3096 3091 3151 nobis
3132 3092 3196 3147 ad
3243 3091 3355 3144 lau-
3389 3104 3431 3164 ρ
3467 3091 3571 3168 Eu“
3602 3091 3807 3185 "(55er

3011 3096 3091 3150 bis
3132 3092 3196 3147 ad
3243 3091 3355 3144 Ῑθυ·
3389 3104 3431 3164 C
3467 3091 3571 3168 culi
3602 3091 3770 3167 nostri
3794 3091 3989 3185 [Mab.,
4024 3110 4407 3166 avunculorntn
4438 3107 4769 3180 nostrorum]
4789 3106 5050 3162 Chlotha-

1774 3206 1896 3259 dem
1928 3201 2012 3257 vel
2032 3199 2380 3256 stabilitatem
2402 3195 2554 3264 regni
2583 3193 2755 3251 nostri
2786 3193 2839 3245 in
2870 3190 2967 3244 Dei
2994 3186 3212 3242 nomine
3237 3199 3359 3253 per—

1779 3293 1955 3347 tinere
1981 3287 2321 3345 conﬁdimus.
2375 3285 2542 3354 igitur
2587 3280 2912 3337 venerabilis
2956 3277 3038 3330 vir
3092 3274 3361 3337 Bertinus,

1778 3380 1919 3436 abba
1943 3380 2013 3435 de
2042 3377 2374 3433 monasterio
2404 3374 2577 3430 Sitbiu
2600 3372 2744 3441 quod
2770 3378 2851 3425 est
2882 3371 2934 3423 in
2976 3381 3113 3437 pago
3142 3364 3365 3419 Tarwa—

1782 3472 1978 3537 ninse,
2020 3469 2078 3524 in
2124 3467 2334 3523 honore
2377 3473 2563 3521 sancte
2605 3462 2771 3517 Marie
2822 3460 3095 3528 genitricis
3154 3455 3365 3509 Domini

1784 3561 1957 3618 nostri
1978 3560 2135 3616 Jesus
2160 3559 2358 3614 Christi
2388 3572 2488 3612 nec
2508 3571 2615 3611 non
2639 3564 2695 3611 et
2714 3554 2884 3609 sancti
2922 3551 3069 3607 Petri
3113 3557 3167 3603 et
3216 3546 3365 3601 Pauli

1786 3654 2178 3726 apostolorum,
2206 3651 2290 3706 vel
2332 3659 2635 3705 ceterorum
2670 3648 3006 3702 'domnorum
3054 3649 3365 3697 sanctorum

1787 3752 2176 3811 constructum,
2207 3742 2276 3798 ad
2303 3750 2545 3798 nostram
2572 3740 2797 3795 accessit
2841 3736 3203 3808 presentiam;
3257 3731 3369 3786 cle-

1787 3836 1992 3893 mentie
2012 3833 2163 3905 regni
2190 3834 2361 3891 nostri
2387 3832 2681 3902 suggessit,
2715 3846 2780 3885 eo
2822 3828 2966 3897 quod
3012 3840 3143 3880 avus
3185 3830 3369 3878 noster

1786 3927 2098 3986 Chlotarins
2116 3926 2143 3965 δ
2167 3925 2362 4000 [Hab.,
2377 3922 2724 3994 Cblodovius]
2746 3920 3015 3992 quondam
3034 3932 3147 3982 rex,
3169 3916 3235 3971 de
3256 3930 3371 3969 om-

1791 4035 1890 4076 nes
1926 4018 2237 4076 curticellas
2262 4016 2350 4073 vel
2375 4017 2529 4072 villas
2555 4014 2720 4085 ipsius
2760 4010 3093 4074 monasterii,
3117 4006 3373 4079 quicquid

1788 4110 2031 4182 presenti
2055 4118 2299 4180 tempore
2338 4106 2708 4179 possidebant,
2736 4114 2827 4158 aut
2854 4105 3027 4157 adhuc
3055 4102 3109 4155 in
3134 4110 3293 4155 antea
3309 4113 3375 4153 ex

1796 4216 2024 4258 munere
2048 4214 2253 4269 regum,
2273 4199 2360 4255 vel
2380 4199 2577 4255 collato
2601 4197 2795 4270 [Mab.,
2818 4192 3033 4262 collata]
3057 4193 3259 4263 populi,
3283 4206 3380 4246 seu

1800 4296 1869 4353 de
1896 4300 2209 4363 comparato
2237 4298 2333 4346 aut
2358 4289 2427 4345 de
2462 4290 2704 4359 quolibet
2729 4296 2880 4343 recto
2910 4286 3098 4358 (Man,
3130 4284 3380 4356 qualibet)

1800 4385 2062 4450 adtracto,
2092 4384 2145 4439 in
2184 4381 2511 4451 quibuslibet
2537 4381 2686 4451 pagis
2715 4387 2876 4448 atque
2919 4378 3205 4435 territoriis
3252 4376 3380 4430 inibi

3466 3203 3633 3257 charii
3666 3212 3717 3257 et
3739 3203 4053 3268 Cltilderici,
4085 3216 4180 3256 seu
4210 3210 4264 3255 et
4286 3201 4543 3268 genitoris
4584 3198 4759 3254 nostri
4803 3196 5050 3252 Theode-

3467 3294 3563 3350 rici
3595 3292 3869 3361 quondam
3901 3292 4065 3359 regis,
4098 3291 4331 3359 qualiter
4353 3291 4452 3344 hec
4470 3288 4559 3345 vel
4588 3287 4685 3344 illa
4708 3286 4921 3351 locella,
4949 3301 5055 3355 que

3469 3395 3655 3454 postea
3684 3384 3801 3453 ipse
3831 3384 4083 3436 Bertinus
4113 3384 4248 3436 abba
4273 3381 4339 3436 ad
4368 3389 4521 3450 parte
4548 3379 4717 3448 ipsius
4745 3377 5055 3435 monasterii

3470 3493 3569 3546 pro
3593 3474 4031 3530 comtnutationis
4052 3473 4209 3526 titulo
4238 3472 4321 3526 vel
4350 3477 4653 3525 strumenta
4673 3469 4918 3539 accipere
4933 3484 5055 3522 con-

3471 3568 3842 3627 ﬁrmaverunt,
3878 3565 4033 3618 nobis
4062 3565 4113 3617 in
4158 3570 4412 3631 presettte
4452 3559 4693 3615 ostendit
4720 3558 5052 3627 relegendas,

3471 3666 3525 3712 et
3550 3659 3674 3726 ipsis
3704 3654 3981 3710 beneﬁciis
4003 3652 4274 3707 concessis
4297 3649 4365 3705 de
4412 3658 4657 3718 tempore
4708 3663 4879 3717 usque
4915 3662 5053 3700 nunc

3473 3751 3665 3803 asserit
3686 3753 4067 3808 conservatas;
4093 3742 4187 3797 sed
4212 3756 4310 3810 pro
4353 3738 4617 3794 lirmitatis
4646 3738 4881 3793 studium
4905 3736 5056 3805 petiit

3474 3848 3805 3896 memoratus
3867 3837 4004 3891 abba
4056 3830 4358 3889 celsitudini
4398 3839 4617 3896 nostre,
4667 3837 4730 3885 ut
4754 3830 4860 3885 hoc
4913 3829 5055 3883 circo

3477 3932 3645 4005 [Mab.
3672 3929 3839 3999 circa]
3861 3930 4032 3998 ipsum
4058 3926 4235 3981 locum
4258 3938 4357 3993 pro
4386 3929 4571 3977 nostra
4600 3921 4920 3976 auctoritate
4946 3920 5058 3989 ple-

3478 4025 3601 4078 nius
3630 4022 3953 4077 conﬁrmare
3974 4018 4318 4071 deberemus.
4346 4011 4512 4082 Cujus
4531 4011 4781 4082 petitioni
4802 4027 4899 4082 pro
4921 4025 5058 4065 mer-

3480 4116 3626 4169 cedis
3677 4122 3861 4167 nostre
3913 4122 4166 4173 munere,
4199 4105 4285 4159 vel
4332 4104 4635 4159 reverentia
4684 4103 4853 4173 ipsius
4891 4103 5058 4157 sancti

3483 4204 3608 4269 loci,
3638 4204 3709 4256 ita
3732 4200 4063 4272 prestitisse,
4091 4205 4147 4251 et
4186 4196 4239 4250 in
4284 4194 4534 4250 omnibus
4577 4191 4926 4248 conﬁrmasse
4970 4206 5060 4246 co-

3484 4296 3745 4365 gnoscite.
3779 4292 4145 4360 Precipientes
4171 4287 4315 4342 enim
4341 4294 4420 4352 ut,
4437 4284 4691 4355 quicquid
4714 4292 4925 4340 constat
4967 4299 5058 4339 su-

3487 4388 3815 4457 prascriptos
3853 4399 3979 4437 avos
4008 4390 4223 4435 nostros
4252 4378 4576 4433 Chlodovius
4602 4377 4874 4446 quondam
4895 4390 4990 4430 rex
5013 4386 5057 4440 ο,

1799 4481 1918 4531 erat
1942 4473 2180 4529 3“in
2203 4473 2289 4528 νει
2319 4471 2603 4536 conatum,
2637 4470 2844 4540 ἱηιεετει
2889 4470 3185 4526 emunitam
3220 4476 3377 4521 δηῑθ·
3411 4463 3457 4525 C
3489 4477 3554 4532 de
3605 4477 3716 4545 ipsa
3771 4474 4087 4537 emunitate,
4115 4470 4253 4525 sicut
4296 4468 4543 4537 snpcrius
4587 4473 4675 4521 est
4712 4465 5058 4534 compreheno

1798 4580 2020 4621 cessere
2066 4579 2165 4640 suo
2207 4562 2593 4631 Mummolino,
2636 4561 2848 4631 quando
2893 4562 2977 4615 vel
3021 4559 3087 4613 ad
3132 4558 3377 4629 predicto

1798 4656 2133 4713 monasterio
2162 4654 2453 4719 concessis,
2487 4660 2546 4708 ut
2569 4652 2749 4708 nullus
2772 4651 2937 4721 judex
2982 4650 3229 4721 publicus
3273 4648 3378 4703 ibi-

1796 4748 1921 4803 dem
1949 4746 2015 4801 ad
2041 4743 2339 4802 audiendas
2361 4757 2567 4807 causas,
2595 4741 2731 4797 freta
2762 4740 3042 4809 exigenda,
3077 4739 3383 4807 ﬁdeijusso-

1802 4853 1892 4893 res
1915 4836 2203 4901 tollendos,
2232 4850 2331 4890 nec
2356 4833 2663 4889 mansiones
2708 4840 2800 4886 aut
2847 4840 3062 4901 paratas
3119 4828 3382 4895 faciendo,

1801 4945 1902 4988 nec
1929 4929 2177 4986 homines
2216 4929 2383 4998 ipsius
2415 4927 2761 4993 monasterii,
2793 4936 2899 4981 tam
2930 4928 3193 4998 ingenuos
3223 4940 3385 4994 quam

1877 5095 1903 5122 ιι
1943 5083 2228 5153 Vulgatum
2259 5099 2290 5138 a
2318 5082 2649 5139 Mabillonio.
2670 5084 2745 5139 De
2770 5098 2829 5139 re
2858 5082 2988 5152 dipl.
3021 5100 3138 5152 pag.
3173 5083 3298 5149 607,
3320 5098 3389 5138 ex

1807 5154 2138 5213 ehartulario
2167 5153 2445 5223 Folquini;
2474 5170 2723 5210 recusum
2744 5155 2796 5209 in
2828 5153 3213 5222 Supplemento
3260 5170 3391 5223 ope-

1807 5243 1927 5307 rum
1953 5225 2241 5313 diplomat.
2272 5224 2458 5313 Mirari,
2489 5224 2621 5306 t..ll,
2646 5224 2933 5313 pag;‘?28;
2981 5226 3030 5277 in
3045 5225 3393 5313 ncollectione

1807 5293 2129 5364 scriptorum
2160 5309 2337 5347 rerum
2368 5294 2611 5350 Francic.
2650 5293 2704 5349 ‘t.
2750 5295 2837 5359 ιν,
2874 5309 2994 5363 pag.
3044 5293 3145 5345 δίη
3203 5296 3275 5365 [et
3338 5296 3393 5348 in

1808 5365 2151 5444 giartulario
2200 5364 2547 5444 Folqninnlina
2595 5366 2901 5444 claronviro
2957 5364 3196 5420 Guerard
3252 5380 3393 5418 anno

1812 5434 1944 5490 1841
1973 5435 2137 5502 edito,
2181 5448 2301 5503 pag.
2334 5433 2445 5502 5H.
2481 5435 2676 5489 lterum
2702 5436 2929 5498 edimus,
2962 5451 3027 5488 ex
3060 5445 3395 5499 transumpto

1810 5521 1877 5560 ex
1905 5505 2095 5559 eodem
2122 5505 2469 5569 chartttlario,
2495 5506 2710 5574 propria
2743 5522 2900 5558 manu
2929 5506 3107 5558 domni
3135 5507 3201 5559 de
3252 5504 3398 5559 Wite

1813 5575 2044 5630 areltivis
2069 5576 2125 5628 S.
2158 5574 2359 5628 Bertini
2390 5576 2623 5643 prtefecti
2667 5585 2923 5641 exarato,
2971 5584 3024 5627 et
3086 5577 3135 5627 in
3182 5576 3397 5629 charte-

1813 5646 2383 5714 pltylaciumnostrum
2416 5646 2648 5699 invecto.
2684 5647 2763 5700 ΑΙ)
2797 5647 2897 5701 hoc
2951 5656 3287 5710 transumpto
3320 5647 3397 5698 in-

1816 5712 2025 5769 terdum
2052 5712 2231 5769 tlilTert
2254 5713 2538 5770 Mabillonii
2568 5716 2765 5780 editio;
2799 5717 2971 5769 varias
3014 5717 3271 5769 lectiones
3315 5719 3396 5769 in-

1816 5796 1900 5840 ter
1931 5785 2155 5840 uncinos
2182 5783 2581 5855 adscripsimus.
2619 5787 3000 5851 lliscrepatttix:
3052 5798 3183 5839 ortre
3214 5789 3400 5839 viden-

3483 4582 3623 4629 sum,
3644 4564 3853 4634 prefato
3871 4560 4238 4625 Mummolino,
4257 4558 4342 4612 vel
4362 4564 4551 4626 postea
4578 4556 4679 4624 ipsi
4706 4553 4899 4628 [Mab.,
4924 4552 5055 4624 ipse]

3484 4660 3736 4715 avunculi
3763 4658 3933 4711 nostri
3957 4651 4407 4709 Chlothacbarius
4446 4665 4542 4705 seu
4591 4647 4948 4715 Childericus,
4968 4663 5057 4701 seu

3484 4758 3542 4803 et
3612 4747 3869 4815 genitoris
3938 4742 4105 4797 nostri
4180 4739 4535 4804 Theoderici,
4603 4736 4879 4806 quondam
4924 4738 5057 4803 regis

3489 4840 3680 4911 [Mab.,
3708 4838 3919 4907 genitor
3939 4845 4121 4890 noster
4151 4832 4538 4897 Theodericus,
4568 4830 4845 4900 quondam
4868 4826 5058 4898 reges],

3486 4933 3632 5003 juste
3660 4940 3714 4987 et
3745 4928 4138 4984 rationabiliter
4167 4929 4562 4981 consenserunt
4588 4920 4676 4977 vel
4719 4920 5060 4977 conﬁnnavec

3492 5088 3721 5142 feliciter
3742 5085 4085 5155 quidem,sed
4104 5085 4304 5139 lectore
4335 5099 4440 5139 non
4458 5082 4668 5138 monito
4697 5100 4712 5136 :
4752 5082 4893 5153 quod
4920 5083 5063 5139 nefas

3494 5154 3773 5213 ducimus.
3798 5158 3929 5210 Vide
3962 5165 4145 5209 notam
4176 5170 4293 5221 qua:
4323 5154 4567 5221 proxime
4591 5155 4854 5221 sequitur.

3571 5229 3593 5265 δ
3616 5229 3727 5281 Hoc
3754 5230 3872 5281 loco
3896 5228 4230 5279 Cltlodovium
4253 5227 4379 5291 legit
4397 5224 4760 5289 Mabillonins,
4788 5239 4882 5291 pro
4903 5226 5065 5279 Chlo-

3499 5300 3638 5371 tario
3673 5317 3682 5349 :
3715 5308 3895 5371 recte;
3921 5298 4261 5371 Chlodovetts
4293 5296 4432 5371 enim
4462 5292 4503 5347 ll
4532 5292 4827 5371 Chlodovei
4850 5292 4912 5347 Ill
4944 5312 5065 5349 avus

3501 5370 3618 5430 fuit,
3650 5386 3754 5422 non
3777 5368 4099 5420 Chlotarius.
4134 5365 4446 5418 Etnentlatio
4474 5364 4702 5430 emergit
4729 5379 4795 5418 ex
4841 5366 4952 5434 ipso
4995 5368 5067 5419 di-

3502 5441 3761 5508 plomate,
3793 5439 3882 5492 ubi
3918 5437 4053 5490 infra
4081 5434 4639 5508 delllll'AClthdOV'eus
4668 5435 4903 5508 (nomine
4931 5437 5066 5489 scili-

3505 5504 3590 5561 cet
3647 5510 3958 5575 secundus)
4006 5506 4296 5560 ()hludovei
4348 5504 4415 5575 ill
4465 5518 4618 5575 avus.
4649 5504 4894 5559 avunculi
4948 5521 5068 5560 vero

3506 5580 3812 5632 Chmtarius
3870 5572 3949 5630 et'
3979 5576 4328 5629 Childericus.
4379 5572 4679 5627 Genuinam
4719 5582 4929 5637 autem,
4977 5576 5069 5630 etsi

3507 5657 3839 5727 corruptam,
3867 5646 4176 5727 chartttlarii
4209 5647 4492 5727 lectionem
4522 5643 4780 5727 ealiilri‘ere
4806 5645 5069 5701 debuimus

3532 5736 3619 5771 (1υὲ

3508 5719 3647 5790 [quae
3676 5713 3863 5772 eadem
3894 5728 3975 5772 est
4013 5718 4064 5770 in
4096 5716 4331 5770 editione
4361 5715 4490 5768 clari
4517 5714 4620 5768 viri
4653 5713 4937 5778 Guérardl.

3586 5800 3608 5825 η
3650 5788 3747 5843 llie
3774 5795 4156 5842 enumerantur
4185 5795 4413 5852 quatuor
4441 5784 4735 5853 diplomata
4757 5785 4822 5839 de
4861 5786 5055 5843 S‘ithien

1815 5865 1902 5911 tur
1947 5870 2015 5912 ex
2063 5835 2525 5915 emendatioitibus
2574 5835 3101 5925 qia;trunnatus
3122 5835 3401 5921 annum,
3437 5835 3483 5895 ι)
3512 5860 3585 5914 sis
3607 5835 4286 5916 meantis"minussi;
4297 5835 4347 5907 ’ἶ
4357 5835 4427 5910 2.1,
4445 5835 4548 5911 ita;
4564 5835 4877 5913 catastae
4899 5835 5068 5930 ιίἰιῖίιίὶ,
