5174 6534
659 394 785 451 1081

1403 387 1650 446 REGUM
1690 383 1926 443 ΡΒΙΜΑΕ
1970 380 2235 442 STIRPIS
2277 379 2705 438 FRANCORUM
2750 376 3165 436 DlPLOMATA.

3807 371 3826 422 l
3837 367 3948 428 O8!

656 518 797 577 runt,
829 515 888 563 et
909 508 978 565 de
1007 521 1074 565 eo
1101 514 1344 576 tempore
1373 519 1540 574 usque
1567 519 1710 560 nunc
1739 513 1888 559 recto
1911 504 2125 560 tramite
2150 501 2246 557 fuit
2273 522 2319 580 Α
2349 502 2558 573 gofrido
2626 501 2896 572 pontefcci
2945 499 3144 570 placita
3193 497 3333 550 inter
3382 505 3441 548 se
3492 491 3796 546 habuerunt
3819 530 3834 555 ,
3883 501 3946 548 ut

657 606 1054 666 conservatum,
1087 599 1161 654 ita
1189 605 1247 652 et
1275 598 1460 652 inante
1482 611 1581 666 pro
1602 603 1792 651 nostro
1821 603 2082 665 precepto
2127 592 2241 662 ple-

657 693 770 746 nius
797 693 852 747 iu
878 689 976 746 Dei
1007 689 1229 745 nomine
1258 689 1598 754 conﬁrmato,
1634 689 1907 758 inspectas
1938 686 2081 755 ipsas
2111 697 2241 756 pre-

655 784 932 853 ceptiones
989 781 1513 852 suprascribptorum
1563 780 1905 852 principum,
1949 779 2089 835 sicut
2144 791 2243 847 per

653 873 870 928 easdem
918 871 1246 938 declaratur,
1278 871 1420 928 circa
1467 872 1586 940 ipso
1639 871 1820 926 abbati
1869 869 2116 932 Bertino,
2154 867 2240 922 vel

653 963 1060 1018 successoribus
1087 963 1220 1029 suis,
1243 971 1336 1017 aut
1363 962 1482 1033 ipso
1509 960 1840 1017 monasterio
1907 961 2082 1015 Sithiu
2123 974 2242 1014 om-

652 1052 703 1106 ni
748 1061 996 1122 tempore
1052 1053 1183 1124 ipsis
1238 1051 1515 1108 beneﬁciis
1563 1053 1852 1114 concessis,
1887 1051 1938 1104 in
1991 1050 2239 1105 omnibus

653 1143 828 1201 valeat
857 1158 978 1199 esse
1017 1153 1434 1209 conservatum,
1462 1159 1517 1199 et
1557 1144 1702 1198 nulla
1748 1142 2107 1211 refragatione
2155 1141 2240 1196 vel

653 1234 799 1290 nullo
815 1234 1205 1306 impedimento
1226 1249 1256 1288 a
1279 1234 1550 1304 judicibus
1569 1233 1801 1304 publicis
1817 1233 2008 1288 exinde
2020 1247 2238 1302 quoquo

654 1333 897 1396 tempore
937 1325 1139 1379 habere
1182 1338 1291 1378 non
1340 1326 1724 1394 pertimescant
1771 1339 1784 1376 :
1837 1324 1974 1376 unde
2022 1332 2076 1377 et
2125 1326 2236 1393 ipsa

653 1415 986 1472 conﬁrmatio
1017 1415 1213 1486 [Mab.,
1239 1414 1605 1483 congregatio]
1635 1429 1729 1482 pro
1771 1415 2063 1468 stabilitate
2087 1416 2235 1482 regni

654 1513 823 1569 nostri
852 1512 941 1570 vel
966 1513 1140 1567 salute
1162 1511 1338 1580 patrie
1363 1511 1572 1564 Domini
1597 1509 2021 1564 misericordiam
2041 1511 2237 1578 jugiter

653 1607 883 1661 debeant
913 1619 1162 1661 exorare.
1202 1601 1288 1671 Et,
1311 1611 1369 1657 ut
1414 1603 1516 1656 hec
1560 1603 1856 1656 auctoritas
1898 1602 2102 1655 ﬁrmior
2144 1603 2240 1655 ha-

653 1698 860 1762 beatur,
894 1696 1027 1750 etin
1050 1695 1300 1750 omnibus
1351 1702 1723 1758 conservetur,
1751 1709 1848 1747 nos
1893 1704 1945 1748 et
1994 1694 2238 1764 precelsa

654 1786 880 1856 genitrix
920 1794 1105 1842 nostra
1134 1784 1567 1839 Chrothechildis
1600 1785 1783 1851 regina
1817 1800 2008 1838 manus
2056 1793 2240 1838 nostre

651 1878 936 1946 signaculis
956 1877 1142 1933 subter
1169 1890 1286 1931 eam
1316 1874 1653 1930 decrevimus
1681 1876 2025 1930 conﬁrmare.

718 1969 943 2038 Signum
977 1969 1198 2038 gloriosi
1229 1968 1526 2024 Chlodovei
1551 1969 1710 2034 regis.

717 2059 942 2131 Signum
968 2061 1210 2132 precelse
1260 2059 1534 2127 genitricis
1578 2057 1760 2114 nostre
1807 2058 2245 2115 Chrothechildis

653 2155 835 2222 regine
868 2164 915 2208 η.

719 2243 919 2301 Actum
957 2245 1060 2300 sub
1100 2244 1187 2299 die
1229 2259 1240 2298 I
1284 2242 1399 2296 Kal.
1436 2243 1653 2306 Junias,
1696 2256 1838 2297 anno
1879 2260 1893 2296 ι
1936 2245 2083 2312 regni
2141 2259 2242 2297 no-

650 2337 740 2392 stri
771 2335 821 2391 δ.

651 2498 913 2551 Placitum
948 2495 1226 2551 Chlodovei
1257 2494 1374 2559 ΙΙΙ,
1401 2496 1535 2562 regis
1569 2493 1913 2553 Francorum,
1950 2512 2013 2548 ae
2044 2499 2130 2548 (ite
2158 2501 2243 2548 in-

718 2577 795 2622 ter
819 2567 1158 2629 Chainonem,
1191 2565 1426 2619 abbatem
1450 2568 1618 2619 structi
1676 2567 1932 2633 Dionysii,
1957 2577 2004 2619 et
2059 2565 2241 2618 Erme-

717 2640 966 2692 noaldum
1032 2637 1266 2689 abbatem
1289 2678 1302 2701 ,

723 2722 742 2748 ε
778 2711 930 2780 (ann.
959 2707 1106 2774 692).

716 2799 1069 2864 Chlodovius,
1103 2815 1200 2854 rex
1228 2799 1581 2863 Francorum,
1599 2801 1678 2853 vir
1703 2801 1944 2855 inluster.
1967 2801 2243 2856 Venientis

649 2895 852 2962 agentis
880 2893 1099 2947 basilice
1121 2893 1305 2947 domni
1329 2892 1574 2959 Dionisii,
1609 2894 1694 2946 ubi
1722 2896 1815 2963 ipsi
1846 2896 2123 2962 preciosus
2149 2895 2243 2947 do-

650 2999 805 3040 mnus
835 2984 891 3039 in
912 2999 1145 3054 corpure
1175 2985 1471 3053 requiiscit,
1497 2994 1551 3038 et
1578 2986 1901 3039 venerabilis
1932 2986 2010 3037 vir
2037 2985 2243 3037 Chaino

649 3075 782 3129 abba
811 3089 1036 3144 preesse
1079 3073 1302 3139 viditur,
1356 3074 1643 3139 Noviento,
1678 3076 1726 3127 in
1776 3075 1989 3143 palaico
2030 3084 2240 3137 uestro,

646 3164 802 3219 nobis
828 3170 1219 3232 suggesserunt
1248 3179 1315 3218 co
1363 3164 1469 3231 qod
1511 3165 1747 3231 itemque
1790 3164 2086 3216 venerabili
2129 3163 2244 3215 viro

1374 2639 1457 2704 qui
1530 2638 1874 2690 vadimonium
1949 2640 2244 2689 deseruerat

2349 595 2528 650 medio
2557 595 2731 648 minse
2753 593 2936 663 Aprile
2959 593 3072 661 jam
3105 589 3386 661 preterito,
3416 585 3516 656 ipsi
3545 582 3944 642 Ermcnoaldus

2349 686 2485 740 abba
2509 685 2647 755 apud
2663 685 2758 739 tris
2775 683 3017 739 homenis
3033 697 3128 738 sua
3151 696 3312 736 manu
3325 687 3516 748 quarta
3537 677 3796 745 anteipso
3808 689 3948 746 pon-

2352 775 2528 840 tefeci,
2559 783 2653 830 aut
2677 776 2782 831 hoc
2814 776 3102 844 conjurare
3123 771 3342 836 debirit,
3370 770 3512 840 quod
3543 770 3662 840 ipso
3707 766 3946 825 vuaddio

2349 867 2415 923 de
2447 882 2610 922 mane
2649 874 2952 924 memorato
2979 865 3261 923 Chainone
3289 863 3472 918 abbati
3515 876 3806 932 numquam
3849 859 3950 916 ad-

2347 961 2652 1016 chratnissit
2679 959 2730 1027 ά,
2762 975 2863 1016 nec
2890 959 2997 1015 hoc
3028 952 3077 1014 ei
3122 959 3252 1014 dare
3297 964 3353 1011 et
3401 953 3667 1024 adinplire
3708 952 3947 1024 sponde-

2345 1052 2534 1117 disset,
2585 1054 2730 1123 quod
2773 1068 2833 1109 se
2875 1054 3111 1108 menime
3160 1049 3416 1114 faciebat,
3462 1056 3690 1115 argento
3742 1046 3944 1102 liberas

2346 1146 2482 1200 decc
2512 1144 2580 1199 ad
2614 1145 2729 1214 ipso
2760 1144 2882 1199 diae
2904 1145 2953 1199 ei
2985 1143 3114 1198 dare
3142 1142 3364 1199 debirit.
3393 1139 3548 1206 Quod
3580 1153 3642 1194 se
3683 1138 3788 1193 hoc
3835 1153 3946 1194 non

2345 1235 2598 1297 faciebat,
2627 1234 2799 1303 postia
2826 1235 2955 1288 istas
2998 1231 3114 1287 Kal.
3148 1231 3356 1287 madias
3372 1230 3482 1300 jam
3510 1228 3798 1299 preteritas
3821 1233 3948 1284 ante

2347 1343 2443 1380 nus
2475 1327 2707 1380 debirint
2735 1325 3073 1393 conjungire,
3097 1333 3152 1379 et
3182 1324 3452 1392 inspectas
3482 1336 3669 1376 eorum
3702 1318 3873 1394 {Hal}.
3893 1327 3948 1374 et

2345 1421 2540 1486 Felib.,
2571 1419 2773 1490 coram]
2811 1419 3035 1474 noticias
3064 1432 3253 1474 eorum
3299 1418 3440 1472 inter
3468 1429 3526 1470 se
3555 1413 3623 1468 de
3672 1427 3737 1467 ac
3777 1426 3942 1467 causa

2346 1514 2580 1565 dehiriut
2605 1511 2858 1564 dedueire
2898 1510 3150 1564 racionis.
3186 1508 3344 1565 Unde
3374 1516 3428 1563 et
3461 1523 3555 1578 per
3581 1507 3726 1576 ipsas
3757 1519 3945 1560 eorum

2346 1605 2578 1657 noticias
2600 1602 2890 1672 paricolas,
2922 1601 3103 1655 taliter
3131 1600 3272 1655 inter
3318 1615 3378 1654 se
3424 1598 3680 1669 placitum
3738 1598 3948 1654 habue-

2348 1707 2473 1747 runt
2503 1695 2712 1747 initum.
2741 1692 2846 1748 Sed
2872 1693 3149 1747 venientes
3173 1691 3241 1746 ad
3273 1706 3338 1745 eo
3368 1690 3629 1761 placitum
3659 1690 3759 1759 ipsi
3783 1702 3948 1758 agen-

2348 1785 2414 1837 tis
2441 1784 2550 1851 jam
2584 1785 2728 1837 dicto
2753 1783 2956 1844 abbati,
2990 1781 3278 1848 Novieuto,
3305 1780 3357 1834 in
3411 1780 3530 1850 ipso
3569 1779 3781 1850 palacio
3834 1794 3938 1833 no-

2270 1891 2317 1950 Β
2347 1887 2481 1941 stro,
2513 1892 2607 1945 per
2641 1876 2818 1928 triduo
2850 1890 2944 1928 seu
2976 1889 3073 1942 per
3095 1872 3264 1943 pluris
3309 1872 3444 1936 dies,
3472 1880 3531 1926 ut
3584 1871 3678 1926 lex
3736 1870 3945 1935 habuit,

2352 1971 2605 2039 placitum
2639 1984 2824 2021 eorum
2848 1968 2961 2021 vise
2986 1973 3114 2021 sunt
3158 1965 3553 2029 custudissent,
3578 1969 3633 2016 et
3676 1961 3794 2032 ipso
3846 1959 3948 2015 Er-

2351 2062 2638 2115 meuoaldo
2689 2059 2868 2113 abbati
2919 2056 3268 2124 abjectissent
3314 2055 3399 2109 vel
3446 2052 3821 2120 solsadissent,
3845 2052 3950 2122 ipsi

2353 2168 2449 2204 nec
2483 2151 2693 2204 vinissit
2727 2149 2788 2201 ad
2825 2149 3104 2217 placitum,
3133 2161 3231 2201 nec
3254 2145 3418 2201 misso
3451 2145 3503 2200 in
3554 2144 3673 2200 vice
3721 2158 3817 2203 sua
3858 2143 3940 2198 di-

2349 2241 2597 2299 rixsissit.
2620 2255 2716 2293 nec
2742 2240 2886 2292 nulla
2919 2239 3072 2292 sonia
3095 2237 3394 2292 nunciassit
3415 2235 3687 2290 adﬁrmat.
3713 2233 3946 2290 Proinde

2348 2347 2446 2384 nus
2488 2330 2666 2382 taliter
2716 2343 2821 2382 una
2875 2342 2997 2381 cum
3045 2326 3248 2381 nostris
3302 2325 3636 2396 procerebus
3691 2324 3952 2380 constetit

2349 2420 2662 2480 decrivisse,
2690 2427 2747 2470 ut
2778 2433 2835 2470 se
2862 2417 3143 2471 evidenter
3172 2431 3270 2486 per
3299 2430 3488 2470 eorum
3531 2413 3760 2469 noticias
3799 2413 3950 2483 pari-

2349 2512 2496 2564 colas
2521 2510 2862 2563 taliterinter
2891 2523 2949 2562 se
2977 2522 3075 2577 pro
3107 2522 3170 2562 ac
3217 2521 3378 2562 causa
3430 2506 3690 2576 placitum
3741 2504 3953 2559 habue-

2349 2603 2722 2665 runtinitum;
2756 2607 2810 2653 et
2857 2599 3084 2653 inluster
3130 2598 3215 2653 vir
3260 2598 3502 2662 Vuarno,
3534 2597 3706 2652 comis
3754 2595 3951 2666 palacii

2348 2691 2535 2753 nostri,
2596 2690 2989 2744 testimuniavit
3040 2689 3187 2758 quod
3233 2688 3523 2744 memorati
3569 2688 3779 2756 agentis
3832 2687 3946 2756 jam

2348 2785 2493 2836 dicto
2516 2782 2796 2836 Chainone
2814 2782 2996 2836 abbati
3020 2781 3279 2850 placitum
3311 2795 3500 2834 eorum
3531 2778 3740 2847 ligebus
3768 2785 3952 2833 custu-

2347 2876 2651 2938 dierunt,et
2677 2873 3080 2941 superscriptus
3099 2870 3489 2926 Ermenoaldus
3518 2870 3653 2925 abba
3687 2870 3946 2939 placitum

2347 2981 2499 3019 suum
2530 2965 2804 3016 custudirc
2837 2963 3108 3029 neclixsit,
3137 2963 3447 3031 jobemmus
3477 2970 3537 3015 ut
3566 2960 3824 3030 quicquid
3855 2962 3944 3015 lex

2349 3059 2448 3109 loci
2475 3057 2638 3108 vestri
2670 3057 2735 3108 de
2771 3058 2878 3109 tale
2922 3071 3086 3110 causa
3136 3056 3338 3119 cdocit,
3388 3063 3719 3109 memoratus
3761 3052 3952 3107 Erme-

2351 3148 2576 3201 noaldus
2608 3146 2765 3209 abba,
2801 3148 3047 3214 partibus
3073 3148 3237 3214 ipsius
3267 3146 3553 3212 agentibus
3584 3146 3650 3200 ad
3683 3146 3821 3215 parti
3854 3159 3947 3198 su-

647 3252 1012 3310 Ermenoaldo
1035 3253 1214 3308 abbati
1239 3263 1364 3308 ante
1391 3255 1489 3307 hus
1512 3270 1683 3307 annus
1715 3255 1944 3308 vuaddiu
1979 3270 2075 3323 pro
2134 3254 2243 3308 olio
2273 3249 2318 3313 C
2351 3239 2638 3307 DeTS‘TiPli
2669 3237 2953 3291 Chainone
2997 3237 3196 3300 abbati:
3230 3237 3315 3291 vel
3364 3237 3586 3292 basmce
3633 3235 3718 3291 ευί
3767 3235 3952 3290 domui

645 3346 776 3400 milli
814 3347 1142 3416 quignentas
1183 3346 1301 3416 (sic)
1341 3345 1529 3408 libera,
1565 3356 1620 3400 et
1663 3347 1787 3400 vino
1837 3347 1980 3399 bono
2029 3345 2242 3398 modios

646 3446 846 3503 cento,
909 3452 1008 3506 pro
1068 3435 1439 3490 Anseberctho
1521 3437 1778 3505 episeopo
1853 3437 1948 3503 ipsi
2027 3434 2238 3487 Chaino

646 3529 782 3584 abba
813 3528 867 3582 ei
900 3527 1346 3588 conmendassit;
1391 3537 1444 3581 et
1477 3529 1653 3582 taliter
1705 3528 1805 3596 ipsi
1847 3527 2240 3580 Ermenualdus

644 3619 1032 3690 spondedisset
1062 3627 1122 3673 ut
1152 3619 1256 3673 hoc
1284 3620 1332 3674 ei
1362 3619 1492 3673 dare
1522 3630 1575 3673 et
1625 3620 1889 3687 adinplire
1940 3620 2158 3678 debirit,
2187 3627 2241 3670 et

645 3709 750 3765 hoc
781 3709 1026 3765 menime
1057 3706 1277 3764 ﬁcisset.
1315 3708 1462 3764 Unde
1493 3719 1547 3761 et
1590 3718 1711 3762 ante
1756 3709 1868 3761 dies
1918 3725 2014 3777 per
2054 3722 2240 3763 eorum

644 3803 880 3859 noticias
909 3800 1128 3874 [Felib.,
1159 3800 1432 3871 noctitias]
1460 3802 1722 3871 paricolas
1755 3810 1876 3855 ante
1901 3801 2102 3855 domno
2145 3803 2243 3872 Sy-

642 3936 708 3988 ab
732 3932 1018 3989 avunculis
1044 3931 1322 3987 Chlotario
1346 3941 1401 3988 et
1431 3932 1734 3987 Cllllthl‘lCO
1766 3934 1898 4000 duo,
1928 3943 2178 4001 quartum
2211 3950 2240 3987 a

642 4016 795 4073 patre
847 4003 1213 4058 Theodorico.
1277 4002 1532 4068 Quartum
1584 4003 1688 4057 hoc
1740 4020 1898 4070 supra
1958 4004 2236 4064 edidimus,

639 4077 738 4129 sub
769 4090 918 4129 anno
949 4073 1076 4140 682,
1107 4073 1298 4128 Octob.
1333 4073 1430 4137 25;
1468 4074 1564 4125 tria
1599 4075 1702 4125 alia
1737 4092 1841 4127 non
1874 4073 2101 4126 vidimus
2127 4075 2241 4138 [nc—

639 4161 744 4212 que
772 4146 828 4198 in
873 4159 1016 4198 nova
1051 4143 1391 4212 AChartularii
1438 4143 1721 4196 Sithiensis
1765 4145 2001 4197 editione
2032 4159 2058 4194 a
2094 4144 2240 4197 claro

641 4209 757 4269 viro
778 4209 1116 4269 Guérard’in
1155 4213 1327 4267 lucem
1367 4215 1572 4280 prolata
1624 4212 2035 4281 reperiuntur];
2081 4214 2242 4267 Chlo-

642 4285 762 4339 tarii
792 4285 945 4339 enim
976 4283 1213 4352 diploma
1245 4284 1389 4351 quod
1417 4282 1764 4353 deSithiensi
1795 4285 2125 4337 monasterio
2159 4294 2241 4353 ty-

640 4355 722 4423 pis
745 4351 1149 4419 mandavimus,
1182 4353 1280 4407 sub
1309 4368 1449 4406 anno
1474 4351 1579 4404 66:!
1599 4354 1731 4406 nihil
1763 4355 1924 4406 habet
1953 4356 2019 4406 de
2052 4351 2242 4407 immu-

641 4425 907 4479 nitatibus
933 4424 1091 4490 hujus
1120 4423 1450 4477 monasterii.

713 4508 735 4532 ε
778 4493 840 4548 lu
896 4493 1150 4560 Folquini
1189 4492 1514 4548 chartulario
1562 4493 1688 4563 [quo
1713 4510 1838 4547 usus
1872 4494 2043 4546 fuerat
2073 4496 2132 4546 D.
2166 4496 2242 4550 De

647 4565 1107 4635 Wite]expressa
1132 4564 1453 4618 exhibentur
1506 4564 1797 4617 Chlodovei
1857 4565 1915 4615 lll
1961 4574 2014 4616 et
2063 4566 2239 4618 Chro-

640 4635 897 4691 techildis
968 4646 1465 4701 monogrammata,
1518 4652 1634 4703 qua}.
1697 4638 2002 4688 inaccurate
2053 4637 2238 4687 viden-

639 4715 726 4761 tur
775 4721 807 4760 a
861 4704 1178 4760 ch..rtularii
1229 4706 1493 4773 scriptore
1555 4705 1752 4759 efﬁcta.
1820 4706 2037 4758 FrUstra
2100 4709 2238 4759 enim

641 4776 832 4831 oculus
852 4777 907 4830 in
936 4776 998 4828 tis
1018 4775 1420 4842 deprehendere
1450 4787 1674 4829 conatur
1706 4777 1982 4841 utriusque
2012 4778 2240 4829 nominis

639 4845 989 4915 compendia.
1024 4843 1227 4915 Horum
1262 4846 1460 4899 mentio
1484 4851 1541 4899 lit
1568 4848 1704 4913 apud
1746 4847 2132 4912 Mabillouium,
2167 4848 2241 4899 De

640 4931 697 4970 re
723 4912 857 4986 dipl.
877 4929 1008 4986 pag.
1035 4912 1158 4980 578,
1183 4916 1273 4986 qui
1299 4930 1361 4968 ea
1384 4917 1434 4969 in
1467 4912 1798 4984 autographo
1831 4919 2099 4972 exstitisse
2134 4934 2239 4970 nun

638 4985 876 5051 dubitat,
908 4985 1015 5057 etsi
1046 4999 1165 5057 rara
1194 4985 1909 5057 fateaturmonogrammata
1966 4989 2018 5041 in
2063 4989 2237 5057 diplo-

640 5059 878 5127 matibus
941 5053 1338 5124 Merovingicis.
1398 5056 1544 5126 [Πωο
1594 5053 2090 5123 monogrzmunata,
2122 5053 2240 5127 qua)

640 5126 828 5182 lectori
861 5135 1155 5181 occurrent
1211 5127 1260 5180 in
1285 5142 1420 5180 nova
1448 5127 1772 5180 Chartularii
1804 5129 2086 5183 Sithiensis
2129 5126 2237 5182 edi-

642 5197 809 5261 tione,
843 5210 972 5266 pag.
1007 5194 1095 5268 56,
1127 5197 1220 5250 :cri
1253 5197 1533 5268 incidenda
1570 5214 1673 5250 non
1703 5199 1874 5268 duxi.]

708 5276 735 5313 t.
777 5268 993 5338 lperius
1023 5267 1222 5338 Chron.
1255 5283 1341 5338 ap.
1372 5267 1596 5322 Marten.
1628 5269 1791 5322 Thes.
1837 5267 2023 5324 anecd.
2069 5280 2106 5324 t.
2155 5270 2240 5335 Ill,

638 5353 758 5408 pag.
795 5335 929 5404 472,
964 5337 1067 5391 hoc
1087 5335 1321 5406 diploma
1377 5341 1629 5393 emissum
1670 5340 1744 5391 ait
1788 5341 1877 5391 sub
1923 5343 2005 5394 die
2055 5358 2070 5395 l
2119 5342 2240 5394 Ital.

642 5409 792 5464 Maii.
827 5408 1086 5478 Regnum
1115 5423 1268 5478 orsus
1295 5415 1376 5464 est
1405 5408 1745 5464 Chlodoveus
1795 5410 1855 5461 ill
1882 5453 1895 5475 ,
1941 5413 2053 5466 sive
2102 5429 2244 5467 anno

639 5479 762 5544 (300,
798 5477 1000 5548 elapso
1026 5491 1211 5548 mense
1237 5477 1571 5548 Septembri,
1596 5481 1706 5535 sive
1734 5481 1871 5535 circa
1905 5483 2051 5536 initia
2085 5484 2243 5547 veris,

642 5496 762 5544 υυυ,
798 5496 883 5535 eta
929 5496 994 5532 so
1026 5496 1211 5532 mense
1237 5496 1571 5548 neptemnrt,
1596 5496 1706 5535 Sive
1734 5497 1871 5535 Circa
1905 5496 2051 5536 initia
2085 5500 2243 5547 veris,

642 5567 782 5605 anno
805 5496 938 5614 (illi),
982 5547 1136 5615 juxta
1191 5546 1634 5619 Longuerumum.
1698 5552 1888 5605 Annal.
1947 5554 2134 5608 Franc.
2195 5556 2243 5607 iu

642 5623 868 5677 Collect.
902 5619 1234 5690 script‘trer.
1271 5619 1460 5676 Franc.
1492 5629 1529 5674 t.
1565 5622 1649 5674 lll.
1685 5638 1802 5690 pag.
1839 5624 1959 5677 tith.

716 5707 734 5731 ε
781 5690 1043 5759 Vulgavit
1072 5688 1408 5746 Mabillonius
1438 5692 1488 5745 in
1518 5693 1663 5746 Actis
1688 5688 1781 5745 SS.
1837 5696 2037 5749 ordinis
2078 5698 2248 5750 sancti

645 5762 946 5826 Benedicti,
976 5769 1113 5832 se_ct.
1141 5773 1391 5832 μιλρθῐί.
1427 5778 1481 5827 tt,
1524 5779 1643 5832 pag.
1686 5763 1807 5829 55339,
1842 5782 1894 5818 et
1944 5770 2248 5821 accuratius

648 5836 779 5889 lrbro
809 5849 884 5904 Vl,
920 5832 992 5887 de
1023 5828 1102 5886 Re
1131 5828 1493 5904 diplomatica,
1521 5828 1639 5904 pag.
1672 5828 1804 5900 475;
1849 5836 2039 5891 iterum
2087 5838 2252 5894 edidit

2271 4608 2323 4666 D

2354 3329 2576 3384 Dionisii
2606 3328 2942 3382 omnemodis
2963 3329 3117 3382 vobis
3148 3328 3609 3395 distringentebus
3633 3327 3951 3396 componire

2349 3434 2402 3476 et
2434 3421 2731 3475 satisfacire
2777 3434 2886 3474 non
2934 3421 3159 3475 recusit.
3194 3419 3417 3488 Aghilus
3449 3418 3668 3489 [Felib.,
3701 3417 3948 3489 Agnilus]

2347 3529 2572 3581 recogu.

2421 3605 2608 3656 Datum
2643 3604 2786 3670 quod
2830 3603 2939 3657 ﬁcit
2988 3605 3188 3658 mensis
3242 3603 3452 3659 Madius
3510 3604 3628 3659 dies
3684 3605 3948 3674 quinque,

2347 3713 2489 3750 anno
2515 3698 2751 3751 secundo
2778 3697 2917 3764 rigui
2945 3699 3141 3767 nostri,
3172 3696 3464 3766 Noviento,
3492 3699 3547 3754 in
3589 3699 3685 3755 Dei
3715 3716 3950 3758 nomene

2347 3789 2572 3843 feliciter
2598 3803 2638 3841 ε.

2347 3931 2670 3992 Felibianus,
2703 3930 2754 3983 in
2779 3931 2913 3985 llist.
2944 3932 3071 4004 abb.
3099 3932 3155 3988 S.
3207 3933 3365 3988 Dion.
3413 3935 3625 4003 probat.
3677 3946 3802 4004 pag.
3847 3932 3948 4000 ης

2349 4012 2572 4073 uterque
2595 4017 2660 4053 ex
2679 4003 3010 4069 autogragho
3026 4004 3190 4073 [nunc
3211 4004 3262 4057 in
3282 4005 3514 4060 Archivo
3530 4003 3696 4071 regni.
3714 4005 3947 4070 It,scrin.

2345 4070 2397 4128 5,
2426 4083 2724 4134 asservato,
2751 4073 2834 4124 .ad
2866 4070 3203 4141 cujus'ﬁdem
3227 4089 3422 4129 novam
3453 4070 3828 4129 recensionem
3869 4075 3950 4128 itt-

2344 4143 2522 4214 stituit
2566 4140 2630 4194 A.
2659 4140 2851 4195 'l‘eulet
2883 4140 2938 4212 j.
2977 4143 3287 4200 Felibianus
3331 4154 3508 4199 tamen
3549 4145 3755 4214 aliquas
3795 4145 3950 4199 exhi-

2346 4213 2433 4264 bet
2475 4212 2882 4278 discrepantias,
2924 4229 3060 4280 quas
3092 4215 3234 4268 inter
3281 4231 3447 4269 uncos
3492 4212 3818 4270 notavimus.
3858 4214 3948 4268 ln-

2345 4291 2702 4334 strumentum
2753 4283 2857 4336 hoc
2901 4284 3226 4338 recudetunt
3274 4284 3538 4345 Cointius.
3581 4285 3723 4340 Ann.
3783 4293 3824 4338 t.
3881 4285 3948 4352 V,

2346 4367 2396 4426 ρ.
2426 4352 2549 4426 27.3,
2576 4363 2627 4405 et
2655 4352 2792 4426 (loli.
2817 4355 3002 4426 script.
3031 4369 3144 4426 rer.
3181 4354 3372 4411 Franc.
3402 4361 3440 4408 t.
3475 4353 3573 4420 ιν,
3617 4369 3742 4426 pag.
3800 4353 3903 4409 668
3929 4373 3944 4420 ;

2347 4423 2587 4476 Cuintius
2619 4423 2877 4490 plurimas
2900 4425 3146 4477 adhibuit
3175 4427 3582 4482 emendationes
3622 4423 3678 4480 et
3702 4423 3950 4480 restitu-

2349 4495 2545 4558 tiones,
2571 4489 2705 4560 quas
2733 4495 2872 4562 apud
2890 4489 3075 4562 ipsum
3115 4495 3330 4550 vidcsis.
3359 4495 3679 4551 Posterioris
3702 4496 3949 4550 Mabillo-

2351 4565 2420 4616 nii
2446 4565 2692 4617 editionis
2725 4565 2980 4619 lectiones
3019 4567 3312 4634 sequimur.
3341 4565 3432 4620 Lis
3451 4567 3518 4621 de
3539 4580 3644 4634 qua
3667 4567 3755 4620 hic
3774 4567 3950 4635 agitur

2351 4636 2656 4688 vertebatur
2680 4635 2731 4688 in
2765 4652 2830 4689 eo
2857 4635 3021 4702 quod,
3043 4652 3164 4689 cum
3195 4635 3406 4690 cuidam
3444 4635 3808 4692 Ermenoaldo
3850 4636 3947 4689 ab-

2348 4706 2453 4757 bati
2478 4706 2710 4760 dedisset
2732 4704 3095 4759 vadimonium
3117 4706 3347 4773 Chaino,
3369 4707 3538 4762 abbas
3565 4706 3622 4760 S.
3677 4705 3945 4776 Dionysii,

2347 4777 2591 4843 sponsori
2626 4793 2720 4844 pro
2752 4778 2894 4830 mille
2916 4785 2968 4829 et
2989 4777 3298 4844 quingentis
3326 4777 3476 4832 libris
3506 4778 3612 4832 olei
3641 4784 3696 4832 et
3732 4786 3945 4830 centum

2348 4849 2538 4899 modiis
2589 4850 2693 4901 vini
2743 4863 2772 4900 a
2829 4847 3104 4900 Chainone
3144 4849 3516 4902 Anseberchto
3570 4846 3798 4912 traditis,
3823 4846 3947 4900 inde

2346 4927 2668 4986 provocatus
2701 4919 2750 4972 in
2777 4918 2978 4984 judicio
3007 4932 3187 4988 coram
3211 4917 3494 4988 Sygofrido
3514 4917 3771 4988 episcopo
3820 4915 3946 4981 (Pa-

2345 4988 2599 5057 risiensi),
2621 4989 2865 5059 promisit
2889 5003 2946 5040 se
2971 4986 3104 5059 infra
3133 4986 3336 5042 certum
3356 4986 3564 5058 tempus
3582 4986 3944 5059 rem'exsecu-

2347 5066 2521 5112 turum
2550 5077 2563 5119 ;
2595 5058 2676 5114 sin
2702 5060 2894 5122 minus,
2927 5058 2995 5111 ad
3033 5058 3287 5127 placitum
3320 5060 3459 5126 regis
3488 5058 3894 5128 pertraheretur
3931 5076 3941 5110 :

2346 5129 2486 5197 quod
2519 5130 2714 5184 factum
2740 5130 2863 5191 fuit;
2890 5137 2945 5182 et
2975 5128 3170 5196 placito
3193 5127 3394 5189 habito.
3425 5127 3546 5183 cum
3577 5129 3643 5184 ad
3692 5129 3928 5182 vadimo-

2347 5201 2487 5254 dium
2508 5199 2896 5253 Ermenoaldus
2917 5213 3021 5252 non
3038 5199 3288 5262 venisset,
3307 5199 3511 5267 judicio
3527 5199 3812 5253 damnatus
3833 5208 3938 5252 est.

2423 5271 2444 5307 α
2472 5270 2567 5324 Hic
2590 5271 2815 5338 legimus
2836 5269 3184 5332 adchramire,
3203 5271 3347 5336 quod
3372 5269 3424 5322 in
3450 5270 3646 5338 placito
3668 5270 3793 5323 anni
3815 5268 3942 5334 691,

2349 5341 2676 5394 achranmire
2724 5359 2740 5395 :
2774 5343 2826 5395 in
2879 5339 2995 5393 aliis
3033 5339 3372 5393 documentis
3425 5339 3754 5405 adhramire,
3785 5339 3945 5392 adra-

2351 5413 2494 5473 mire,
2529 5414 2819 5481 agramire;
2849 5425 2993 5474 nam,
3019 5419 3077 5481 ut
3095 5409 3227 5474 dixi,
3249 5412 3336 5481 qui
3362 5425 3423 5464 se
3449 5410 3649 5479 aliquid
3675 5410 3944 5481 facturum

2352 5492 2444 5535 aut
2495 5479 2841 5549 prestiturutn
2895 5480 3268 5549 promittebat,
3301 5480 3561 5536 festucam
3591 5488 3684 5535 aut
3705 5479 3850 5534 aliud
3872 5479 3945 5537 si-

2351 5569 2511 5619 gnum
2538 5553 2842 5608 adversario
2871 5551 3134 5605 tradebat.
3167 5550 3369 5622 Videsis
3405 5551 3664 5622 Cangium
3713 5565 3935 5622 praeser-

2354 5626 2553 5690 timque
2594 5640 2786 5679 novam
2820 5623 3112 5676 editionem
3141 5636 3172 5675 a
3203 5621 3366 5677 docto
3395 5620 3824 5678 viro‘llenschel
3853 5635 3943 5676 su-

2352 5707 2610 5763 sceptam,
2643 5711 2760 5749 voc.
2791 5695 3084 5747 Adramire.

2427 5762 2458 5796 ⁸⁷
2494 5767 2781 5821 Notaverat
2808 5768 2857 5819 in
2890 5767 3068 5835 priore
3091 5762 3330 5835 editione
3359 5763 3699 5820 Mabillonius
3720 5777 3942 5821 cereum

2352 5838 2581 5907 sigillum
2613 5839 2734 5892 huic
2757 5832 2955 5893 charize
2981 5832 3199 5888 aﬁixum
3230 5833 3413 5892 fuisse.
3458 5836 3627 5908 Cujus
3674 5836 3945 5910 fragmen-
