5174 6538
672 436 812 495 1085

1461 432 1705 490 REGUM
1749 430 1985 488 ΡΙὶΙΜᾹΞ
2027 428 2294 488 STlRPlS
2337 427 2763 487 FRANCORUM
2805 426 3230 485 DIPLOMATA.

3824 422 3964 482 1086

671 570 796 612 cum
825 553 984 610 terris
1005 566 1138 623 quas
1164 551 1417 608 excolere
1443 552 1712 616 videntur,
1729 561 1785 606 et
1813 567 1972 606 omne
1996 550 2268 622 peculiare
2293 552 2350 610 Α
2372 549 2548 620 ipsum
2578 549 2966 605 monasterium
2997 547 3098 604 sub
3125 545 3274 602 omni
3303 545 3642 602 immunitate
3668 559 3767 616 per
3809 557 3963 599 suam

672 664 880 712 eorum,
915 658 972 700 ut
1001 648 1115 701 haec
1137 661 1260 716 pars
1287 647 1388 715 ipsi
1415 644 1655 715 pontiﬁci
1715 654 1770 697 et
1823 646 1933 698 suis
1991 643 2267 697 monachis

673 741 727 796 in
766 748 1028 812 perpetuo
1076 750 1324 808 tempore
1371 737 1604 792 debeant
1652 751 1990 805 permanere.
2037 735 2166 790 Inde
2213 741 2268 790 et

672 831 1153 888 commutationem
1178 831 1343 899 ipsius
1365 829 1621 900 principis
1654 835 1763 880 tum
1805 843 1834 881 a
1875 827 1988 881 suis
2021 827 2266 881 manibus

671 923 1021 988 roboratam,
1062 922 1218 976 nobis
1264 922 1316 975 in
1358 920 1607 989 ιιι-περιιιί
1654 919 1890 974 ostendit
1941 916 2262 988 relegenda;

670 1021 816 1089 quod
840 1035 936 1089 pro
968 1019 1224 1072 ﬁrmitate
1245 1017 1548 1070 studuimus
1573 1014 1860 1084 petitiones
1907 1028 2094 1068 eorum
2144 1011 2263 1082 ple-

668 1113 791 1165 nius
817 1112 961 1164 circa
993 1109 1105 1179 ipsa
1136 1109 1462 1162 monasteria
1491 1107 1578 1161 vel
1626 1105 2098 1174 congregationem
2140 1116 2264 1155 san-

669 1212 812 1260 ctam
845 1203 1153 1257 conﬁrmari
1181 1209 1530 1273 prteceptum.
1557 1200 1652 1253 (Tui
1687 1215 1784 1254 nos
1815 1198 1917 1252 hoc
1947 1196 2263 1252 beneﬁcium

672 1297 991 1366 przu-titisse
1021 1296 1106 1348 vel
1136 1299 1506 1357 c0ulirmas.~e,
1542 1307 1604 1346 ac
1638 1292 1688 1344 in
1740 1289 1988 1343 ontnibus
2035 1302 2262 1342 conces-

669 1390 805 1444 sisse
847 1388 1176 1453 cognoscite.
1232 1387 1608 1455 l‘ratcipieutes
1663 1384 1954 1450 enimut,
2009 1380 2264 1450 quicquid

668 1487 885 1534 constat
909 1494 1001 1548 per
1036 1480 1328 1545 inspectam
1365 1477 1531 1544 ipsam
1572 1476 2049 1530 coinmatationem
2101 1473 2266 1542 ipsius

666 1572 928 1642 principis
955 1572 1100 1640 juste
1131 1581 1184 1624 et
1214 1570 1607 1624 rationabiliter
1648 1571 1789 1622 inter
1831 1569 2002 1636 ipsqu
2054 1575 2107 1621 et
2151 1567 2267 1635 glo—

667 1663 870 1717 riosum
903 1663 1157 1716 domuum
1192 1660 1656 1729 licmalgum,jam
1687 1660 1887 1713 dictum
1915 1658 2219 1729 pontiﬁcem
2247 1698 2263 1724 ,

666 1752 766 1806 fuit
818 1763 1213 1807 commutatum
1271 1761 1362 1805 aut
1417 1752 1890 1815 concambiatnm,
1929 1760 2036 1804 tam
2085 1750 2262 1814 terris,

667 1845 971 1907 curtilibus,
1003 1844 1163 1907 casis,
1199 1844 1421 1913 campis,
1458 1844 1654 1912 pratis,
1685 1843 1852 1908 silvis,
1895 1843 2067 1911 aquis,
2100 1857 2265 1910 aqua-

2369 643 2750 697 auctoritatem
2789 640 3169 705 concessisset,
3200 646 3257 695 et
3295 639 3401 692 hoc
3430 645 3621 706 postea
3665 637 3753 689 avi
3791 633 3966 690 nostri

2367 734 2676 790 Cblotarius
2721 740 2779 788 et
2819 732 3180 802 Dagobertus,
3207 745 3306 786 seu
3353 739 3410 785 et
3455 727 3822 791 Chlodoveus,
3863 743 3964 784 nec

2367 841 2474 882 non
2505 826 2634 882 item
2659 824 2989 891 Chlotarius,
3017 822 3294 894 quondam
3321 835 3498 891 reges,
3538 819 3624 876 vel
3649 820 3881 876 domnus
3911 829 3967 874 et

2366 921 2582 991 genitor
2611 927 2802 976 noster
2843 918 3230 984 Theodericus,
3261 915 3532 984 quondam
3580 930 3695 980 rex,
3734 927 3835 985 per
3871 927 3966 967 eo-

2366 1026 2487 1065 rum
2526 1012 2878 1066 auctoritates
2917 1010 3157 1080 ipsorum
3187 1022 3378 1062 manus
3404 1007 3690 1062 roboratas
3716 1007 3819 1076 ipsi
3847 1021 3965 1062 mo-

2367 1105 2608 1158 nasterio
2640 1105 2743 1159 hoc
2781 1103 3194 1158 conﬁrmassent
3237 1117 3254 1156 :
3297 1099 3440 1154 unde
3469 1108 3525 1155 et
3576 1098 3722 1169 ipsas
3761 1114 3966 1168 pnece-

2367 1197 2582 1268 ptiones
2611 1209 2671 1250 se
2696 1211 2763 1249 ex
2793 1195 2896 1248 hoc
2934 1210 3045 1264 prae
3073 1192 3318 1248 manibus
3341 1190 3544 1246 habere
3571 1190 3861 1244 afﬁrmant.
3895 1189 3965 1243 Et

2368 1287 2474 1343 hoc
2501 1288 2645 1343 circa
2670 1287 2844 1356 ipsum
2874 1284 3267 1340 monasterium
3312 1283 3462 1338 nullo
3493 1281 3830 1348 inquietante
3871 1281 3966 1334 ad-

2369 1388 2556 1434 serunt
2582 1376 2892 1433 conservari
2919 1393 2933 1442 ;
2964 1375 3058 1430 sed
3087 1389 3185 1444 pro
3220 1375 3382 1429 totius
3423 1375 3502 1430 rei
3544 1372 3844 1428 munimine
3870 1386 3964 1440 po-

2369 1473 2535 1528 stulat
2583 1480 2643 1524 ut
2685 1472 2788 1524 hoc
2818 1477 3004 1524 nostra
3055 1468 3351 1522 auctoritas
3386 1467 3440 1522 in
3484 1468 3603 1536 ipso
3633 1464 3966 1520 monasterio

2370 1562 2583 1631 plenius
2621 1560 2818 1614 debeat
2865 1560 3141 1614 observari
3176 1577 3186 1610 :
3221 1557 3369 1626 quod
3411 1571 3512 1612 nos
3560 1556 3873 1626 pmstitisse
3911 1561 3966 1608 et

2370 1653 2698 1722 generaliter
2725 1653 3076 1708 continuasse
3119 1661 3297 1706 vestra
3326 1666 3432 1706 non
3465 1650 3677 1705 dubitet
3699 1649 3965 1716 magnitu-

2371 1746 2460 1801 do.
2494 1746 2837 1817 Quapropter
2866 1761 2963 1816 per
2989 1753 3306 1814 prtescntcm
3350 1753 3678 1813 praeceptum
3713 1745 3966 1812 jubemus

2369 1853 2450 1907 ut,
2483 1844 2623 1898 sicut
2648 1859 2743 1914 per
2771 1842 3126 1898 auctoritates
3153 1840 3638 1910 suprascriptorum
3662 1835 3964 1906 principum

664 1950 857 1990 rumve
882 1935 1224 2000 decursibus,
1284 1935 1590 2002 mancipiis,
1639 1933 1898 1996 (editions,
1941 1939 1997 1985 et
2046 1933 2266 2000 reliquis
2296 1941 2343 2001 Β
2371 1936 2642 2004 leguntur,
2669 1945 2722 1992 et
2745 1951 2915 2004 usque
2942 1952 3083 1990 nunc
3114 1935 3213 1988 fuit
3243 1934 3613 1995 observatum,
3640 1944 3817 1998 neque
3843 1943 3962 1989 vos,

663 2027 828 2083 rebus
856 2039 1020 2096 atque
1059 2029 1398 2097 corporibus,
1428 2026 1655 2080 domnus
1677 2037 1731 2080 et
1761 2033 1912 2094 pater
1959 2033 2140 2079 noster
2165 2023 2268 2077 Pa-

663 2117 894 2174 boleuus
911 2118 976 2172 ad
995 2119 1321 2186 partemjam
1341 2118 1539 2173 dictam
1562 2116 1909 2171 Stabelascho
1934 2113 2267 2185 [Stabelaco]

663 2218 721 2264 et
745 2208 1139 2263 Malmundario
1170 2225 1268 2277 per
1293 2216 1532 2263 nostrum
1554 2213 1881 2278 prteceptum
1907 2207 2119 2275 plenius
2140 2220 2270 2258 con-

661 2300 903 2368 ﬁrmato,
955 2301 1210 2371 perennis
1265 2300 1598 2370 temporibus
1645 2299 1840 2353 habeat
1892 2299 2267 2351 conﬁrmatum

661 2399 829 2459 atque
857 2391 1154 2446 stabilitum
1182 2394 1367 2463 {atque
1389 2389 1698 2459 indultum].
1725 2387 1809 2449 Et,
1839 2395 1896 2440 ut
1925 2389 2038 2441 [nec
2064 2402 2265 2454 prrcce-

659 2482 778 2552 ptio
810 2485 1010 2537 nostris
1039 2493 1093 2537 et
1121 2484 1311 2537 futuris
1335 2482 1671 2551 temporibus
1698 2479 1990 2533 ﬁrmiorem
2022 2477 2267 2532 oblimat

658 2575 932 2643 vigorem,
964 2590 1156 2629 manus
1185 2584 1381 2630 nostra:
1410 2573 1686 2642 signacula
1716 2572 1898 2627 subter
1925 2584 2046 2624 eam
2074 2568 2262 2621 decre-

657 2669 838 2724 vimus
867 2666 1178 2723 adﬁrmare.

734 2760 962 2826 Signum
1003 2759 1324 2823 Cblodovei,
1365 2758 1739 2829 gloriosissimi
1783 2752 2048 2826 [gloriosi]
2100 2751 2262 2820 regis.

661 2848 780 2903 Rex
810 2848 1143 2904 Francorum

735 2941 871 2994 Data
911 2941 1056 3010 quod
1106 2940 1232 2996 fecit
1276 2956 1460 2997 mense
1497 2940 1658 2996 Jnnio
1698 2957 1824 3007 xxv,
1854 2953 1998 2995 anno
2025 2938 2262 2995 secundo

656 3031 817 3101 regni
847 3031 1042 3096 nostri,
1069 3031 1349 3087 Namucuo
1381 3047 1404 3067 ι·
1435 3032 1747 3102 recognovi.

1428 3185 1493 3239 V.

2372 2046 2548 2098 neque
2588 2031 2837 2099 juniores
2866 2030 3055 2093 vestri,
3098 2041 3274 2094 neque
3303 2038 3646 2080 successores
3676 2020 3865 2085 vestri,
3911 2018 3967 2074 in

2371 2132 2548 2178 curtes
2594 2122 2764 2190 ipsius
2803 2120 3139 2182 monasterii,
3174 2132 3351 2187 neque
3392 2117 3461 2172 ad
3506 2130 3697 2172 causas
3742 2113 3967 2169 audien-

2368 2221 2516 2280 dum,
2551 2229 2725 2283 neque
2753 2213 2819 2266 ad
2841 2213 2991 2266 freda
3020 2210 3303 2279 exigenda,
3330 2209 3760 2278 necmansiones
3787 2206 3964 2275 requi-
4057 2281 4066 2290 ﬁ

2368 2306 2560 2368 rendo,
2605 2306 2818 2374 penitus
2852 2303 3139 2368 ingredere
3170 2319 3277 2357 non
3308 2301 3666 2373 praesumatis,
3717 2300 3818 2355 nisi
3866 2312 3964 2370 per

2367 2397 2401 2450 h
2423 2412 2506 2450 ιιιυ
2522 2396 2894 2450 auctoritatem
2924 2393 3186 2448 ﬁrmatam
3210 2394 3325 2464 ipse
3345 2394 3482 2448 abba
3497 2404 3954 2460 successoresque

2368 2487 2482 2554 ejus
2514 2487 2564 2540 in
2598 2488 2774 2541 causis
2801 2486 2967 2555 ipsius
2995 2485 3312 2540 monasterii
3352 2484 3424 2539 ibi
3461 2484 3573 2538 Deo
3614 2481 3959 2544 famulantes,

2365 2577 2507 2644 quod
2536 2582 2602 2629 ad
2633 2591 2867 2645 praesens
2896 2575 3293 2630 rationabiliter
3329 2574 3530 2628 habere
3563 2574 3834 2637 videntur,
3870 2577 3964 2624 aut

2367 2684 2396 2720 a
2438 2668 2548 2721 Deo
2598 2668 2910 2722 timentibus
2953 2667 3264 2722 hominibus
3305 2667 3376 2720 ibi
3409 2652 3573 2720 fuerit
3601 2664 3846 2719 additum
3875 2661 3964 2716 vel

2365 2775 2547 2829 aztgtnt
2588 2767 2790 2826 .tatum,
2822 2761 2922 2815 sub
2951 2761 3097 2815 omni
3125 2759 3485 2825 immunitate,
3519 2759 3794 2828 inspectas
3817 2757 3963 2827 ipsas

2363 2867 2522 2920 prtem
2546 2851 2765 2920 peiones
2803 2867 2966 2921 supra
3017 2861 3442 2907 memoratorum
3469 2851 3796 2920 principum,
3827 2862 3964 2915 quas

2362 2958 2417 2997 sc
2453 2960 2558 3010 νηὶ)
2598 2943 2845 2998 manibus
2883 2943 3084 2998 habere
3136 2943 3428 3008 afﬁrmant,
3476 2942 3693 2996 valeant
3735 2940 3962 3005 habere,

2365 3046 2568 3097 tenere,
2601 3035 2899 3104 possidere,
2943 3043 3001 3090 et
3040 3035 3240 3090 ibidem
3289 3036 3356 3089 ad
3401 3035 3574 3103 ipsum
3624 3032 3802 3088 locum
3833 3046 3960 3086 san-

2363 3135 2506 3182 ctuin
2538 3143 2635 3198 per
2663 3128 2800 3183 hanc
2829 3128 3210 3184 auctoritatem
3261 3137 3503 3182 nostram
3551 3127 3655 3182 hoc
3690 3126 3838 3195 quod
3876 3131 3963 3180 est

2363 3218 2633 3274 ﬁrmatqu
2694 3220 3007 3286 perenniter
3053 3219 3302 3289 proﬁciat
3364 3219 3430 3273 ad
3481 3225 3850 3287 augmentum,
3902 3224 3961 3270 ut

652 3295 912 3380 Dipioma
935 3295 1316 3380 (ΙβιιοᾴριοεὶᾹῙ
1325 3295 1372 3361 1,
1403 3300 1535 3380 regis
1569 3298 1915 3380 raucorum,
1942 3314 2040 3367 quo
2068 3304 2254 3380 titiniu-
2287 3307 2332 3368 ς,
2368 3312 2546 3380 potius
2573 3311 2690 3366 delc

1942 3314 2040 3367 (1υο
2068 3304 2254 3380 φυκιιῇ
2287 3307 2332 3368 C
2368 3312 2546 3380 potius
2573 3311 2808 3366 delectet
2839 3312 2918 3366 eis
2945 3311 3136 3365 melius
3166 3325 3265 3379 pro
3295 3310 3589 3366 stabilitate
3615 3310 3767 3376 regni
3790 3307 3960 3362 nostri

728 3369 918 3419 uitales
937 3377 986 3420 et
1002 3368 1270 3435 prii-itania
1300 3370 1599 3421 monasterii
1622 3370 1942 3422 Anixolcnsis
1965 3371 2256 3434 confirmat,

727 3453 760 3489 a
790 3436 1258 3506 pradecessoribus
1286 3440 1393 3492 suis
1424 3454 1666 3492 concessa
1694 3442 1713 3474 ι·
1751 3440 1897 3508 (αηη.
1930 3436 2076 3508 692).

724 3569 1102 3635 Chlodoveus,
1127 3585 1224 3624 rex
1256 3569 1608 3636 Francorum,
1637 3573 1717 3625 vir
1741 3571 1982 3634 inluster.
2009 3567 2258 3622 onmibus

649 3662 952 3731 agentibus
978 3662 1336 3729 prmsentibus
1364 3672 1418 3716 et
1446 3662 1658 3715 futuris.
1688 3660 1744 3715 Si
1785 3659 2138 3730 petitionibus
2167 3674 2256 3712 sa-

650 3754 973 3818 cerdotum,
1006 3755 1059 3808 in
1089 3769 1218 3823 quo,
1249 3769 1348 3823 pro
1377 3752 1879 3823 opportunitatibus
1902 3752 2255 3806 ecclesiarum

646 3847 738 3902 vel
771 3845 1124 3899 monasteriis
1151 3846 1373 3910 nostris,
1410 3845 1767 3914 patet'ecerint
1809 3843 2052 3906 auribus,
2084 3843 2256 3896 liben-

647 3948 737 3993 ter
780 3938 1056 4001 audimus,
1089 3937 1290 4004 regiam
1331 3936 1775 3990 consuetudinem
1825 3949 2161 3997 exercemus,
2206 3942 2260 3988 et

649 4030 818 4084 nobis
863 4029 933 4082 ad
987 4029 1292 4082 mercedem
1350 4028 1436 4082 vel
1480 4027 1827 4082 stabilitatem
1878 4027 2026 4093 regni
2089 4027 2256 4081 nostri

645 4122 942 4192 pertinere
971 4120 1310 4175 conﬁdimus.
1336 4119 1570 4190 Ideoque
1595 4121 1919 4176 venerabilis
1948 4120 2252 4186 lbbolenns,

648 4213 799 4269 abba
837 4212 907 4267 de
937 4213 1271 4268 monasterio
1302 4211 1543 4278 Anisola,
1575 4229 1692 4282 qua:
1719 4221 1802 4268 est
1831 4213 1883 4267 in
1927 4227 2062 4283 pago
2083 4210 2256 4266 Ceno-

645 4305 940 4366 mannico,
967 4305 1020 4358 in
1046 4305 1253 4358 honore
1281 4304 1564 4374 peculiaris
1596 4305 1764 4358 nostri
1807 4307 2152 4374 patronisquc
2184 4305 2254 4373 pii

643 4395 940 4465 Carilephi
989 4395 1317 4450 confessoris
1360 4405 1722 4460 constructus,
1773 4411 1870 4466 per
1909 4397 2101 4450 missos
2143 4397 2252 4448 cle-

643 4489 876 4544 mentiar:
927 4487 1078 4554 regni
1119 4488 1288 4541 nostri
1336 4487 1526 4542 detulit
1570 4488 1621 4541 in
1676 4488 1946 4554 notitiam,
1991 4504 2057 4543 eo
2111 4489 2252 4558 quod

644 4576 1024 4636 consobrinus
1060 4586 1243 4633 noster
1281 4575 1668 4644 Guntramnus,
1713 4577 1981 4647 quondam
2026 4594 2141 4643 rex,
2186 4577 2252 4632 ad

722 4748 748 4774 ι
799 4735 1144 4790 Collectores
1171 4733 1495 4804 scriptorum
1527 4750 1704 4790 rerum
1751 4735 2128 4790 Francicarum
2157 4752 2253 4791 vo-

644 4823 771 4864 cem
806 4805 1090 4874 rerognovi
1123 4812 1522 4872 expunxerunt,
1556 4814 1610 4857 et
1639 4821 1825 4860 vovent
1857 4805 2134 4862 Namncho
2164 4823 2253 4862 ac-

644 4884 927 4948 ceperunt
961 4874 1202 4948 produci
1253 4875 1476 4948 nomine
1518 4875 1608 4948 tibi
1649 4877 1882 4945 diploma
1912 4877 2096 4931 datum
2131 4879 2250 4943 fuit,

642 4941 799 5016 quod
850 4941 988 4999 alias
1032 4941 1361 5016 Homurhum
1398 4955 1480 5016 _e_t
1508 4941 1829 5000 Namufcnm
1861 4950 2100 5009 etlertur,
2133 4941 2254 5002 vide

648 5013 842 5072 Vales.
875 5024 994 5087 not.
1028 5013 1167 5067 Call.
1202 5015 1365 5068 verbo
1388 5013 1700 5069 Na’mucum.
1735 5019 1852 5082 Quo
1878 5027 2054 5071 autem
2085 5034 2252 5087 spon-

642 5105 774 5144 snre
809 5086 1106 5140 lectionem
1147 5095 1420 5152 receptam
1453 5087 1861 5140 etnvudaverint
1884 5105 1984 5140 non
2033 5086 2248 5142 docent.

643 5159 768 5213 Vox
829 5156 1115 5210 Namuclio
1161 5171 1358 5209 nomen
1408 5158 1495 5211 hic
1537 5158 1746 5210 videtur
1776 5158 2122 5211 referendarii
2161 5175 2258 5213 seu

644 5228 883 5292 notarii,
909 5224 976 5279 ad
1001 5224 1262 5294 majorem
1294 5226 1632 5281 instrumenti
1667 5227 1819 5282 ﬁdem
1849 5229 2253 5293 subscribentis,

643 5301 798 5369 quod
840 5296 1065 5370 evincit
1113 5299 1572 5370 voxjrecugnovi,
1622 5313 1783 5368 quam
1831 5313 1896 5354 ex
1944 5301 2256 5370 conjectura

643 5366 962 5426 amandare
990 5383 1096 5422 non
1127 5366 1296 5423 licuit.

721 5442 748 5479 ι»
781 5438 1392 5510 νυΙςίιγίιΑΜειιιειιίιιε,
1427 5439 1680 5510 ᾼπιριὶεε.
1710 5438 1923 5494 collect.
1946 5449 1981 5493 t.
2006 5440 2048 5498 l.
2071 5440 2174 5495 col.
2201 5441 2254 5504 8,

645 5526 715 5568 ex
764 5507 1114 5567 chartulario
1155 5509 1498 5572 Anisolensi;
1535 5507 1878 5566 'recudernnt
1924 5510 2258 5566 Collectores

642 5582 1204 5651 scriptorum_rernm
1236 5580 1634 5651 l'ranciearnm,
1667 5596 1731 5636 ex
1766 5580 2045 5644 Martenio,
2094 5589 2133 5634 t.
2160 5581 2246 5647 IV,

643 5647 790 5779 Sage
823 5648 958 5702 670.
979 5647 1315 5729 .Theodorici
1345 5649 1408 5703 Ill
1440 5650 1675 5736 diploma
1713 5651 1799 5706 hic
1821 5652 2104 5733 laudatum
2132 5652 2250 5705 edi-

686 5738 835 5779 nnus
920 5719 1097 5779 alibi,
1163 5721 1262 5774 sub
1327 5736 1470 5776 anno
1541 5720 1689 5779 (ηις
1764 5722 1867 5776 alia
1939 5738 2067 5778 vero
2131 5737 2250 5779 (tua:

686 5719 835 5779 imus
920 5719 1097 5783 alibi,
1163 5721 1262 5774 sub
1327 5719 1689 5785 ann07674;
1764 5722 1867 5776 alia
1939 5738 2067 5778 vero
2131 5737 2251 5790 qua:

645 5795 721 5850 ibi
770 5797 1158 5848 memorantur
1206 5791 1366 5846 hodie
1405 5792 1591 5848 latent.
1644 5792 2005 5856 Mabillonins,
2059 5795 2247 5846 Annal.

644 5871 688 5918 t.
741 5862 790 5929 ι,
844 5874 973 5932 pag.
1009 5857 1132 5924 544,
1179 5861 1251 5915 ait
1281 5877 1341 5917 se
1372 5863 1582 5930 legisse,
1634 5863 1685 5917 in
1729 5880 1896 5933 parvo
1926 5864 2252 5918 chartulario

647 5933 994 6000 Anisolensi,
1050 5940 1380 6003 praeceptum
1429 5933 1717 6006 Dagoberti
1754 5949 1784 5988 a
1827 5933 2137 5992 Chlodoveo
2188 5933 2254 5990 ιιι

2287 4677 2336 4736 ι)

2367 3403 2577 3457 Domini
2623 3402 3048 3456 miscricordiam
3081 3416 3328 3456 exorare.
3380 3399 3462 3466 Et,
3515 3411 3573 3452 nt
3616 3399 3732 3453 haec
3769 3397 3961 3468 petitio

2363 3501 2548 3546 nostra
2601 3493 2894 3547 ﬁrmiorem
2947 3491 3190 3546 obtineat
3232 3492 3495 3560 vigorem,
3531 3505 3722 3544 manus
3762 3499 3959 3542 nostra:

2363 3584 2653 3650 signarulis
2682 3585 2872 3639 subter
2902 3584 3240 3640 decrevimus
3271 3584 3580 3639 adﬁrmare.
3614 3583 3963 3639 Chlodoveus

2361 3690 2478 3729 rex.
2524 3676 2562 3745 -;'
2606 3675 2738 3729 Data
2786 3674 2908 3731 Kal.
2958 3674 3238 3745 Septemb.
3293 3692 3438 3732 anno
3483 3691 3521 3731 tt
3563 3675 3717 3746 regni
3764 3674 3958 3744 nostri,
4016 3676 4020 3680 ”

2361 3766 2718 3836 Compendio.

3120 3856 3209 3911 VI.

2362 3947 2604 4020 Diploma
2635 3946 2910 4002 Chlodovei
2943 3945 3242 4020 III,_regis
3275 3947 3618 4020 ξιοηιιεοιίιιιι,
3653 3965 3751 4020 quo
3780 3947 3956 4001 rillam

2434 4017 2699 4083 Noritmu,
2725 4019 3036 4071 monasterio
3061 4016 3244 4071 sum.“
3268 4016 3508 4088 Dionysii
3530 4018 3594 4070 ab
3616 4016 3956 4088 Angantrude

2431 4104 2743 4152 concessum,
2769 4089 2821 4140 in
2853 4089 3044 4155 placito
3075 4090 3260 4142 asserit
3285 4102 3304 4128 ο
3334 4092 3486 4156 (αιιιι.
3517 4089 3666 4159 (392).

2431 4198 2778 4263 Chlodovius,
2811 4215 2904 4255 rex
2933 4199 3289 4265 Francorum,
3319 4202 3400 4256 vir
3423 4203 3672 4258 inluster.
3693 4201 3828 4258 Cum
3853 4218 3954 4258 nus

2359 4293 2411 4346 in
2445 4293 2538 4346 Dei
2572 4308 2802 4347 nomenc
2832 4292 3086 4358 Lusarca,
3120 4295 3174 4348 in
3205 4295 3414 4363 palacio
3450 4304 3659 4360 nostro,
3691 4311 3798 4351 una
3830 4311 3954 4351 cum

2358 4383 2686 4453 apostolccis
2738 4385 2876 4439 .viris
2926 4384 2979 4438 in
3023 4382 3146 4454 Xpo
3197 4387 3454 4456 patrebus
3505 4389 3728 4458 nostris,
3771 4390 3955 4460 Sygo-

2357 4476 2516 4540 l'rido,
2566 4475 3220 4540 Constantino,Gi-ibone
3261 4485 3317 4531 et
3374 4477 3682 4545 Ursiuiano,
3737 4480 3951 4550 episco-

2358 4569 2438 4638 pis
2461 4564 2486 4604 ά
2512 4587 2526 4633 ;
2555 4581 2763 4622 necnon
2787 4575 2842 4621 et
2867 4566 3183 4622 inlustribus
3205 4567 3355 4633 viris,
3381 4567 3723 4640 Ragnoaldo,
3748 4569 3953 4626 Norde-

2360 4729 2901 4795 couﬁrmatum;sed
2950 4727 3000 4782 id
3047 4728 3284 4784 nondum
3333 4727 3530 4797 publici
3572 4729 3710 4796 juris
3748 4729 3948 4786 factum

2358 4801 2475 4856 fuit.
2511 4803 2521 4871 |
2541 4805 2648 4855 ltoc
2675 4816 2897 4869 parvum
2928 4799 3319 4871 cbartularium
3345 4801 3399 4854 in
3435 4799 3831 4856 Cenomanensi
3858 4817 3950 4856 ar-

2361 4868 2520 4928 cbivo
2549 4868 2742 4926 frustra
2777 4871 3060 4940 quaesitum
3091 4868 3218 4940 est.]

2433 4955 2453 4981 ε
2484 4941 2646 5011 Typis
2675 4941 2950 4995 mandavit
2997 4939 3339 4996 MabillOnius
3386 4941 3526 4996 inter
3566 4940 3698 4995 Acta
3731 4942 3830 4998 SS.
3862 4959 3953 4999 or-

2358 5013 2496 5066 dinis
2523 5013 2577 5065 S.
2607 5011 2905 5077 Benedicti,
2929 5011 3126 5066 saeculo
3149 5027 3228 5078 tu,
3248 5021 3384 5081 part.
3418 5028 3472 5074 ιι,
3499 5019 3536 5065 t.
3560 5011 3650 5073 lV,
3673 5027 3796 5081 pag.
3821 5013 3946 5082 558,

2357 5099 2423 5138 ex
2453 5082 2810 5152 autographo,
2842 5089 2896 5134 et
2920 5083 3110 5136 iterum
3139 5082 3274 5136 libro
3297 5099 3345 5136 γι
3372 5082 3447 5137 De
3472 5097 3532 5136 re
3576 5083 3944 5152 diplomatica,

2361 5169 2483 5224 pag.
2521 5152 2644 5217 474,
2691 5169 2758 5206 ex
2807 5153 2996 5224 eodem
3029 5154 3360 5224 atttagrapho
3393 5153 3561 5224 [nunc
3608 5155 3660 5207 in
3714 5156 3950 5224 Archivo

2361 5221 2533 5293 regni,
2564 5241 2616 5290 It,
2648 5225 2810 5279 scrin.
2843 5221 2918 5294 5],
2938 5223 3277 5294 peettratitts,
3306 5233 3364 5294 ut
3389 5221 3501 5294 ipse
3529 5223 3710 5294 docet.
3741 5223 3816 5278 Ex
3848 5225 3950 5281 hoc

2362 5291 2477 5363 ipso
2520 5291 2895 5363 autographo,
2932 5291 3261 5358 Felibiauus,
3304 5291 3439 5348 Hist.
3489 5293 3629 5348 Abb.
3678 5295 3734 5348 S.
3789 5295 3944 5351 Dion.

2361 5367 2513 5436 prob.
2549 5383 2602 5435 p.
2637 5367 2724 5430 1'5,
2758 5364 2940 5436 edidit.
2969 5363 3310 5436 ltecuderunt
3335 5379 3399 5436 ex
3425 5363 3758 5436 Mabillonio,
3781 5363 3947 5436 Coin-

2361 5433 2486 5498 tius,
2522 5433 2794 5506 A’nnaltt.
2831 5434 2899 5506 V,
2927 5447 3050 5504 pag.
3094 5433 3218 5500 274,
3261 5442 3316 5488 et
3355 5434 3949 5506 Collectoresscripto-

2360 5524 2480 5562 rum
2509 5523 2688 5562 rerum
2714 5505 3112 5568 Francicarum,
3139 5513 3179 5559 t.
3210 5506 3294 5576 ιν,
3320 5520 3442 5575 pag.
3479 5505 3601 5558 671.
3629 5504 3745 5576 [Vir
3771 5504 3950 5562 clarus

2359 5577 2427 5632 de
2473 5580 2772 5648 lirequigny
2825 5578 3086 5632 monitum
3137 5575 3308 5648 voluit
3349 5575 3602 5631 lectorem
3633 5575 3704 5631 ’se
3744 5576 3797 5630 in
3847 5576 3948 5632 boc

2358 5651 2560 5718 placito
2581 5646 2887 5703 recudendo
2908 5647 3227 5716 autographi
3252 5646 3514 5702 lectiones
3529 5654 3774 5700 secutum
3804 5661 3946 5718 esse.

2360 5719 2624 5773 Nonnulla
2669 5728 2849 5774 tamen
2879 5733 2944 5772 ex
2985 5733 3124 5772 nova
3166 5719 3485 5774 recensione
3520 5717 3854 5774 restituenda
3876 5717 3943 5772 Α.

2361 5789 2551 5845 Teulct
2579 5787 2858 5858 rcstitnit.]

2433 5860 2454 5896 il
2485 5860 2726 5914 Notanda
2759 5860 2976 5931 nomina
3007 5861 3382 5930 episcoporum
3417 5859 3724 5916 nominibus
3747 5875 3944 5931 proce-

2360 5948 2478 5989 rum
2520 5933 2823 6004 praeposita.
2855 5930 2933 5986 Ex
2959 5931 3227 6005 episcopis
3252 5941 3432 5990 autem
3474 5931 3564 5990 hic
3590 5930 3942 5998 enumeratis,
