5174 6552
1765 456 1898 511 I087

2531 456 2797 514 SxECIJL.
2850 459 2931 510 \iII
2979 455 3059 509 L'I
3111 455 3219 509 VIII
3263 450 3789 511 ECCLESIAS'IILA
3836 458 4281 515 MUNUMENIA.

4909 463 5043 519 1088

1759 570 2007 637 berctho,
2041 569 2380 624 Ermenfrido
2404 570 2714 638 optimatis;
2750 568 3059 629 Madelntto.
3095 567 3341 623 Ereonal-
3368 570 3420 626 Α
3519 568 3707 623 Datum
3762 574 3863 627 sub
3913 581 3997 627 die
4040 571 4157 628 tiat.
4208 574 4528 632 Novembris
4554 618 4570 643 ,
4610 590 4753 633 anno
4801 578 5044 635 secundo

1760 665 1851 729 do,
1879 665 2275 735 gravionebus;
2304 678 2517 719 necnon
2543 672 2598 718 et
2623 662 2917 717 Benedicto
2940 673 2995 716 et
3017 662 3348 724 Cbardoino,

1759 757 2101 818 seuiscalcis;
2138 769 2233 809 seu
2265 764 2318 809 et
2364 754 2636 821 Marsone,
2684 753 2885 808 comite
2935 754 3097 823 palati
3143 763 3351 815 nostro,

1762 849 1827 902 ad
1861 851 2237 903 universorum
2262 863 2455 902 causas
2484 847 2830 912 audiendum,
2867 847 2950 901 vel
2986 847 3124 901 ricto
3146 846 3350 914 judicio

1765 942 2168 998 termenandtun
2219 942 2605 1004 reseilerirnus;
2656 941 2838 1010 ibique
2869 940 3088 995 veniens
3127 953 3354 993 venera-

1763 1033 1897 1087 belis
1919 1034 2000 1087 vir
2028 1033 2259 1100 Chaino,
2291 1034 2426 1087 abba
2454 1032 2521 1086 de
2559 1032 2780 1087 basilica
2812 1031 3102 1103 peculiaris
3138 1030 3352 1101 patroni

1765 1127 1934 1178 nostri
1964 1124 2150 1178 domui
2202 1124 2446 1187 Dionisii,
2480 1124 2572 1180 ubi
2604 1125 2718 1194 ipse
2745 1125 3023 1194 preciosus
3046 1126 3097 1177 in
3124 1139 3353 1192 corpurc

1768 1217 2085 1285 requiescit,
2127 1217 2383 1271 adversus
2433 1217 2671 1273 inlustris
2721 1218 2830 1273 Deo
2878 1228 3091 1280 saerata
3139 1218 3352 1285 Angan-

1765 1308 1941 1368 trude,
1991 1309 2096 1362 lilia
2137 1308 2373 1373 Ebrull'o,
2427 1310 2612 1363 relicta
2657 1308 3015 1376 lngobcrctho
3057 1308 3350 1376 quondam,

1763 1405 2090 1471 suggeribat,
2142 1405 2265 1456 dum
2319 1403 2497 1457 dicirit
2546 1418 2610 1455 eo
2658 1403 2800 1472 quod
2851 1403 2975 1456 villa
3023 1402 3353 1471 nuncopanti

1700 1482 1711 1501 “
1765 1495 1975 1559 Nocito,
2010 1498 2166 1549 sitam
2196 1497 2246 1550 in
2281 1514 2416 1564 pago
2467 1496 2867 1559 (Larniliacinse,
2901 1510 3021 1548 cum
3055 1496 3200 1548 omni
3240 1508 3355 1549 me-

1762 1596 1864 1639 rito
1895 1590 1977 1640 vel
2008 1589 2347 1653 ailjei-cncias
2388 1604 2513 1641 suas
2562 1589 2629 1643 ad
2659 1604 2717 1642 se
2745 1589 3075 1657 pertenentis
3099 1588 3178 1641 vel
3210 1588 3354 1657 aspi-

1764 1682 1977 1744 cientis,
2032 1682 2287 1750 quicquid
2340 1681 2454 1749 ipse
2504 1680 2887 1751 lngobercthus
2930 1683 3013 1736 vel
3059 1691 3357 1736 memorata

1767 1773 2135 1841 Angantrudis
2166 1782 2274 1827 tam
2305 1774 2373 1827 de
2403 1775 2548 1829 alote
2575 1785 2856 1843 parentum
2878 1791 3034 1844 quam
3070 1775 3137 1829 de
3158 1790 3356 1844 conpa-

3454 667 3590 736 rigni
3638 669 3847 737 nostri,
3910 670 4139 727 Lusarca
4172 712 4186 738 ,
4246 673 4300 728 in
4357 671 4452 728 Dei
4501 685 4735 730 nomene
4787 672 5040 730 feliciter.

4192 828 4302 887 VII.

3444 950 3809 1020 Fragmentum
3840 951 4131 1017 diplonmtis
4178 948 4452 1002 Cir/orlovei
4501 946 4628 1012 III,
4678 949 4810 1017 regis
4828 947 5040 1020 _Frou-

3511 1017 3707 1088 eorum,
3736 1040 3831 1085 quo
3864 1020 4127 1089 privilegia
4172 1036 4408 1073 concessa
4457 1021 4768 1073 monasteria
4812 1017 5035 1072 θωπι-

3516 1092 3644 1230 leizsi
3694 1093 4027 1232 Λιόυὲἷεάὶο,
4086 1091 4378 1145 Vasionensi
4425 1093 4708 1159 episcopo.
4759 1090 5038 1158 conﬁrmat

3522 1172 3528 1186 '
3599 1179 3720 1215 tUIII.
3891 1205 3902 1216 .

3525 1321 3865 1389 Clilodoicus,
3900 1338 3993 1381 rex
4026 1325 4379 1396 Francorum.
4410 1332 4454 1387 si
4486 1333 4623 1389 facta
4669 1334 5046 1400 sacerdotum,

3455 1428 3572 1481 qua:
3616 1431 3714 1484 pro
3756 1427 3937 1485 qmete
3988 1433 4265 1475 servorum
4316 1423 4407 1478 Dei
4455 1425 4521 1479 ad
4567 1424 4684 1480 loca
4730 1437 5048 1481 sanctorum

3458 1510 3843 1577 priestiterunt,
3873 1528 3967 1581 per
3998 1514 4193 1568 nostris
4232 1517 4464 1571 oraculis
4491 1517 4896 1581 confirmamus,
4946 1534 5047 1573 no-

3457 1612 3566 1654 stra
3619 1604 3839 1671 perenni
3895 1606 4189 1661 stabilitate
4236 1624 4356 1663 esse
4406 1610 4759 1672 conﬁdimus;
4815 1612 5051 1678 ideoque

3460 1694 3788 1759 apostolicus
3818 1695 3898 1747 vir
3928 1695 4159 1749 domnus
4188 1698 4432 1759 Aredius.
4472 1699 4720 1755 \‘asensis
4748 1701 4901 1755 urbis
4937 1699 5053 1770 epi-

3458 1797 3677 1851 scopus,
3734 1788 3891 1837 missa
3950 1787 4227 1852 petitione,
4283 1790 4577 1845 clementia:
4635 1792 4799 1859 regia-
4847 1803 5054 1846 nostra:

1762 1876 1883 1918 rato
1914 1868 1997 1918 vel
2032 1866 2097 1919 de
2130 1866 2368 1933 qualibet
2394 1868 2696 1921 adtractum
2730 1868 2922 1922 ibidem
2956 1876 3240 1922 tenuerunt
3266 1868 3350 1922 vel
3381 1913 3429 1975 Β
3459 1870 3703 1926 innotuit
3742 1895 3807 1929 eo
3836 1875 3978 1943 quod
4031 1881 4416 1935 monasterium
4463 1881 4516 1934 in
4565 1882 4683 1935 loco
4733 1891 5054 1950 nuncupata

1764 1958 2125 2026 possitlerunt,
2159 1973 2254 2027 per
2278 1974 2433 2013 suum
2467 1964 2824 2013 strumentnm
2855 1962 3021 2029 ipsius
3052 1962 3258 2015 abbatis
3298 1960 3349 2015 iu

1762 2051 2124 2115 integritatem
2166 2052 2419 2104 ltrtnassit
2442 2069 2453 2113 ;
2480 2051 2621 2105 unde
2646 2063 2699 2106 et
2728 2055 2841 2120 ipso
2864 2063 3221 2107 strumentum
3254 2070 3350 2109 seu

1760 2150 1814 2193 et
1844 2141 2166 2209 precarium,
2214 2156 2306 2209 per
2342 2140 2487 2209 quod
2531 2143 2643 2209 ipsa
2677 2142 3040 2210 Angantrudis
3076 2144 3351 2212 pertinen-

1761 2234 1901 2284 eium
1952 2233 2118 2299 ipsius
2168 2232 2375 2284 abbatis
2422 2232 2523 2285 hoc
2571 2233 2899 2301 possedibat,
2946 2234 2996 2287 in
3043 2242 3348 2302 presentem

1760 2322 2063 2375 osteniledit
2092 2321 2392 2388 religenilas
2422 2337 2514 2377 eas
2546 2324 2787 2379 relictas:
2830 2324 2944 2386 sed.
2977 2325 3107 2380 dum
3140 2340 3347 2380 memo-

1761 2424 1875 2466 rata
1915 2414 2275 2479 Augantrndis
2319 2414 2384 2465 ad
2433 2429 2651 2483 presens
2702 2415 2906 2478 aderat,
2953 2415 3345 2484 interrogatum

1760 2507 1808 2558 ei
1842 2506 1956 2566 I'uit,
1981 2521 2040 2559 se
2072 2509 2183 2573 ipsa
2219 2506 2336 2557 villa
2365 2504 2557 2560 Nocito
2601 2515 2903 2559 memorato
2935 2505 3216 2560 (Ibainoue
3254 2508 3349 2559 ab-

1759 2596 1868 2650 bati
1897 2598 1977 2650 vel
2006 2596 2073 2649 ad
2102 2606 2282 2664 partes
2313 2597 2530 2651 basilice
2560 2597 2639 2651 sui
2673 2596 2855 2651 Sancti
2890 2598 3109 2652 Dionisii
3143 2599 3348 2653 tirmas-

1758 2692 1850 2753 sit,
1883 2697 1975 2741 aut
2010 2703 2069 2742 se
2117 2697 2271 2742 antur
2321 2688 2519 2742 exinde
2566 2689 2754 2744 adesse
2803 2691 3042 2745 vnlibat:
3094 2692 3188 2745 sed
3235 2692 3349 2760 ipsa

1763 2781 2119 2850 Angantrudis
2153 2781 2203 2834 in
2237 2782 2471 2848 presenti
2523 2781 2702 2835 taliter
2749 2784 2848 2835 t'uit
2898 2791 3160 2851 prolessa,
3204 2784 3348 2851 quod

1760 2881 2055 2928 memorata
2087 2874 2210 2927 villa
2243 2874 2454 2937 Nocito,
2503 2890 2607 2927 una
2647 2890 2767 2929 cum
2812 2890 2973 2929 (1111118
3017 2878 3211 2929 merito
3264 2877 3346 2931 vel

1758 2965 2094 3033 adjecencias
2141 2980 2266 3019 suas
2312 2964 2377 3017 ad
2422 2981 2481 3019 se
2531 2966 2839 3029 asrii-irntis
2870 2966 2953 3019 vel
2998 2968 3346 3033 pertinentis,

1757 3066 2253 3125 quantmucumque
2285 3058 2393 3124 ipsa
2435 3056 2527 3109 vel
2564 3056 2761 3124 iugalis
2790 3073 2917 3111 suos
2964 3055 3351 3125 Ingoberctbns

1757 3148 1824 3202 de
1853 3147 2095 3215 qualibet
2136 3147 2440 3201 adtractum
2484 3146 2680 3200 ibidem
2715 3155 3005 3201 tenuerunt
3048 3148 3130 3200 vel
3176 3148 3346 3216 possi-

1757 3241 1975 3306 derunt,
2016 3250 2316 3294 memorato
2345 3238 2607 3292 (Lbainoni
2642 3238 2821 3292 abbati
2872 3242 2957 3293 vel
3004 3239 3222 3294 basileci
3265 3240 3346 3295 sui

1757 3337 1928 3390 sancti
1984 3335 2205 3389 Dionisii
2258 3349 2352 3402 per
2391 3336 2506 3403 ipso
2549 3341 2907 3386 strumt-ntum
2959 3333 3245 3396 ﬁrmasset,
3297 3340 3352 3387 et

1759 3428 1874 3497 ipso
1904 3435 2263 3480 strumentutu
2285 3426 2368 3477 vel
2394 3426 2695 3493 precarium
2728 3425 2794 3477 ob
2829 3426 2930 3477 hoc
2963 3427 3074 3478 lieri
3100 3426 3348 3495 rogassit;

1761 3530 1815 3575 et
1847 3531 2003 3575 antur
2029 3530 2213 3575 contra
2246 3519 2541 3588 quemlibet
2578 3519 2771 3573 eximie
2806 3518 3010 3580 aderat,
3058 3527 3111 3572 et
3149 3518 3351 3572 inantia

1757 3611 1948 3665 adesse
2003 3611 2350 3680 disponibat:
2407 3609 2634 3678 proinde
2689 3626 2788 3664 nus
2842 3609 3020 3662 taliter
3067 3624 3172 3662 una
3228 3623 3352 3663 cum

1761 3703 1958 3755 nostris
2006 3702 2334 3770 proccrebus
2385 3700 2641 3752 constitet
2692 3709 2715 3734 ε·
2760 3699 3049 3753 dccrivisse
3098 3708 3174 3759 ut,
3222 3700 3349 3753 dum

1759 3793 1985 3848 iuluster
2016 3796 2085 3846 \'Il
2126 3793 2327 3854 Marso,
2353 3794 2522 3846 contis
2554 3792 2716 3859 palati
2750 3793 2939 3849 nostri.
2968 3792 3351 3845 testimuniavit

1759 3885 1902 3953 quod
1929 3886 2060 3938 haec
2092 3900 2251 3939 causa
2298 3884 2476 3937 taliter
2516 3895 2633 3936 acta
2680 3885 2855 3937 fuissit
2902 3885 3234 3949 detruso-itur,
3269 3886 3353 3948 io-

1759 3977 2003 4030 beunuus
2031 3984 2087 4030 ut
2110 3983 2440 4027 memoratus
2463 3974 2669 4027 Cbaino
2694 3974 2852 4037 abba,
2877 3974 2962 4027 vel
2986 3990 3109 4043 pars
3133 3973 3351 4031 basileci

1760 4068 1842 4119 sui
1875 4067 2046 4119 sancti
2079 4066 2327 4128 Dionisii,
2362 4065 2393 4127 ii
2417 4081 2472 4116 sa
2508 4066 2627 4118 villa
2656 4064 2843 4117 Nocito
2870 4082 2971 4119 una
2995 4082 3114 4119 cum
3138 4081 3350 4119 onmem

1762 4158 1956 4211 merito
1987 4156 2072 4209 vel
2114 4158 2421 4229 integritate
2448 4172 2567 4219 sua,
2598 4158 2839 4224 inSpcrta
2883 4158 2994 4225 ipsa
3031 4166 3349 4222 stramenta,

1760 4254 1898 4305 sicut
1927 4267 2023 4319 per
2053 4250 2196 4319 ipsas
2241 4250 2564 4315 declaratur,
2611 4251 2811 4317 absque
2844 4250 3201 4318 t‘epeticione,
3236 4264 3348 4302 me—

1762 4352 1969 4396 morata
2001 4342 2345 4411 Angantrude
2376 4343 2457 4395 vel
2505 4344 2615 4395 suis
2663 4343 2970 4403 beridebus,
3021 4358 3184 4397 omne
3216 4350 3351 4395 tem-

1762 4450 1895 4503 pure
1946 4434 2168 4486 babiant
2211 4435 2554 4501 evindegatas
2609 4453 2619 4486 :
2667 4443 2723 4489 et
2770 4450 2828 4488 se
2868 4434 3035 4503 ipsius
3072 4434 3353 4488 Cbaiuone

1764 4524 1943 4578 abbati
1994 4526 2076 4577 vel
2118 4528 2534 4579 successorebus
2574 4527 2685 4580 suis
2725 4540 2819 4579 seu
2869 4525 3077 4593 agentis
3134 4526 3353 4579 basilice

1763 4616 1967 4669 inautia
2001 4616 2155 4670 fuerit
2194 4617 2505 4677 necessitas,
2537 4626 2835 4672 memorata
2881 4618 3237 4684 Angantrudis
3267 4616 3351 4671 vel

1765 4704 1970 4759 heridis
2001 4708 2081 4761 sui
2114 4708 2166 4759 iu
2207 4708 2473 4763 auturicio
2515 4723 2637 4762 eum
2682 4708 2878 4761 exinde
2925 4716 3110 4761 contra
3158 4721 3352 4776 quent-

1770 4796 1904 4849 libet
1948 4796 2191 4850 studiaut
2228 4797 2530 4851 deleusare.
2571 4795 2907 4852 Chlodoinus
2949 4795 2975 4833 ιι
3021 4796 3352 4866 recognovit.

1762 4884 1957 4957 (Locus
1988 4887 2195 4956 sigilli.)

1764 5110 2062 5178 Sigol‘rilns
2096 5109 2377 5165 Parisiensi
2410 5110 2660 5165 Ecclesia:
2692 5120 2938 5181 prteerat.
2971 5110 3355 5181 Constantinus

1767 5182 2158 5245 ltellovacensi,
2188 5181 2336 5248 juxta
2364 5179 2754 5245 Mabilloninm,
2787 5185 2873 5235 11111
2907 5198 3089 5249 supra,
3118 5192 3171 5235 et
3193 5179 3356 5234 Coin-

1768 5251 1918 5304 tiutn.
1958 5250 2538 5320 11181111111111111(1111111811
2568 5252 2906 5306 Malnllomus
2939 5254 3354 5305 Atnbiancnseut

1766 5321 1947 5375 sedem
1992 5330 2117 5375 tunc
2149 5339 2459 5391 oct'tipasse.
2496 5324 2579 5376 cui
2612 5323 2969 5392 adstipulatur
2998 5323 3139 5375 Nova
3180 5321 3355 5374 Gallia

1767 5392 2080 5456 christiana,
2112 5403 2147 5444 t.
2198 5393 2261 5456 Χ,
2292 5395 2392 5444 col.
2431 5394 2580 5447 1156.
2616 5392 2785 5460 Ilujtts
2809 5411 2958 5457 vero,
2988 5395 3127 5447 sicut
3157 5401 3207 5447 et
3236 5392 3357 5445 Gri-

1767 5463 1945 5528 1101115,
1978 5478 2094 5531 qua-
2126 5464 2325 5519 l‘uerint
2352 5464 2509 5517 sedes
2535 5467 2748 5532 ignorat
2776 5466 3039 5519 Cointius.

1846 5615 1870 5641 α
1899 5606 2071 5679 {lianc
2097 5625 2287 5664 vocem
2323 5627 2388 5666 ex
2418 5613 2751 5679 autograpbo
2776 5610 3001 5679 addidi.]

1840 5724 1866 5762 ι·
1895 5728 1985 5784 Sic
2012 5732 2404 5797 posterii‘iribns
2433 5734 2571 5783 curis
2607 5733 2959 5787 \l.ilii||onius.
2988 5732 3077 5801 qui
3105 5733 3355 5796 primum,

1808 5812 1871 5851 ro
1903 5803 2116 5854 nomine
2149 5801 2492 5855 referendarii
2518 5804 2821 5863 Clllmlnitti.
2862 5821 3051 5857 nonn-n
3080 5804 3356 5856 C.-’.»lodorei

1794 5880 2000 5940 egerat,
2024 5872 2305 5937 mendose,
2340 5878 2400 5925 ut
2430 5867 2651 5940 fatetur,
2682 5874 2746 5928 de
2780 5875 2849 5928 Ite
2888 5876 3016 5944 dipl.
3052 5876 3139 5929 ubi
3170 5891 3351 5944 supra.

2828 6519 3425 6536 -ΔρρροΔ--ρ

3459 1964 3725 2028 (irasello,
3759 1966 3811 2019 in
3844 1967 4049 2021 bonorc
4078 1973 4247 2023 sancti
4274 1970 4505 2024 Victoris
4526 1970 4777 2040 martyris
4798 1981 4855 2025 et
4881 1971 5055 2027 sancti

3459 2053 3619 2116 l’ctri,
3657 2056 3708 2109 in
3752 2072 3848 2109 sua
3878 2058 4210 2126 proprietate
4257 2075 4356 2127 pro
4397 2075 4583 2116 amore
4624 2060 4826 2115 Christi
4877 2062 5056 2115 (811111-

3456 2155 3652 2209 casset,
3681 2155 3735 2200 et
3765 2158 3973 2213 partem
4000 2150 4288 2202 maximam
4324 2150 4391 2203 (18
4415 2150 4756 2205 facultatibus
4794 2151 4909 2205 suis
4949 2152 5053 2220 ipsi

3455 2236 3577 2291 loco
3627 2252 3723 2306 per
3751 2252 3846 2293 sua
3889 2238 4243 2293 instrumenta
4274 2239 4604 2310 delegasset;
4652 2241 4819 2295 etiam
4848 2250 4907 2297 et
4939 2243 5055 2311 pri-

3455 2328 3729 2395 vilegium,
3762 2346 3885 2385 cum
3916 2332 4158 2401 pluribus
4200 2331 4542 2400 Pontiﬁcum,
4594 2334 4721 2389 inibi
4779 2335 5058 2391 lirmasset

3452 2421 3533 2473 vel
3566 2423 3949 2487 concessisset,
3980 2433 4036 2479 ut
4065 2424 4323 2493 quidquid
4352 2426 4423 2481 ibi
4454 2428 4521 2480 ab
4546 2428 4661 2496 ipso
4688 2431 4892 2483 domno
4920 2428 5058 2484 Are-

3453 2513 3563 2577 ilio,
3611 2515 3693 2565 vel
3724 2528 3819 2581 pro
3852 2514 3962 2570 Deo
3993 2532 4022 2571 a
4053 2532 4399 2586 quocumque
4431 2519 4668 2581 nomine,
4713 2536 4812 2574 seu
4843 2522 4913 2575 de
4943 2522 5059 2576 col-

3452 2603 3587 2657 lecta
3618 2605 3823 2673 populi.
3856 2606 3941 2660 vel
3971 2606 4040 2661 de
4072 2607 4319 2674 quolibet
4346 2616 4496 2663 recto
4527 2618 4760 2663 attractu
4790 2610 4897 2663 erit
4942 2610 5057 2665 col-

3452 2697 3674 2761 lectum,
3728 2696 3931 2766 absque
3982 2697 4091 2751 ullo
4146 2699 4539 2767 impedimento
4586 2699 4927 2769 pontificum,
4969 2700 5058 2756 vel

3451 2786 3953 2841 arcliidiaconorum
3987 2799 4083 2843 aut
4104 2790 4427 2845 clericorum
4459 2789 4731 2855 Yaseusis,
4761 2794 4850 2849 vel
4876 2794 5056 2862 cujuso

3452 2876 3584 2930 libet
3603 2877 3740 2930 alius
3766 2878 4034 2942 ecclesiae,
4065 2883 4372 2948 perenniter
4403 2884 4751 2950 congregatio
4781 2883 4852 2937 ibi
4878 2885 5057 2939 consi-

3452 2975 3708 3025 stentium
3762 2975 3943 3039 quiete
3986 2972 4211 3029 deberet
4260 2974 4557 3044 possidere,
4611 2987 4667 3029 et
4716 2976 4817 3030 sub
4867 2978 5054 3046 regula

3453 3072 3659 3124 sancta.
3686 3078 3782 3132 per
3812 3064 4055 3118 instituta
4092 3063 4311 3120 Patrum
4348 3065 4546 3121 ibidem
4574 3066 4801 3122 deberet
4825 3069 4938 3135 regi
4970 3068 5054 3123 vel

3453 3155 3760 3208 conservari
3790 3174 3804 3214 ;
3837 3163 3911 3219 et,
3943 3155 3986 3208 si
4019 3155 4188 3210 abbas
4217 3156 4286 3210 de
4312 3155 4430 3225 ipso
4478 3166 4670 3212 saneto
4701 3159 4823 3212 loco
4854 3160 5054 3227 migra-

3453 3245 3591 3297 verit
3622 3244 3687 3297 ab
3717 3244 3820 3298 hoc
3848 3244 4059 3309 seculo,
4090 3261 4199 3300 non
4230 3246 4474 3313 aliunde,
4504 3246 4618 3312 sed,
4651 3248 4794 3303 sicut
4813 3248 4973 3305 decet
4999 3257 5054 3304 et

3455 3335 3687 3401 dignitas
3717 3344 3769 3388 et
3798 3335 3930 3389 ordo
3976 3336 4173 3405 poscit.
4222 3336 4290 3391 de
4342 3336 4456 3406 ipsa
4485 3338 4909 3407 congregatione
4935 3354 5054 3407 qua:

3455 3425 3507 3478 in
3559 3441 3626 3479 eo
3671 3426 3899 3479 habetur
3955 3428 4307 3487 monasterio.
4365 3426 4661 3495 eligeretur
4699 3429 4838 3483 alius
4867 3428 5048 3493 abbas,

3455 3518 3657 3585 absque
3690 3518 3798 3571 ullo
3831 3521 4079 3588 pra'mio,
4113 3519 4316 3587 absque
4344 3518 4478 3583 rixa,
4508 3535 4537 3571 a
4570 3529 4680 3575 tota
4708 3520 4900 3576 eadem
4923 3536 5051 3577 con-

3456 3610 3788 3677 gregatione,
3819 3610 3905 3663 vel
3936 3626 3966 3662 a
3996 3609 4209 3663 meliori
4238 3618 4293 3664 et
4322 3610 4580 3666 sanctiori
4629 3619 4785 3681 parte
4811 3610 4959 3681 ejus;
4999 3621 5052 3666 et

3455 3716 3576 3754 cum
3609 3699 3836 3753 consilio
3868 3699 4122 3755 Vascnsis
4154 3701 4301 3754 urbis
4345 3701 4609 3771 episcopi,
4660 3711 4715 3756 et
4752 3702 5047 3766 voluntate,

3455 3802 3509 3846 et
3557 3792 3950 3853 benedictione.
3996 3793 4273 3863 suscipere
4326 3794 4547 3849 deberet
4592 3795 4951 3863 dignitatem;
4996 3805 5051 3851 et

3457 3881 3599 3948 quod
3630 3880 3869 3949 ejusdem
3901 3881 4136 3936 civitatis
4166 3882 4477 3951 episcOpus,
4504 3883 4550 3936 si
4594 3883 4891 3951 aliquando
4918 3898 5050 3954 opus

3455 3982 3619 4038 esset,
3665 3982 3888 4042 propter
3919 3972 4181 4028 desidiam
4234 3974 4728 4043 negligentiamque
4766 3974 4835 4028 ab
4864 3974 5047 4029 eadem

3456 4066 3874 4132 congregatione
3904 4063 4332 4133 propellendam,
4366 4064 4630 4132 adjunctis
4659 4063 4763 4119 sibi
4799 4066 5048 4120 sacerdo-

3462 4156 3603 4210 tibus
3634 4155 4026 4225 abbatibusque
4050 4154 4434 4224 spiritualibus,
4467 4154 4637 4225 ipsum
4666 4156 5046 4210 monasterium

3461 4247 3681 4301 deberet
3712 4247 3882 4309 adire,
3935 4257 3989 4300 et
4035 4255 4263 4314 paterno
4293 4244 4486 4300 affectu
4516 4244 4709 4300 fratres
4739 4248 4831 4315 qui
4865 4247 4932 4300 ibi
4962 4262 5045 4301 es-

3460 4348 3577 4393 sent
3603 4339 3669 4391 ad
3700 4347 4019 4392 consuetum
4053 4339 4248 4407 regula:
4282 4340 4548 4393 tramitem
4590 4339 4934 4396 admonendo
4962 4355 5045 4396 re-

3462 4446 3679 4496 vocare,
3732 4441 3783 4484 et
3830 4432 3973 4499 quod
4005 4432 4144 4485 idem
4194 4432 4480 4502 episcopus
4508 4433 4626 4487 sine
4660 4435 5041 4502 prtemio.......

3466 4522 3701 4589 nihilque
3733 4523 3846 4591 ipse
3874 4521 4112 4591 pontifex
4147 4538 4320 4590 neque
4367 4522 4586 4588 majoris
4632 4526 4918 4593 potestatis
4948 4525 5043 4578 ali-

3462 4617 3602 4683 quis,
3636 4614 3799 4684 ipsius
3828 4614 4060 4669 eivitatis
4088 4615 4172 4668 vel
4200 4614 4335 4667 alius
4376 4614 4498 4680 loci,
4530 4613 4918 4683 cujuscumque
4957 4631 5044 4668 or-

3458 4707 3593 4761 dinis
3625 4720 3872 4776 persona.
3904 4715 4092 4760 contra
4126 4716 4366 4758 tenorem
4396 4704 4601 4759 decreti
4632 4705 4803 4772 ipsius
4830 4706 5044 4760 deberet

3456 4801 3661 4862 venire,
3721 4806 3813 4851 aut
3867 4799 4154 4866 quicquam
4211 4805 4540 4867 attemptare
4606 4796 4693 4851 vel
4748 4797 5038 4866 contigere.

3462 4890 3657 4944 Audita
3687 4888 3869 4956 itaque
3897 4889 4016 4957 ejus
4043 4889 4305 4957 petitione
4335 4902 4603 4958 preceque
4641 4898 5005 4961 suscepta.....

3457 5092 3763 5147 Felibianus
3802 5103 3952 5154 vero,
3986 5103 4085 5158 pro
4132 5086 4353 5142 vocibus
4380 5086 4699 5142 Chlodoinus
4730 5089 5035 5158 recognovit,

3458 5164 3667 5231 legebat.
3688 5162 3996 5214 (Ihlodovius
4019 5175 4111 5212 rea:
4142 5158 4441 5231 subscripsi.

3532 5244 3553 5272 ε
3591 5233 3964 5297 1⁴’11111111811111111
4015 5231 4117 5281 hoc
4165 5226 4395 5295 subjecit
4443 5226 4807 5293 Mabillonius,
4849 5228 5032 5281 Annal.

3461 5315 3498 5358 t.
3531 5304 3567 5363 1,
3602 5297 3724 5373 pag.
3752 5304 3869 5362 700,
3903 5302 4100 5373 charta:
4127 5298 4303 5373 Medii
4335 5314 4431 5367 pro
4451 5302 4790 5373 monasterio
4823 5297 5034 5373 _Grasel-

3460 5368 3616 5438 Iensi,
3646 5368 3806 5441 quam
3854 5370 4197 5425 Chlodoveus
4228 5368 4290 5422 111
4339 5369 4677 5441 continuavit
4724 5369 5032 5441 diplomate,

3461 5447 3611 5511 cujus
3660 5437 3866 5513 partem
3913 5440 4437 5513 qu:c__superest_bic
4473 5437 4809 5513 exhibemus.
4865 5437 5031 5513 ﬁecu-

3461 5509 3674 5569 ileriiiit'
3707 5509 3975 5583 ltoycrns,
4025 5509 4157 5563 Hist.
4211 5510 4464 5583 \‘asiou._
4484 5509 4638 5583 prob.
4691 5523 4815 5578 pag.
4865 5509 5033 5583 3,_gt

3461 5577 3795 5639 Colleetores'
3836 5584 4159 5651 scriptorum
4184 5595 4379 5651 rerum
4425 5577 4831 5651 Francicarutn,
4861 5588 4898 5633 t.
4950 5577 5032 5643 IV,

3462 5672 3580 5725 pag.
3639 5654 3762 5707 675.
3813 5648 4152 5725 (lblodmeus
4184 5648 4250 5725 Ill
4301 5664 4523 5725 regnum
4572 5650 4846 5725 inchoavit
4896 5663 5034 5703 anno

3460 5720 3557 5781 (31ιῖ
3588 5726 3691 5779 690
3724 5733 3817 5779 aut
3848 5722 3985 5787 691;
4018 5720 4161 5775 unde
4205 5722 4307 5775 hoc
4331 5720 4586 5790 diploma,
4622 5721 4763 5775 notis
4803 5722 5031 5775 chrono-

3464 5798 3646 5863 logicis
3688 5796 4026 5861 destitutum,
4066 5792 4211 5849 circa
4261 5789 4458 5847 annum
4495 5789 4600 5846 692
4645 5791 4917 5848 collocare
4961 5790 5034 5846 fas

3462 5869 3580 5924 fuit.
