5174 6536
648 398 785 458 1093

1413 388 1658 451 REGUM
1698 388 1933 447 PRle’E
1975 386 2241 447 STlllPlS
2280 383 2710 442 FRANCORUM
2755 383 3176 442 DlPLOMATA.

3797 382 3942 445 1094

640 516 787 581 dum,
835 512 983 583 quod
1013 513 1067 569 in
1097 518 1363 583 perpetuo
1387 507 1639 563 volumus
1666 520 1787 563 esse
1815 516 2150 566 mansurum,
2181 507 2239 556 ut
2268 505 2319 565 Α
2346 498 2515 554 nostri
2544 499 2809 568 suggessit
2829 513 2894 553 eo
2915 499 3060 569 quod
3085 499 3295 573 agentis
3316 498 3530 557 inlustri
3552 498 3668 556 viro
3691 499 3940 573 Drogone

640 621 816 676 neque
849 619 969 673 vos,
992 618 1173 673 neque
1194 601 1442 671 iunioris,
1469 615 1563 655 seo
1586 596 2025 667 successorisque
2044 594 2236 665 vestri,

640 717 740 757 nec
770 701 950 756 nullus
985 699 1241 770 quislibet
1286 712 1353 754 ex
1385 696 1674 767 judiciaria
1717 703 1992 767 potestate
2020 708 2240 766 quoque

639 800 888 861 tempore
913 790 1214 856 accinctus,
1260 789 1315 843 in
1357 788 1524 845 curtis
1552 788 1638 844 vel
1667 788 1818 843 villas
1846 787 2013 858 ipsius
2048 802 2238 843 mona-

637 884 845 949 stiriae,
880 890 991 938 tam
1040 882 1108 937 de
1152 880 1297 951 quod
1351 880 1548 935 ibidem
1594 881 1833 951 presenti
1871 888 2116 951 tempore
2158 887 2240 935 est

638 975 931 1039 firmatum,
964 990 1129 1045 quam
1170 973 1315 1043 quod
1344 973 1565 1027 inantca
1611 982 1718 1027 tam
1761 972 1826 1028 de
1855 974 1974 1041 ipso
2014 972 2097 1027 vir
2126 970 2240 1026 Ma-

634 1068 875 1138 gnoaldo
918 1067 1138 1133 abbate,
1186 1081 1346 1135 quam
1391 1074 1446 1120 et
1485 1065 1552 1121 de
1597 1066 1818 1135 reliquis
1859 1065 1969 1119 Deo
2000 1065 2238 1120 timentis

635 1161 982 1224 bomenibus,
1022 1161 1075 1214 in
1118 1159 1449 1229 quibuslibet
1487 1159 1638 1213 ribus
1666 1159 1843 1227 adque
1889 1158 2233 1228 corporibus,

635 1254 699 1308 ad
748 1267 945 1309 causas
997 1251 1344 1316 audiendum,
1396 1250 1483 1305 vel
1529 1250 1706 1304 fridda
1754 1249 2100 1319 exigendum,
2144 1265 2239 1304 seo

635 1349 932 1405 mansionis
955 1356 1047 1402 aut
1067 1357 1282 1418 paratas
1310 1345 1393 1400 vel
1420 1345 1828 1416 qualiscumque
1852 1343 2235 1399 retribucionis

635 1442 781 1511 quod
813 1440 977 1496 ﬁscus
1027 1448 1215 1495 noster
1244 1438 1441 1494 exinde
1470 1438 1719 1492 accidere
1748 1445 1839 1491 aut
1869 1451 2091 1505 sperare
2138 1452 2237 1506 po-

637 1543 837 1599 tuerat,
861 1534 1148 1603 judiciaria
1193 1541 1436 1602 potestas
1486 1546 1588 1585 nec
1624 1539 1812 1585 nostro
1846 1540 2107 1598 tempore,
2141 1544 2241 1585 ncc

633 1629 1044 1686 successoribus
1082 1627 1304 1695 rigilius,
1348 1626 1648 1693 ingressum
1698 1638 1799 1679 uec
1837 1622 2115 1678 introitum
2144 1638 2240 1693 pe-

633 1721 778 1774 nitus
804 1718 999 1774 liabire
1034 1724 1387 1787 presummat,
1422 1716 1525 1770 nisi
1568 1714 1824 1785 quicquid
1858 1715 2017 1769 liscus
2055 1722 2241 1769 noster

633 1812 835 1868 exinde
872 1824 1100 1881 sperare
1128 1816 1381 1879 potuerat
1419 1808 1474 1861 in
1500 1807 1852 1863 luminaribus
1878 1807 1943 1861 ad
1973 1808 2089 1877 ipso
2117 1822 2236 1860 mo-

2342 594 2474 660 filio,
2519 594 2754 663 itemque
2800 594 3015 649 inlustri
3064 596 3179 649 viro
3228 594 3476 669 Pippino,
3520 595 3941 665 majori-domus

2340 694 2551 751 nostro,
2608 694 2759 742 curte
2808 686 3029 741 basileci
3066 686 3146 741 sui
3194 686 3528 757 nunc0pauti
3570 686 3783 756 Nocito,
3833 703 3941 759 que

2339 785 2576 849 ponetur
2611 778 2665 833 in
2710 793 2851 848 pago
2895 778 3297 849 Camiliaciuse,
3342 781 3433 850 qui
3487 780 3665 836 fuerat
3702 780 3939 842 Gaerino

2340 870 2593 936 condam,
2618 878 2673 925 et
2701 871 2768 925 de
2796 870 2925 927 ﬁsco
2954 886 3053 944 per
3086 872 3445 942 precepcione
3477 873 3675 929 domno
3698 883 3751 931 et
3775 887 3942 944 gene-

2343 971 2460 1019 ture
2495 971 2683 1018 nostro
2713 963 3071 1033 Theuderico,
3105 966 3337 1021 condam
3366 968 3502 1037 rigc,
3550 968 3618 1021 ad
3664 970 3783 1038 ipso
3823 986 3941 1026 tuo-

2340 1054 2603 1109 nasthirio
2654 1054 2829 1109 fuerat
2882 1058 3173 1122 concessa;
3226 1057 3328 1127 ipsi
3378 1059 3585 1125 agentis
3632 1070 3937 1118 memorato

2341 1144 2591 1215 Drogone
2617 1146 2760 1199 malo
2791 1146 2997 1201 urdene
3024 1149 3090 1201 de
3118 1156 3391 1217 potestate
3417 1150 3585 1217 ipsius
3620 1149 3939 1219 Magnoaldo

2339 1238 2425 1293 vel
2454 1221 2805 1293 monastbirie
2835 1239 2917 1293 sui
2946 1238 3213 1294 tullissent
3251 1241 3335 1296 vel
3368 1241 3811 1307 abstraxsissent,
3846 1259 3941 1301 seo

2341 1340 2394 1383 et
2436 1330 2721 1397 mancipia,
2774 1332 3021 1399 pecunia,
3071 1332 3157 1386 vel
3199 1334 3433 1401 reliquas
3484 1335 3557 1388 ris
3609 1337 3942 1405 quampluris

2341 1420 2537 1475 exinde
2576 1420 3007 1488 uaufragiaswnt
3059 1424 3142 1479 vel
3192 1425 3583 1480 devastassent.
3616 1425 3943 1482 luteiidcbat

2341 1527 2405 1566 ae
2442 1519 2628 1566 contra
2672 1513 2773 1583 ipsi
2822 1513 3051 1582 Drogus,
3101 1531 3165 1571 eo
3196 1518 3339 1587 quod
3372 1535 3528 1573 socer
3558 1536 3683 1573 suos
3715 1520 3941 1576 inluslct‘

2340 1605 2421 1658 vir
2452 1603 2769 1661 Bercharius
2798 1608 3049 1673 condam,
3082 1608 3193 1678 ipsa
3218 1611 3342 1666 villa
3372 1612 3439 1667 de
3470 1614 3587 1682 ipso
3616 1614 3938 1686 Maguoaldo

2342 1698 2742 1763 concamiassit,
2771 1707 2826 1752 et
2852 1698 3024 1754 eidem
3046 1699 3357 1769 justissemc
3382 1706 3447 1758 ad
3472 1714 3680 1775 partem
3705 1708 3940 1778 conjuge

2341 1791 2422 1848 sui
2480 1791 2760 1846 Adaltrute
2818 1792 3013 1861 ligibus
3061 1794 3450 1851 reddeberitur.
3511 1798 3829 1854 latendubat
3875 1817 3940 1859 ae

634 1902 922 1960 nastiriolo
952 1901 1037 1957 vel
1078 1901 1145 1956 ad
1177 1900 1307 1969 ipsis
1332 1899 1615 1955 monachis
1639 1900 1726 1968 qui
1755 1898 1951 1954 ibidem
1978 1899 2225 1967 frequen-
2263 1886 2306 1947 Β
2335 1889 2521 1937 contra
2548 1883 2677 1955 ips“

1891 1915 1951 1952 ειη
1978 1899 2225 1967 frequen-
2263 1886 2306 1947 Β
2335 1889 2521 1937 contra
2548 1883 2646 1955 ipsi
2670 1882 3041 1956 Magnoaldus,
3067 1888 3218 1958 quasi
3243 1889 3633 1947 conlocucione
3654 1902 3709 1947 et
3736 1909 3934 1949 conve-

633 2005 713 2051 ter
739 1995 1002 2051 vediutur
1043 1993 1286 2048 officium
1334 1990 1575 2061 fungire,
1610 1992 1849 2061 inspecta
1894 1992 2007 2061 ipsa
2050 2006 2237 2060 prece-

630 2088 833 2158 pcione
848 2085 1049 2141 domno
1067 2091 1389 2153 etgenetore
1404 2092 1591 2137 nostro
1606 2080 1942 2137 Tlteuderico
1959 2083 2235 2151 quondam

629 2192 777 2248 rege,
808 2192 904 2234 seo
933 2183 988 2231 et
1016 2186 1208 2231 nostro
1232 2182 1549 2243 preceptum
1578 2172 1776 2241 pliuius
1802 2173 1853 2225 in
1886 2170 1981 2226 ι)ρὶ
2015 2173 2236 2228 nomine

630 2271 1017 2326 conﬁrmatum
1046 2266 1230 2321 debiat
1260 2266 1313 2320 in
1343 2264 1649 2331 augmentis
1681 2262 2056 2330 lrofeciscere,
2094 2264 2236 2323 unde

628 2361 825 2414 mercis
878 2365 1067 2413 nostra
1122 2353 1266 2425 apud
1331 2353 1565 2409 Domino
1614 2352 1927 2408 retributire
1982 2354 2237 2423 perennis

629 2448 972 2519 temporibus
1001 2448 1187 2502 debiat
1236 2445 1546 2509 convalere,
1595 2453 1650 2498 et
1691 2443 1755 2496 ad
1799 2442 1913 2511 ipsa
1940 2456 2237 2511 congrega-

627 2541 788 2596 cione
819 2540 1033 2595 delictit
1069 2555 1168 2610 pro
1196 2538 1493 2594 stabilitate
1519 2537 1659 2606 rigui
1703 2536 1874 2590 nostri
1910 2536 2111 2604 jugitcr
2138 2536 2236 2590 de-

623 2646 880 2702 precare.
938 2630 1027 2698 Et,
1076 2638 1135 2685 ut
1182 2630 1296 2686 bmc
1345 2628 1636 2701 preccpcio
1678 2627 1882 2680 firmior
1925 2625 2014 2688 sit,
2048 2641 2238 2682 manus

622 2722 804 2777 nostri
847 2720 1348 2791 subscripcionibus
1377 2722 1563 2775 suchr
1603 2731 1723 2772 eam
1770 2717 2111 2771 decrevimus
2141 2730 2235 2770 ro-

625 2816 849 2870 borare.
886 2813 1079 2886 (Locus
1101 2813 1309 2885 sigilli.)

692 2910 1120 2967 Childebertiius
1166 2924 1261 2963 rex
1308 2906 1487 2963 subsc.
1538 2902 1945 2958 Nordebcrthns
1973 2909 2085 2971 opt.
2132 2899 2236 2953 Da-

620 3011 734 3059 tum
768 3004 922 3073 quod
950 3003 1062 3056 ficit
1091 3001 1276 3056 minsis
1303 2998 1502 3070 Aprilis
1546 2997 1661 3051 dies
1706 3002 1853 3059 octo,
1898 3007 2098 3047 annum
2148 3006 2235 3047 se-

619 3097 865 3152 cundum
923 3095 1062 3165 rigui
1116 3092 1323 3160 nostri,
1378 3091 1431 3145 iu
1484 3089 1578 3145 Dei
1632 3086 1889 3154 nomine,
1942 3083 2234 3154 Novigiuto

618 3186 879 3243 feliciter.

1390 3270 1482 3326 Xl.

617 3373 897 3429 Placitum
925 3366 1236 3441 Childeberti
1268 3362 1555 3441 lII,_1'egis
1584 3360 1934 3441 Francorum,
1968 3375 2066 3429 quo
2109 3359 2233 3441 rilla

691 3444 958 3499 Nocitum
1007 3438 1340 3509 adjudicatur
1391 3430 1881 3489 Thimsonis-Vallis
1912 3431 2231 3484 monasterio

692 3526 719 3554 α
755 3518 919 3586 (ann.
956 3510 1106 3579 697).

689 3646 1181 3709 Cliildeberctlius,
1207 3659 1301 3698 rex
1332 3640 1685 3704 Francorum,
1712 3638 1795 3691 vir
1820 3636 2068 3691 inluster.
2096 3634 2235 3689 Cum

618 3764 722 3804 nus
753 3748 808 3802 in
844 3742 947 3798 Dei
977 3740 1215 3801 nomine,
1239 3734 1558 3805 Conpendio
1587 3734 1639 3787 in
1662 3732 1871 3802 palacio
1899 3739 2103 3794 nostro,
2129 3744 2235 3784 una

616 3858 745 3898 cum
797 3832 1173 3909 apostholecis
1200 3829 1329 3885 viris
1360 3828 1413 3882 in
1442 3825 1563 3897 Xpo
1594 3825 1849 3896 patrebus
1898 3823 2097 3877 nostris
2127 3821 2237 3876 Au-

614 3934 844 3999 soaldo,
878 3926 1161 3989 Savarico,
1209 3919 1606 3984 Turnochaldo,
1654 3917 1903 3984 Ebarcio,
1956 3916 2233 3981 Grimone,

615 4022 1020 4081 Constantino,
1080 4014 1385 4076 Ursiniano,
1414 4009 1718 4080 episcopis;
1750 4024 1851 4063 nec
1880 4023 1985 4061 nou
2015 4016 2069 4061 et
2100 4006 2238 4061 inlu-

613 4119 715 4172 stri
764 4116 895 4168 viro
946 4110 1200 4179 Pippiuo,
1240 4104 1661 4176 majore-domus
1703 4111 1911 4165 nostro,
1946 4101 2233 4168 Agnerico,

616 4210 937 4266 Antenero,
971 4197 1374 4267 Magnecliario,
1403 4194 1736 4257 Grizuoaldo,
1776 4191 2095 4261 Optematis;
2140 4189 2238 4243 Er-

615 4299 918 4360 mentheo,
944 4292 1217 4357 Adalrico,
1241 4288 1532 4351 Jonatban,
1558 4287 1881 4352 comitebus;
1906 4284 2234 4350 Vuifolaeco,

613 4388 880 4459 Argbilo,
944 4382 1226 4450 Madlulfo,
1282 4380 1640 4442 domestecis;
1685 4377 2240 4442 Benedicto,.Erme-

612 4485 886 4544 dratnno,
942 4474 1290 4537 seuiscaltis;
1342 4487 1437 4528 seo
1491 4482 1545 4527 et
1591 4464 1993 4526 Hociobercth'o
2042 4470 2240 4523 comite

611 4570 816 4642 palacii
852 4575 1071 4633 nostro,
1102 4565 1184 4621 vel
1222 4564 1433 4620 cunctis
1463 4562 1724 4617 fedilebus
1753 4561 1969 4624 nostris,
2010 4561 2077 4614 ad
2122 4561 2238 4615 uni-

2340 1974 2533 2028 nencia
2582 1975 2779 2030 exinde
2834 1977 2975 2046 apud
3030 1978 3147 2048 ipso
3187 1978 3482 2036 Berchario
3526 1983 3826 2055 habuissit,
3880 1993 3941 2042 ut

2340 2063 2456 2134 ipsa
2511 2066 2652 2120 inter
2703 2081 2761 2121 se
2807 2075 3213 2125 conmutassent
3266 2088 3280 2127 :
3331 2072 3427 2126 sed
3478 2074 3580 2129 huc
3644 2091 3937 2145 numquam

2340 2156 2597 2223 ﬁcisscnt,
2647 2174 2749 2214 nec
2792 2159 2862 2215 de
2910 2161 3025 2231 ipsa
3073 2170 3227 2218 curte
3272 2163 3374 2234 ipsi
3410 2164 3732 2223 Bercharius
3774 2185 3939 2226 niano

2341 2253 2533 2306 vestita
2574 2268 2868 2323 numquam
2911 2254 3196 2321 habuissit,
3245 2256 3345 2311 nisi
3375 2258 3518 2313 man
3565 2260 3789 2327 urdene,
3841 2278 3941 2331 per

2340 2339 2507 2397 forcia
2536 2350 2592 2397 et
2621 2344 2761 2397 iuico
2798 2343 3072 2413 ingenium
3122 2346 3222 2416 ipsi
3264 2350 3472 2416 agentis
3514 2350 3759 2419 predicto
3802 2352 3938 2409 Dro-

2338 2446 2477 2501 gone
2507 2434 2573 2489 de
2620 2443 2888 2505 potestate
2934 2452 3029 2492 sua
3075 2438 3486 2496 abstraxissent.
3536 2441 3934 2513 luterrrgatum

2338 2537 2421 2580 est
2466 2526 2633 2596 ipsius
2662 2530 2779 2582 viro
2808 2528 3085 2597 Drogone,
3133 2539 3402 2598 quatenus
3452 2533 3767 2590 intendebat
3795 2538 3939 2607 quod
3990 2588 3993 2591 γ

2339 2619 2536 2674 exinde
2578 2634 2736 2673 socer
2766 2635 2892 2674 suos
2923 2624 3263 2678 concammio
3294 2623 3435 2694 apud
3476 2626 3593 2694 ipso
3616 2625 3939 2696 Magnoaldo

2340 2707 2548 2773 ficissit,
2581 2724 2637 2764 se
2665 2710 2790 2765 talis
2820 2714 3079 2781 epistulas
3108 2715 3539 2769 conmucationis
3562 2717 3756 2773 exinde
3796 2718 3940 2775 inter

2339 2816 2398 2859 se
2430 2802 2689 2868 licissent,
2724 2813 2817 2857 aut
2849 2820 2908 2859 se
2932 2805 3076 2874 ipsas
3106 2806 3161 2860 in
3205 2807 3374 2862 nostri
3409 2808 3685 2877 preseucia
3719 2826 3941 2880 preseno

2339 2900 2455 2948 tare
2485 2896 2713 2963 potibat.
2741 2896 2848 2951 Sed
2879 2898 2981 2967 ipsi
3008 2909 3369 2954 Stramentum
3405 2902 3600 2956 exinde
3631 2904 3940 2961 nullatenus

2337 2987 2692 3053 presentavit,
2727 3002 2827 3043 uec
2859 2989 3006 3043 nulla
3038 2990 3273 3044 evidenti
3315 2993 3488 3061 potuit
3516 2993 3731 3051 tradere
3761 2997 3941 3053 racio-

2337 3090 2426 3141 ne,
2460 3092 2557 3148 per
2592 3078 2735 3148 quod
2784 3081 2885 3150 ipsi
2933 3082 3253 3137 Uercharius
3286 3083 3399 3152 ipsa
3432 3084 3618 3139 habire
3650 3085 3937 3158 debuissit,

2337 3185 2439 3225 nec
2468 3186 2566 3241 per
2592 3186 2703 3240 quo
2734 3174 2937 3229 urdene
2968 3175 3082 3245 ipsa
3108 3177 3208 3245 ipsi
3236 3175 3414 3246 Drogo
3437 3179 3501 3233 ad
3527 3190 3681 3249 parte
3707 3182 3940 3253 conjuge

2264 3257 2311 3323 C
2342 3263 2422 3319 sui
2454 3279 2554 3319 nec
2578 3264 2643 3318 ad
2670 3281 2767 3320 sua
2812 3266 3003 3323 habire
3033 3268 3247 3325 debirit.
3282 3270 3372 3326 Sic
3399 3273 3448 3328 ei
3492 3290 3521 3328 a
3558 3277 3941 3347 suprascriptis

2337 3357 2466 3411 viris
2494 3356 2709 3414 domuis
2755 3360 3023 3429 episcopis
3064 3364 3151 3416 vel
3203 3366 3569 3433 optematibus
3614 3371 3833 3437 nostris,
3883 3373 3935 3427 in

2338 3456 2597 3517 quantum
2629 3450 2728 3518 ipsi
2776 3450 3003 3506 inluster
3033 3453 3115 3507 vir
3144 3452 3598 3525 llociobercthns,
3640 3462 3808 3517 comis
3839 3478 3938 3533 pa-

2338 3538 2460 3593 lacii
2522 3548 2725 3606 noster,
2774 3542 3188 3611 testimuniavit,
3241 3546 3485 3601 nuscitur
3518 3547 3801 3618 judecasse
3854 3553 3940 3609 vel

2340 3629 2610 3694 deﬁnisse,
2656 3640 2715 3686 ut
2756 3632 2857 3701 ipsi
2888 3634 2971 3687 vir
3006 3633 3360 3704 Maguoaldus
3394 3638 3514 3706 ipso
3560 3640 3683 3696 loco
3723 3641 3935 3710 Nocito,

2340 3732 2840 3793 quantumcumque
2866 3726 3064 3782 exinde
3086 3742 3185 3798 per
3207 3732 3565 3799 precepcione
3588 3733 3756 3804 ipsius
3784 3734 3939 3791 dom-

2340 3833 2413 3872 no
2440 3826 2495 3873 et
2522 3827 2782 3887 geneture
2808 3830 2995 3877 nostro
3025 3823 3093 3877 ad
3123 3822 3241 3894 ipso
3269 3827 3628 3883 monasthirio
3657 3845 3755 3886 suo
3792 3830 3939 3888 Tun-

2341 3911 2643 3966 sone-valle
2692 3911 2870 3969 fuerat
2921 3929 3263 3984 concessum,
3314 3917 3416 3974 hoc
3466 3920 3567 3991 ipsi
3620 3920 3829 3993 Drogus
3872 3923 3941 3981 ad

2341 4016 2473 4056 sana
2522 4018 2680 4057 mano
2739 4018 2861 4059 eum
2909 4006 3105 4062 exinde
3158 4010 3424 4065 revestire
3467 4011 3685 4079 debirit,
3731 4022 3787 4069 et
3834 4015 3936 4086 ipsi

2342 4091 2692 4159 Magnoaldus
2734 4094 2826 4151 illa
2871 4096 3067 4164 fructa,
3119 4099 3225 4155 hoc
3262 4108 3346 4155 est
3389 4102 3545 4157 vinus
3573 4104 3656 4159 vel
3687 4120 3934 4166 annonas

2344 4192 2438 4239 aut
2482 4185 2638 4242 fenus
2683 4188 2827 4256 quod
2857 4188 3052 4244 exinde
3099 4191 3248 4246 missi
3294 4193 3377 4249 sui
3416 4194 3854 4263 devastaverunt,
3888 4200 3938 4256 ei

2343 4277 2607 4347 indulgire
2635 4278 2834 4333 debirit
2868 4298 2882 4333 :
2929 4282 3075 4351 quod
3105 4282 3181 4337 ita
3211 4292 3266 4339 et
3300 4284 3430 4341 fit-it.
3472 4285 3708 4345 Proinde
3740 4290 3940 4360 jobim-

2343 4382 2463 4422 mus
2511 4376 2568 4423 ut
2618 4368 2734 4439 ipsa
2786 4387 2901 4428 rem
2934 4370 3147 4442 Nocito,
3200 4384 3699 4449 quantumcumque
3739 4381 3937 4439 ibidem

2344 4458 2612 4517 Gaerinus
2638 4464 2887 4532 possidit,
2921 4474 3014 4520 aut
3043 4467 3294 4538 undeque
3334 4468 3402 4524 ad
3449 4471 3569 4541 ipso
3597 4475 3854 4543 pervinit,
3885 4485 3943 4533 et

2346 4552 2414 4606 ad
2461 4553 2580 4621 ipso
2628 4564 2890 4622 geneture
2932 4567 3123 4614 nostro
3165 4562 3234 4615 ab
3270 4560 3390 4631 ipso
3441 4567 3798 4622 monastliirio
3844 4584 3943 4639 per

609 4635 914 4721 versormn
951 4675 1141 4715 causas
1166 4656 1491 4712 audiendum
1518 4654 1603 4708 vel
1634 4655 1769 4708 ricto
1796 4651 2002 4721 judicio
2032 4659 2234 4707 terme-
2260 4635 2315 4697 Ι)
2342 4659 2497 4698 suum
2544 4656 2859 4716 preceptum
2922 4647 3023 4703 fuit
3074 4665 3392 4709 concessum
3438 4670 3599 4711 omne
3652 4667 3896 4729 tempore
3923 4680 3939 4730 ;

610 4757 867 4813 nandum
900 4751 1301 4815 resederimus;
1332 4749 1513 4818 ibique
1540 4747 1761 4801 veniens
1794 4744 2114 4799 venerabilis
2153 4745 2236 4798 vir

610 4847 989 4918 Magnoaldus
1041 4843 1181 4896 abba
1242 4841 1311 4895 de
1360 4837 1716 4893 monasthirio
1773 4834 2232 4899 Tbunsonevalle,

608 4955 780 5012 quem
811 4933 1165 4993 habuncolus
1190 4945 1318 4986 suos
1343 4930 1574 4984 domnus
1595 4926 1975 4992 Chardericus,
2004 4926 2234 4981 condam

608 5035 945 5106 episcopus,
1002 5041 1102 5081 suo
1156 5037 1322 5094 opere
1375 5020 1678 5085 edeftcavit,
1729 5019 2045 5075 climeuciae
2096 5018 2237 5087 rigui

682 5203 712 5233 ι
762 5190 993 5249 Exstat,
1045 5184 1113 5240 ad
1160 5184 1318 5240 fidem
1348 5184 1668 5255 autographi
1701 5186 1866 5252 (nunc
1904 5182 1957 5236 in
2002 5182 2236 5255 Arcliivo

606 5264 791 5334 regni,
825 5277 884 5325 κ,
919 5258 1086 5334 scrin.
1109 5255 1199 5334 ξ’),Δ
1225 5254 1795 5334 asserva_t_i,_quorum__
1821 5263 2023 5334 textum
2056 5254 2236 5334 (lc-irino

606 5324 854 5393 contulit
887 5334 957 5383 Α.
990 5326 1228 5395 Teulet),
1262 5330 1403 5395 apud
1432 5324 1630 5381 Mabill.
1667 5325 1839 5381 delle
1869 5325 1998 5395 dipl.
2026 5341 2079 5394 p.
2107 5324 2233 5391 479,

607 5419 663 5463 et
694 5398 1317 5477 Felibianum,__llis_tor.
1349 5400 1471 5477 abl).
1503 5398 1560 5452 S.
1593 5397 1748 5452 Dion.
1782 5398 2095 5477 prob.ﬁpag.
2118 5398 2231 5477 .‘i7;

605 5490 875 5533 recusnm
913 5472 968 5523 in
1001 5468 1337 5524 Collectione
1366 5470 1691 5533 scriptorum
1729 5465 1909 5522 rerum
1940 5465 2229 5520 Francica-

605 5565 752 5605 rum.
794 5554 837 5599 t.
875 5539 969 5601 IV,
1006 5538 1919 5617 pugnis?.3‘,_ex_Mabillonio._ll:ec
1963 5540 2232 5617 principue

608 5616 862 5674 notanda
901 5621 1096 5665 monet
1135 5609 1474 5665 Maltillonius
1510 5612 1561 5673 in
1596 5612 1699 5665 hoc
1726 5612 1967 5679 placito:
2007 5611 2065 5661 ιο
2096 5612 2229 5663 iler-

607 5692 838 5746 cliarius
864 5682 1171 5737 Adaltrutm
1188 5682 1267 5735 vir
1286 5682 1499 5747 dicitur,
1519 5693 1573 5736 et
1595 5698 1756 5736 socer
1777 5681 2061 5746 Drngonis,
2086 5680 2229 5748 quod

607 5770 819 5831 pugnat
850 5770 987 5811 cum
1028 5752 1291 5832 _eltrouic_o
1335 5753 1761 5832 Foriynlelleusi,
1793 5751 1925 5832 c._7,
1956 5762 2010 5832 et
2043 5768 2230 5804 Annu-

607 5824 751 5886 unus
796 5825 1162 5888 Meteusibus,
1205 5825 1269 5879 ad
1302 5839 1429 5880 ann.
1455 5824 1577 5891 695,
1602 5829 1692 5880 ubi
1727 5824 2064 5887 Adaltrudis,
2096 5838 2231 5876 uxor

610 5899 891 5975 Drogonis
994 5895 1192 5953 dicitur
1249 5894 1358 5952 filia
1411 5896 1753 5956 Warathenis
1815 5906 1871 5952 et
1924 5893 2226 5959 Anstledis;

2340 4744 2526 4791 contra
2571 4737 2688 4807 ipso
2734 4738 2986 4807 Drogoue
3018 4748 3074 4796 et
3101 4741 3334 4813 conjuge
3364 4759 3464 4800 sua
3510 4746 3815 4815 Adaltrute,
3848 4760 3941 4806 aut

2342 4828 2558 4885 berides
2586 4845 2796 4895 eorum,
2821 4832 2908 4887 vel
2929 4833 3450 4905 cujuscumquelibet
3470 4838 3537 4893 de
3555 4841 3694 4910 parti
3725 4855 3935 4909 eorum,

2343 4934 2505 4975 omne
2562 4929 2807 4991 tempore
2854 4924 3037 4978 babiat
3082 4927 3456 4984 evindecatum
3498 4930 3674 5001 adque
3725 4932 3936 4989 ltelitia-

2344 5026 2479 5081 tum,
2509 5025 2564 5071 et
2586 5017 2655 5071 sit
2684 5018 2825 5073 inter
2862 5018 2993 5089 ipsis
3019 5020 3071 5075 in
3098 5023 3439 5090 postmodum
3469 5039 3537 5079 ex
3576 5040 3640 5081 ac
3669 5042 3729 5082 re
3760 5030 3937 5085 subita

2343 5176 2401 5253 2°
2428 5176 2805 5253 gliardericus,
2830 5178 2920 5253 qui
2952 5179 3108 5253 alias,
3126 5180 3251 5253 vide
3279 5192 3612 5253 prrcceptum
3645 5184 3935 5244 Cliilderici

2342 5250 2412 5323 de
2427 5247 2840 5323 TusonistYalle
2866 5250 2986 5323 (col.
3016 5249 3173 5315 £092,
3192 5247 3377 5323 supra)
3405 5247 3522 5310 solo
3544 5258 3754 5312 abbatis
3778 5260 3937 5313 titulo

2342 5319 2644 5394 insignitur,
2662 5318 2762 5394 _h_ic
2792 5318 3096 5389 appellatur
3123 5318 3440 5394 episcopus;
3470 5326 3626 5394 cujus
3647 5340 3828 5384 autem
3852 5346 3939 5383 se-

2341 5391 2443 5469 dis,
2492 5389 2675 5469 idnsibi
2703 5389 3111 5469 incompertum
3139 5389 3213 5447 ait
3244 5389 3736 5469 Mjbillouiusralii
3763 5402 3936 5469 conjic

2339 5462 2489 5540 ciunt
2536 5459 2971 5540 Bellovaceusem
3018 5464 3204 5540 sedem
3245 5481 3558 5536 occupasse.
3602 5459 3723 5524 Sed
3772 5459 3934 5540 sup'ra

2340 5533 2590 5592 diximus,
2622 5547 2742 5601 pag.
2775 5532 2897 5595 2‘25,
2925 5534 3189 5601 majorum
3218 5532 3671 5594 monasteriorum
3705 5532 3933 5599 alilta'tes

2339 5603 2627 5679 aliquando
2667 5604 3127 5679 adepiscoliatem
3156 5608 3470 5674 dignitatem
3500 5620 3711 5667 erectos
3741 5612 3928 5679 fuisse,

2338 5681 2467 5728 nulli
2496 5674 2906 5756 sediaddictps;
2944 5674 3008 5756 5°
3044 5676 3355 5756 [formularii
3393 5682 3463 5734 ad
3490 5688 3716 5737 vicem...
3745 5674 3930 5756 jussus

2338 5746 2651 5823 recognovit,
2688 5747 2741 5823 in
2773 5746 3258 5823 Merovingicorum
3278 5752 3651 5823 idipfomatum
3679 5746 3936 5823 recogni-

2340 5819 2575 5873 tionibus
2604 5818 2878 5873 rarissime
2914 5820 3014 5887 legi
3043 5820 3242 5876 docent
3276 5818 3617 5881 Mabitlonius
3664 5837 3718 5883 et
3756 5818 3938 5884 (Solle-

2339 5899 2517 5947 ctores
2541 5890 2861 5961 scriptorum
2883 5906 3065 5949 rerum
3087 5892 3491 5958 Francicarum.
3521 5899 3611 5954 ubi
3638 5914 3818 5970 supra.
