5174 6544
709 437 847 494 1097

1520 433 1760 489 ltEGUM
1805 433 2038 488 ῐῚῖΙΜίΕ
2078 428 2337 488 STIRPIS
2379 427 2801 487 FRANCOIlUM
2843 428 3258 489 DIPLOMATA.

3851 426 3986 483 i098

703 557 859 612 urbis
882 552 1190 624 episcopus,
1223 549 1376 606 nobis
1399 551 1682 621 suggessit,
1715 565 1781 604 eo
1809 549 1953 619 quod
1997 549 2293 604 avunculus
2324 552 2373 612 Α
2470 547 2601 600 Data
2627 547 2769 616 quod
2814 549 2940 602 t'eeit
2977 549 3175 603 mensis
3217 545 3440 601 Martius
3470 544 3587 600 dies
3617 540 3694 615 iij,
3737 557 3879 600 anno
3907 546 3982 615 iiij

703 656 897 702 noster
943 644 1285 700 Cbildericus
1313 645 1584 712 quondam
1634 657 1750 707 rex,
1783 657 1880 712 per
1907 657 2056 696 suam
2089 655 2296 711 praece-

702 742 948 812 ptionem
979 741 1159 795 taliter
1180 739 1512 795 antecessori
1540 754 1640 794 suo
1658 737 1856 793 domno
1881 737 2101 791 Berario
2121 751 2292 805 quou-

701 835 832 890 dam
865 836 1122 905 episcopo
1170 833 1255 889 vel
1302 833 1506 888 domno
1547 832 1848 902 Aigliberto
1897 831 2186 893 concessit,
2241 836 2298 881 ut

702 927 967 997 quidquid
997 926 1064 981 de
1085 925 1209 980 villa
1237 927 1406 995 ipsius
1435 922 1688 980 Ecclesia:
1719 924 2137 979 Cenomannitre
2169 939 2300 976 nun-

703 1029 945 1088 cupantc
976 1017 1217 1085 Erduno,
1260 1019 1312 1072 in
1341 1033 1480 1087 pago
1512 1016 1755 1082 Pietavo,
1801 1018 1866 1070 ad
1898 1018 2083 1070 ﬁscum
2115 1031 2301 1086 spera-

704 1110 887 1174 batur,
923 1109 1026 1164 hoc
1059 1109 1238 1166 nullus
1271 1109 1458 1178 judex,
1491 1124 1590 1162 nec
1634 1108 1887 1176 quislibet
1923 1116 2176 1162 exactore
2201 1107 2298 1160 de-

705 1206 900 1270 beret;
933 1212 985 1258 et
1013 1205 1064 1257 in
1095 1203 1208 1273 ipsa
1236 1201 1362 1257 villa
1399 1217 1574 1270 neque
1620 1201 1925 1254 mansiones
1969 1201 2168 1262 facere,
2201 1212 2300 1253 nec

707 1297 862 1351 t‘reda
897 1304 1172 1359 exactare,
1207 1309 1304 1348 nec
1337 1308 1528 1349 causas
1557 1292 1762 1358 audire,
1799 1308 1896 1347 nec
1938 1293 2042 1346 ulla
2088 1298 2298 1359 parata,

707 1405 813 1442 nec
841 1387 1007 1441 ullum
1040 1385 1245 1440 lucrum
1286 1393 1558 1440 terrenmn
1605 1385 1883 1454 requirere
1915 1399 2014 1436 nec
2047 1392 2302 1438 exactare

707 1480 1138 1552 przesumpserit,
1173 1479 1272 1534 nisi
1304 1479 1408 1534 hoc
1439 1479 1492 1533 in
1538 1477 1894 1532 luminat-ilius
1926 1477 2095 1546 ipsius
2126 1476 2302 1531 cccle-

706 1575 802 1631 sia:
834 1574 1268 1640 Cenomannicm,
1300 1588 1418 1643 qua:
1450 1581 1531 1628 est
1562 1573 1615 1627 in
1644 1573 1852 1628 honore
1890 1581 2090 1626 sanctze
2123 1571 2302 1626 Maria:

709 1679 768 1724 ct
797 1669 970 1724 sancti
997 1666 1239 1723 Gervasii
1271 1677 1326 1722 et
1354 1666 1581 1721 l’rotasii
1615 1667 2138 1736 martyris-patronis
2178 1681 2300 1720 nos-

712 1764 782 1817 tri
816 1772 1152 1827 t-onstructa,
1196 1762 1420 1817 deberet
1452 1776 1570 1816 esse
1619 1777 1978 1828 concessum;
2024 1771 2077 1816 et
2116 1771 2302 1831 postea

707 1856 893 1910 denuo
941 1855 1238 1923 Aigliberto
1269 1854 1526 1924 episcopo
1557 1865 1679 1923 post
1709 1852 1986 1908 Berarium
2032 1852 2302 1922 quondam

2397 639 2546 709 regni
2579 641 2772 706 nostri,
2806 641 3178 705 Valencianas,
3211 641 3454 696 feliciter.

3135 772 3244 828 XV.

2398 897 2642 954 mptoma
2687 887 2998 940 Cltildebcrti
3035 885 3152 951 111,
3183 888 3319 958 regis
3365 887 3705 950 Francorum,
3739 906 3837 957 quo
3871 905 3987 942 roa-

2469 961 2602 1013 ccdit
2618 958 2986 1017 Ilerlcmundo,
3007 960 3380 1013 (lenonmnensi
3395 962 3650 1028 episcopo,
3673 971 3724 1012 ut
3744 965 3860 1012 nein
3896 977 3983 1027 (με

2470 1047 2562 1083 rex
2592 1031 2769 1082 ducent
2807 1046 2895 1082 seu
2935 1032 3168 1082 comitem
3199 1030 3530 1083 Cenomaniw
3570 1048 3669 1082 non
3708 1033 3982 1100 prir/icint,

2469 1103 2571 1154 nisi
2610 1117 2759 1170 quem
2787 1102 3055 1172 episcopus
3085 1111 3133 1153 et
3162 1118 3287 1172 gens
3315 1101 3664 1155 Cenontanica
3706 1103 3849 1171 prius
3883 1105 3985 1155 ele-

2472 1169 2640 1243 gerint
2663 1183 2682 1205 ·¹
2719 1175 2865 1240 (ann.
2898 1169 3048 1241 698).

2473 1283 2872 1350 Childehertus,
2916 1301 3010 1339 rex
3059 1284 3389 1341 Francorum
3419 1286 3568 1359 [add.
3603 1286 3684 1341 vir
3718 1285 3992 1355 inlusteri,

2403 1395 2524 1434 cum
2557 1379 2750 1434 deceat
2778 1379 3120 1435 clementiam
3154 1379 3413 1448 principis
3444 1379 3619 1447 justas
3646 1379 3990 1434 sacerdotum

2404 1472 2694 1542 petitiones
2725 1471 2980 1526 exaudire
3031 1480 3087 1526 et
3125 1471 3191 1526 ad
3221 1470 3472 1527 effectum
3505 1470 3822 1542 perducere,
3867 1470 3990 1524 ideo

2406 1566 2570 1638 [decet
2593 1565 2875 1618 clementia:
2903 1565 3181 1634 principali
3205 1565 3363 1633 justi:
3387 1563 3718 1635 petitionibus
3745 1563 3996 1619 sacerdo-

2407 1668 2514 1713 tum
2536 1660 2752 1713 libenter
2782 1658 3051 1725 obaudire,
3075 1658 3152 1712 rei
3173 1658 3410 1727 eﬂ'ectum
3432 1659 3487 1710 in
3517 1657 3614 1712 Dei
3640 1675 3823 1713 nomen
3853 1675 3999 1712 man-

2407 1753 2600 1821 cipare,
2650 1749 2887 1823 ideoque]
2917 1749 3250 1821 apostolicus
3276 1749 3361 1804 vir
3390 1749 3444 1804 in
3475 1749 3690 1804 Christo
3721 1759 3875 1818 pater
3905 1764 4000 1804 no-

2407 1853 2518 1896 ster
2541 1841 2955 1908 llerlemundus,
2971 1839 3372 1896 Coenomanicaa
3389 1839 3536 1895 urbis
3558 1839 3862 1909 episcOpus,
3889 1838 4000 1893 cle-

709 1947 914 2002 ibidem
940 1947 1038 2000 fuit
1066 1946 1314 2000 similiter
1339 1960 1680 1999 concessum.
1720 1943 1872 1998 Unde
1914 1952 1967 1997 et
1998 1943 2138 2012 ipsas
2166 1959 2302 2009 pne-
2335 1928 2381 1988 Β
2409 1933 2624 1989 meum:
2675 1949 2752 2003 re!

1954 1943 2138 2012 tipsas
2166 1959 2302 2009 pne-
2335 1928 2381 1988 Β
2409 1933 2624 1989 ruentia:
2675 1934 2826 2003 regni
2875 1932 3045 1987 nostri
3093 1932 3219 1986 fecit
3263 1932 3627 1996 innotescere,
3680 1932 3825 2000 quod
3871 1941 3997 1987 ante

708 2039 997 2109 ceptioues
1022 2038 1136 2108 ipse
1166 2036 1408 2107 pontifex
1437 2052 1496 2090 se
1526 2051 1636 2105 pra:
1659 2035 1910 2089 manibus
1932 2035 2130 2089 habere
2153 2037 2302 2088 al'lir-

707 2137 844 2192 mat,
878 2139 933 2182 et
964 2127 1028 2182 de
1053 2128 1243 2182 eodem
1269 2136 1513 2196 tempore
1547 2141 1718 2195 usque
1743 2142 1902 2191 nunc,
1936 2127 2108 2195 ipsum
2139 2126 2306 2182 bene-

709 2221 895 2275 ﬁcium
920 2220 1111 2274 asserit
1133 2235 1253 2274 esse
1276 2229 1659 2274 conservatum
1684 2237 1694 2272 :
1730 2219 1822 2274 sed
1849 2234 1947 2289 pro
1977 2220 2183 2288 integra
2215 2220 2306 2272 tir-

708 2315 911 2369 mitate
952 2313 1109 2383 petiit
1156 2312 1533 2368 celsitudinem
1582 2321 1846 2378 nostram,
1895 2321 1951 2365 ut
1982 2311 2085 2368 hoc
2128 2312 2306 2366 denuo

709 2425 812 2479 per
863 2416 1104 2461 nostram
1149 2406 1528 2461 auctoritatem
1558 2405 1659 2475 ipsi
1702 2407 1819 2459 viro
1867 2406 2066 2460 domno
2117 2405 2306 2461 llerle-

709 2502 917 2556 mundo
947 2501 1228 2570 episcopo,
1259 2500 1342 2554 vel
1371 2499 1439 2553 ad
1470 2499 1640 2568 ipsam
1672 2499 1950 2553 basilicam
1980 2500 2153 2555 sancti
2183 2497 2311 2553 Ger-

708 2593 854 2648 vasii
885 2601 940 2647 et
985 2591 1219 2646 Protasii
1248 2603 1546 2662 martyrum
1579 2591 1899 2646 conlirmare
1944 2593 2265 2648 deberemus
2292 2610 2305 2647 :

708 2687 870 2755 cujus
897 2689 1214 2757 petitionem
1246 2703 1346 2742 nos
1375 2703 1483 2741 non
1511 2687 1830 2756 denegasse,
1863 2687 1954 2741 sed
1987 2688 2038 2742 in
2062 2689 2311 2743 omnibus

711 2780 1039 2850 praestitisse
1077 2788 1131 2834 et
1159 2779 1514 2835 conﬁrmasse
1543 2780 1878 2847 cognoscite.
1931 2777 2314 2848 Prtecipientes

713 2872 868 2925 enim
900 2878 977 2935 ut,
1011 2872 1154 2925 sicut
1182 2871 1466 2926 constituit
1507 2869 1803 2925 avunculus
1834 2878 2019 2923 noster
2048 2868 2314 2923 Childeri-

713 2977 842 3030 cus,
868 2961 1139 3030 quondam
1169 2978 1284 3029 rex,
1325 2962 1562 3030 integras
1593 2962 1917 3015 emunitates
1947 2960 2013 3014 de
2044 2961 2157 3029 ipsa
2186 2959 2314 3014 villa

715 3053 952 3109 Arduno
981 3055 1046 3108 ad
1078 3055 1247 3124 ipsam
1287 3055 1572 3110 ecclesiam
1604 3054 1747 3119 fecit,
1780 3054 1854 3108 ita
1884 3065 1938 3108 et
1969 3055 2184 3108 inantea
2218 3069 2316 3108 nos

719 3161 824 3217 per
864 3155 1106 3201 nostram
1138 3146 1515 3201 auctoritatem
1549 3145 1898 3201 concedimus
1929 3154 1983 3200 et
2026 3147 2315 3199 conﬁrma-

718 3257 871 3304 mus,
905 3249 963 3296 ut
994 3240 1140 3296 nullo
1172 3255 1426 3310 umquam
1459 3248 1703 3310 tempore
1729 3238 1868 3294 ullus
1908 3238 2069 3306 judex
2101 3239 2155 3294 in
2199 3239 2312 3310 ipsa

717 3333 854 3389 villa
886 3342 1176 3405 praesumat
1201 3347 1392 3390 causas
1435 3333 1644 3397 audire,
1682 3338 1792 3387 nec
1836 3333 1940 3385 ulla
1972 3341 2181 3402 parata,
2213 3348 2313 3389 nec

720 3427 900 3491 freda,
943 3441 1043 3482 nec
1083 3426 1478 3496 qualecumque
1519 3440 1738 3480 censum
1771 3435 1862 3478 aut
1907 3425 2112 3479 lucrum
2143 3434 2314 3483 terre-

719 3535 880 3584 num,
914 3519 1055 3588 quod
1087 3519 1151 3573 ad
1184 3518 1368 3575 ﬁscum
1396 3527 1638 3573 nostrum
1672 3518 1906 3587 potuerit
1936 3533 2176 3589 sperare,
2204 3521 2312 3576 ullo

721 3627 985 3679 umquam
1016 3620 1258 3680 tempore
1286 3619 1575 3680 prazsumat
1605 3611 1882 3679 requirere
1912 3625 2010 3666 nec
2035 3620 2311 3680 exactare,

722 3703 832 3757 nisi
881 3701 1123 3772 inspecta
1154 3701 1268 3771 ipsa
1299 3702 1681 3771 praeceptione,
1714 3702 1781 3755 ab
1821 3701 2085 3757 avunculo
2126 3712 2312 3758 nostro

719 3791 1063 3859 Childerico,
1105 3791 1375 3860 quondam
1432 3805 1576 3858 rege,
1622 3792 1675 3844 in
1723 3791 2076 3848 luutinaribus
2118 3808 2314 3863 supra-

719 3885 945 3955 scripta:
973 3884 1210 3940 basilica:
1236 3886 1409 3940 sancti
1429 3883 1671 3941 Gervasii
1697 3894 1752 3940 et
1779 3886 2004 3940 Protasii
2024 3896 2314 3956 perpetua-

721 3980 854 4034 liter
878 3977 1075 4033 debeat
1105 3992 1225 4034 esse
1251 3992 1569 4032 concessum
1613 3989 1776 4046 atque
1810 3979 2091 4034 indultum.
2138 3978 2222 4044 Et,
2253 3987 2313 4034 ut

722 4072 846 4127 haec
886 4072 1179 4126 auctoritas
1225 4071 1427 4125 ﬁrmior
1479 4070 1758 4135 habeatur,
1804 4071 1887 4124 vel
1929 4087 2025 4140 per
2070 4079 2312 4141 tempora

720 4173 1103 4232 conservetur,
1136 4180 1326 4221 manus
1356 4173 1553 4220 nostr.e
1598 4164 2086 4233 subseriptionibus
2128 4165 2313 4220 subter

717 4275 850 4316 eam
894 4259 1234 4316 decrevimus
1279 4258 1560 4314 roborare.
1621 4255 1999 4312 Childebertus
2039 4271 2134 4311 rex
2182 4259 2312 4314 sub-

719 4352 942 4423 scripsi.

719 4511 1056 4580 scriptorum
1111 4523 1290 4564 rerum
1334 4507 1758 4580 Francicarum,_
1788 4516 1829 4562 t.
1875 4506 1974 4580 IV,
2017 4522 2138 4576 pag.
2188 4508 2310 4564 6'79.

725 4577 856 4640 Hoc
882 4582 1175 4650 diplomate
1209 4579 1583 4635 Childebertus
1624 4577 1906 4650 eoitﬁrmat
1948 4579 2314 4650 immunitates

721 4670 856 4726 pro
883 4648 1266 4726 villaArduno
1291 4666 1594 4726 concessas
1638 4648 1888 4726 Ecclesia:
1933 4649 2307 4726 Cenomanictc

720 4719 933 4794 duplici
975 4722 1261 4794 Childerici
1290 4722 1333 4775 ll
1356 4722 1668 4794 diplomate.
1695 4720 1989 4787 Utrumque
2032 4719 2155 4773 alihi
2204 4739 2308 4773 ex-

722 4792 1003 4850 hibuimus
1043 4809 1111 4847 ex
1155 4793 1342 4846 iisdem
1378 4793 1511 4846 actis
1555 4792 1928 4859 depromptum
1956 4830 1970 4850 ,
2019 4800 2071 4843 ct
2114 4795 2307 4860 spuriis

721 4866 1224 4921 annumeravimus.
1259 4863 1367 4918 Nec
1405 4863 1640 4916 melioris
1689 4871 1828 4916 nota:
1877 4877 2156 4915 censemus
2196 4873 2305 4916 ter-

723 4939 866 4992 tium
903 4937 1337 4999 instrumentum,
1359 4949 1424 4989 ex
1459 4933 1653 4988 eodem
1685 4935 1930 4985 haustum
1965 4935 2110 4986 t'onte
2149 4949 2306 5003 quem

721 5009 928 5078 saepius
956 5007 1260 5078 impurnn’r
1282 5009 1490 5078 experti
1531 5020 1735 5078 sumus.
1781 5002 1916 5078 Falsi
1947 5002 2310 5078 indicinmest

725 5073 998 5148 imprimis
1024 5073 1170 5146 quod
1208 5075 1582 5131 Childebertus
1612 5073 1847 5148 diploma
1878 5075 2089 5148 dequo
2134 5077 2308 5143 agitur

725 5144 967 5217 ﬁngatur
1001 5144 1243 5202 emisisse
1281 5148 1333 5200 in
1363 5147 1588 5217 gratiam
1636 5144 1998 5217 llerlemundi,
2043 5146 2308 5199 Cenoma-

727 5215 919 5274 nensis
947 5219 1206 5288 episcopi,
1245 5218 1336 5287 qui
1367 5233 1474 5288 non
1516 5216 1615 5270 nisi
1646 5215 1735 5268 diu
1766 5225 1886 5288 post
1907 5225 2138 5288 tumtum
2164 5217 2310 5271 Citii-

725 5284 1073 5354 debertifad
1103 5284 1338 5357 regimen
1385 5287 1761 5342 Cenomanicze
1798 5284 2047 5340 Ecclesia:
2088 5297 2310 5342 vocatus

727 5363 858 5427 fuit,
908 5368 967 5414 ut
1005 5359 1243 5415 dicemus
1282 5359 1333 5413 in
1385 5359 1526 5413 uotis
1556 5359 1754 5412 nostris
1794 5357 1858 5408 ad
1899 5357 2040 5410 aliud
2071 5358 2309 5426 ejusdem

727 5430 1067 5500 Childeherti
1100 5431 1356 5500 diploma,
1390 5430 1571 5484 itidem
1603 5430 1862 5498 spurium,
1893 5427 2038 5496 quod
2070 5429 2313 5498 proxime

725 5503 998 5572 sequitur.
1026 5499 1134 5556 Has
1159 5499 1375 5572 ’videsis.

810 5569 838 5609 δ
862 5572 1146 5671 Vatugatum
1175 5588 1206 5625 a
1235 5571 1597 5671 (iamaliserio,
1637 5572 1688 5626 in
1725 5570 1858 5651 llist.
1892 5569 2060 5671 elpiscl.
2089 5571 2311 5654 (genam.

727 5659 860 5720 pag.
892 5640 1017 5720 255.
1048 5659 1116 5698 ex
1141 5643 1438 5720 pontiﬁcali
1471 5643 1889 5720 Cenomanensis
1914 5640 2314 5720 Ecclesi;c;_i_n-

727 5713 940 5776 sertum
964 5717 1102 5769 inter
1125 5714 1256 5768 Acta
1281 5715 1654 5782 episcoporum
1678 5713 2179 5777 Cenomanensium,
2207 5713 2315 5768 Ma-

732 5789 855 5845 bill.
891 5785 1113 5854 Analec.
1157 5797 1276 5854 pag.
1306 5783 1432 5844 285.
1473 5799 1592 5837 cum
1623 5784 2030 5854 discrepantiis;
2066 5801 2312 5839 recusum

734 5877 768 5916 a
799 5858 1036 5921 Cointin,
1070 5853 1262 5909 Annal.
1296 5864 1336 5908 t.
1370 5854 1457 5919 Ν,
1489 5870 1610 5923 pag.
1644 5854 1762 5910 615.
1788 5871 1852 5908 ex
1876 5853 2232 5919 Corvaiserio,
2261 5867 2316 5911 et

738 5947 770 5986 a
787 5927 1186 5986 Collectoribus
1205 5926 1525 5995 scriptorum
1549 5940 1727 5979 rerum
1749 5923 2148 5994 Francicaruni,
2171 5937 2208 5981 t.
2229 5927 2307 5983 ιγ.

1150 6019 1427 6080 Pyram"
1481 6017 1893 6079 LXXXVIII.

2409 2027 2609 2081 multos
2649 2040 2820 2080 annos
2869 2035 3187 2081 antecessor
3228 2041 3357 2081 suus
3401 2025 3648 2079 dominus
3701 2025 3997 2092 Berarius,

2410 2118 2680 2188 quondam
2721 2117 3029 2188 episc0pus,
3070 2119 3330 2188 prmcelso
3365 2119 3632 2173 avunculo
3662 2131 3847 2174 nostro
3873 2119 4001 2173 Clo-

2410 2210 2570 2274 tario,
2603 2208 2873 2277 quondam
2910 2209 3047 2278 regi,
3078 2209 3162 2262 vel
3193 2209 3326 2263 aviae
3368 2215 3570 2263 nostra:
3607 2209 3875 2264 Bachilda:
3913 2225 4000 2264 re-

2409 2301 2546 2371 gium
2575 2301 2722 2373 [add.
2755 2299 3072 2372 quondam],
3106 2301 3269 2355 talem
3301 2301 3620 2371 petitionem
3666 2303 3902 2361 fecisset.
3946 2310 4002 2356 et

2411 2396 2480 2450 ab
2508 2397 2588 2451 eis
2620 2396 2726 2450 tale
2749 2405 3076 2469 praeceptum
3107 2395 3449 2466 pnecepisset
3478 2404 3536 2452 ut
3566 2397 3616 2450 in
3640 2411 3778 2466 pago
3801 2397 4000 2454 Caeno-

2411 2489 2624 2544 manico
2656 2489 2834 2544 nullus
2865 2489 3118 2558 quislibet
3148 2490 3258 2544 ullo
3289 2503 3507 2560 quoque
3540 2498 3780 2560 tempore
3822 2492 3874 2546 in
3906 2507 4001 2546 ac.

2415 2581 2558 2636 tione
2610 2581 2837 2636 ducatus
2884 2582 2972 2637 vel
3020 2583 3313 2637 comitatus
3362 2583 3569 2652 ingredi
3612 2583 3856 2647 deberet,
3901 2583 4000 2638 nisi

2415 2681 2620 2727 tantum
2650 2687 2748 2742 per
2785 2673 3107 2728 electionem
3142 2677 3428 2730 memorati
3461 2676 3731 2745 pontiﬁcis
3761 2686 3852 2730 aut
3881 2694 4002 2730 suc-

2415 2783 2691 2824 cessorum
2720 2784 2937 2823 suorum
2975 2783 3075 2832 seu
3096 2769 3354 2824 abbatum
3379 2785 3442 2824 ac
3471 2772 3810 2826 sacerdounn
3840 2782 4004 2840 atque

2416 2865 2730 2934 pagensium
2761 2862 3276 2919 Cmuomanensium
3314 2864 3511 2920 ibidem
3543 2881 3639 2934 per
3670 2867 4003 2921 voluntatem

2417 2954 2511 3009 Dei
2553 2955 2990 3020 consistensium,
3032 2955 3230 3010 ibidem
3273 2971 3370 3025 per
3411 2955 3706 3026 iussionem
3760 2960 4003 3028 ipsorum

2418 3047 2722 3118 principum
2765 3063 2828 3102 ac
2875 3047 3282 3103 succedentium
3322 3063 3508 3118 regum
3539 3059 3593 3104 et
3629 3049 3696 3103 ad
3736 3051 4004 3120 agendum

2420 3142 2644 3196 introire
2685 3139 2941 3206 deberet;
2973 3150 3028 3197 et
3070 3141 3184 3210 ipse
3215 3141 3318 3196 hoc
3345 3142 3524 3198 taliter
3556 3158 3650 3210 per
3685 3159 3835 3198 suam
3867 3160 4004 3214 pra:-

2419 3234 2745 3305 ceptionetn,
2790 3249 2956 3290 manu
2998 3249 3093 3289 sua
3128 3236 3212 3291 vel
3249 3234 3536 3291 antedicta:
3572 3237 3775 3293 abavia:
3805 3247 4004 3296 nostra:

2419 3327 2705 3391 ﬁrmatam,
2747 3342 2850 3382 una
2880 3345 3003 3382 cum
3032 3344 3299 3384 consensu
3331 3345 3614 3399 procerum
3645 3347 3888 3401 suorum,
3933 3334 4008 3391 ei.

2414 3425 2537 3482 dem
2567 3426 2902 3496 przcstitisse,
2934 3435 2987 3479 et
3027 3427 3196 3496 ipsam
3224 3428 3645 3498 prrcceptionem
3671 3445 3728 3484 se
3757 3445 3866 3499 pra:
3889 3447 4004 3487 Ina-

2416 3519 2574 3574 nibus
2604 3519 2804 3573 habere
2834 3519 3086 3572 aﬁirmat.
3123 3519 3230 3574 Sed
3259 3536 3357 3590 pro
3392 3520 3598 3590 integra
3629 3522 3881 3580 ﬁrmitate
3910 3539 4005 3594 pe-

2417 3611 2500 3666 tiit
2542 3611 2653 3666 ccls
2679 3611 2917 3666 tudinem
2957 3619 3218 3677 nostram,
3251 3620 3310 3666 ut
3341 3612 3441 3668 hoc
3467 3613 3645 3668 denuo
3676 3624 3856 3669 nostra
3886 3616 4004 3686 ple-

2416 3702 2538 3758 nius
2579 3704 2873 3757 auetoritas
2901 3701 3161 3772 prtedicto
3200 3703 3444 3772 pontiﬁci
3475 3703 3700 3774 ejusque
3731 3721 3828 3776 per
3860 3714 4002 3761 tem--

2416 3809 2549 3866 pora
2583 3795 2990 3850 successoribus
3030 3803 3086 3849 et
3131 3795 3259 3864 ipsis
3290 3796 3613 3865 pagensibus
3657 3798 4004 3856 conﬁrmaret

2416 3888 2750 3961 [conﬁrmare
2785 3888 3124 3959 deberemus].
3167 3889 3321 3957 Quod
3363 3906 3462 3946 nos
3507 3891 3580 3946 ita
3611 3893 3921 3961 prtestitisse
3947 3904 4004 3950 et

2415 3982 2469 4036 in
2502 3981 2754 4036 omnibus
2795 3979 3152 4035 conﬁrmasse
3183 3981 3432 4036 volumus
3458 3997 3646 4038 onmes
3675 3999 4005 4054 cognoscere

2418 4075 2772 4147 [conﬁrmasse
2803 4073 3115 4145 cognoscite]
3145 4094 3156 4127 :
3186 4074 3558 4144 praecipientes
3581 4076 3724 4129 enim
3744 4077 4000 4146 juhemus

2417 4176 2471 4222 et
2490 4166 2743 4236 jubentes
2772 4166 3112 4235 praecipimus
3134 4165 3240 4232 (ha:
3268 4175 3377 4220 tres
3402 4181 3569 4222 voces
3597 4166 3813 4237 desunt)
3847 4170 4001 4244 utsi-

2418 4267 2509 4313 cut
2538 4265 2750 4313 constat
2781 4265 3141 4312 memnratum
3171 4257 3500 4313 avunculum
3537 4266 3783 4313 nostrum
3816 4259 4003 4315 Clota-

2417 4350 2578 4420 rium,
2604 4351 2688 4405 vel
2720 4350 2895 4404 aviam
2925 4358 3166 4405 nostram
3197 4348 3508 4405 Bachildam
3531 4365 3629 4420 per
3649 4365 3836 4406 eorum
3869 4367 4006 4423 pra:-

2417 4524 2539 4578 pag.
2570 4507 2693 4575 6'78,
2717 4523 2784 4564 ex
2814 4508 2961 4564 Actis
2983 4509 3359 4577 episcoporum
3386 4508 3897 4567 Cenomanensium.
3923 4511 4004 4566 Ad

2420 4581 2578 4636 ﬁdem
2605 4580 2927 4634 Corvaiserii
2967 4581 3175 4633 edimus
3202 4581 3482 4648 prmcipuis
3515 4580 3888 4650 discrepantiis
3915 4583 4003 4638 in-

2422 4665 2500 4707 ter
2518 4652 2865 4721 parentheses
2881 4651 3085 4719 positis.
3108 4650 3250 4704 Falsi
3276 4651 3524 4705 iudicium
3550 4661 3630 4706 est
3654 4651 4004 4708 llerleinundi

2414 4739 2632 4785 nomen,
2666 4723 2755 4790 qui
2781 4722 2975 4776 infulas
3007 4723 3446 4777 Cenomanenses
3478 4738 3584 4775 non
3617 4724 3864 4787 obtinuit,
3901 4726 4002 4780 nisi

2413 4813 2535 4851 cum
2565 4793 2885 4863 jampridem
2918 4794 3026 4846 fato
3059 4795 3269 4847 iunctus
3301 4803 3444 4847 esset.
3479 4792 3854 4848 Cbildebertus
3895 4793 3958 4848 Ill
3989 4815 4000 4849 :

2413 4883 2555 4921 anno
2585 4865 2726 4920 enim
2748 4863 2873 4928 716,
2902 4865 3052 4932 juxta
3079 4863 3372 4926 Cointium,
3398 4863 3483 4918 ubi
3516 4880 3700 4932 supra,
3727 4879 3848 4933 pag.
3874 4863 4002 4932 586,

2413 4937 2546 4991 obiit
2574 4935 2900 5003 Aiglibertus
2929 4933 3269 4988 Herlemundi
3301 4934 3574 4989 decessor.
3604 4935 3672 4988 Ut
3706 4945 3887 4990 autem
3925 4937 4005 4989 di-

2413 5006 3044 5077 plomatissinceritatcm
3061 5013 3272 5059 tueatur
3287 5004 3426 5077 idem
3447 5007 3710 5077 Quintius,
3732 5020 3850 5073 pag.
3871 5006 3998 5075 615,

2412 5075 2633 5143 conjicit
2674 5093 2770 5146 pro
2820 5075 3152 5146 Childeberti
3200 5075 3438 5140 nomine,
3471 5076 3758 5130 Childeriei
3801 5093 4002 5134 nomen

2413 5145 2805 5217 reponendum,
2838 5155 2892 5200 et
2921 5145 3154 5213 diploma
3185 5147 3524 5217 referendum
3556 5147 3623 5201 ad
3653 5161 3852 5201 artuum
3877 5148 4001 5203 7|9.

2416 5216 2612 5274 Verum
2627 5227 2738 5272 tum
2756 5218 2808 5271 in
2827 5217 3124 5286 pontilicali
3140 5216 3284 5284 quod
3303 5219 3586 5285 exscripsit
3610 5218 4002 5282 Corvaiserius,

2417 5300 2524 5344 tum
2559 5291 2610 5342 in
2647 5288 2895 5356 exemplo
2925 5288 2978 5341 in
3009 5287 3250 5355 plurimis
3280 5288 3640 5356 discrepante,
3672 5289 3815 5356 quod
3851 5306 4004 5343 secu-

2417 5370 2501 5415 tus
2532 5369 2614 5414 est
2655 5361 2906 5414 Actorum
2944 5360 3318 5426 episcoporum
3349 5357 3836 5414 Certo-nanensium
3869 5377 4003 5415 eon-

2416 5433 2740 5495 sarcinator,
2772 5429 2965 5498 legitur
2991 5432 3203 5499 |nomen
3230 5427 3580 5484 Childebeni.
3613 5428 3754 5499 Ergo
3781 5433 3884 5485 hoc
3924 5432 4003 5487 in-

2419 5511 2777 5558 strumentum
2818 5502 3017 5571 spuriis
3043 5499 3537 5564 annumerabimus,
3581 5500 3753 5571 donec
3784 5502 4005 5570 aliquod

2419 5583 2662 5642 etiiergat
2683 5570 3049 5642 authenticum
3067 5573 3211 5638 quod
3233 5571 3559 5642 conjectura:
3581 5570 3779 5626 Cointii
3805 5574 4003 5628 i'aveat.

2416 5641 2659 5714 Diploma
2691 5644 2949 5698 Chlotarii
2978 5641 3047 5695 ad
3080 5643 3393 5711 petitionem
3421 5641 3627 5698 Berarii
3661 5659 4006 5710 concessum,

2417 5715 2559 5786 quod
2606 5715 2788 5769 laudat
2828 5714 3510 5786 Childebertus,[niispiam
3542 5729 3610 5768 ne
3646 5724 4004 5786 memoratum

2417 5783 2633 5856 quidem
2667 5786 2912 5840 vidimus.
2948 5783 3202 5856 Miramur
3233 5783 3623 5849 Mabillnuiuni,
3658 5784 3851 5839 Annal.
3890 5798 3926 5838 t.
3966 5785 4007 5850 I,

2418 5855 2537 5928 pag.
2574 5857 2700 5922 616,
2729 5870 2783 5910 et
2811 5858 3026 5912 criticos
3059 5855 3260 5927 plures,
3307 5857 3412 5912 hoc
3456 5857 3875 5912 instrumentum
3907 5873 4009 5928 pio

2417 5929 2661 6000 legitimo
2689 5929 2959 5984 habuisse.

3612 6023 3685 6084 35
