5174 6574
669 455 803 521 iret

1445 458 1684 516 REGUM
1728 459 1961 515 PRIile
2003 458 2267 514 STIRI‘IS
2309 456 2727 513 FR‘CﬁCUliUM
2772 455 3188 512 I)li‘l.0.\lATA.

3802 454 3947 512 1102

666 580 779 635 suis
801 579 945 635 omni
994 586 1238 647 tempore
1291 575 1357 629 ad
1400 584 1611 645 partem
1658 576 1824 645 ipsius
1871 574 2253 644 monasthyrix
2283 578 2330 634 Α
2361 581 2415 626 et
2463 572 2747 627 ecclesiam
2800 588 2919 627 cum
2970 572 3175 626 decima
3218 580 3273 626 et
3319 569 3657 641 hospitibus:
3711 573 3942 631 liberum

666 671 841 729 sancti
898 670 1161 725 Vincentii
1220 669 1307 724 vel
1358 667 1541 722 domui
1592 666 1846 721 Germani
1900 676 1991 721 aut
2032 667 2259 721 rectoris

666 778 795 820 suos
842 762 1060 817 habiant
1088 762 1480 817 :evindecatum
1532 761 1723 831 adquae
1753 761 2043 815 :elidiatum
2072 778 2084 813 :
2115 768 2168 814 et
2191 760 2262 814 sit

667 854 812 910 inter
841 854 966 925 ipsis
998 868 1065 908 ex
1115 853 1215 909 hac
1254 869 1314 908 re
1345 853 1397 907 in
1447 853 1733 923 postmodo
1774 854 1951 908 subita
1983 852 2255 909 causacio.

666 946 814 1002 BeIfa
844 948 1071 1020 [pristini
1100 948 1251 1015 edit.,
1284 945 1472 1017 Dessa’]
1508 961 1687 1015 recog.
1720 963 1783 1002 ac
1810 949 1957 1004 subs.

744 1040 932 1095 Datum
961 1039 1105 1111 quod
1138 1039 1247 1094 ficit
1275 1040 1475 1094 mensis
1497 1038 1823 1095 Febroarius
1855 1040 2087 1096 dicsxxv
2114 1056 2258 1097 anno

665 1148 762 1190 vm
789 1133 938 1204 regni
966 1133 1159 1200 nostri,
1184 1132 1541 1188 Carracciaco
1564 1132 1815 1187 feliciter.

1389 1267 1550 1323 XVII.

668 1362 916 1435 Dip'oma
980 1362 1293 1435 Childebcrti
1348 1360 1445 1416 111
1474 1402 1487 1424 ,
1548 1362 1681 1432 regis
1746 1361 2260 1435 Francorumarquo

744 1432 966 1575 'phzrima
992 1434 1172 1576 Ἱὸἰὲἱια
1230 1435 1430 1505 confert
1485 1436 1797 1488 monasterio
1862 1432 2261 1487 Fontancllcnsi

751 1516 776 1542 ⁸
830 1523 956 1560 ann.
1130 1545 1141 1555 .

751 1516 776 1542 ⁸
808 1516 956 1560 (ann.
993 1516 1141 1560 704).

743 1618 799 1673 ιιι
831 1619 1053 1673 nomine
1094 1624 1296 1672 sancta:
1326 1624 1381 1671 et
1424 1614 1709 1670 individua:
1740 1614 2043 1679 Trinitatis,
2079 1629 2258 1668 amen.

674 1712 789 1781 Ego
826 1710 1193 1775 Hildebertus,
1230 1708 1326 1764 Dei
1356 1707 1527 1777 gratia
1578 1707 1905 1761 Francorum
1954 1722 2068 1770 rex,
2122 1707 2265 1759 dono

672 1805 788 1859 Deo
819 1804 1044 1874 ejusque
1061 1801 1260 1859 sanctis
1286 1801 1545 1871 apostolis
1568 1798 1729 1854 Petro
1759 1809 1812 1854 et
1836 1798 2026 1863 Paulo,
2055 1815 2265 1853 necnon

2365 666 2584 735 insuper
2615 668 2895 720 transitum
2947 666 3235 721 haccorum
3275 666 3403 720 dicti
3433 665 3690 732 ccenobii.
3718 682 3813 723 seu
3846 684 3945 723 na-

2362 761 2508 815 vium
2564 761 2688 814 vina
2730 770 2822 815 aut
2873 760 2975 815 alia
3032 760 3211 830 aliqua
3259 760 3615 816 deferentium
3673 762 3740 817 ad
3793 779 3949 820 nsum

2364 854 2755 909 monachorum
2786 868 2880 923 per
2930 852 3225 919 Vecanam,
3258 853 3324 907 ab
3353 854 3498 907 omni
3553 854 3952 912 consuetudine

2362 954 2420 1003 et
2474 946 2782 1008 exactione,
2830 944 2882 998 in
2914 945 3093 1000 eundo
3138 952 3194 999 et
3241 944 3540 1013 redeundo,
3587 955 3849 1015 quantum
3892 962 3954 1003 se

2364 1039 2607 1094 extendit
2630 1038 2848 1109 justicia
2907 1048 3110 1093 nostra.
3156 1038 3213 1093 In
3264 1040 3579 1109 episc0patu
3629 1038 3951 1096 Carnotensi

2366 1130 2679 1186 Rtedonium
2708 1142 2761 1185 et
2791 1130 3078 1185 ecclesiam
3110 1148 3229 1185 cum
3267 1139 3377 1185 tota
3401 1130 3631 1195 decima,
3664 1140 3717 1186 et
3738 1147 3950 1200 census,

2366 1234 2419 1281 et
2456 1226 2865 1296 compaeioncm
2894 1225 3173 1279 vinearum
3205 1225 3271 1281 de
3316 1235 3500 1280 monte
3557 1224 3853 1292 Nivelonis,
3898 1234 3955 1282 et

2368 1325 2480 1371 tres
2503 1317 2700 1385 gordos
2733 1316 2948 1380 ibidem,
2983 1332 3103 1370 cmn
3137 1316 3341 1372 duabus
3367 1317 3585 1373 sedibus
3614 1316 3955 1372 molendino-

2370 1424 2510 1475 rum,
2536 1424 2598 1463 ac
2634 1424 2878 1464 mansum
2920 1409 2976 1462 S.
3010 1408 3221 1463 Martini
3247 1423 3369 1463 cum
3408 1408 3585 1479 aliqua
3618 1418 3772 1479 parte
3802 1409 3955 1465 deci-

2368 1514 2614 1556 marum:
2645 1500 2925 1555 ecclesiam
2955 1500 3019 1553 de
3051 1498 3362 1554 Rolleboise
3392 1515 3512 1555 cum
3543 1500 3800 1569 decimis;
3831 1499 3956 1556 Cal-

2367 1592 2623 1647 lifnrnum
2682 1603 2737 1648 et
2784 1592 3067 1648 ecclesiam
3122 1608 3243 1647 cum
3282 1592 3528 1655 decimis,
3562 1602 3617 1647 et
3668 1592 3955 1648 duodecim

2369 1704 2587 1743 mansos
2618 1696 2673 1743 et
2716 1686 3025 1751 dimidium;
3060 1685 3453 1741 Francavillam
3486 1694 3540 1741 et
3568 1686 3852 1742 ecclesiam
3889 1685 3958 1741 de

2371 1779 2570 1834 Viletta
2605 1796 2727 1835 cum
2762 1788 2875 1835 tota
2904 1780 3129 1843 decima,
3165 1788 3271 1834 tam
3316 1779 3369 1833 in
3420 1778 3747 1834 molendinis
3794 1792 3953 1847 quam

673 1869 932 1967 piissimis
957 1869 974 1874 —
1010 1869 1416 1951 confessoribus
1488 1892 1887 1959 VanJregisilo,
1970 1892 2263 1955 Ansberto,
2296 1895 2343 1955 Β
2372 1871 2424 1925 Ῐ¹¹
2458 1873 2636 1967 εις-τίκ
2669 1882 2725 1927 εί
2767 1882 2935 1927 Imm“
2969 1870 3185 1967 I909”?
3215 1870 3460 1967 “UIO'lifi
3501 1879 3557 1926 θί
3597 1869 3959 1967 ίθξΤωη-(Ῐυω

674 1990 958 2045 Wlfranno
986 1998 1042 2045 et
1089 1972 1465 2053 lterembetto,
1496 1987 1566 2041 ob
1612 1986 1873 2041 honorem
1908 1993 1963 2039 et
2010 2001 2267 2039 reveren-

675 2086 808 2141 tiam
838 2083 1206 2137 translationis
1235 2080 1616 2151 praedictorum
1664 2088 1976 2133 sanctorum
2009 2092 2036 2129 a
2067 2076 2268 2132 domno

674 2186 733 2233 et
760 2175 1058 2232 venerabili
1101 2173 1357 2244 episcopo
1402 2172 1588 2236 Baino,
1635 2172 1827 2225 abbate
1872 2170 2009 2223 illius
2038 2169 2269 2225 co-noliii

674 2265 1135 2331 Fontanellensis,
1169 2278 1342 2344 nuper
1369 2262 1546 2317 eidem
1576 2260 1826 2315 cu-nobio
1868 2259 2029 2327 facta,
2072 2269 2126 2314 et
2158 2259 2267 2313 fra-

677 2361 853 2417 tribus
883 2359 973 2429 qui
1010 2358 1096 2414 die
1126 2365 1399 2424 noctu-rue
1437 2355 1610 2411 eidem
1642 2355 1892 2411 emnobio
1939 2353 2270 2409 Fontanclhe

675 2452 795 2508 Deo
822 2451 1162 2516 famulantur,
1181 2449 1232 2503 in
1257 2463 1445 2518 puram
1469 2456 1523 2501 et
1545 2455 1863 2517 perpetuam
1886 2446 2266 2500 elemosinam:

675 2546 956 2613 videlicet,
989 2544 1042 2599 in
1082 2544 1399 2614 episcopatu
1449 2540 1789 2607 Bclvacensi,
1828 2541 2175 2596 ltevecuriazn
2218 2549 2272 2595 et

674 2640 965 2697 ecclesiam
1003 2654 1125 2695 cum
1176 2636 1385 2692 decima
1416 2645 1472 2691 et
1514 2635 1846 2709 appendiciis
1886 2636 2035 2701 suis;
2092 2634 2271 2704 capel-

674 2734 788 2787 lam
817 2731 884 2785 de
913 2728 1082 2795 Faiel,
1110 2730 1165 2784 in
1190 2727 1569 2783 Chivericeriis
1593 2744 1688 2782 sex
1720 2728 1960 2798 hOSpites
1982 2736 2037 2783 et
2064 2736 2272 2798 partem

674 2825 1011 2881 decimarum
1035 2841 1049 2889 ;
1076 2822 1389 2878 Rouvillare
1410 2830 1465 2877 et
1490 2830 1645 2892 prata
1669 2838 1732 2877 ac
1764 2823 1949 2877 silvas.
1983 2823 2035 2877 In
2064 2822 2275 2893 episco-

674 2926 816 2987 patu
848 2914 1217 2981 Ambianensi,
1249 2913 1601 2969 medietatem
1632 2914 1697 2969 de
1728 2913 1957 2981 Buxeio,
1984 2927 2039 2969 et
2071 2924 2275 2969 terram

679 3010 849 3064 unius
901 3023 1165 3074 carrucm,
1203 3015 1259 3063 et
1310 3007 1655 3062 medietatem
1688 3007 1927 3073 decimae,
1967 3016 2022 3061 et
2062 3007 2275 3061 tertiam

674 3108 899 3172 partem
928 3099 1149 3154 decima:
1187 3098 1253 3153 de
1281 3096 1453 3161 Dors;
1485 3099 1625 3168 apud
1666 3098 1962 3163 Valiacum,
1989 3097 2275 3167 quamdam

676 3190 1012 3264 particulam
1035 3198 1223 3245 terrm:
1256 3187 1406 3255 item,
1456 3189 1508 3243 in
1540 3188 1728 3243 eadem
1754 3189 2007 3255 dimcesi,
2056 3189 2108 3243 in
2138 3205 2275 3261 pago

678 3282 1019 3347 Vimaeensi,
1064 3282 1399 3353 Dareneyum
1433 3290 1488 3336 et
1517 3282 1801 3337 ecclesiam
1843 3298 1967 3338 eum
1998 3292 2107 3339 tota
2131 3283 2276 3339 deci-
2304 3274 2351 3338 C

680 3391 804 3443 ma,
821 3372 1084 3429 Waucort
1107 3383 1163 3429 et
1192 3373 1476 3428 ecclesiam
1493 3390 1614 3429 cum
1639 3374 1847 3430 decima
1870 3384 1925 3429 et
1955 3376 2274 3448 hospitibus.

681 3469 743 3524 in
788 3468 1104 3537 episcopatu
1134 3464 1451 3535 Parisiensi,
1485 3466 1732 3536 Alpicum
1766 3476 1820 3522 et
1845 3469 2128 3524 ecclesiam
2155 3486 2277 3525 cum

679 3570 808 3618 tota
832 3560 1061 3627 decima,
1094 3567 1147 3613 et
1171 3559 1495 3617 Ursiniolum
1514 3560 1580 3614 ad
1604 3560 1793 3615 De.....
1824 3561 2019 3616 vallem
2041 3571 2095 3616 et
2121 3562 2278 3617 dimi-

679 3642 862 3721 dium,
892 3651 1201 3708 Viciniacas
1246 3670 1307 3707 ac
1354 3652 1621 3707 decimam
1668 3653 2090 3720 Villioliscortis;
2121 3664 2177 3709 et
2224 3655 2279 3710 in

680 3745 920 3801 Blarolio
950 3761 1146 3801 census
1174 3754 1229 3801 et
1257 3744 1523 3801 decimam
1566 3744 1876 3811 vinearum;
1908 3745 2278 3803 Marcouchies

764 3914 787 3940 τ’
822 3899 1041 3957 Edimus
1082 3917 1149 3957 ex
1176 3901 1369 3957 scheda
1403 3901 1717 3967 Mabillonii,
1758 3903 1910 3966 cujus
1940 3904 2151 3971 copiam
2182 3921 2280 3960 no-

680 3976 772 4030 lois
800 3975 1041 4028 let-erunt
1069 3986 1319 4029 auctores
1356 3974 1704 4028 Collectionis
1748 3976 2069 4043 scriptorum
2102 3992 2277 4030 rerum

678 4046 1092 4102 Francicaum.
1131 4045 1241 4100 lloc
1283 4057 1459 4100 tamen
1512 4046 1925 4099 instrumentum
1972 4046 2110 4100 inter
2138 4048 2280 4101 Chil-

675 4118 898 4171 deluerti
923 4114 987 4167 Ill
1020 4116 1309 4183 diplomata
1343 4132 1448 4168 non
1473 4116 1822 4180 admiserunt,
1859 4132 1957 4170 nec
1984 4116 2087 4169 ulla
2122 4118 2280 4185 hujus

678 4188 954 4243 memoria
1008 4200 1089 4239 cst
1140 4187 1189 4239 in
1248 4186 1540 4239 Annalibus
1584 4187 1787 4241 ordinis
1846 4189 1901 4241 S.
1962 4187 2276 4249 Benedicti;

683 4259 842 4311 unde
894 4259 1049 4311 nobis
1115 4257 1272 4310 valde
1326 4266 1571 4325 suspecta
1628 4266 1708 4308 est
1756 4256 1915 4326 hujus
1976 4259 2282 4326 diplomatis

682 4330 998 4385 sinceritas.
1067 4328 1192 4390 Iino,
1236 4344 1449 4380 omnem
1499 4327 1570 4379 illi
1623 4327 1778 4379 Iidem
1821 4329 2006 4381 adimit.
2063 4329 2281 4383 collatio

684 4401 940 4465 eiusdem
976 4415 1096 4453 cum
1132 4398 1318 4451 notitia
1349 4397 1653 4465 diplomatis
1700 4399 1900 4453 inserta
1946 4399 1995 4453 in
2026 4400 2281 4454 Chronico

685 4471 1120 4529 Fmitanellensi,
1155 4484 1239 4537 ap.
1296 4469 1521 4522 Dacher.
1557 4469 1740 4539 Spicil.
1778 4479 1816 4523 t.
1876 4471 1958 4533 Ill,
1990 4486 2107 4539 pag.
2157 4470 2278 4525 197.

687 4543 777 4594 Ad
802 4541 953 4593 istius
985 4541 1137 4593 noliti
1159 4561 1185 4586 ιν
1215 4540 1517 4608 exemplum
1548 4537 1860 4593 fabricatum
1888 4537 2045 4594 fuisse
2077 4542 2284 4595 videtur

682 4614 1112 4668 instrumentum
1144 4612 1208 4663 de
1230 4626 1336 4677 quo
1383 4611 1613 4677 agimus,
1645 4618 1697 4663 et
1741 4612 2081 4679 amplissimis
2130 4614 2279 4665 aldi-

682 4683 935 4738 tionihns
982 4693 1217 4734 auctum.
1252 4682 1565 4748 Legitimum
1604 4681 1838 4749 diploma
1872 4683 1985 4737 h:ce
2024 4684 2135 4735 sola
2178 4684 2274 4735 do-

683 4771 763 4809 na
813 4762 1115 4805 memorat:
1162 4752 1474 4820 Adpiccum,
1523 4752 1875 4816 N'ivilittCllttl,
1932 4754 2273 4820 Curbaniam,

678 4824 1027 4883 Albacohan,
1064 4822 1272 4888 Nidum,
1292 4822 1638 4875 Terrtclidum
1662 4839 1782 4875 cum
1809 4826 2096 4891 pra'stariis
2121 4827 2276 4891 quin-

680 4911 845 4967 que;
909 4895 989 4967 his
1039 4902 1214 4967 autem
1276 4894 1657 4967 plurimaAalia
1716 4896 1992 4961 subjunxit
2043 4896 2273 4963 diploma

678 4964 839 5034 quod
865 4964 1087 5018 edimus
1122 4965 1191 5017 De
1220 4976 1435 5030 (".DICI'O,
1470 4964 1714 5018 falarius
1750 4976 1905 5019 notas
1937 4967 2277 5033 chronologi-

680 5054 789 5093 cas
820 5051 887 5089 ex
922 5034 1316 5088 Fontanellensi
1345 5035 1602 5089 Chronico
1638 5038 1918 5101 exscripsit
1945 5038 2014 5089 ita
2046 5038 2278 5090 oscitan-

679 5119 801 5175 ter,
837 5115 897 5161 ut
927 5108 1089 5159 etiam
1120 5122 1287 5158 annos
1332 5106 1640 5159 indit-tionis
1670 5116 1723 5160 et
1781 5107 2068 5162 Dozninica‘.
2100 5107 2279 5162 locar-

680 5177 935 5235 nationis
990 5177 1143 5245 quasi
1198 5177 1295 5245 ipsi
1346 5177 1621 5243 diplomati
1667 5177 1935 5245 subje:,-tas
1993 5178 2276 5243 addiderit,

680 5265 833 5319 quas
858 5256 1037 5301 tamen
1066 5256 1252 5302 auctor
1283 5248 1517 5319 chronici
1550 5263 1643 5316 per
1669 5248 1909 5319 modum
1954 5249 2265 5318 interpreta-

685 5317 865 5375 tionis
914 5319 1171 5372 adbibere
1208 5334 1266 5373 se
1298 5318 1392 5384 ait,
1452 5327 1507 5370 ut
1564 5317 1827 5371 decimum
1877 5317 2277 5387 annmnregni

683 5390 1029 5447 Childeberti
1062 5388 1125 5441 ΙΙΙ
1154 5405 1297 5443 anno
1342 5393 1408 5442 ab
1439 5388 1810 5444 lncarnatione
1844 5390 2049 5445 Domini
2078 5390 2276 5457 alliget.

687 5467 870 5517 ﬂecte
897 5460 1115 5530 quidem
1156 5475 1327 5513 annus
1372 5461 1455 5513 hic
1487 5461 1735 5513 Convenit
1765 5477 1884 5514 cum
1912 5477 2053 5515 anno
2085 5460 2279 5515 Christi

680 5533 822 5597 7M,
846 5534 939 5586 sed
970 5541 1094 5584 tunc
1120 5534 1365 5585 currebat
1395 5531 1615 5583 indictio
1638 5532 1725 5595 viij
1751 5540 1839 5584 aut
1870 5533 1940 5594 ix.
1967 5548 2072 5585 non
2090 5547 2283 5585 secun-

680 5607 802 5668 da;
838 5618 940 5657 nec
968 5602 1070 5656 hoc
1110 5618 1253 5656 anno
1297 5601 1411 5656 dies
1443 5602 1530 5669 λιι]
1559 5599 1663 5653 kal.
1706 5601 1964 5656 Novemb.
2000 5603 2050 5655 in
2092 5602 2278 5657 feriam

679 5677 1013 5737 secundam,
1046 5675 1137 5726 sed
1188 5672 1238 5726 in
1281 5674 1520 5737 quintani
1570 5672 1769 5725 incidit.
1805 5672 2140 5728 Mabilloiius
2169 5688 2283 5726 mc-

681 5746 853 5802 niinit
881 5744 1193 5800 donationis
1220 5741 1360 5797 viihe
1405 5743 1621 5811 Adpieci
1664 5741 2063 5798 Fontanellensi
2098 5758 2282 5797 mona-

677 5821 863 5874 sterio
894 5829 1204 5880 concessm;
1234 5829 1416 5868 verum
1459 5830 1527 5867 ex
1559 5815 1814 5868 ehronico
1856 5813 2280 5877 Fontanellensi,

675 5906 799 5947 non
854 5903 919 5943 cx
969 5887 1287 5956 diplomate,
1322 5886 1467 5953 quod
1520 5894 1744 5939 noverat
1793 5896 1961 5952 certe,
2004 5886 2096 5940 sed
2154 5901 2284 5940 sane

669 5967 993 6032 rapuerat.
1030 5954 1192 6012 Falsi
1244 5956 1388 6012 aliud
1418 5956 1671 6011 indicium
1701 5963 1785 6013 est
1824 5957 1876 6011 in
1927 5958 2030 6015 hoc
2085 5958 2285 6014 instru-

2373 1979 2490 2016 rnm
2520 1963 2700 2028 boum,
2729 1971 2793 2016 te
2813 1979 2924 2016 ram
2957 1963 3022 2016 de
3042 1962 3318 2017 Ortlnnari
3348 1963 3493 2029 villa,
3519 1963 3779 2033 capellam
3802 1962 3958 2032 juxta

2372 2055 2614 2122 stolium,
2647 2057 2787 2122 quod
2820 2054 3014 2108 dicitur
3040 2040 3283 2109 Fontana
3328 2054 3627 2122 Bertholdi,
3661 2072 3780 2111 cum
3813 2065 3958 2112 terra

2373 2155 2426 2199 et
2447 2146 2771 2215 hospitibus,
2804 2156 2860 2200 et
2883 2156 3079 2201 terram
3102 2146 3166 2201 de
3192 2147 3337 2203 Duco
3359 2163 3575 2219 campo,
3603 2158 3658 2203 ct
3686 2150 3958 2205 dimidiam

2373 2246 2573 2293 terram
2635 2238 2700 2291 de
2749 2237 3085 2305 Boscocorti,
3145 2246 3199 2293 et
3258 2249 3425 2295 totam
3478 2240 3740 2295 decimam
3792 2243 3960 2313 ipsius

2372 2329 2533 2384 villie.
2564 2328 2651 2397 Et,
2684 2338 2739 2384 ut
2770 2330 2872 2384 hoc
2903 2331 3103 2384 donum
3134 2338 3377 2386 nostrum
3409 2346 3504 2387 seu
3530 2332 3750 2402 Iargicio
3775 2342 3961 2388 nostra

2375 2424 2567 2480 futuris
2598 2425 2952 2494 temporibus,
2970 2424 3197 2480 Domino
3218 2434 3564 2495 protegente,
3588 2426 3964 2483 valeaticeon-

2374 2519 2525 2575 vulsa
2554 2533 2893 2589 permanere,
2928 2534 3090 2573 manu
3147 2519 3380 2589 propria-
3413 2520 3956 2589 subterlirmavimus,

2375 2620 2432 2665 et
2458 2611 2601 2665 anuli
2634 2610 2802 2665 nostri
2830 2610 3183 2680 impressione
3213 2611 3460 2666 rohorari
3488 2610 3729 2668 fecimus.

2447 2701 2580 2755 Data
2613 2702 2681 2758 cl.
2718 2701 2808 2771 xiij
2864 2701 3204 2769 Novembris,
3238 2717 3381 2759 anno
3411 2704 3561 2774 regni
3594 2707 3762 2761 nostri
3789 2723 3845 2773 ι,
3873 2706 3961 2763 in-

2377 2793 2617 2849 dictione
2646 2792 2704 2863 ij,
2746 2793 2878 2849 feria
2917 2793 3175 2861 secunda,
3210 2810 3352 2851 anno
3393 2795 3678 2853 dominicae
3708 2797 3961 2855 incarna-

2378 2886 2540 2941 tionis
2564 2902 2764 2941 eccum.

3078 2978 3267 3036 XVIII.

2378 3091 2626 3171 Diploma
2670 3091 2983 3171 Cliilfieberti
3012 3090 3130 3155 111,
3159 3095 3312 3171 _regis
3342 3092 3692 3171 raucorum,
3723 3114 3822 3170 quo
3863 3100 3963 3171 pri.

2450 3165 2633 3235 vilegia
2664 3166 2937 3232 conﬁrmat
2964 3182 2994 3216 α
3025 3165 3485 3235 prurdecessoribus
3514 3170 3621 3223 suis
3647 3165 3964 3227 monasterio

2453 3234 2513 3289 S.
2540 3233 2715 3305 Sergii
2752 3233 3137 3305 Andegarensis
3166 3252 3408 3291 concessa
3431 3237 3457 3276 ι)
3488 3241 3635 3304 (ann.
3669 3238 3821 3311 705).

2449 3368 2849 3433 Childebertus,
2884 3384 2976 3425 rex
3006 3368 3359 3435 Francorum,
3392 3372 3475 3427 vir
3506 3373 3750 3442 illustris,
3788 3378 3966 3435 omni-

2380 3462 2480 3518 bus
2532 3461 2814 3530 agentibus
2873 3471 2978 3516 tam
3026 3463 3382 3531 prmsentibus
3426 3480 3587 3534 quam
3639 3476 3695 3523 et
3749 3468 3963 3528 futuris,

2380 3554 2643 3625 Quicquid
2693 3572 2791 3626 pro
2838 3556 3045 3611 emlesti
3077 3571 3284 3623 amore,
3316 3558 3403 3613 vel
3434 3574 3534 3630 pro
3558 3569 3761 3617 aeterna
3805 3564 3969 3621 retri-

2379 3648 2601 3703 butione
2627 3647 2694 3702 ad
2722 3648 2837 3702 loca
2862 3656 3172 3703 sanctorum
3203 3652 3269 3704 ab
3296 3653 3731 3709 antecessoribus
3760 3655 3969 3725 princi-

2380 3742 2536 3814 pibus
2586 3743 3009 3812 parentibusque
3066 3742 3268 3799 nostris
3318 3743 3420 3799 fuit
3462 3744 3746 3815 indultum,
3778 3750 3824 3805 si
3858 3749 3965 3808 hoc

2380 3910 2581 3965 mento,
2610 3900 2752 3973 quod
2790 3901 2858 3955 ibi
2893 3902 2945 3955 S.
2996 3898 3263 3973 Wlfranni
3294 3917 3490 3973 corpus
3536 3904 3746 3961 dicatur
3783 3908 3835 3963 in
3876 3924 3965 3965 ec-

2381 3974 2593 4026 clcsiam
2621 3971 2676 4026 S.
2708 3970 2847 4025 Petri
2874 3970 3207 4037 translatum,
3236 3988 3357 4026 cum
3382 3970 3556 4029 adhuc
3581 3976 3631 4029 in
3664 3978 3798 4033 vivis
3818 3990 3964 4036 esset

2382 4042 2693 4098 Wlfrannus
2741 4058 2881 4096 anno
2914 4060 2944 4097 χ
2999 4043 3148 4108 regni
3204 4044 3530 4099 Childeberti
3556 4046 3651 4109 III,
3682 4059 3739 4103 ut
3768 4050 3968 4107 fatetur

2383 4113 2740 4180 Mabillonius,
2774 4125 2825 4166 et
2855 4114 3105 4168 evincunt
3127 4124 3375 4169 auctores
3405 4115 3565 4171 Nova:
3598 4118 3781 4175 Galliae
3803 4120 3962 4177 Chri-

2381 4184 2589 4263 stianae.
2625 4184 2786 4252 Ergo,
2822 4200 2943 4263 cum
2978 4192 3068 4263 _to_t
3116 4186 3308 4240 menda
3342 4185 3524 4241 falsam
3562 4189 3802 4263 chartam
3836 4208 3966 4263 pro-

2382 4255 2530 4318 bant,
2562 4256 2699 4310 hanc
2729 4256 3081 4325 supposititiis
3111 4271 3465 4311 annnmerare
3498 4274 3604 4313 non
3638 4255 3961 4325 dubitamus.

2454 4326 2479 4365 b
2516 4326 2682 4394 llujus
2703 4326 3007 4391 diplomatis
3033 4328 3275 4381 meminit
3291 4327 3610 4383 Sirmondus
3630 4332 3695 4384 ad
3717 4332 3966 4390 Godefri-

2384 4397 2506 4450 dum
2552 4396 3021 4468 Yindocinensem,
3048 4395 3241 4465 Opera,
3272 4408 3306 4453 t.
3346 4400 3429 4465 HI,
3462 4400 3564 4455 col.
3600 4400 3723 4468 792,
3761 4413 3874 4459 not.
3906 4403 3958 4461 ὸ.

2385 4467 2526 4544 Illius
2558 4466 2914 4544 fragmentum
2946 4468 3163 4544 edidere
3200 4469 3497 4544 Iliretusin
3539 4466 3963 4544 Antiquitatibus

2383 4538 3027 4616 Andegavensibus,_pag.
3062 4538 3180 4616 IQI,
3214 4550 3268 4595 et
3310 4542 3558 4616 Moricins
3593 4538 3741 4616 inter
3768 4548 3964 4616 proba-

2386 4610 2556 4664 tiones
2602 4610 2841 4665 bistorim
2886 4610 3225 4679 Britannicae,
3268 4628 3334 4667 ex
3398 4614 3725 4671 chartulfirio
3768 4610 3964 4673 'Sancti

2382 4682 2575 4749 Sergii,
2612 4691 2646 4753 t.
2682 4681 2698 4734 I
2731 4681 2885 4750 prob.
2920 4682 3026 4753 col.
3061 4680 3185 4736 223.
3216 4682 3353 4738 Hinc
3391 4684 3767 4753 depromptum
3818 4688 3961 4745 inte-

2378 4764 2528 4819 grum
2564 4752 2915 4820 vulgaverunt
2964 4752 3380 4821 Sammarthani,
3418 4754 3552 4809 Nov.
3586 4752 3726 4810 Gall.
3760 4757 3960 4816 Christ.

2382 4831 2417 4875 t.
2444 4822 2535 4897 IX,
2566 4837 2684 4893 pag.
2732 4822 2856 4897 ζῇς),
2900 4832 2954 4877 et
2990 4821 3323 4897 Colleetores
3353 4843 3528 4897 rerum
3561 4826 3961 4897 Francicarum,

2381 4903 2420 4947 ι.
2449 4891 2539 4965 ιν,
2568 4891 2690 4962 pag.
2723 4892 2820 4965 681
2854 4910 2968 4965 ;_ex
3012 4896 3438 4951 Sammarthanis
3464 4896 3729 4965 Cointius,
3763 4891 3960 4959 Annal;

2380 4973 2419 5021 t.
2448 4963 2535 5040 IV,
2558 4978 2680 5040 pag.
2714 4963 2837 5040 Ml.
2870 4963 3220 5040 ‘Recudimus
3274 4984 3337 5021 ex
3368 4970 3680 5038 apographo
3717 4963 3865 5040 quod
3894 4989 3963 5029 ex

2380 5035 2574 5109 eodem
2591 5035 2920 5109 chartulario
2943 5046 3194 5091 accurate
3206 5035 3652 5109 exscripéerat,et
3679 5035 3962 5098 nobiscum

2382 5108 2508 5161 olim
2565 5106 2949 5161 humanissime
3020 5106 3517 5164 communicaverat
3575 5110 3635 5164 D.
3682 5109 3964 5170 Housaeau

2381 5177 2810 5243 congregationis
2867 5176 2925 5231 S.
2984 5178 3164 5242 .tlauri,
3212 5180 3297 5233 cui
3364 5181 3657 5235 scribenda:
3724 5182 3963 5240 historia:

2382 5246 2728 5322 liituriccnsis
2764 5256 2836 5322 et
2872 5247 3271 5322 Andegavensij
3318 5249 3635 5305 demandata
3684 5256 3965 5322 provincia

2382 5318 2574 5391 fuerat,
2602 5329 2655 5371 et
2686 5320 2799 5387 qui,
2825 5318 2883 5391 in»
2904 5319 3202 5391 juventutis
3243 5318 3395 5391 flore,
3424 5336 3619 5391 magno
3643 5318 3719 5378 rei
3748 5323 3961 5380 littera-

2382 5390 2427 5444 ri
2448 5410 2473 5439 ι·
2497 5388 2695 5443 damno
2721 5388 2921 5456 jamdiu
2946 5388 3099 5443 obiit.
3129 5390 3328 5445 Desunt
3349 5390 3401 5445 in
3433 5388 3789 5450 instrumento
3820 5406 3964 5453 nota:

2382 5460 2799 5535 chro_n_ologiea:.
2833 5460 2994 5535 Certe
3021 5475 3051 5535 a
3100 5460 3446 5535 Childeberto
3477 5462 3543 5517 ΠΙ
3575 5465 3828 5535 emissum
3857 5476 3965 5535 est,

2383 5530 2647 5604 siquidem
2697 5540 2847 5604 pater
2875 5530 2991 5604 ejus
3024 5532 3075 5585 in
3122 5531 3418 5602 diplomate
3448 5535 3566 5604 ipso
3596 5530 3969 5595 Theodericus

2384 5601 2599 5667 dicitur,
2633 5616 2763 5654 avus
2792 5601 3132 5656 (lhlodoveus
3170 5601 3188 5655 :'
3216 5617 3323 5671 quo
3355 5601 3531 5659 autem
3558 5621 3723 5671 anno,
3764 5624 3871 5661 non
3903 5608 3967 5663 li-

2384 5680 2550 5796 quet;
2592 5687 2767 5752 neque
2799 5672 2849 5725 id
2892 5674 3041 5741 argui
3089 5682 3268 5752 potest
3298 5690 3361 5753 ei:
3394 5677 3727 5758 temporibus
3755 5679 3970 5759 abbatis

2436 5742 2770 5796 heodebcrtt.
2801 5743 2867 5796 de
2894 5759 3001 5796 uuo
3047 5744 3263 5796 aliunde
3295 5745 3428 5796 nihil
3465 5763 3744 5796 I‘I'SCIIIIUB.
3779 5747 3937 5796 Dmln
3964 5786 3967 5791 .

2436 5742 2770 5820 boodeberti,
2801 5743 2867 5797 de
2894 5759 3022 5820 quo“
3047 5744 3263 5820 aliunde
3295 5745 3428 5820 nihil
3449 5742 3744 5820 rescituus.
3776 5747 3937 5820 Diplo
3964 5786 3967 5791 -

2386 5830 2469 5867 ma
2522 5814 2624 5867 hoc
2660 5822 2944 5867 recensent
2984 5812 3228 5869 Cointins
3258 5825 3312 5871 et
3359 5815 3721 5883 Mabillonius,
3766 5812 3966 5877 Annal.

2385 5894 2426 5939 t.
2456 5884 2514 5950 ll,
2548 5898 2669 5953 pag.
2699 5884 2783 5951 lt},
2809 5884 2905 5938 sub
2937 5900 3079 5941 anno
3107 5884 3212 5939 705
3240 5895 3332 5942 aut
3356 5887 3479 5943 706.
3508 5888 3679 5947 Varia:
3708 5890 3974 5951 lectiones

2387 5971 2455 6014 ex
2485 5956 2641 6012 editis
2673 5956 2887 6013 inserta:
2914 5964 3043 6013 sunt
3072 5957 3214 6014 inter
3242 5974 3434 6016 uncos.
