5174 6622
1745 486 1888 547 1105

2517 476 2781 536 S/ECUL.
2823 477 2914 534 VII
2958 478 3043 533 ET
3084 478 3193 534 VIII
3236 476 3766 536 ECCLESIAS'I‘ICA
3802 478 4256 539 MONUMENTA.

4894 480 5018 536 ΗΜ

1742 605 1947 667 nostris
1976 601 2211 660 oraculis
2246 600 2596 661 aftirmamus,
2627 597 3015 652 retributorem
3047 594 3330 649 Dominum
3363 598 3412 658 Α
3437 612 3558 653 mus
3585 595 3728 652 enim
3766 605 3846 666 ut,
3885 596 4025 653 sicut
4053 605 4267 654 constat
4297 598 4348 653 in
4380 605 4632 671 respectu
4672 597 4845 669 ipsius
4874 606 5022 653 ante-

1741 699 1939 759 exinde
1967 696 2170 751 habere
2214 692 2553 749 conﬁdimus.
2582 689 2749 759 Igitur
2791 698 3086 758 cognoscat
3128 687 3328 756 magni-

1740 790 1876 847 tudo
1917 805 2012 846 seu
2044 788 2245 842 utilitas
2277 794 2477 849 vestra,
2505 782 2651 853 quod
2687 781 3011 835 venerabilis
3039 781 3119 834 vir
3147 777 3327 834 Theoo

1742 882 2020 946 debertus,
2050 879 2216 951 abbas
2261 877 2329 931 de
2377 873 2708 930 monasterio
2751 874 2897 942 quod
2928 884 3010 927 est
3038 874 3090 926 in
3124 872 3331 927 honore

1744 974 2037 1049 peculiaris
2065 971 2278 1042 patroni
2308 969 2480 1025 nostri
2512 968 2567 1024 S.
2603 966 2775 1036 Scrgii
2801 979 2857 1023 et
2879 967 3062 1021 domni
3091 966 3331 1022 Medardi

1743 1066 2009 1139 episeOpi,
2051 1065 2105 1119 in
2136 1062 2392 1117 suburbio
2437 1058 2739 1127 Andegavis
2772 1058 2915 1113 urbis
2941 1068 3326 1125 constructum,

1744 1161 1815 1216 ad
1845 1168 2085 1215 nostram
2116 1155 2343 1211 accessit
2364 1152 2723 1223 praesentiain,
2758 1160 2812 1206 et
2850 1150 3151 1205 clementia:
3181 1150 3331 1218 regni

1742 1251 1917 1307 nostri
1956 1248 2221 1319 sugges-it
2250 1245 2392 1315 quod
2433 1244 2501 1298 de
2552 1243 2795 1298 curtibus
2825 1241 3092 1312 praedicta:
3131 1253 3329 1297 sanctte

1744 1344 2003 1407 basilice,
2055 1356 2175 1410 quae
2220 1338 2567 1393 nominantur
2627 1335 2943 1401 Marentius,
3001 1334 3327 1401 Silviliacus,

1744 1434 2053 1498 Taunueus,
2136 1431 2463 1493 Noviliacns,
2531 1430 2765 1491 Senona,
2846 1435 2901 1480 et
2968 1426 3333 1481 Genehonnus

1747 1526 1941 1599 [Editi,
1966 1519 2400 1590 Genebtonnus],
2420 1520 2572 1575 annis
2592 1518 2814 1587 singulis
2838 1517 3187 1581 inferendam,
3212 1519 3341 1573 soli-

1745 1620 1848 1675 dos
1876 1633 1972 1675 seu
2004 1616 2155 1688 μία..
2203 1613 2321 1685 sex]
2376 1610 2757 1676 inferendales,
2799 1620 2853 1665 et
2884 1611 3020 1665 alios
3058 1627 3152 1666 seu
3186 1609 3338 1680 |Ed.,

1740 1709 1886 1783 sex],
1914 1709 1981 1764 de
2007 1707 2317 1763 remissaria
2348 1705 2463 1759 auri
2496 1704 2747 1774 pugensis
2774 1701 2904 1777 [ed.,
2935 1700 3226 1772 pagensisl,
3259 1702 3339 1753 in-

1745 1799 1977 1856 ferendo
2024 1799 2076 1853 in
2110 1796 2222 1851 iisei
2249 1796 2481 1850 ditiones
2512 1792 2852 1848 reddebant.
2885 1792 2948 1846 Et
2979 1792 3088 1846 tale
3138 1790 3342 1845 beneli-

1745 1895 1893 1948 cium
1921 1893 2073 1945 bona:
2110 1888 2380 1943 memoria:
2417 1901 2550 1940 avus
2582 1892 2764 1939 uoster
2793 1882 3138 1939 Chlodoveus
3165 1890 3219 1936 et
3247 1895 3342 1950 ge-

1744 1983 1897 2040 nitor
1919 1991 2102 2037 nostcr
2133 1977 2513 2042 Theodericus,
2542 1975 2811 2046 quondam
2835 1990 3009 2044 rcges,
3035 1989 3131 2044 per
3151 1988 3339 2028 eorum

1745 2073 2158 2133 auctoritatem,
2207 2070 2273 2124 ad
2329 2071 2503 2140 ipsum
2550 2069 2961 2131 monasterium,
2990 2083 3098 2121 sua:
3149 2082 3341 2122 manus

1739 2164 2253 2235 subscriptionibus,
2304 2176 2403 2231 pro
2459 2160 2727 2215 mercedis
2804 2175 2991 2213 eorum
3051 2165 3341 2227 augmento

1741 2265 2150 2319 concesserunt,
2184 2263 2238 2308 ut
2271 2253 2446 2307 nullus
2468 2252 2633 2321 jutlex
2665 2252 2913 2323 publicus
2948 2252 3000 2306 in
3028 2251 3190 2327 ipsas
3220 2266 3340 2306 cur-

1741 2361 1851 2416 tes,
1881 2351 1949 2406 ad
1984 2349 2272 2421 agendum,
2324 2363 2422 2404 nec
2451 2348 2517 2403 ad
2556 2347 2707 2403 freda
2759 2346 3106 2416 exigendum,
3141 2363 3247 2403 nec
3275 2347 3341 2402 ad

1743 2444 2058 2500 mansiones
2076 2441 2397 2506 faciendum,
2424 2456 2525 2495 nec
2549 2440 2617 2495 ad
2637 2455 2834 2495 causas
2862 2438 3212 2505 audiendum,
3241 2453 3342 2495 nec

1746 2535 1817 2591 ad
1849 2535 2191 2603 tidejussores
2207 2531 2525 2597 tollendum,
2542 2545 2644 2587 nec
2668 2529 2736 2585 ad
2757 2539 2941 2600 pastos
2972 2547 3070 2585 nec
3100 2531 3165 2584 ad
3180 2546 3339 2600 para-

1743 2638 1833 2682 tas
1876 2626 2125 2691 intraret,
2159 2640 2257 2679 nec
2297 2622 2579 2693 judiciaria
2621 2628 2895 2692 potestate
2926 2621 3092 2676 ullam
3138 2621 3338 2676 redibi-

1742 2719 1954 2775 tionem
1999 2716 2215 2787 penitus
2244 2715 2440 2772 exinde
2488 2714 2810 2784 requireret,
2857 2713 2956 2769 nisi
2981 2712 3127 2784 quod
3169 2713 3339 2783 ipsam

1741 2804 2084 2866 inferendam
2115 2807 2254 2862 idem
2286 2806 2450 2861 abbas
2479 2820 2576 2876 per
2604 2819 2663 2861 se
2689 2804 2863 2875 ipsum
2895 2810 2989 2857 aut
3020 2818 3116 2874 per
3146 2802 3340 2860 missos

1739 2916 1876 2961 suos
1902 2902 2055 2957 annis
2106 2900 2328 2969 singulis
2388 2899 2440 2954 iu
2481 2898 2738 2954 sacellum
2788 2896 3060 2969 publiequ
3113 2893 3341 2951 reddere

1744 2992 1991 3050 deberet.
2029 2992 2176 3047 Unde
2203 3001 2257 3045 et
2282 2990 2411 3044 alias
2440 2990 2832 3060 prarceptioues
2856 3005 2951 3045 seu
2974 2998 3028 3043 ct
3049 2987 3339 3043 conlirina-

1744 3084 1930 3141 tiones
1950 3100 1981 3138 a
2001 3082 2249 3152 gloriosis
2267 3081 2579 3153 parentibus
2604 3080 2803 3135 nostris
2819 3079 3198 3142 anterioribus,
3224 3093 3339 3130 ina-

1743 3178 1905 3234 nibus
1954 3190 2142 3232 eorum
2197 3177 2503 3242 roboratas,
2548 3189 2608 3229 se
2664 3188 2773 3243 prce
2844 3172 3093 3226 manibus
3142 3171 3341 3225 habere

1744 3270 2002 3336 allirmat,
2035 3286 2131 3340 per
2152 3283 2286 3339 quas
2327 3267 2504 3337 ipsum
2538 3265 2857 3321 beuelicium
2887 3264 2955 3318 ab
2981 3264 3111 3334 ipsis
3134 3263 3336 3334 princi-

1743 3364 1906 3435 pibus
1944 3362 2044 3416 fuit
2087 3360 2371 3421 induitum,
2406 3359 2486 3413 vel
2538 3374 2709 3429 usque
2741 3374 2882 3413 nunc
2931 3366 3333 3413 conservatum.

1742 3455 1986 3525 Ideoque
2015 3469 2114 3525 pro
2145 3452 2411 3507 tirmitatis
2440 3451 2622 3506 studio
2652 3450 2807 3520 petiit
2839 3457 3079 3503 nostram
3113 3448 3336 3503 celsitu-

1743 3547 1951 3614 dinem,
1980 3556 2039 3601 ut
2067 3554 2250 3600 nostra
2275 3543 2569 3599 auctoritas
2590 3544 2729 3597 circa
2755 3542 2929 3612 ipsum
2952 3540 3340 3596 monasterium

1742 3640 1838 3696 vel
1866 3639 1984 3706 ejus
2009 3635 2482 3705 congregationem
2505 3635 2613 3688 hoc
2641 3633 2819 3687 denuo
2844 3631 3176 3701 generaliter
3202 3645 3342 3686 con-

1744 3734 1971 3792 firmare
2026 3733 2268 3789 deberet.
2325 3731 2425 3785 Cui
2478 3745 2578 3784 nos
2634 3729 2774 3784 hanc
2843 3728 3183 3798 petitionem,
3241 3741 3342 3796 pro

1743 3827 2053 3886 reverentia
2078 3826 2251 3881 sancti
2283 3823 2449 3894 ipsius
2480 3822 2608 3889 loci,
2653 3821 2795 3876 sicut
2818 3820 3104 3891 unicuique
3136 3818 3341 3889 petenti

1742 3918 2091 3990 nequivimus
2129 3916 2436 3983 denegare;
2467 3912 2562 3968 scd
2606 3911 2838 3981 gratanti
2904 3911 3086 3965 animo
3136 3911 3342 3980 praesti-

1742 4011 1881 4068 tisse
1907 4019 1964 4066 et
1991 4010 2046 4064 in
2067 4008 2316 4064 omnibus
2340 4004 2691 4062 confirmasse
2720 4003 3055 4075 cognoscite.
3090 4002 3341 4074 Praecipi-

1821 4160 1847 4190 ι
1879 4168 1898 4203 ι
1927 4148 2257 4205 Trithemius
2287 4146 2425 4201 hanc
2448 4144 2691 4199 chartam
2715 4140 2925 4197 viderat
2956 4141 3009 4195 in
3066 4148 3344 4195 monaste-

1741 4225 1831 4281 rio
1856 4220 1915 4277 S.
1952 4221 2092 4274 Petri
2150 4216 2559 4272 Erefordiensis.
2593 4214 2719 4269 Ideo
2763 4220 2942 4268 autem
2989 4212 3093 4266 hoc
3139 4211 3340 4265 insnu-

1743 4303 1991 4350 mentum
2037 4290 2321 4357 exscripsit
2371 4296 2427 4342 et
2454 4285 2712 4354 vulgavit,
2742 4281 2879 4354 Opp.
2913 4282 3175 4357 historic._
3207 4297 3338 4357 pag.

1745 4363 1836 4429 59,
1872 4370 1929 4418 ut
1956 4361 2115 4431 hujus
2146 4352 2751 4431 falsitatemretegeret,
2775 4352 2897 4431 cum
2926 4353 3177 4431 monachi
3204 4352 3335 4408 Ere-

1741 4423 1977 4491 fordiani
2005 4423 2132 4487 iIlud
2164 4446 2261 4499 pro
2309 4428 2546 4495 legitimo
2588 4423 2939 4499 autographo
2990 4423 3339 4499 vinditareut.

1743 4506 1904 4561 Nullo
1925 4505 2143 4573 quidem
2166 4495 2350 4573 sigillo,
2368 4500 2634 4573 munitum
2664 4505 2807 4573 erat,
2834 4496 2930 4573 sed
2953 4495 3339 4573 ostentabatur

1744 4564 1992 4631 foramen
2029 4573 2183 4643 quasi
2220 4564 2599 4643 iestimoniiini
2644 4566 2954 4643 deﬁcientis
2977 4565 3165 4643 _sigi_lli
3196 4564 3344 4643 quod

1745 4647 1944 4716 injuria
1967 4634 2268 4716 temporum
2292 4641 2517 4716 periisse
2534 4638 2946 4716 conjiciebatur.
2977 4634 3329 4716 Τιἰιιιιξιιιξιιεε

1744 4705 1943 4786 ωἰιοει
1973 4705 2143 4785 ipsum
2168 4705 2427 4775 Coin'tius,
2478 4705 2674 4789 Annal.
2706 4718 2756 4789 t._
2785 4706 2876 4789 IV,
2909 4720 3031 4789 pag.
3062 4705 3187 4771 440,
3216 4707 3331 4789 famlsi

1746 4777 1944 4845 indicia
1977 4777 2298 4843 monstrant,
2329 4799 2447 4852 quin
2485 4781 2713 4836 strictim
2747 4778 2832 4852 hic
2870 4781 3139 4852 attingere
3184 4777 3333 4852 suffi-

1745 4863 1874 4915 ciat.
1903 4860 2092 4912 Datum
2124 4856 2319 4910 dicitur
2346 4848 2583 4923 diploma
2614 4866 2756 4906 anno
2779 4848 3173 4923 Incariiationis
3203 4850 3326 4915 700,

1744 4930 2041 4986 indictione
2067 4930 2137 4989 ix,
2171 4943 2289 4995 qua:
2321 4919 2460 4980 notae
2487 4919 3074 4995 chronologicmuinter
3094 4933 3179 4995 Ase
3224 4936 3331 4975 non

1746 5002 2101 5055 concordant.
2128 4986 2222 5050 Itin
2248 5006 2370 5064 post
2398 5009 2597 5048 annum
2625 4993 2730 5047 706
2758 4986 3036 5064 conditum
3058 4986 3187 5064 _fu_it_
3210 5007 3331 5047 mo-

1745 5072 2041 5126 nasteriuin
2073 5069 2140 5122 de
2187 5060 2293 5137 quo
2344 5068 2540 5133 agitur,
2598 5060 3228 5137 ut_ostendt_int__’l'rith.
3263 5072 3333 5137 _e_t

1745 5142 1926 5195 Uttiltl.
1960 5141 2047 5193 ubi
2071 5132 2249 5208 supra,
2283 5145 2337 5190 et
2368 5132 2616 5208 auctores
2640 5134 2775 5189 Nov.
2810 5132 3109 5208 Gall.__Ch_r.
3171 5142 3208 5186 t.
3257 5132 3327 5208 Υ,

1748 5214 1856 5266 col.
1912 5211 2036 5264 6'27.
2095 5204 2333 5274 Diploma
2390 5209 2491 5262 hoc
2546 5205 2853 5275 Dagoberto
2903 5204 3063 5257 tribui
3112 5205 3329 5273 nequit,

1746 5299 1870 5338 eum
1894 5281 2071 5335 nullus
2093 5281 2246 5346 hujus
2271 5277 2501 5332 nominis
2526 5292 2669 5330 anno
2693 5283 2991 5345 praenotalo
3024 5278 3076 5329 in
3106 5276 3329 5330 Francia

1747 5353 2075 5420 regnaverit.
2141 5345 2497 5420 liagobertuni
2545 5346 2611 5401 Ill
2664 5350 2870 5401 videtur
2901 5345 3186 5420 in__meute_
3232 5347 3331 5420 lia-

1747 5416 2226 5484 bu'isselalsarius,
2280 5435 2400 5473 cum
2449 5418 2565 5486 ejus
2617 5433 2776 5471 avum
2828 5416 3063 5485 appellet
3094 5417 3333 5472 Chlodo-

1746 5507 1934 5559 veum,
1950 5509 2081 5548 sane
2101 5492 2227 5559 quia
2250 5488 2624 5544 Childebertus
2646 5488 2732 5552 IlI,
2758 5497 2910 5559 pater
2933 5486 3221 5559 Dagnberti
3249 5490 3331 5552 Ill,

1749 5556 2066 5619 Chlod’oveo
2094 5556 2156 5615 III
2186 5569 2547 5623 successerat;
2577 5562 2670 5614 sed
2698 5556 3039 5613 Clilodovcus
3080 5556 3139 5611 Ill
3173 5560 3337 5613 frater

1749 5632 2239 5693 fuit'tjhildeberti,
2285 5646 2392 5685 non
2441 5643 2633 5698 pater:
2680 5630 2839 5698 digna
2889 5629 3071 5697 inepto
3118 5630 3336 5685 falsario

1750 5705 2124 5759 Iialluciuatio.
2180 5703 2254 5755 De
2298 5702 2538 5755 formulis
2585 5700 2811 5755 insolitis
2859 5699 3106 5754 sileinus:
3143 5716 3241 5755 nec
3270 5704 3338 5755 de

1753 5776 2047 5839 ltigoherto
2075 5776 2332 5843 episcopo
2363 5771 2674 5839 Moguntino
2703 5770 3055 5843 quatstioneui
3095 5772 3337 5826 movebi-

1751 5861 1891 5907 mus,
1925 5862 1988 5899 cx
2022 5840 2379 5899 instrumento
2408 5844 2493 5895 cui
2524 5844 2665 5896 nulla
2698 5842 2827 5895 lides
2855 5840 3097 5897 debetur.
3130 5844 3337 5898 i—Sic

1752 5918 1931 5969 clarus
1967 5918 2046 5969 vir
2089 5916 2153 5968 de
2203 5914 2539 5983 Brequigny;
2572 5923 2626 5966 at
2656 5912 2909 5966 nonnulla
2941 5912 3135 5969 addere
3160 5915 3334 5983 juvat.

1755 5984 1905 6042 llmc
1954 5987 2198 6043 chartam
2250 5982 2485 6055 vulgavit
2539 5982 2899 6040 Falkeiustein
2953 5983 3010 6040 in
3068 5982 3338 6043 Chronico

3434 689 3596 743 rioris
3642 689 4021 761 prazccptionis
4050 692 4138 746 vel
4176 689 4625 756 confirmationis,
4661 688 4809 759 quod
4859 689 5024 759 ipsum

3436 779 3758 835 beneﬁt-ium
3790 796 3958 850 usque
3988 781 4237 850 nunc,de
4268 792 4378 837 tam
4410 782 4572 852 longo
4602 790 4875 850 tempore,
4906 783 5027 835 alis-

3435 887 3540 942 que
3579 872 3689 926 ulio
3739 872 4168 942 contradicente,
4207 873 4274 927 ab
4328 871 4458 943 ipsis
4506 872 4847 942 principibus
4904 869 5027 925 inibi

3435 962 3680 1031 legaliter
3701 964 3801 1019 fuit
3845 978 4246 1030 conservatum,
4273 965 4345 1020 ita
4370 965 4626 1035 deinceps
4658 973 4931 1030 teneatur,
4978 972 5031 1018 ut

3437 1072 3612 1127 neque
3656 1074 3773 1124 vos,
3802 1074 3978 1128 neque
4009 1060 4253 1129 juniores
4288 1076 4383 1116 seu
4440 1074 4793 1116 successores
4844 1060 5027 1123 vestri,

3439 1165 3540 1205 nec
3572 1151 3711 1206 ullus
3757 1153 3986 1221 quilibet
4015 1155 4083 1208 de
4120 1153 4408 1223 judiciaria
4437 1161 4733 1225 potestate,
4772 1154 4841 1208 ad
4871 1167 5031 1222 agvno

3439 1242 3590 1307 dum,
3639 1258 3737 1297 nec
3785 1244 3852 1298 ad
3892 1244 4041 1300 I’reda
4077 1245 4421 1315 exigendum,
4466 1260 4568 1302 nec
4614 1248 4681 1301 ad
4724 1246 5034 1301 mansione-5

3439 1331 3761 1401 faciendum,
3789 1351 3888 1390 nrc
3908 1335 3975 1391 ad
3998 1350 4190 1392 causas
4214 1335 4567 1403 audiendum,
4596 1352 4696 1393 nec
4718 1337 4785 1391 ad
4809 1334 5029 1404 Μαλοί-

3440 1441 3594 1481 sores
3624 1427 3939 1493 tollendum,
3975 1444 4075 1483 nec
4102 1428 4169 1483 ad
4218 1428 4354 1484 ullas
4383 1429 4653 1498 quaslibet
4682 1428 5032 1485 redibitiones

3442 1517 3641 1572 ibidem
3695 1520 3909 1587 penitus
3979 1519 4337 1576 exactandum
4395 1520 4598 1589 ingredi
4652 1520 4889 1588 amicat;
4942 1520 5037 1579 sed

3441 1609 3817 1678 quodcumque
3863 1625 3988 1680 pars
4026 1612 4136 1667 tisei
4171 1612 4340 1665 nostri
4396 1612 4593 1667 exinde
4633 1612 4917 1683 percipere
4948 1621 5037 1666 aut

3449 1711 3701 1759 exactare
3728 1712 4000 1774 potuerat,
4022 1704 4198 1760 nullus
4223 1713 4460 1760 vestrum
4479 1706 4585 1761 hoc
4613 1706 4835 1776 penitus
4856 1706 5034 1775 requi-

3446 1811 3567 1851 rere
3593 1806 3903 1867 prtcsumat,
3934 1797 4032 1852 nisi
4069 1806 4276 1853 tantum
4310 1797 4464 1853 annis
4490 1799 4714 1867 singulis
4753 1798 4857 1869 ipsi
4888 1797 5037 1853 solidi

3445 1884 3731 1943 duodecim
3760 1904 3857 1959 per
3883 1890 4054 1958 ipsum
4070 1888 4340 1955 abbatem,
4372 1899 4465 1943 aut
4487 1904 4584 1960 per
4606 1890 4830 1945 missoin
4860 1905 5037 1955 suum,

3445 1979 3647 2034 nostris
3695 1979 3897 2035 :erariis
3930 1980 4113 2035 inferri
4153 1980 4407 2047 debeant,
4449 1990 4508 2035 ut
4549 1982 4751 2036 dictum
4802 1991 4909 2044 est,
4940 1997 5036 2035 no-

3442 2070 3570 2126 atris
3598 2078 3653 2126 et
3676 2071 3887 2135 futuris,
3920 2071 4149 2126 Domino
4194 2072 4512 2138 auxiliante,
4549 2072 4910 2143 temporibus.
4942 2070 5037 2140 lgi-

3444 2170 3531 2217 tur
3560 2179 3684 2219 cum
3716 2164 3807 2219 Dei
3835 2172 3890 2218 et
3942 2171 4128 2218 nostra
4163 2164 4358 2233 gratia,
4390 2178 4487 2234 per
4515 2164 4792 2234 inspectas
4825 2165 5037 2217 antedi-

3447 2266 3563 2311 ctas
3592 2257 4005 2325 praeceptiones,
4036 2256 4179 2311 sicut
4233 2270 4402 2324 usque
4444 2272 4584 2311 nunc
4614 2257 4794 2325 ipsum
4841 2256 5037 2311 lieneli.

3444 2350 3586 2406 cium
3617 2363 3830 2420 semper
3859 2350 4035 2404 fuerat
4081 2356 4481 2417 conservatum,
4513 2347 4771 2418 jnbemus
4800 2357 4860 2402 ut
4886 2348 5040 2402 inan-

3445 2449 3531 2496 tea
3553 2457 3652 2514 pro
3691 2441 3953 2496 mercedis
3977 2449 4175 2497 nostra:
4208 2439 4403 2496 intuitu
4427 2440 4480 2494 in
4517 2441 4771 2494 omnibus
4814 2454 5039 2493 conser-

3444 2543 3619 2589 vetur.
3670 2532 3755 2601 Et,
3817 2543 3875 2589 ut
3922 2534 4036 2589 lucc
4077 2534 4372 2590 auctoritas
4431 2532 4734 2603 pleniorem
4795 2533 5040 2587 obtineat

3445 2626 3708 2692 vigorem,
3756 2624 3969 2682 Domini
4009 2626 4438 2682 misericordiam
4482 2627 4823 2695 frequentius
4850 2625 5040 2697 depre-

3444 2720 3576 2786 eari,
3634 2734 3825 2775 manus
3880 2727 4077 2776 nostra:
4136 2719 4627 2790 subscriptionibus
4678 2719 4874 2775 subter
4921 2734 5039 2776 eam

3446 2812 3786 2867 decrevimus
3813 2811 4076 2867 roborare

3516 2906 3898 2964 Childebertus
3921 2921 4038 2965 rex.

4170 3016 4309 3074 XIX.

3448 3109 3688 3183 Diploma
3718 3108 4004 3183 Degubcrti
4032 3108 4096 3162 11
4107 3108 4156 3179 1,
4184 3108 4719 3183 regis_Frnncoruni,
4750 3126 4855 3183 quo
4904 3112 5039 3169 dona

3517 3178 3739 3255 ριριισὶιιιίι
3763 3178 4659 3255 τριιῙςῖι-ηδοηαειειῄ).ξεινίηιοηιὶε
4690 3178 4806 3255 [seu
4835 3184 4900 3238 S.
4935 3184 5035 3239 I’e‘

3516 3253 3584 3305 tri
3606 3254 3657 3306 in
3684 3249 3987 3323 lfrefordia]
4014 3262 4037 3287 θ
4068 3258 4216 3322 (ann.
4248 3250 4398 3324 700).

3512 3364 3575 3418 C.
3608 3364 3780 3433 gratia
3804 3362 3881 3435 [in
3913 3362 4151 3433 nomine]
4179 3372 4381 3420 sancta:
4398 3374 4455 3421 et
4481 3364 4771 3422 individua:
4803 3365 5039 3423 Trinita-

3443 3459 3529 3514 tis.
3592 3456 3705 3527 Ego
3756 3457 4509 3531 Tagebertustagobertus],
4562 3459 5038 3529 Fraucorumrcx,

3442 3557 3626 3605 notum
3654 3548 3788 3604 facio
3821 3558 3927 3604 tam
3958 3550 4104 3607 clero
4124 3565 4287 3621 quam
4338 3551 4560 3623 populo,
4588 3561 4700 3609 tam
4728 3554 5041 3610 christianis

3443 3656 3605 3725 quam
3639 3642 3884 3711 paganis,
3917 3641 4062 3713 quod
4095 3641 4281 3698 urbem
4317 3652 4555 3700 nostram
4580 3646 4803 3701 nomine
4825 3644 5040 3700 Μενηνί-

3441 3732 3669 3802 gesbure
3719 3730 4244 3804 [Merouegesburg],
4304 3749 4425 3805 qua:
4497 3734 4654 3791 nobis
4707 3736 5043 3792 lizereditatis

3447 3820 3832 3895 [lnercditario]
3848 3821 3969 3891 jure
3998 3823 4067 3878 ab
4117 3822 4236 3893 ipso
4263 3837 4365 3879 avo
4387 3833 4576 3881 nostro
4617 3825 4884 3895 Merwigo
4913 3826 5042 3901 [Mc-

3444 3913 3654 3986 roveo],
3683 3912 3967 3968 fundatore
3994 3912 4244 3969 videlicet
4269 3912 4514 3983 ejusdem
4544 3914 4694 3971 urbis
4720 3915 4779 3971 in
4808 3914 5038 3972 Thurin-

3443 4011 3553 4082 gia,
3587 4008 3902 4075 obvenerat,
3927 4008 4126 4066 Sancto
4155 4006 4318 4065 Petro
4348 4017 4404 4067 et
4430 4009 4543 4067 suis
4580 4011 4868 4066 monachis
4900 4010 5040 4067 Daeo

3445 4146 3769 4217 Thuringim,
3819 4146 3913 4202 lib.
3944 4162 4002 4214 ιι,
4039 4152 4180 4217 part.
4212 4160 4355 4217 utp.
4396 4144 4554 4208 “0|,
4588 4160 4707 4202 eam
4754 4147 5037 4209 ineditani,

3444 4221 3552 4275 imo
3601 4219 3891 4288 genuinam
3942 4216 4240 4288 reputans:
4274 4216 4356 4273 Ex
4407 4217 5037 4288 archivo‘Erefordiano

3445 4292 3587 4362 typis
3607 4285 3838 4362 quoque
3885 4285 4159 4362 mandavit
4202 4286 4493 4362 Erhardus,
4537 4288 4591 4343 in
4619 4285 5039 4362 commentaris

3445 4308 3467 4346 ῑ
3506 4308 3587 4362 pls
3620 4308 3838 4359 quoque
3885 4308 4159 4343 manuavu
4203 4308 4493 4358 ornamus,
4537 4308 4591 4343 ιη
4619 4308 5039 4343 ιιοιηιηεηιειηδ

3445 4308 3825 4431 (Iiplomatieis,
3882 4358 4210 4431 germanieaA
4238 4358 4415 4426 lingua
4444 4359 4817 4431 _c_onscriptis,
4879 4358 5040 4413 llam-

3444 4427 3597 4501 burg.
3638 4429 3793 4494 lb‘Si,
3813 4427 3869 4485 ι.
3897 4427 3946 4501 ⁷1,
3977 4444 4029 4501 p.
4064 4428 4156 4490 53,
4185 4427 4409 4501 fuseque
4437 4427 4697 4501 falsitatis
4718 4442 5040 4497 argumenta

3450 4498 3716 4573 exponit,_
3740 4498 4459 4573 silentiofpneteriens’qute
4489 4498 4855 4573 Irithemius,
4879 4502 5041 4573 Coin-

3447 4568 3572 4635 tins,
3605 4581 3661 4626 et
3688 4571 3755 4626 de
3785 4568 4085 4641 iirequigny
4112 4571 4477 4641 scripserant.
4501 4568 4718 4641 Partem
4763 4571 4929 4638 hujus
4958 4571 5040 4625 di-

3446 4644 3699 4714 plomatis
3750 4641 4262 4714 vulgavitnqingque
4325 4640 4605 4714 Placidins
4664 4640 4938 4714 _M_a_ttbeus
4987 4641 5040 4695 in

3441 4708 3590 4771 Actis
3641 4708 3941 4768 Academia.—
3999 4708 4399 4779 Erfui'tliensis,
4456 4726 4600 4766 anno
4655 4710 4836 4779 i790,
4899 4723 4940 4766 t.
4999 4714 5038 4781 ι,

3476 4801 3559 4855 ag.
3601 4783 3715 4837 l98.
3748 4782 4022 4855 Erhardus
4052 4789 4282 4855 testatur
4309 4782 4553 4855 chartam
4601 4792 4887 4855 exaratam
4918 4798 5039 4855 esse

3476 4801 3559 4855 ag.
3601 4801 3715 4837 ὶυδ.
3748 4801 4022 4837 nrnaruus
4053 4801 4282 4836 ιθδωιυι·
4309 4801 4553 4837 cnartam
4601 4801 4887 4837 exaratam
4918 4801 5039 4838 esse

3437 4801 3634 4911 Iitteris
3665 4869 3783 4922 qua:
3813 4853 4060 4924 proxime
4085 4851 4353 4908 accedunt
4382 4851 4450 4908 ad
4480 4867 4573 4908 eas
4620 4853 4819 4923 quibus
4857 4854 4911 4907 in
4953 4853 5040 4907 di-

3437 4926 3766 4997 plomatibus
3796 4924 4401 4997 iinperatorumgszeculi
4433 4924 4702 4997 undecimi
4726 4933 4800 4997 _et
4829 4924 5041 4997 duodec

3438 4994 3560 5052 eimi
3597 4994 3903 5051 utebantur.
3932 4994 4160 5065 Constat
4179 4994 4412 5065 insuper
4444 5010 4512 5049 ex
4542 4995 4789 5065 epistolis
4820 4996 4885 5052 S.
4934 4996 5041 5050 Ba-

3439 5067 3640 5129 nifacii.
3695 5082 3830 5136 quas
3868 5065 4066 5121 videsis
4112 5062 4423 5136 iii_fra,'sub
4474 5062 4616 5136 anno
4667 5064 4771 5119 720
4822 5074 5039 5121 tantum

3440 5133 3774 5206 evangelium
3852 5135 4085 5208 paganis
4139 5133 4600 5208 Thuringensibus
4624 5205 4648 5208 _
4677 5136 5039 5208 praedicatum

3441 5204 3622 5263 fuisse.
3655 5204 3865 5262 As-serSt'
3887 5204 4159 5261 Eihardus
4201 5207 4585 5261 monasterium
4616 5204 4687 5262 S.’
4709 5204 4861 5261 Petri
4895 5223 5040 5262 anno

3446 5279 3580 5333 I000
3640 5277 3946 5343 conditum,
4009 5276 4321 5346 nullamque
4374 5276 4685 5347 diploinatis
4743 5276 5040 5347 Dagoberti

3442 5351 3772 5405 mentionem
3826 5348 4083 5420 quopiam
4141 5348 4557 5420 reperirianta
4607 5363 4811 5403 annum
4876 5348 5038 5402 1:290.

3442 5420 3696 5489 Conjicit,
3748 5418 4091 5475 monasteriis
4116 5418 4505 5489 complurimis
4546 5418 4847 5486 interregni
4896 5428 5039 5473 tem-

3444 5487 3577 5563 pare
3608 5492 3971 5563 asserentibus
4009 5502 4073 5563 se
4115 5487 4423 5563 immediate
4451 5488 4516 5543 ad
4529 5489 4836 5563 imperium
4869 5491 5041 5559 perti-

3443 5558 3593 5627 nere,
3626 5562 3677 5615 in
3709 5563 3958 5616 eumdem
4004 5558 4164 5614 linem
4197 5559 4494 5615 monachos
4522 5560 4582 5616 S.
4626 5558 4772 5615 Petri
4802 5558 5039 5615 conten-

3442 5634 3587 5687 disse
3629 5633 3696 5687 ab
3734 5632 3956 5702 antiquo
3984 5642 4114 5697 rege
4142 5644 4203 5685 se
4247 5630 4517 5702 regalibus
4558 5631 4771 5701 praediis
4798 5631 4975 5702 donat
5014 5646 5040 5685 s

3443 5704 3626 5758 fuisse.
3674 5703 3732 5756 In
3778 5700 4179 5770 Bréquiguiana
4219 5700 4457 5756 editione
4500 5701 4691 5757 charta
4722 5717 4785 5756 ex
4822 5700 5043 5755 Trilhe-

3443 5776 3554 5828 inio
3597 5782 3838 5827 mntuata
3883 5773 4095 5837 fuerat;
4148 5771 4344 5841 rectius
4373 5771 4502 5826 duxi
4532 5788 4652 5828 eam
4694 5773 4921 5841 vulgare
4970 5787 5039 5825 ex

3444 5844 3707 5909 Erbardo,
3757 5845 3847 5913 qui
3900 5841 4235 5913 autographa
4291 5839 4668 5911 Erefordiauo,
4709 5839 4809 5898 aut
4846 5858 5034 5913 exere:

3443 5915 3582 5987 piari
3606 5914 3751 5987 quod
3780 5911 4453 5987 habeturautograpbum,
4483 5930 4617 5973 usus
4646 5926 4750 5973 est.
4802 5911 5043 5970 Adhibui

3448 5982 3629 6043 tamen
3659 5984 3800 6042 inter
3830 6000 3998 6041 UIICUS
4029 5982 4277 6042 lectionis
4310 5984 4598 6044 varietates
