5174 6580
671 429 804 489 H05

1449 430 1684 487 illitjlill
1727 427 1960 486 PIIIMKE
2005 427 2266 484 STtlll‘lS
2306 427 2729 485 FitANtIOliUM
2773 425 3186 485 Dll’LOMA'lA.

3822 417 3957 474 1ιοιῖ

669 531 822 613 [beo]
854 541 985 596 inibi
1025 526 1403 606 serv-rentibus,
1446 559 1475 596 a
1506 559 1613 612 quo
1663 553 1717 598 et
1767 545 1880 613 ipse
1933 561 1982 597 IIl
2024 561 2083 598 ns
2139 553 2261 613 post
2289 548 2338 608 Α
2367 545 2475 603 tiei.
2501 563 2530 598 ιτ
2553 546 2722 608 ordei,
2748 555 2802 599 et
2833 544 3053 598 totidem
3086 557 3288 609 avcnm,
3331 547 3382 596 et
3412 547 3606 594 cretera
3630 538 3808 592 omnia
3836 551 3957 594 mea

670 639 1042 693 I'undationcm
1094 638 1406 692 monasterii
1454 638 1599 706 quod
1649 638 1698 692 in
1755 637 2015 693 honorem
2049 639 2258 708 prtel'ati

670 730 900 799 apostoli
932 730 1230 792 construxi,
1264 731 1585 784 vocabulum
1613 731 1860 800 sumpsit,
1895 730 2072 784 deleto
2100 745 2262 800 paga-

669 824 788 878 nico
839 822 988 892 prius
1043 822 1262 876 nomine
1292 823 1378 876 avi
1424 833 1610 877 nostro
1633 823 1804 896 [mei],
1861 824 2021 877 Poetri
2074 822 2261 895 [Petri]

668 931 823 970 mons
855 914 1146 976 vocitatus,
1189 929 1310 967 cum
1367 913 1617 967 omnibus
1647 913 1878 967 servitiis
1909 917 2018 967 suis
2048 921 2169 982 post
2201 914 2263 964 li-

673 1021 794 1061 nem
820 1004 944 1058 vita:
969 1019 1104 1057 mea:
1136 1003 1319 1074 [tinent
1349 1003 1550 1075 meum]
1595 1003 1916 1073 possidenda
1967 1003 2267 1072 [possiden-

669 1095 817 1166 dam]
851 1095 1018 1162 regali
1059 1096 1298 1164 potentia
1327 1095 1592 1148 dedimus.
1645 1095 1799 1160 Quali
1850 1103 2028 1148 autem
2071 1094 2121 1147 id
2174 1095 2265 1148 Ilei

670 1186 1017 1242 ordinatione
1069 1187 1266 1240 laetum
1297 1187 1368 1240 sit
1410 1187 1781 1240 iudicabimus.
1817 1186 1932 1238 Fuit
1961 1186 2013 1239 in
2046 1187 2266 1256 praefata

671 1278 976 1346 nrbejuxta
1026 1276 1312 1331 ecclesiam
1363 1276 1549 1332 Sancti
1600 1276 1760 1330 Dlasii
1801 1277 2070 1347 martyris,
2105 1276 2266 1330 homo

675 1374 787 1437 Dei,
852 1372 1073 1426 nomine
1111 1371 1443 1434 Adeodatus,
1478 1381 1668 1440 rogatu
1724 1386 1845 1425 ineo
1875 1387 1904 1424 a
1956 1371 2267 1439 Mogunliuo

669 1472 948 1539 :rpiscopo
979 1469 1253 1536 ltigihcrto
1285 1467 1553 1531 inclusus;
1585 1469 1676 1535 qui
1725 1467 1978 1532 inclusus,
2010 1468 2079 1520 ob
2129 1467 2270 1535 peri—

669 1562 856 1616 culum
891 1562 1083 1613 anima:
1123 1575 1232 1612 sua:
1265 1558 1444 1628 [Deest
1471 1558 1621 1629 sure].
1655 1559 1843 1613 nolens
1895 1559 1971 1610 nti
2027 1575 2270 1612 commu-

670 1657 840 1710 nione
869 1655 1190 1708 clericorum
1225 1653 1480 1706 uxoribus
1507 1661 1562 1705 et
1585 1653 1750 1704 armis
1794 1651 2065 1704 utentibus
2095 1653 2268 1721 [uten-

671 1745 993 1814 tiuml,scpe
1015 1761 1100 1798 mc
1131 1745 1418 1812 rogavitut
1446 1743 1512 1798 de
1545 1744 1725 1811 aliquo
1778 1759 1898 1796 meo
1950 1744 2273 1797 monachqu

669 1839 913 1894 claustro
943 1836 1122 1908 [utde
1171 1837 1352 1905 aliquo
1407 1837 1647 1891 claustro
1697 1852 1818 1890 meo
1851 1836 2195 1906 monachum]
2242 1851 2270 1889 a

2370 637 2420 690 in
2444 636 2755 702 ’Ihuringia.
2783 635 2862 688 Ad
2879 637 3021 688 hunc
3048 635 3176 689 mihi
3205 634 3459 689 dilectum
3490 632 3956 686 locum‘contuen-

2367 733 2492 787 dum
2513 728 2939 802 [continendum]
2954 728 3074 783 dedi
3092 727 3467 783 ministeriales
3485 740 3655 787 meos,
3670 739 3794 778 eum
3810 721 3961 778 omni

2367 839 2552 879 eorum
2566 823 2752 878 subole
2770 820 3002 894 [sobole]
3018 820 3442 890 etpossessione,
3457 832 3686 886 quorum
3706 816 3818 869 Ita-0
3835 823 3961 869 sunt

2368 918 2620 970 nomina:
2647 914 2940 969 Gisbodum
2966 910 3286 980 lGisbotus‘],
3313 911 3584 964 Elbertum
3618 903 3959 978 [Gilhertus],

2368 1007 2743 1062 Ekkehardum
2786 1004 3126 1075 [Eckardus],
3160 1000 3504 1057 Volfholdum
3553 993 3960 1067 [Vuolﬂoldus],

2371 1100 2530 1154 Gisen
2555 1098 2801 1171 [llysen],
2836 1096 3047 1165 Egenen
3082 1092 3402 1168 [Egenhen],
3430 1091 3745 1159 Woligisum
3779 1089 3964 1158 [Vuol-

2370 1191 2594 1262 ﬂ‘girns],
2619 1192 2872 1245 Omarum
2905 1188 3196 1262 [Omarus],
3223 1187 3560 1256 Sigebertum
3579 1178 3958 1254 [Sigcbertus],

2370 1285 2766 1339 'I‘heodhcrtuni
2786 1281 3256 1352 ['I‘heodobertus],
3276 1277 3668 1335 Theodericum
3686 1277 3696 1347 |
3712 1273 3961 1329 'l'heodo-

2372 1377 2558 1446 ricus],
2604 1376 2923 1430 Adelbotum
2954 1372 3312 1449 [Adelbotus],
3351 1373 3677 1439 Adelgozum
3707 1367 3960 1439 [Adelge‘

2373 1471 2504 1538 rus],
2537 1469 2827 1521 tjelt'ratum
2857 1466 3226 1539 [Gelt‘eratus],
3250 1465 3556 1536 IIyrt'ridum
3583 1457 3964 1532 |llinglridus],

2375 1565 2728 1621 Gunzclinum
2762 1565 3177 1637 [lluntzelinus],
3211 1564 3600 1618 Guntrammnn
3652 1558 3966 1633 [Gimtheric

2377 1658 2520 1727 nus].
2547 1667 2601 1712 et
2627 1667 2848 1712 (ueteres
2869 1673 3056 1712 omnes
3073 1657 3299 1712 famulos
3323 1671 3471 1709 meos
3493 1657 3666 1727 [meos
3691 1648 3966 1722 famulos],

2378 1751 2688 1805 eti'amnlas
2745 1751 2797 1803 in
2847 1749 3158 1818 Thuringia.
3218 1748 3426 1801 Uthate
3477 1745 3692 1798 traditio
3745 1741 3968 1797 domino

2382 1860 2502 1897 meo
2529 1845 2690 1897 .ll-iesu
2723 1841 2871 1915 [Jesu
2915 1841 3150 1912 Christo]
3202 1842 3351 1895 tirma
3378 1839 3693 1894 eternaliter
3723 1841 3962 1898 maneat,

669 1945 787 1998 quo
814 1929 1053 1982 divinum
1084 1928 1321 1982 ol'Iicium
1341 1937 1394 1982 et
1425 1929 1647 1981 verbum
1681 1941 1818 1979 verae
1845 1927 1965 1979 lidci
1989 1927 2197 1978 audiret
2227 1935 2281 1978 et
2311 1931 2356 1991 Β
2387 1935 2555 1988 literis
2588 1936 2785 1989 nostris
2811 1935 3038 1988 stabiliri
3073 1933 3313 1994 fecimus,
3357 1941 3412 1985 οι
3467 1933 3646 1984 hanno
3705 1929 3968 1996 Itigiherti

671 2023 1123 2076 conmiunionem
1171 2022 1310 2075 sacri
1342 2020 1564 2074 misterii
1621 2019 2273 2088 percipiet[perciperet],

670 2117 778 2170 sibi
828 2132 1138 2170 evocarem.
1198 2113 1365 2181 llnjus
1417 2127 1516 2181 ego
1570 2114 1640 2168 ob
1697 2113 1937 2165 intimam
1996 2111 2277 2181 [mutuam]

671 2209 1103 2263 familiaritatem
1133 2207 1400 2276 pmtitioni
1433 2205 1723 2277 [petitioni]
1753 2220 2013 2267 annuens,
2051 2205 2165 2258 misi
2213 2204 2278 2258 ad

672 2301 1074 2357 monasterium
1125 2299 1513 2354 monachorum
1565 2297 1709 2368 quod
1755 2299 1914 2353 simili
1943 2298 2103 2352 modo
2149 2314 2280 2353 ron-

669 2395 853 2449 struxi
907 2393 958 2446 in
991 2391 1315 2446 Wizeuburc
1365 2389 1756 2462 [Selsenburg].
1811 2390 2172 2445 venerabilem
2205 2391 2282 2460 [et

671 2483 1076 2551 venerabilem]
1101 2483 1372 2538 seniorem
1399 2482 1722 2537 monachum
1754 2481 1971 2536 nomine
1990 2480 2280 2534 'l'rutchin-

670 2578 808 2632 dum
844 2573 1243 2647 [Truchintum]
1277 2573 1400 2628 inde
1429 2589 1683 2636 evocans,
1716 2573 1941 2641 prml'ato
1997 2571 2278 2627 Adeodato

670 2672 890 2726 inclu:o
922 2667 1200 2721 doctorem
1228 2677 1283 2720 et
1326 2675 1595 2720 rectorem
1628 2665 1819 2719 direxi.
1863 2664 1966 2729 Qui
1993 2680 2058 2718 eo
2089 2679 2279 2732 perve-

668 2763 837 2816 niens
860 2760 1024 2828 cmpit
1053 2758 1333 2827 paulatim,
1381 2775 1449 2812 ex
1497 2757 1612 2824 ejus
1660 2757 1903 2811 doctrina
1935 2765 1990 2810 et
2029 2755 2280 2809 suasione

667 2852 898 2914 inclusi,
932 2866 1188 2904 nimierus
1212 2849 1546 2904 credentium
1578 2848 1941 2914 inultiplieari,
1988 2855 2098 2900 tum
2147 2862 2282 2899 con-

665 2945 937 2999 versione
968 2958 1305 3012 paganorum
1337 2942 1403 2995 ad
1435 2943 1784 3010 baptisnmm,
1820 2950 1932 2993 tum
1955 2940 2277 2993 clericorum

667 3048 730 3095 et
762 3038 1043 3108 Iayeorum
1069 3036 1136 3090 ad
1159 3035 1531 3090 monachicum
1564 3034 1826 3087 habitum.
1873 3031 1987 3086 lloc
2030 3046 2130 3098 ego
2161 3047 2278 3086 cer-

671 3147 836 3196 nens,
871 3140 926 3184 et
955 3131 1191 3184 divinum
1222 3131 1275 3184 in
1307 3129 1410 3182 hoc
1442 3131 1680 3182 favorem
1729 3127 2051 3194 intelligens,
2084 3125 2277 3178 tradidi

668 3242 816 3294 sepe
845 3225 1042 3277 dictam
1069 3225 1256 3278 urbem
1284 3238 1459 3276 meam
1490 3238 1615 3276 cum
1658 3223 1910 3276 omnibus
1957 3221 2056 3274 sibi
2106 3221 2274 3290 perti-

671 3317 940 3373 nentibus
972 3318 1170 3371 Sancto
1204 3316 1365 3371 Petro
1390 3325 1445 3369 et
1473 3315 1584 3369 suis
1610 3315 1886 3369 monachis
1937 3313 2133 3367 ibidem
2165 3328 2283 3367 mo-
2313 3306 2358 3368 C

673 3412 969 3467 nachicam
1001 3409 1316 3478 religionem
1345 3409 1706 3473 statuendam,
1749 3416 1804 3462 et
1829 3406 2100 3460 abbatiam
2155 3421 2278 3460 meo

672 3503 890 3557 auxilio
951 3501 1268 3555 faciendam.
1308 3498 1439 3552 Dedi
1479 3508 1734 3567 prieterea
1787 3507 1974 3551 sancto
2018 3495 2198 3551 Pmtro
2227 3505 2281 3550 et

672 3596 804 3652 suis
833 3592 1114 3647 liionachis
1137 3591 1204 3645 ad
1253 3607 1379 3645 usus
1403 3590 1666 3654 dchrsos,
1699 3589 1886 3642 silvam
1917 3604 2034 3656 qua:
2083 3587 2152 3640 ob
2183 3603 2280 3640 ιιιι-

674 3687 1064 3743 merositatem
1093 3698 1377 3739 cervorum
1413 3681 1684 3736 llirzbruil
1734 3679 2068 3754 [Ilirsbrulis‘]
2125 3694 2281 3733 voca-

672 3790 800 3846 tur,
823 3795 852 3832 a
879 3776 1172 3832 meridiana
1199 3776 1355 3846 plaga
1389 3774 1535 3828 urbis
1581 3788 1765 3828 versus
1796 3772 2084 3838 orientem,
2109 3786 2281 3840 usque

674 3872 753 3928 ad
783 3870 1046 3924 terminos
1067 3867 1301 3936 regionis
1342 3864 1499 3920 Orlaa
1532 3861 1793 3938 [Orlavu],
1823 3879 1983 3932 quam
2010 3864 2282 3930 regionem

676 3964 923 4034 Pippioo
955 3962 1194 4031 palatino
1231 3960 1430 4015 comite
1479 3957 1706 4030 [comiti]
1741 3959 1790 4011 in
1823 3956 2144 4012 beneﬁcium
2175 3965 2283 4009 tra.

677 4058 828 4113 didi.
863 4055 993 4110 Dedi
1039 4055 1387 4109 nihilominus
1443 4054 1508 4107 ad
1560 4053 1925 4122 supradictum
1979 4051 2283 4106 ccenobium

678 4150 848 4204 villas
879 4163 908 4200 a
939 4146 1146 4202 Sclavis
1177 4147 1228 4200 in
1256 4146 1442 4200 eadem
1471 4146 1602 4200 silva
1630 4146 1815 4208 factas,
1842 4145 2048 4199 scilicet
2074 4145 2285 4197 Tunec-

676 4243 838 4311 dorl']
852 4239 1258 4307 Tuneckdorll‘],
1273 4237 1780 4308 Tagebrechteslete
1795 4239 1804 4309 [
1818 4235 2280 4305 Tugebrachtest],

679 4332 996 4387 Tutelstete
1045 4328 1399 4400 [Tuttelstet],
1453 4326 1811 4383 Neuchenrod
1873 4324 2281 4398 [Neukenrodt],

679 4423 981 4482 Iloehdorl‘
1006 4422 1369 4495 [llochdorll'],
1395 4430 1450 4477 et
1478 4422 1613 4476 alias
1649 4422 1851 4490 plures,
1875 4429 1929 4474 et
1957 4435 2149 4486 aquam
2180 4419 2285 4472 tie-

679 4534 808 4574 ram
833 4515 902 4570 ad
929 4523 1206 4585 capturam
1237 4513 1493 4586 [captum]
1523 4515 1749 4584 piscium
1777 4513 2069 4576 monachis,
2105 4527 2131 4563 a
2174 4525 2285 4566 me-

2383 2027 2688 2100 [Itigherti],
2721 2026 3023 2094 Mogontoni
3053 2025 3289 2094 episcOpi
3341 2024 3600 2094 [episcopi
3629 2021 3971 2092 Moguntitti],

2381 2117 2690 2172 conlirmari
2732 2119 3040 2183 rogavimus
3072 2125 3126 2168 et
3157 2115 3318 2169 anulo
3363 2123 3547 2169 nostro
3578 2113 3970 2182 colligavimus,

2381 2221 2436 2265 et
2463 2211 2639 2281 sigillo
2669 2220 2856 2264 nostro
2877 2209 3116 2263 adhibito
3148 2208 3556 2278 complevimus.

2456 2304 2587 2357 Data
2629 2303 2840 2374 [Karta]
2893 2302 3195 2371 Magontia',
3236 2303 3299 2355 Κ.
3353 2300 3551 2366 Martii,
3599 2300 3652 2354 in
3698 2297 3972 2370 presentia

2383 2394 2646 2463 Rigiberti
2679 2392 3004 2464 [Rigebrrti]
3029 2393 3287 2464 epise0pi.

2454 2487 2676 2553 Signum
2727 2485 3063 2539 invictissimi
3110 2485 3251 2554 regis
3307 2483 3593 2552 Tageberti
3642 2481 3974 2536 Francorum

2383 2578 2736 2649 [Francorum
2769 2577 3100 2646 Dagoberti].
3137 2578 3327 2631 'I‘estes
3354 2576 3594 2630 onmium
3625 2579 3810 2628 harum
3844 2589 3976 2629 eau-

2382 2687 2560 2726 sarum
2589 2679 2718 2724 sunt
2745 2669 2815 2724 hii
2841 2669 2941 2739 [hi]
2977 2688 2986 2721 :
3023 2667 3282 2738 Pippinus
3312 2667 3707 2736 major-domus
3729 2675 3784 2721 ct
3836 2666 3977 2722 titius

2383 2765 2501 2833 ejus
2548 2764 2792 2820 Carolus.
2847 2763 3190 2824 Magnntinus
3234 2761 3625 2834 [Moguntinus]
3686 2761 3977 2830 episcopus

2385 2857 2708 2922 Iligibertus.
2727 2857 3064 2912 Guntamnus
3090 2854 3481 2925 [Gunthernus]
3505 2867 3740 2922 paganus
3762 2865 3970 2909 comes.

2383 2946 2748 3002 Eechabertus
2786 2945 3254 3016 [Eckebi]comes,
3305 2954 3362 3001 et
3407 2946 3583 3000 omnis
3628 2944 3874 3000 :ecclesia
3919 2943 3976 3000 in

2385 3039 2674 3107 Thuringia
2730 3048 2785 3094 et
2834 3040 2975 3094 circa
3029 3037 3273 3093 Rhenum
3325 3039 3376 3092 in
3408 3037 3679 3106 Magontia
3730 3036 3980 3109 [Mogun-

2385 3129 2502 3200 tia].
2536 3131 2666 3184 Acta
2721 3138 2847 3184 sunt
2914 3129 3014 3184 hec
3061 3144 3204 3184 anno
3255 3128 3538 3184 dominica:
3594 3128 3980 3185 incarnationis

2384 3222 2862 3294 septingentesimo
2889 3230 3066 3289 sexto,
3096 3221 3392 3276 indictione
3421 3237 3494 3274 ix.

3123 3355 3238 3409 ΧΧ.

2383 3472 2627 3544 Diploma
2657 3471 2965 3527 Childeberli
3023 3471 3142 3544 III,
3177 3474 3313 3543 regis
3347 3471 3695 3544 Francorum,
3742 3488 3840 3544 quo
3882 3473 3980 3544 υἱι-

2420 3542 2521 3600 lam
2539 3545 2818 3600 Solemium
2836 3545 2993 3597 donat
3018 3542 3246 3598 basilica}
3263 3545 3324 3599 S.
3343 3543 3625 3614 Dionysii"
3651 3545 3762 3612 (an.
3788 3543 3939 3614 706).

2454 3681 2828 3736 Childebertns
2857 3678 3362 3751 [Chilcedebertus],
3383 3695 3475 3734 rex
3509 3679 3867 3746 Francorum,
3896 3680 3972 3733 vit

2389 3775 2632 3830 inluster.
2666 3773 2736 3826 Se
2780 3771 2980 3842 aliquid
3014 3772 3251 3845 [aliquis]
3281 3772 3348 3826 ad
3374 3771 3494 3827 loca
3525 3782 3838 3827 sanctorum
3889 3771 3971 3827 vel

2387 3866 2761 3928 monastlurie,
2785 3864 2929 3932 quod
2958 3863 3452 3935 [monasteriorum
3475 3869 3600 3936 quej
3629 3882 3727 3935 pro
3750 3874 3967 3936 oportu~

2387 3959 2553 4013 tritate
2576 3958 2708 4014 locis
2730 3968 3039 4013 sanctorum
3063 3959 3314 4028 pertenit,
3368 3960 3656 4030 pristamus
3678 3960 3763 4015 vel
3794 3961 3977 4016 conci‘

2387 4052 2576 4110 demus
2609 4071 2620 4104 :
2650 4053 2753 4107 hoc
2782 4053 2938 4108 nobis
2961 4051 3026 4106 ad
3049 4051 3262 4107 Iaudem
3285 4053 3372 4108 vel
3398 4053 3464 4107 ad
3513 4061 3770 4108 aeternam
3826 4055 3959 4112 retri

2390 4144 2668 4199 butionem
2702 4144 2754 4198 in
2803 4143 2900 4198 Dei
2930 4158 3162 4200 nomene
3192 4145 3457 4215 proiicere
3490 4145 3820 4218 [pervenire]
3844 4161 3950 4202 con

2395 4233 2638 4290 tidemus.
2701 4235 2866 4304 Igitur
2911 4245 3207 4306 cognuseat
3253 4239 3579 4307 magnetudo
3635 4254 3732 4295 seu
3781 4239 3982 4299 utilitas

2392 4336 2589 4390 vestra,
2619 4328 2763 4397 quod
2801 4344 2902 4383 nus
2954 4328 3079 4382 villa
3128 4337 3311 4384 nostra
3360 4338 3663 4400 nocopante
3713 4330 3977 4401 Solemio,

2393 4435 2512 4489 quae
2545 4419 2759 4488 ponitur
2790 4419 2843 4472 in
2874 4433 3012 4489 pago
3036 4417 3408 4475 Fanmartinse
3436 4419 3860 4495 [Falmartinse],
3892 4439 3986 4479 su-

2392 4532 2489 4587 per
2527 4515 2689 4570 tluvio
2720 4515 2867 4570 Scalt
2895 4514 3084 4586 [Sale],
3115 4531 3220 4570 una
3251 4531 3373 4571 cum
3427 4531 3588 4570 omne
3643 4526 3850 4572 mereto
3896 4517 3987 4574 vel

679 4611 906 4668 ridiana
938 4619 1091 4679 parti:
1115 4609 1259 4664 urbis
1290 4625 1460 4678 usque
1499 4609 1565 4662 ad
1603 4609 1892 4663 terminum
1922 4608 2084 4664 curia:
2131 4607 2288 4662 mini-
2319 4629 2370 4688 ι)
2394 4609 2724 4678 adjacentias
2746 4622 2890 4676 suas,
2913 4607 3233 4678 etquicquid
3265 4607 3422 4664 liscus
3450 4617 3635 4664 uoster
3657 4619 3765 4664 tam
3787 4611 3857 4666 de
3886 4625 3985 4680 ga-

676 4703 933 4760 sterialis
961 4701 1067 4756 mei
1099 4701 1319 4756 Gisbodi
1370 4700 1642 4771 [Gisboti].
1676 4701 1805 4756 Dedi
1839 4701 1999 4755 etiam
2047 4701 2114 4755 de
2139 4701 2286 4756 curia

677 4813 839 4863 mea,
869 4797 934 4850 ad
959 4811 1087 4850 usus
1116 4792 1361 4862 fratrum,
1410 4811 1439 4850 c
1465 4794 1898 4867 [quinquagiuta]
1933 4794 2140 4849 modios
2179 4793 2289 4848 'tri-

769 4946 793 4970 η
857 4933 1067 4987 Primus
1111 4933 1345 5000 vulgavit
1389 4932 1670 4998 Dubletus,
1718 4934 1848 4988 llist.
1886 4933 2010 4987 abb.
2044 4933 2098 4987 S.
2132 4934 2286 4990 Dion.

679 5020 820 5078 pag.
839 5003 974 5078 6788,
998 5020 1062 5058 ex
1087 5004 1653 5078 archivoDiouysiauo
1676 5005 2075 5078 depromptum;
2095 5005 2289 5078 deinde

686 5075 1067 5136 Maliillonius.
1106 5075 1179 5130 De
1205 5091 1262 5130 re
1291 5076 1515 5144 diplom.
1548 5089 1666 5146 pag.
1702 5075 1831 5137 481,
1867 5091 1929 5129 ex
1964 5077 2289 5132 aecuraliori

681 5146 955 5219 exemplo
984 5147 1037 5200 in
1067 5147 1255 5200 eodem
1306 5146 1530 5219 archiva
1574 5156 1819 5216 exstante
1871 5147 2035 5219 [quod
2075 5147 2288 5219 quidem

685 5236 810 5278 non
843 5218 940 5270 fuit
963 5238 979 5271 ι
997 5234 1084 5270 um
1109 5219 1318 5272 caneris
1339 5217 1658 5285 Sandionvsi
1682 5219 1780 5271 mis
1804 5217 2007 5270 chartis
2026 5218 2076 5269 in
2105 5218 2291 5271 Archi-

680 5306 830 5346 vum
865 5289 1012 5356 regni
1056 5288 1396 5358 translatum,
1449 5298 1502 5342 et
1533 5290 1882 5358 probabilitrr
1928 5289 2129 5356 periit].
2187 5289 2290 5341 lte-

681 5362 970 5418 cuderunt
1001 5375 1068 5413 ex
1093 5357 1319 5413 Dubleto
1345 5357 1615 5426 Cointius,
1639 5360 1777 5412 Ann.
1815 5368 1853 5412 t.
1891 5360 1974 5421 iV,
2014 5375 2132 5426 pag.
2166 5359 2286 5423 447,

680 5443 753 5489 et
787 5431 1024 5496 Mirzeus,
1052 5427 1226 5497 Opera
1254 5431 1384 5498 dipl.
1420 5440 1456 5482 t.
1493 5430 1533 5497 I,
1564 5445 1684 5500 pag.
1713 5429 1837 5484 ‘2“:
1886 5447 1948 5484 ex
1981 5430 2292 5485 Mabillouio

681 5503 932 5558 Colleet.
958 5502 1208 5570 scriptor.
1239 5517 1419 5555 rerum
1444 5501 1687 5555 Francic.
1715 5512 1750 5554 ι.
1778 5501 1864 5563 IV',
1889 5518 2008 5570 pag.
2035 5500 2157 5553 (58-2.
2179 5505 2290 5555 Ilit-

675 5581 788 5646 jus
811 5573 1126 5646 diplomatis
1147 5575 1538 5642 apographum,
1571 5588 1638 5626 ex
1669 5574 2080 5646 membranae-co
2113 5577 2292 5646 rotqu

680 5643 888 5702 saeculi
932 5660 1020 5698 xm
1068 5644 1121 5696 in
1169 5648 1384 5697 archiva
1427 5659 1651 5697 camera:
1680 5646 1962 5696 rationum
2009 5643 2293 5698 lnsnlcnnis

681 5726 944 5774 servato.
998 5715 1276 5769 nobiscum
1319 5716 1545 5782 benigne
1587 5732 1762 5767 comm
1793 5716 2004 5768 .nicarit
2035 5716 2112 5766 vir
2143 5725 2292 5769 \elc-

689 5803 827 5843 rum
852 5787 1332 5840 instrumentorum
1354 5786 1812 5853 iu-lagatoritilige
1839 5806 1875 5838 .s
1904 5795 1956 5838 et
1987 5788 2292 5854 ‘lifl'>]litilx,

691 5860 771 5914 1).
803 5857 1104 5925 Godefroy,
1129 5857 1285 5924 hujus
1307 5872 1531 5911 camera:
1554 5859 1841 5927 ehartnpht
1860 5873 1960 5909 .ax.
1982 5862 2290 5911 Lectiostcm

681 5929 1006 5986 Dlabillonii
1043 5929 1357 5998 sequimur:
1391 5929 1436 5984 is
1486 5943 1591 5985 non
1632 5930 2021 6000 autographum
2054 5930 2289 5998 quidem,

2391 4714 2532 4760 rant.
2562 4744 2573 4756 .
2608 4743 2621 4756 .
2651 4743 2663 4756 .
2707 4717 2868 4772 quam
2899 4709 2955 4755 et
2997 4701 3081 4755 de.
3226 4701 3306 4756 cia
3342 4699 3658 4772 [Graraniga
3697 4717 3859 4771 quam
3909 4704 3980 4763 de

2391 4788 2982 4866 Remerterialibidem
3002 4794 3193 4860 tenuit,
3224 4793 3308 4848 vel
3335 4795 3402 4849 de
3427 4795 3667 4863 qualibet
3689 4805 3979 4854 attractum

2376 4937 2483 4992 .sed
2509 4933 2928 4988 vetustissimum
2959 4933 3264 4998 exemplum
3298 4931 3449 5003 vidit,
3480 4932 3896 5003 francogallicis,
3923 4947 3984 4992 ut

2392 5009 2484 5069 ait,
2519 5007 2586 5060 de
2614 5004 2694 5060 Re
2724 5004 2852 5072 dipl.
2885 5017 3008 5072 pag.
3054 5004 3165 5075 (5:27]
3201 5012 3254 5057 et
3298 5002 3423 5067 278,
3457 5005 3646 5060 litteris
3672 5002 3980 5075 exaratum,

2394 5079 2566 5145 iisque
2598 5075 2864 5144 implexis,
2897 5084 2950 5128 et
2975 5076 3116 5128 lectu
3139 5073 3488 5139 dillicillimis,
3523 5077 3592 5129 ita
3620 5086 3676 5129 ut
3702 5073 3980 5144 Dubletus,

2392 5149 2444 5220 in
2483 5149 2574 5220 his
2617 5147 2900 5220 scripturis
2943 5145 3186 5220 legendis
3226 5146 3454 5220 .minime
3493 5148 3742 5220 peritus,
3777 5160 3835 5202 ut
3868 5150 3984 5218 ipse

2392 5217 2939 5283 Mabilioniuuloeet,
2989 5217 3056 5268 ad
3106 5216 3250 5270 aliud
3293 5216 3600 5284 exemplum
3633 5221 3699 5273 ab
3732 5216 3983 5284 imperita

2394 5306 2553 5343 manu
2582 5288 2780 5343 sreculo
2813 5304 2903 5341 xm
2935 5287 3260 5356 descriptum
3289 5288 3609 5354 confugerit,
3640 5290 3848 5344 mendis
3880 5291 3982 5344 fue-

2393 5361 2574 5416 datmu
2623 5359 2968 5428 turpissimis.
3022 5357 3154 5430 Non,
3195 5357 3422 5430 multum
3471 5359 3540 5412 ab
3587 5360 3690 5415 hoc
3733 5359 3985 5430 exemplo

2393 5432 2598 5487 recedit
2627 5430 2995 5500 apographum
3021 5429 3315 5494 Insulensc,
3339 5429 3494 5495 cujus
3519 5430 3780 5485 lectiones
3808 5429 3990 5486 varias

2395 5502 2883 5575 praecipuasinter
2933 5501 3288 5575 parentheses
3357 5502 3695 5575 apponimus.
3771 5503 3983 5558 Dubleti

2395 5572 2786 5641 discrepantias
2826 5572 3134 5626 exscribere
3183 5586 3362 5638 operte
3392 5574 3623 5641 predum
3673 5589 3778 5627 non
3829 5575 3988 5630 duxi-

2396 5662 2532 5699 mus.
2567 5673 2632 5683 -—-
2678 5643 2928 5711 Ejusdem
2972 5642 3280 5711 diplomatis
3312 5651 3712 5710 transcriptum,
3758 5661 3848 5698 xui
3882 5661 3986 5699 saa-

2397 5717 2538 5771 culo.
2601 5731 2721 5768 cum
2774 5714 3020 5767 νριομὶτιιιι·
3067 5713 3292 5780 Gallica,
3343 5726 3648 5781 exaratum,
3709 5725 3885 5769 exstat
3930 5716 3986 5771 in

2399 5787 2633 5840 Arrhivo
2671 5787 2840 5848 regni,
2889 5785 3162 5856 inrvgisl.
3211 5801 3316 5838 xxii
3363 5783 3621 5838 Titi-sumi
3655 5788 3986 5856 what-tarum,

2397 5859 2463 5911 de
2507 5875 2611 5922 (IUJ
2651 5857 2902 5910 disseruit
2951 5855 3211 5926 Bimamy,
3261 5859 3310 5908 in
3349 5858 3764 5911 tioiiiizicniariis
3815 5855 3985 5915 Acad.

2399 5929 2639 6000 inscript.
2673 5943 2737 5984 ac
2768 5929 2986 5985 human.
3018 5926 3148 5992 litt.,
3188 5935 3225 5984 t.
3260 5926 3525 5994 XXXVII,
3555 5942 3677 5999 pag.
3714 5928 3842 5983 ιλιι.
