5174 6542
697 411 838 475 ΗΟί)

1488 414 1726 471 REGUM
1764 413 2000 469 ΡΒιΜΑΞ
2039 414 2302 471 STIRPIS
2339 413 2758 473 FRANCURUM
2803 419 3216 477 DIPLOMATA.

3830 418 3971 480 tuo

686 545 746 594 et
768 545 996 606 genetur
1026 543 1208 590 noster
1247 531 1638 596 Tbeudericus,
1680 533 1850 586 eciam
1896 538 1950 585 et
1992 545 2280 598 germanus
2306 533 2360 593 Α
2385 530 2681 584 anteriores
2711 531 3083 600 precepcionis
3105 571 3120 597 ,
3153 531 3376 586 babiant
3403 531 3762 588 evindicatum
3793 534 3970 602 adque

683 637 881 684 noster
906 627 1368 689 Chlodocbarius,
1403 641 1498 694 per
1538 639 1724 680 eorum
1763 622 2152 693 precepcionis,
2186 623 2281 679 illo

684 723 926 787 teleneu,
956 720 1210 790 quicquid
1233 719 1301 774 de
1329 732 1519 774 omnes
1540 717 1884 786 neguciantes
1909 723 2000 769 aut
2026 713 2277 779 Saxonis,

682 814 774 868 vel
800 811 1286 883 quaseumquelibit
1312 809 1590 874 nacionis,
1621 807 1687 863 ad
1717 808 1829 878 ipsa
1859 814 2043 862 sancta
2082 803 2280 861 ﬁstive-

682 915 801 960 tate
829 906 1011 961 domni
1053 905 1276 960 Dionisii
1303 903 1369 957 ad
1399 901 1490 957 illo
1519 901 1772 956 marcado
1800 899 2149 954 advenientes
2167 941 2182 965 ,
2208 899 2279 955 ad

679 999 801 1068 ipsa
832 997 1068 1054 baselica
1107 995 1293 1051 Sancti
1337 993 1562 1048 Dionisii
1610 994 1662 1047 in
1703 992 2024 1061 integretate
2051 1006 2276 1047 conces-

675 1092 900 1156 sissent,
943 1090 1024 1146 sic
1065 1102 1280 1159 quoque
1318 1095 1378 1142 ut
1414 1102 1515 1142 nec
1545 1085 1784 1156 postbia,
1819 1099 1919 1140 nec
1959 1092 2118 1149 tunc,
2148 1099 2275 1154 pars

675 1187 810 1240 tisce
839 1197 974 1239 neve
1019 1182 1220 1238 ibidem
1249 1180 1314 1236 ad
1346 1181 1465 1250 ipso
1495 1177 1767 1242 marcado,
1801 1191 1936 1232 neve
1962 1175 2099 1231 infra
2129 1190 2271 1248 pago

678 1275 980 1342 Parisiaco,
1007 1281 1102 1329 aut
1126 1274 1178 1328 in
1207 1273 1321 1343 ipsa
1349 1273 1581 1328 civetate
1606 1269 1864 1334 Parisius,
1897 1269 2070 1340 postia
2093 1269 2272 1325 nullus

673 1368 924 1424 teleneus
949 1368 1018 1422 ad
1047 1368 1192 1436 ipsus
1220 1366 1465 1422 homenis
1490 1365 1839 1431 negociantes
1878 1362 1946 1417 de
1991 1361 2106 1431 ipsa
2152 1363 2270 1418 vice

674 1473 786 1512 non
832 1458 1107 1529 exigintur
1154 1471 1252 1511 nec
1305 1455 1574 1522 tollintur,
1603 1453 1696 1508 sed
1729 1452 1830 1507 boc
1858 1467 1983 1522 pars
2028 1452 2270 1521 predicte

670 1551 914 1607 baseliee
940 1551 1124 1605 domni
1153 1549 1377 1604 Dionisii
1403 1548 1458 1602 in
1488 1547 1808 1615 integretate
1837 1563 1998 1602 omne
2023 1555 2268 1616 tempore

667 1647 875 1702 babirit
916 1662 1237 1702 concessum
1288 1643 1462 1716 adque
1505 1643 1793 1698 indultum.
1843 1643 1994 1698 Unde
2044 1653 2100 1696 et
2145 1642 2266 1698 talis

666 1740 1048 1810 precepcionis
1072 1738 1437 1809 predictorum
1471 1735 1772 1805 principum
1812 1735 1866 1790 in
1897 1743 2146 1804 prescnte
2176 1750 2266 1789 os-

2383 622 2711 678 elidicatum.
2764 621 2829 676 Et
2882 630 3184 694 quatenus,
3237 623 3538 678 antcliactis
3586 626 3966 696 temporebus,

2381 713 2532 769 clade
2560 712 2960 782 intercedente,
2993 714 3061 768 de
3099 714 3216 784 ipso
3246 715 3369 784 vigo
3398 715 3570 770 sancti
3601 714 3823 770 Dionisii
3851 715 3968 784 ipse

2380 805 2662 862 marcadus
2691 806 2792 862 fuit
2819 816 3108 872 emntatus,
3135 815 3191 863 et
3219 808 3285 864 ad
3307 807 3543 864 Parisius
3568 808 3799 864 civetate
3825 809 3966 863 inter

2377 900 2550 955 sancti
2580 898 2793 954 Martini
2823 906 2879 954 et
2907 899 3079 954 sancti
3116 897 3384 954 Laurente
3414 899 3660 955 baselicis
3682 897 3796 965 ipse
3819 913 3964 952 mar-

2377 993 2543 1050 cadus
2585 993 2686 1048 fuit
2726 993 2920 1056 factus,
2951 999 3007 1047 et
3034 993 3160 1048 inde
3207 992 3570 1062 precepcionis
3598 990 3964 1061 predictorum

2381 1086 2676 1154 principum
2703 1092 3050 1154 acceperunt,
3078 1093 3139 1138 ut
3164 1084 3217 1140 in
3245 1084 3361 1154 ipso
3386 1083 3507 1139 loco
3534 1092 3626 1138 aut
3655 1085 3868 1155 ubyque
3893 1081 3964 1139 ad

2373 1177 2489 1248 ipsa
2515 1177 2802 1233 ﬁstivetate
2829 1175 3141 1232 resedibant
3162 1176 3229 1230 ad
3258 1191 3446 1233 eorum
3471 1176 3696 1245 negucia
3721 1176 3801 1231 vel
3835 1191 3962 1230 con~

2375 1272 2574 1328 mercia
2607 1269 2959 1334 exercienda,
2999 1269 3118 1337 ipso
3146 1268 3360 1324 teleneu
3388 1285 3510 1339 pars
3540 1267 3776 1339 predicte
3807 1267 3961 1322 base-

2373 1366 2476 1421 liee
2516 1364 2700 1420 domni
2741 1365 2964 1420 Dionisii
3007 1365 3063 1420 in
3106 1364 3416 1434 integritate
3459 1364 3762 1432 recererit;
3808 1371 3864 1419 et
3899 1375 3962 1418 se

2369 1457 2548 1513 evenit
2573 1467 2668 1511 aut
2715 1473 2810 1524 pro
2837 1456 2992 1512 clade
3029 1466 3119 1511 aut
3152 1472 3246 1525 per
3292 1457 3753 1528 quacumquelibit
3796 1455 3959 1511 delac-

2367 1557 2523 1612 cione
2549 1553 2576 1592 δ
2605 1552 3018 1618 interveniente,
3059 1550 3255 1607 exinde
3284 1550 3464 1624 aliuby
3501 1549 3662 1605 fuerit
3687 1549 3788 1619 ipsi
3815 1564 3960 1602 mar-

2367 1657 2517 1705 catus
2557 1657 2847 1712 emutatus,
2882 1646 3153 1718 predictus
3194 1645 3436 1702 teleneus
3461 1645 3514 1700 in
3545 1645 3865 1712 integretate
3889 1641 3958 1696 ad

2367 1743 2481 1813 ipsa
2525 1759 2652 1798 casa
2699 1741 2794 1796 Dei
2841 1739 3120 1810 praesentis
3167 1738 3515 1809 temporebus
3560 1745 3616 1791 et
3653 1735 3866 1799 futuris,
3900 1735 3957 1788 in

666 1833 1018 1888 tendedirunt
1064 1829 1398 1900 relegendas.
1433 1827 1670 1883 Relictas
1713 1837 1768 1881 et
1807 1843 2091 1897 percursas
2121 1827 2263 1896 ipsas
2291 1843 2340 1903 Β
2371 1836 2709 1891 lumenarebu

1911 1843 2091 1881 [3111⁵³³5
2121 1827 2263 1896 ipsas
2291 1843 2340 1903 B
2371 1836 2744 1891 lumenarebus
2783 1834 2950 1904 ipsius
2993 1830 3180 1888 Sancti
3224 1831 3447 1888 Dionisii
3499 1846 3594 1901 pro
3640 1827 3954 1884 reverentia

664 1923 1066 1993 precepeionis,
1092 1923 1363 1976 inventum
1383 1920 1634 1989 estquod
1657 1919 1834 1973 taliter
1862 1919 1929 1974 ab
1960 1919 2084 1987 ipsis
2116 1917 2264 1986 prin-

660 2018 893 2086 cipebus
922 2015 990 2070 ad
1020 2016 1134 2085 ipsa
1169 2030 1294 2069 casa
1334 2014 1432 2068 Dei
1457 2013 1510 2068 in
1542 2015 1864 2080 integretate
1894 2013 1993 2066 init
2031 2027 2257 2065 conces-

658 2125 809 2163 sum.
843 2106 1027 2162 Postia
1062 2107 1313 2161 dicebant
1356 2107 1506 2176 quasi
1549 2115 1772 2174 agentes
1801 2106 1968 2174 ipsius
1996 2105 2113 2159 viro
2139 2105 2259 2159 Gri-

658 2199 910 2263 moaldo,
954 2198 1440 2268 majorem-domus
1491 2198 1681 2264 nostri,
1712 2197 1883 2252 eciam
1912 2206 1969 2251 et
1995 2199 2163 2251 comis
2191 2197 2260 2252 de

658 2291 782 2360 ipso
815 2305 954 2360 pago
998 2289 1293 2357 Parisiaco,
1321 2288 1614 2344 medietate
1636 2289 1702 2342 de
1725 2291 1843 2357 ipso
1873 2289 2085 2344 teleneu
2112 2286 2259 2357 ejus-

655 2387 786 2440 dem
830 2385 1103 2449 tollerent,
1137 2383 1221 2438 vel
1251 2382 1319 2438 de
1367 2392 1520 2451 parte
1561 2381 1724 2451 ipsius
1754 2382 1988 2436 baseliee
2015 2384 2258 2437 abstrac-

655 2487 807 2534 rent.
834 2478 1134 2532 Aserebant
1160 2493 1190 2532 e
1214 2486 1402 2533 contra
1422 2485 1643 2545 agentes
1672 2476 1837 2546 ipsius
1856 2477 1973 2530 viro
1991 2475 2258 2532 Grimoal-

653 2573 751 2636 do,
788 2571 1278 2642 majorem-domus
1306 2571 1506 2637 nostri,
1535 2585 1703 2638 quase
1731 2570 1797 2625 de
1821 2569 1984 2638 longo
2012 2579 2258 2640 tempore

655 2665 788 2720 talis
838 2665 1174 2719 consuetudo
1215 2662 1409 2727 fuissit,
1461 2672 1518 2716 ut
1566 2663 1858 2717 medietate
1903 2663 2095 2717 exinde
2130 2677 2254 2718 casa

653 2751 849 2806 Sancti
877 2750 1101 2806 Dionisii
1132 2751 1428 2819 receperit,
1462 2749 1551 2803 illa
1582 2749 1686 2803 alia
1725 2749 2012 2804 medietate
2053 2749 2127 2803 illi
2157 2766 2254 2804 co-

652 2843 763 2896 mis
823 2841 888 2894 ad
950 2850 1158 2910 partem
1220 2840 1334 2896 lisci
1388 2842 1579 2894 nostri.
1641 2838 1984 2894 lntendibant
2030 2850 2254 2896 econtra

648 2942 884 3003 agentes
923 2931 1108 2988 Sancti
1140 2931 1389 3000 Dionisii,
1431 2933 1585 3002 quasi
1626 2934 1728 2988 hoc
1775 2931 2048 3000 Gairinus,
2080 2950 2252 3004 quon-

647 3028 805 3092 dam,
839 3026 956 3082 loce
1002 3027 1168 3096 ipsius
1214 3026 1482 3082 l’arisiaee
1527 3029 1720 3095 comis,
1753 3044 1850 3097 per
1891 3030 2060 3084 forcia
2110 3031 2254 3087 hunc

646 3120 1107 3176 consuetudinem
1154 3118 1354 3174 ibidem
1399 3118 1639 3186 misissit,
1683 3127 1740 3174 et
1789 3120 2080 3187 aliquando
2134 3121 2250 3190 ipsa

2361 1927 2526 1998 ipsius
2555 1927 2723 1983 sancti
2753 1927 2871 1982 loce
2914 1925 3215 1994 permaniat
3244 1939 3536 1980 concessus
3565 1922 3741 1990 adque
3771 1919 3953 1974 indul-

2361 2029 2443 2074 tus
2475 2040 2486 2072 :
2517 2031 2569 2074 et
2598 2021 2668 2072 sit
2693 2028 2804 2073 tam
2835 2020 2973 2072 inter
3005 2026 3156 2086 parte
3183 2017 3294 2072 IEsci
3323 2015 3513 2082 nostri,
3542 2030 3701 2084 quam
3733 2019 3788 2067 et
3813 2012 3954 2065 inter

2360 2120 2582 2178 agentes
2620 2109 2805 2163 Sancti
2847 2107 3103 2172 Dionisii,
3137 2107 3312 2161 omnis
3342 2107 3406 2160 lis
3434 2116 3488 2160 et
3523 2104 3819 2172 altergacio
3860 2117 3952 2157 su-

2360 2205 2488 2262 bita.
2518 2233 2585 2244 -—
2610 2204 2851 2260 Actalius
2874 2202 3056 2273 jussus
3087 2201 3400 2269 recognovit
3431 2198 3622 2267 (Lacus
3652 2196 3859 2269 sigilli.)

2433 2300 2622 2352 Datum
2653 2298 2758 2368 qud
2800 2297 2911 2351 licit
2954 2295 3140 2350 minsis
3169 2293 3484 2359 December,
3515 2291 3630 2348 dies
3659 2289 3774 2362 xiij,
3807 2302 3949 2345 anno

2357 2391 2444 2459 χι]
2473 2389 2608 2458 rigni
2644 2389 2837 2456 nostri,
2866 2387 3171 2442 Mamaccas
3197 2384 3444 2440 feliciter.

3059 2542 3221 2600 XXII.

2357 2660 2542 2714 Placit'
2570 2676 2618 2712 τη
2659 2657 2967 2711 l'liildeberti
3000 2655 3131 2729 III_,
3167 2656 3303 2729 regis
3334 2654 3682 2726 Francorum,
3713 2674 3811 2729 quo
3839 2657 3945 2713 Ca-

2426 2731 2614 2784 dolmci
2638 2731 2948 2870 [ιᾶἳὶὤανὶωη
2974 2729 3034 2784 S.
3075 2727 3317 2800 Dionysii
3345 2732 3660 2786 monasterio
3699 2727 3950 2785 a'ssci'ifzer

2431 2814 2450 2840 ο
2481 2807 2633 2872 (ann.
2799 2840 2813 2855 .

2426 2937 2876 3004 Cbildebertbus,
2907 2949 3001 2990 rex
3032 2933 3396 3004 Francorum,
3432 2936 3517 2994 vir
3555 2937 3799 2993 inluster.
3843 2939 3949 2994 Ve-

2356 3035 2554 3090 nientis
2600 3041 2823 3102 agentes
2873 3031 3121 3088 baselece
3167 3030 3451 3102 peculiaris
3495 3033 3735 3102 patronis
3774 3035 3946 3090 nostri

2352 3127 2532 3184 domni
2569 3125 2810 3194 Dionisii,
2864 3125 2957 3181 ubi
3004 3127 3121 3198 ipse
3163 3129 3442 3198 preciosus
3485 3129 3541 3185 in
3585 3146 3814 3200 corpore
3856 3147 3944 3184 rc-

645 3214 952 3270 medietate
980 3213 1047 3268 de
1072 3213 1190 3282 ipso
1233 3213 1443 3268 teleneu
1485 3212 1729 3280 ejusdem
1759 3213 1954 3268 exinde
1985 3214 2197 3270 tullissit
2226 3233 2238 3269 :
2269 3221 2317 3286 ρ
2347 3219 2592 3289 quiescit,
2641 3227 2698 3275 et
2733 3219 3073 3276 venerabelis
3113 3219 3195 3276 vir
3232 3221 3495 3288 Dalfinus,
3544 3223 3678 3277 abba
3700 3261 3715 3289 ,
3760 3230 3948 3279 custus

640 3307 748 3361 sed
781 3305 881 3375 ipsi
906 3311 1126 3369 agentes
1154 3303 1259 3358 hoc
1280 3302 1350 3357 ad
1378 3302 1641 3373 palacium
1671 3305 2046 3372 sogessissent,
2074 3314 2129 3359 et
2158 3321 2247 3360 eo-

642 3417 775 3455 rum
807 3397 1182 3468 preeepcionis
1201 3398 1255 3452 in
1283 3397 1604 3467 integretate
1628 3413 1840 3468 semper
1866 3407 2242 3454 renovassent.

638 3523 720 3534 --
746 3490 950 3545 lterum
977 3489 1290 3558 inquisitum
1318 3497 1401 3544 est
1425 3503 1523 3559 per
1551 3489 1732 3557 plures
1761 3503 2039 3558 personas,
2073 3488 2244 3545 eciam

639 3591 703 3638 et
754 3597 853 3653 per
902 3583 1046 3650 ipsas
1092 3581 1497 3651 precept-iones,
1547 3581 1653 3648 qod
1701 3582 1939 3638 antdicte
1975 3583 2246 3652 princepis

638 3675 869 3747 ibydem
901 3675 952 3728 in
985 3673 1282 3743 primordio
1312 3682 1337 3710 α
1369 3680 1424 3727 et
1463 3672 1518 3728 in
1549 3681 1821 3743 posterum
1851 3674 1902 3727 in
1936 3673 2244 3742 integretati

639 3774 1047 3820 concesserunt
1085 3765 1172 3820 vel
1219 3762 1656 3820 adﬁrmaverunt.
1689 3796 1761 3806 —
1788 3764 1895 3835 Syc
1931 3765 2242 3820 asenciente

638 3860 771 3928 ipso
815 3858 934 3912 viro
962 3855 1294 3923 Grimoaldo,
1328 3857 1812 3926 majorem-domus
1843 3859 2034 3924 nostri,
2069 3860 2242 3914 eciam

637 3961 702 4007 et
733 3951 828 4005 alii
862 3951 1032 4021 pluris
1061 3950 1233 4006 nostri
1269 3949 1442 4006 ﬁdelis
1473 3949 1568 4005 visi
1599 3950 1816 4006 fuerunt
1842 3950 2130 4006 decrevissi
2159 3951 2243 4005 vel

630 4044 956 4115 iudicasse,
988 4053 1048 4098 ut
1075 4051 1294 4111 agentes
1324 4043 1490 4112 ipsius
1516 4044 1630 4098 viro
1656 4040 1966 4098 Grimoaldo
1997 4060 2093 4113 pro
2120 4060 2243 4114 par-

638 4148 758 4194 tem
782 4139 913 4194 tisce
933 4137 1103 4193 nostri
1131 4136 1349 4192 eusdem
1371 4137 1566 4192 exinde
1587 4151 1681 4206 per
1710 4137 1904 4191 vuadio
1925 4137 1992 4191 de
2014 4137 2130 4206 ipso
2161 4149 2240 4192 te-

637 4235 810 4288 leneu
852 4232 906 4286 in
951 4231 1273 4300 integretate
1318 4229 1579 4285 revestire
1623 4229 1869 4284 debirent
1895 4246 1909 4295 ;
1939 4229 2046 4298 qod
2085 4230 2159 4282 ita
2188 4238 2243 4284 et

634 4326 903 4383 ﬁeerunt.
934 4324 1064 4393 Sed,
1104 4325 1231 4378 dum
1262 4338 1325 4377 ae
1351 4337 1515 4378 causa
1548 4321 1724 4376 taliter
1763 4330 1882 4377 acta
1913 4321 1995 4376 vel
2023 4324 2242 4380 deﬁnita

635 4438 745 4477 seu
785 4417 1041 4488 inquisita
1083 4414 1170 4470 vel
1202 4415 1474 4486 judecata,
1519 4413 1572 4467 in
1623 4423 1880 4484 quantmn
1910 4414 2136 4470 inluster
2161 4417 2244 4472 vir

633 4508 1005 4579 Sigol‘redus,
1055 4505 1227 4561 comis
1281 4503 1480 4574 palatie
1528 4513 1754 4572 nostre,
1805 4506 2235 4573 testemoniavit,

2347 3327 2565 3382 preesse
2585 3310 2820 3378 veditur,
2863 3311 3165 3370 Mamaccas
3204 3315 3258 3368 in
3310 3314 3517 3384 palacio
3545 3326 3756 3384 nostro,
3790 3317 3946 3370 nobis

2345 3412 2716 3474 sogesserunt,
2741 3419 2807 3460 eu
2829 3407 2973 3476 quod
2992 3405 3245 3460 farinario
3270 3406 3363 3461 illo
3385 3408 3438 3462 in
3462 3407 3581 3463 loco
3603 3425 3796 3474 nonco;
3820 3419 3946 3463 ante

2343 3495 2660 3565 Carlolaieo,
2694 3497 2832 3552 infra
2860 3506 3191 3553 termcmcno
3217 3498 3500 3566 Verninse,
3533 3516 3691 3569 quem
3725 3517 3752 3553 a
3782 3501 3943 3568 longo

2347 3597 2586 3660 tempore
2616 3590 2973 3646 antecessoris
2995 3589 3078 3644 sui
3107 3588 3173 3644 ad
3196 3589 3319 3644 villa
3349 3590 3514 3658 ipsius
3541 3592 3771 3646 baselice
3801 3591 3943 3644 Lati-

2345 3681 2504 3736 niaco
2533 3697 2748 3752 semper
2778 3681 3123 3751 posiderunt;
3176 3689 3398 3750 agentes
3425 3681 3635 3737 inlustri
3671 3683 3785 3738 viro
3814 3684 3940 3738 Gri-

2344 3772 2583 3840 moaldo,
2607 3773 3089 3843 majorem-domus
3115 3776 3309 3842 nostri,
3333 3791 3456 3831 cum
3480 3777 3937 3846 contradicerent,

2345 3874 2400 3919 et
2426 3865 2698 3931 dicebant,
2727 3865 2832 3935 qod
2871 3881 2902 3920 a
2931 3866 3055 3920 villa
3094 3881 3193 3924 sua
3241 3867 3424 3925 Verno
3462 3869 3637 3924 fuissit
3666 3879 3937 3939 aspectus.

2344 3956 2604 4012 Dicebant
2657 3957 2869 4028 postbia
2923 3959 3036 4028 ipse
3092 3969 3314 4028 agentes
3359 3963 3531 4016 sancti
3589 3962 3834 4029 Dionisii,
3868 3979 3938 4019 eu

2343 4051 2487 4120 quod
2516 4049 2584 4104 de
2632 4050 2933 4122 pluremum
2966 4068 3229 4109 annorum
3275 4055 3458 4126 spacia
3502 4056 3616 4125 ipse
3653 4054 3941 4113 farinarius

2344 4142 2413 4197 ad
2442 4143 2558 4213 ipso
2603 4141 2782 4199 Verno
2809 4160 3084 4215 nonquam
3116 4147 3423 4217 aspexissit,
3452 4148 3554 4203 nisi
3583 4148 3652 4205 ad
3704 4149 3829 4205 villa
3859 4150 3943 4221 ip-

2342 4236 2453 4292 sius
2493 4237 2730 4294 baselice
2775 4239 3100 4308 Ladiniaco;
3129 4239 3418 4312 Ebroinus,
3449 4243 3941 4314 majorem-domus

2342 4344 2442 4384 suo
2487 4337 2748 4400 tempore,
2800 4334 3015 4399 quando
3066 4333 3180 4403 ipsa
3228 4333 3356 4389 villa
3403 4334 3706 4404 posedibat,
3739 4335 3940 4392 ibidem

2342 4435 2463 4474 eum
2494 4421 2696 4478 fecissit
2724 4431 3030 4492 aspectum,
3061 4432 3116 4479 et
3145 4424 3452 4494 justisseme
3489 4427 3568 4482 eis
3600 4427 3682 4482 vel
3709 4427 3776 4482 ad
3812 4443 3940 4484 casa

2344 4513 2528 4568 Sancti
2562 4513 2780 4568 Dionisii
2814 4513 3086 4570 redebitur
3117 4535 3127 4569 :
3159 4515 3253 4571 sed
3283 4518 3454 4587 postia
3499 4518 3613 4587 ipse
3650 4518 3766 4573 viro
3815 4517 3940 4573 Gri-

635 4604 831 4660 fuissit
856 4602 1209 4666 denusceter,
1237 4599 1528 4669 jobimmus
1556 4607 1616 4654 ut
1642 4615 1804 4655 omne
1831 4610 2074 4670 tempore
2113 4619 2238 4674 pars
2265 4589 2321 4652 D
2344 4606 2619 4672 moaldus,
2651 4607 3131 4676 majorem-domus
3177 4618 3382 4678 noster,
3414 4627 3517 4665 una
3566 4626 3688 4666 cum
3740 4613 3940 4668 nostris

636 4697 881 4772 predieti
913 4694 1237 4749 monastiria:
1265 4693 1435 4750 sancti
1466 4691 1707 4759 Dionisii,
1759 4694 1847 4748 ubi
1876 4695 1990 4764 ipse
2031 4697 2240 4765 precin-

635 4807 740 4847 sus
764 4789 1000 4842 domnus
1029 4786 1082 4840 in
1113 4800 1342 4856 corpore
1366 4785 1672 4855 requiescit,
1704 4794 1758 4839 et
1786 4785 2040 4850 Dalﬁnus,
2075 4789 2233 4854 abba,

635 4880 733 4935 vel
755 4875 1091 4933 successoris
1112 4877 1213 4939 sui,
1240 4875 1356 4944 ipso
1381 4875 1591 4928 teleneu
1616 4875 1667 4928 in
1693 4875 1999 4945 integretati
2025 4875 2093 4932 de
2124 4878 2238 4948 ipsa

638 4975 948 5027 listivelate
977 4968 1151 5024 sancti
1179 4967 1422 5032 Dionisii,
1452 4975 1561 5021 tam
1587 4967 1691 5038 qod
1722 4968 1915 5024 ibidem
1944 4986 2105 5040 super
2133 4981 2239 5026 ter-

636 5084 734 5123 ras
764 5065 938 5134 ipsius
964 5063 1197 5118 baseliee
1222 5062 1458 5116 resedire
1492 5062 1757 5126 vedintur,
1789 5078 1948 5131 quam
1981 5072 2034 5118 et
2065 5066 2238 5132 postia

639 5162 759 5228 ipsa
796 5157 916 5209 vice
943 5154 1010 5209 ad
1037 5153 1268 5208 l‘arisius
1297 5167 1460 5209 omne
1484 5161 1748 5223 tempore,
1781 5155 2020 5226 inspecta
2051 5171 2239 5212 eorum

719 5347 742 5373 α
777 5335 878 5390 llic
905 5334 1112 5405 priores
1142 5332 1263 5388 edd.
1297 5350 1309 5385 :
1340 5334 1476 5403 quod
1504 5332 1722 5386 ante/mc
1760 5333 2016 5405 princepis
2043 5333 2098 5388 in
2123 5337 2237 5405 pri-

632 5407 876 5464 mordio.
911 5403 1196 5473 Pcrperam
1229 5412 1427 5465 tamen,
1461 5411 1599 5457 teste
1630 5404 1986 5472 autographa.

717 5481 742 5517 δ
779 5477 878 5531 llic
903 5477 1110 5545 priores
1133 5475 1252 5528 edd.
1279 5473 1520 5546 legerunt
1541 5473 1829 5539 debecione,
1857 5491 1974 5546 qua:
2001 5491 2102 5531 vox
2128 5493 2237 5534 non

634 5557 828 5607 exstat
856 5544 916 5602 in,
941 5547 1275 5614 autOgrapbo
1294 5585 1309 5608 ,
1338 5544 1642 5612 nullumquv
1666 5544 1888 5599 sensmn
1908 5547 2125 5614 prusbet.

720 5637 740 5662 τ
775 5618 968 5674 Exstat
993 5617 1144 5688 apud
1179 5615 1560 5688 Mabillonium,
1593 5615 1659 5670 de
1689 5617 1764 5670 lle
1792 5618 1920 5683 dipt.
1957 5634 2074 5684 ναι.
2108 5617 2234 5688 485,

634 5708 696 5750 et
716 5691 1077 5747 Feliiiianum.
1104 5685 1240 5742 Hist.
1264 5687 1385 5740 abb.
1408 5689 1464 5742 S.
1488 5687 1640 5740 Dion.
1669 5703 1784 5756 pag.
1803 5688 1891 5752 19,
1908 5685 2238 5757 exscriptuni

633 5783 706 5819 vx
757 5771 1097 5828 autograpno
1130 5759 1300 5828 (nunc
1341 5759 1392 5812 in
1441 5758 1674 5813 Arcliivo
1701 5761 1871 5824 regni,
1904 5776 1955 5822 κ,
1988 5762 2152 5816 scrin.
2183 5761 2235 5826 5,

634 5835 975 5892 εςςετνειιο).
1006 5829 1135 5901 etin
1165 5828 1295 5885 Coll.
1327 5829 1512 5901 script.
1559 5844 1663 5883 rer.
1693 5829 1885 5884 Franc.
1923 5839 1960 5884 t.
1989 5828 2072 5892 ιν,
2112 5847 2235 5901 pag.

634 5907 772 5971 L385,
809 5921 872 5960 ax
917 5900 1247 5958 Mabillonio.
1291 5899 1371 5956 Ad
1401 5900 1556 5957 iidem
1589 5902 1901 5970 autograpbi
1931 5899 2238 5969 diligentius

2342 4697 2624 4762 fedilebus,
2659 4713 2724 4752 ac
2755 4713 2784 4750 e
2822 4713 2915 4752 usa
2947 4711 3070 4754 ante
3107 4714 3166 4754 se
3209 4699 3369 4768 jussit
3411 4699 3688 4768 advenire,
3716 4709 3775 4756 ut
3814 4718 3937 4758 eam

2340 4789 2652 4858 diligencius
2681 4789 2996 4857 inquirerit;
3028 4789 3170 4858 quod
3199 4790 3272 4844 ita
3313 4799 3367 4844 et
3397 4790 3526 4845 licit.
3571 4789 3662 4845 Sic
3708 4788 3775 4843 ad
3818 4790 3935 4860 ipso

2339 4883 2456 4937 viro
2505 4880 2815 4938 Grimoalilo
2863 4882 2960 4936 fuit
2997 4881 3333 4950 judecatum,
3367 4891 3428 4937 ut
3452 4897 3546 4937 sex
3593 4882 3838 4938 homenis
3867 4882 3935 4938 de

2340 4971 2540 5039 Verno,
2571 4983 2626 5029 et
2657 4989 2751 5029 sex
2785 4975 2853 5029 de
2882 4973 3180 5040 Latiniaco,
3211 4974 3354 5029 bone
3385 4975 3552 5031 tidens
3597 4975 3650 5029 in
3695 4975 3934 5031 oraturio

2338 5079 2458 5130 suo,
2477 5081 2574 5121 seu
2601 5067 2842 5136 cappella
2872 5065 3042 5120 sancti
3063 5065 3381 5137 Marctbyni,
3412 5075 3712 5121 memorato
3740 5066 3931 5120 home-

2339 5159 2422 5213 nis
2452 5159 2555 5213 hoe
2584 5158 2830 5213 debirent
2867 5159 3188 5227 conjurare,
3227 5157 3373 5227 quod
3412 5174 3442 5211 a
3481 5157 3642 5227 longo
3689 5166 3934 5226 tempore

2339 5335 2516 5391 collati
2561 5334 2867 5390 recudimus
2915 5335 3166 5402 (quocum
3198 5349 3412 5399 novam,
3447 5349 3546 5389 nec
3581 5335 3797 5398 frustra,
3837 5349 3926 5387 re-

2337 5406 2642 5461 censionem
2673 5405 2898 5460 instituit
2927 5407 2990 5459 Α.
3023 5405 3255 5473 Teulet).
3289 5405 3449 5459 Multa
3481 5405 3642 5459 habet
3681 5405 3784 5458 hoc
3813 5405 3929 5474 pia-

2337 5477 2501 5532 citum
2519 5477 2899 5545 notatttdigua,
2925 5477 2991 5530 de
3018 5477 3211 5544 quibus
3235 5475 3286 5529 in
3305 5477 3703 5544 prolegomenis
3725 5493 3755 5529 n
3783 5477 3922 5529 -st:'is

2338 5549 2670 5602 commodius
2695 5549 2916 5618 egimus.
2952 5547 3264 5602 Fmdissime
3291 5551 3555 5601 sermonis
3579 5548 3721 5600 vitiis
3750 5546 3928 5599 detur-

2338 5627 2520 5688 patum
2549 5619 2979 5683 instrumentmn,
3002 5633 3032 5672 a
3051 5619 3258 5673 nemine
3279 5629 3478 5681 tamen,
3503 5618 3640 5686 quod
3666 5619 3923 5680 sciamus,

2338 5691 2405 5744 de
2431 5689 2564 5742 faISo
2591 5692 2925 5756 criminatum
2957 5690 3075 5744 fuit.
3105 5689 3233 5756 Quis
3261 5697 3436 5742 autem
3468 5688 3628 5742 fuerit
3655 5689 3798 5741 lucu:
3827 5704 3928 5739 tm-

2340 5761 2482 5813 mine
2509 5759 2781 5814 Cadolaici
2813 5761 3108 5828 appellatus
3147 5759 3342 5814 videsis
3369 5760 3419 5814 in
3451 5760 3712 5830 oposcnlo
3743 5757 3930 5830 domui

2340 5831 2592 5902 Germani
2631 5832 2696 5885 de
2725 5831 2862 5885 villis
2886 5832 3042 5900 regiis
3061 5872 3075 5896 ,
3105 5832 3307 5902 inserto
3333 5831 3392 5902 in
3416 5847 3581 5902 Opere
3613 5829 3928 5894 filabillunii,

2341 5903 2408 5958 de
2434 5901 2512 5959 Re
2539 5902 2905 5973 diplomatica,
2937 5918 3054 5974 pag.
3084 5903 3186 5957 ‘296
3217 5915 3269 5960 et
3295 5901 3418 5958 556.
