5174 6598
1744 453 1878 512 IIII

2524 451 2791 510 SECUL.
2835 451 2923 509 VII
2962 450 3051 507 ET
3091 449 3206 505 VIII
3247 443 3781 503 ECCLESIASTICA
3816 441 4260 500 MONUMENTA.

4880 428 5018 494 Ill!

1733 590 1953 647 semper
1979 575 2094 647 ipse
2121 573 2408 629 farinarius
2437 570 2502 626 ad
2524 572 2641 643 ipso
2662 571 2961 640 Latiniaeo,
2992 579 3144 627 curte
3164 570 3327 640 ipsius
3356 573 3405 633 Α
3431 567 3498 621 ad
3544 567 3715 639 ipsum
3762 566 4149 622 monasterium
4200 564 4299 620 sub
4348 562 4495 618 omni
4539 559 4882 617 immunitate
4928 576 5025 630 per

1733 670 2051 727 monastirie
2090 669 2262 725 sancti
2305 668 2542 732 Dionisii,
2591 669 2898 739 aspexissit,
2939 678 2993 723 et
3022 667 3215 723 ibidem
3242 666 3327 737 ju-

1734 764 1971 819 stissemi
2035 762 2408 817 rcdebebatur.
2472 761 2567 817 Set
2614 762 2731 832 ipso
2780 768 3199 831 sagramentum,
3257 760 3328 815 si-

1733 870 1829 913 cut
1883 859 1962 913 eis
2006 855 2102 911 fuit
2142 854 2495 925 judecatum,
2553 855 2606 912 in
2660 863 2921 925 quantum
2976 855 3202 911 inluster
3246 854 3328 910 vir

1734 951 2039 1018 Sigol‘ridus
2104 948 2317 1003 auditur
2379 948 2546 1021 ipsius
2609 947 2727 1004 viro
2791 946 3104 1002 Grimoaldo
3161 954 3326 1002 teste-

1734 1044 2045 1108 moniavit,
2089 1041 2234 1112 quod
2286 1043 2400 1112 ipse
2455 1043 2703 1098 homenis
2758 1043 2873 1112 ipso
2926 1051 3326 1112 sagramentum

1735 1139 1879 1193 sicut
1905 1137 1973 1192 ab
1999 1138 2115 1206 ipso
2137 1136 2252 1190 viro
2278 1134 2588 1189 Grimoaldo
2612 1134 2710 1190 fuit
2732 1135 3040 1204 judccatum
3063 1136 3116 1189 in
3142 1150 3330 1191 omne-

1735 1232 1840 1287 bus
1873 1232 1985 1285 vise
2030 1230 2243 1285 luerunt
2286 1228 2593 1299 adimplisse
2636 1248 2647 1281 :
2689 1237 2743 1282 et
2773 1227 2878 1283 tale
2921 1229 3123 1297 judicio
3168 1229 3330 1298 ipsius

1737 1324 1859 1377 viro
1904 1320 2168 1389 Sigoliido
2200 1335 2360 1375 mano
2394 1320 2671 1385 lirmante,
2702 1325 2785 1374 vel
2813 1320 2879 1375 de
2921 1320 3080 1376 anolo
3110 1329 3134 1355 ιι
3166 1320 3331 1390 ipsius

1737 1415 1977 1469 Grimoal
2002 1414 2079 1478 io,
2111 1410 2594 1480 majorem-domus
2623 1411 2821 1476 n05tri,
2852 1411 3153 1480 sigeliatum
3176 1458 3188 1478 ,
3219 1415 3332 1482 ipse

1737 1515 1964 1574 agentes
1993 1507 2317 1574 acepisscnt,
2349 1511 2409 1557 ut
2438 1504 2553 1573 ipso
2584 1503 2838 1557 l'arinario
2867 1503 2933 1558 ad
2962 1515 3115 1574 parte
3167 1505 3331 1575 ipsius

1736 1598 1952 1654 Dalﬁno
1995 1598 2209 1663 abbati,
2257 1598 2342 1652 vel
2390 1597 2716 1651 monastirim
2764 1597 2847 1651 sui
2896 1599 3075 1653 Sancti
3109 1598 3331 1653 Dionisii

1737 1692 1962 1745 elidiato
2030 1690 2233 1745 urdene
2290 1689 2508 1743 debiant
2564 1688 2811 1759 posedirc
2876 1690 2958 1742 vel
3016 1689 3329 1745 domenare.

1736 1780 1976 1837 Proinde
2022 1798 2122 1835 nus
2169 1780 2382 1847 taliter,
2432 1793 2536 1835 una
2586 1795 2707 1835 eum
2753 1780 2951 1834 nostris
2984 1780 3330 1849 procerebus,

1735 1874 1996 1928 eoixsletit
2035 1872 2373 1937 decrevisse,
2406 1873 2457 1927 in
2486 1880 2744 1942 quantum
2792 1870 3015 1926 inluster
3060 1872 3143 1926 vir
3171 1870 3331 1937 Bero,
3368 1890 3415 1952 Β

1736 1965 1911 2018 comis
1962 1964 2138 2033 palate
2188 1974 2402 2030 nostre,
2432 1963 2522 2034 qui
2572 1964 2640 2018 ad
2691 1964 2808 2018 vice
2852 1963 3085 2033 itemque
3127 1965 3331 2019 inlustri

1738 2056 1859 2110 viro
1879 2054 2258 2109 Grimherctho
2284 2055 2482 2112 comite
2506 2056 2670 2126 palati
2696 2065 2880 2111 nostro
2906 2057 3150 2111 adestare
3173 2057 3336 2111 vede-

1739 2144 1937 2213 batur,
1977 2145 2416 2212 testemoniabit,
2465 2145 2611 2215 quod
2662 2155 2991 2201 memoratus
3038 2146 3336 2216 Sigol‘ridus

1739 2255 1900 2295 suum
1931 2239 2141 2309 prebuit
2175 2238 2567 2305 teszemonium,
2601 2238 2744 2309 quod
2773 2254 2834 2294 ac
2863 2255 3023 2295 causa
3062 2249 3188 2295 ante
3219 2241 3334 2311 ipso

1740 2333 1860 2387 viro
1890 2331 2224 2395 GI'IIIIOZIIIIO,
2258 2333 2746 2402 majorem-domus
2784 2334 2975 2403 nostri,
3004 2335 3074 2389 sit
3102 2343 3222 2390 aeta
3249 2334 3335 2390 vel

1738 2426 1991 2496 judeeala
2040 2422 2230 2488 fuissit,
2263 2425 2623 2493 denuscctur;
2650 2426 2901 2495 jubemus
2940 2435 2999 2481 ut
3040 2433 3337 2481 memorate

1744 2526 1966 2587 agentes
1995 2518 2109 2585 ipso
2139 2516 2417 2583 l'arinario,
2445 2517 2512 2588 ad
2542 2526 2695 2588 parte
2724 2517 2890 2587 ipsius
2921 2515 3127 2574 Dalﬁno
3154 2520 3333 2577 abbati

1742 2610 1829 2664 vel
1856 2611 2151 2664 ritonastirii
2178 2610 2348 2666 sancti
2377 2608 2622 2675 Dionisii,
2645 2609 2847 2679 absque
2871 2609 3219 2681 repeticione,
3245 2627 3336 2669 su-

1742 2706 2044 2775 perscripto
2093 2704 2427 2772 Grimoaldo,
2477 2714 2572 2758 aut
2616 2711 2838 2773 agentes
2885 2704 2969 2758 vel
3008 2704 3205 2759 heridis
3244 2714 3338 2760 aut

1742 2797 2074 2852 snt-cessoris
2112 2813 2259 2863 suos,
2299 2796 2383 2851 vel
2424 2803 2612 2851 eontra
2640 2794 2940 2867 quemlibit,
2974 2794 3214 2865 inspecto
3245 2796 3336 2854 illo

1737 2891 1942 2961 judicio
1968 2890 2129 2961 ipsius
2154 2890 2267 2945 viro
2287 2889 2619 2956 Gritnoaldo,
2645 2889 3118 2958 majorem-domus
3141 2890 3333 2957 nostri,

1742 2985 1886 3038 sicut
1931 3001 1963 3054 p
1986 3000 2028 3036 ~r
2072 2984 2262 3039 eudctn
2293 2982 2617 3047 declaratur,
2651 2997 2812 3037 omne
2842 2991 3086 3051 tempore
3118 2982 3339 3037 habiant

1743 3077 2117 3131 evindecatum
2143 3075 2324 3145 adque
2364 3075 2680 3142 elidiatum;
2714 3083 2769 3130 et
2816 3075 2887 3129 sit
2933 3076 3073 3130 inter
3116 3074 3243 3145 ipsis
3268 3089 3336 3130 ex

1744 3186 1809 3223 ae
1842 3186 1898 3224 re
1926 3172 1977 3225 in
2007 3170 2348 3239 postmodum
2375 3170 2552 3226 subita
2580 3169 2850 3225 causacio.
2885 3198 2956 3210 -—
2981 3169 3332 3237 Dagohertus,

1745 3257 1815 3312 ad
1851 3259 1963 3315 vice
1986 3261 2324 3331 Angilbaldo,
2355 3262 2690 3331 recognovit.
2724 3259 2917 3331 (Locus
2942 3261 3150 3332 sigilli.)

1821 3350 2014 3406 Datum
2058 3354 2163 3423 qod
2194 3354 2301 3407 lirit
2331 3352 2518 3407 rninsis
2548 3352 2845 3408 December
2882 3353 2997 3408 dies
3028 3352 3138 3423 xiiij
3160 3394 3173 3416 ,
3206 3368 3333 3409 ann.

1745 3445 1839 3519 xvj
1867 3444 2003 3515 rigui
2034 3445 2224 3511 nostri,
2258 3445 2559 3501 Mamaccas
2590 3443 2834 3499 leliciter.

2453 3602 2639 3659 XXIII.

1750 3715 1999 3791 Diploma
2034 3716 2311 3791 Dagoberli
2343 3716 2461 3782 III,
2485 3720 2620 3789 regis
2644 3716 2992 3791 Francorum,
3023 3737 3122 3789 quo
3151 3722 3339 3776 Ληίδο-

1789 3789 1946 3843 lcnsis
1961 3789 2259 3844 monasterii
2276 3791 2622 3844 immunitates
2638 3791 2914 3858 conﬁrmat
2931 3789 2955 3827 ι’
2984 3792 3133 3862 (ann.
3152 3792 3301 3863 712).

1827 3928 2180 3999 Dagohertus,
2211 3943 2305 3983 rex
2328 3928 2679 3993 Francorum,
2704 3927 2787 3981 vir
2813 3926 3062 3997 inluster,
3093 3929 3343 3986 omnibus

1752 4022 2036 4091 agentibus
2067 4021 2420 4091 praesentibus
2448 4029 2608 4090 atqu:
2640 4020 2851 4075 futuris.
2901 4019 2958 4075 Si
2991 4021 3343 4090 petitionibus

1751 4128 2035 4169 servorum
2066 4114 2179 4173 Dei,
2211 4114 2263 4166 in
2295 4127 2403 4180 quo
2432 4128 2530 4183 pro
2561 4112 3056 4182 opportunitatibus
3086 4114 3344 4169 ecclesia-

1752 4217 1874 4260 rum
1905 4204 1992 4257 vcl
2018 4203 2360 4259 monasteriis
2389 4203 2586 4260 nostris
2617 4204 2974 4272 patefecerint
2999 4204 3247 4271 auribus,
3281 4206 3341 4261 li,

1752 4296 1949 4356 benter
1977 4296 2243 4358 audimus,
2280 4296 2483 4364 regiam
2518 4295 2962 4350 consuetudinem
2990 4311 3304 4353 exercemus
3325 4340 3339 4362 .

1754 4397 1815 4446 et
1843 4390 1997 4445 nobis
2027 4390 2091 4443 ad
2124 4390 2427 4445 mercedem
2459 4391 2544 4444 vel
2575 4389 2922 4446 stabilitatem
2972 4392 3123 4462 regni
3172 4394 3342 4448 nostri

1754 4483 1999 4538 stabilire
2038 4482 2377 4537 conﬁdimus.
2420 4482 2657 4552 Ideoque
2694 4484 3016 4539 venerabilis
3056 4484 3341 4541 Ibbolcnus

1756 4576 1896 4631 abba
1926 4576 1993 4630 de
2022 4575 2351 4630 monasterio
2380 4575 2621 4641 Anisola,
2662 4576 2752 4645 qui
2784 4584 2867 4631 est
2909 4577 2961 4631 in
2997 4592 3134 4647 pago
3159 4579 3338 4651 Cyno-

1754 4667 2029 4732 tnannico,
2077 4668 2129 4721 in
2174 4668 2379 4722 honore
2423 4666 2711 4736 peculiaris
2752 4668 2920 4723 nostri
2962 4670 3176 4740 patroni
3230 4671 3338 4741 pii,

1755 4760 1901 4816 beati
1931 4760 2176 4816 videlicet
2216 4759 2429 4816 Carileli
2475 4761 2820 4829 confessoris,
2855 4772 3214 4834 constructus,
3248 4781 3345 4835 per

1756 4853 1951 4908 missos
1980 4869 2106 4908 suos
2149 4854 2445 4909 clementia:
2474 4855 2625 4925 regni
2668 4856 2839 4910 nostri
2870 4855 3064 4912 detulit
3104 4860 3156 4913 in
3203 4861 3344 4916 noti-

1757 4944 1909 5009 tiam,
1944 4958 2012 4999 eo
2050 4944 2192 5013 quod
2220 4945 2574 5000 consobrinus
2605 4954 2794 5001 noster
2829 4944 3195 5004 Guntramnus
3226 4967 3342 5021 rex,

1832 5111 1855 5138 α
1890 5101 1981 5155 llce
2010 5102 2125 5156 dna:
2152 5117 2314 5157 voces
2342 5117 2370 5154 a
2418 5102 2782 5168 superioribus
2813 5102 3105 5158 editoribus
3134 5106 3345 5162 omi~sze

1756 5184 1905 5231 sunt.
1940 5174 2133 5240 quippe
2163 5174 2547 5242 (ιειιιοι-ιιιηηεοὶ
2570 5190 2637 5226 ἠι
2664 5172 2949 5242 fugientes.

1833 5242 1859 5282 δ
1885 5242 2039 5296 Eruit
2081 5243 2389 5315 Martenius,
2424 5241 2687 5315 'l‘hesaur.
2734 5241 3008 5315 ’anecAdJ.
3057 5243 3098 5311 I,
3132 5261 3254 5315 pag.
3290 5248 3341 5309 6,

1760 5330 1826 5368 ex
1859 5314 1978 5368 cod.
2014 5330 2111 5367 ms.
2147 5314 2477 5374 Attisnlensi;
2507 5315 2830 5368 recuderunt
2855 5312 3188 5369 Collectorcs
3208 5312 3255 5369 si
3276 5320 3348 5372 ri-

1759 5394 1978 5455 ptorum
2011 5400 2186 5437 rerum
2214 5384 2608 5445 Francicarum,
2632 5392 2672 5436 t.
2702 5383 2790 5448 IV,
2819 5398 2940 5453 pag.
2965 5384 3092 5449 686,
3117 5404 3180 5440 ex
3209 5388 3346 5442 Mar-

1762 5457 1933 5509 tenio.
1977 5455 2091 5507 Non
2121 5464 2297 5507 exstat.
2336 5455 2474 5507 inter
2502 5456 3046 5577 Acta-episcoporum
3075 5458 3345 5513 Cenoma-

1762 5526 2031 5577 nensium.
2068 5525 2152 5577 ubi
2206 5534 2281 5577 tot
2323 5526 2660 5577 summsititit
2706 5540 2804 5577 nro
2873 5527 3103 5577 caitimis
3150 5529 3345 5577 izislrn-

1760 5526 2031 5581 nensium.
2068 5525 2152 5577 ubi
2206 5534 2281 5578 tot
2323 5526 2660 5593 supposititit
2706 5540 2804 5594 pro
2854 5525 3103 5593 legitimis
3150 5529 3347 5583 instru-

1762 5597 1962 5651 mentis
1984 5596 2201 5649 ohtrusa
2230 5596 2479 5648 vidimus.
2515 5595 2673 5649 Deest
2702 5598 2825 5650 anni
2854 5606 3000 5651 nota.
3031 5597 3144 5653 Iloc
3166 5608 3344 5653 autem

1764 5665 2003 5733 diploma
2037 5665 2338 5731 Dagoherto
2370 5665 2429 5719 lll
2465 5667 2801 5720 tribuendum
2830 5676 2977 5736 patet
3007 5684 3072 5722 ex
3106 5686 3171 5722 eo
3203 5672 3345 5737 quod

1763 5737 1922 5803 hujus
1963 5746 2153 5807 auctor
2193 5747 2396 5804 patrem
2443 5752 2599 5791 suum
2642 5738 2879 5807 appellat
2921 5739 3343 5806 Childebrrtntn,

1766 5822 1922 5859 avum
1964 5805 2382 5869 Tlteodoricntn,
2429 5805 2745 5861 a‘illthlIIlllll
2792 5809 3184 5877 Chlntlovemn,
3233 5821 3341 5867 clc.

1765 5878 1820 5951 Si
1857 5892 1982 5931 νισι-ο
2013 5878 2076 5929 ad
2108 5879 2261 5951 initia
2290 5880 2437 5943 regni
2473 5880 2756 5939 Iingohcrti
2784 5879 2845 5933 Ill
2872 5881 3106 5951 diploma
3138 5882 3237 5934 hoc
3264 5901 3347 5936 re-

1761 5947 2022 6015 feramus,
2051 5950 2191 6019 quod
2222 5950 2482 6007 Martcnio
2510 5952 2729 6022 placuit,
2762 5967 2902 6009 anno
2928 5947 3041 6007 ’712
3070 5953 3346 6023 adjudica-

3433 676 3587 717 suam
3633 663 4010 717 auctoritatem
4041 661 4419 725 concessisset,
4450 667 4508 715 et
4555 659 4661 715 hoc
4708 666 4897 729 postea
4940 657 5024 712 avi

3433 752 3603 807 nostri
3650 751 3976 816 Chlotarius,
4031 760 4088 806 et
4132 753 4259 807 item
4307 750 4662 820 Dagohertus,
4711 763 4809 805 seu
4857 750 5024 803 etiam

3432 842 3797 907 Chlodoveus,
3827 858 3928 898 nec
3958 858 4064 897 non
4087 852 4142 898 et
4166 841 4500 909 Chlotarius,
4524 841 4691 897 etiam
4719 840 4956 898 domnus
4976 849 5028 896 et

3434 950 3564 990 avus
3594 944 3779 991 noster
3807 936 4198 1001 Theodericus,
4246 950 4349 991 nec
4380 950 4490 991 non
4515 943 4571 990 et
4597 933 4902 989 avunculus
4931 950 5029 989 no-

3433 1037 3546 1083 ster
3576 1030 3705 1084 item
3734 1028 4102 1095 Chlodoveus,
4135 1038 4191 1085 et
4212 1030 4502 1101 prmeelsus
4522 1028 4755 1085 domnus
4783 1037 4843 1083 et
4872 1028 5029 1098 geni-

3434 1129 3518 1175 tor
3546 1130 3731 1176 noster
3758 1121 4135 1179 Cbildebertus
4159 1124 4433 1193 quondam
4463 1136 4639 1191 reges,
4680 1122 4775 1191 qui
4807 1138 4911 1192 per
4938 1138 5030 1177 eo-

3434 1230 3550 1268 rum
3577 1216 3933 1272 auctoritates
3963 1217 4201 1286 ipsorum
4245 1231 4407 1271 manu
4435 1216 4740 1282 roboratas,
4777 1215 4883 1284 ipsi
4915 1230 5029 1270 nro-

3434 1291 3671 1360 nasterio
3709 1306 3815 1361 hoc
3858 1307 4289 1372 conlirmassent,
4323 1306 4465 1362 unde
4508 1315 4565 1361 et
4608 1306 4756 1377 ipsas
4788 1321 5030 1376 praecep-

3436 1396 3610 1451 tiones
3634 1413 3693 1452 se
3721 1413 3784 1453 ex
3820 1398 3922 1453 hoc
3960 1412 4071 1469 pra:
4106 1397 4355 1453 manibus
4384 1398 4587 1453 habere
4628 1398 4948 1463 adﬁrmant,
4977 1407 5031 1452 et.

3434 1486 3540 1542 hoc
3566 1488 3707 1543 circa
3737 1490 3911 1558 ipsum
3942 1489 4350 1555 monasterium,
4375 1489 4524 1544 nullo
4547 1489 4916 1558 inquietante,
4946 1504 5032 1545 as-

3436 1592 3622 1637 serunt
3648 1592 4052 1638 conservatum.
4102 1582 4209 1639 Sed
4255 1599 4353 1653 pro
4395 1584 4563 1639 totius
4604 1583 4685 1637 rei
4729 1582 5033 1638 munimine

3436 1657 3673 1744 postulat
3695 1675 3747 1727 in
3779 1673 3883 1729 hoc
3913 1681 4096 1729 nostra
4125 1674 4421 1729 auctoritas
4444 1683 4502 1728 ut
4529 1673 4583 1728 in
4614 1674 4732 1743 ipso
4756 1682 5035 1729 monaste-

3436 1768 3517 1821 rio
3549 1767 3757 1835 plenius
3785 1767 3982 1822 debeat
4012 1768 4371 1831 conlirmare;
4404 1766 4548 1835 quod
4581 1783 4681 1821 nos
4711 1768 5032 1835 praestitisse

3438 1868 3612 1912 vestra
3646 1874 3755 1913 non
3799 1858 4006 1913 dubitet
4035 1858 4368 1929 magnitudo.
4399 1859 4744 1929 Quapropter
4781 1860 5031 1928 pnes-emi

3438 1959 3709 2019 prae-epto
3736 1950 3986 2019 iubemus
4009 1959 4088 2018 ut,
4114 1952 4253 2007 sicut
4286 1966 4383 2020 per
4408 1951 4775 2006 auctoritates
4806 1966 4907 2006 seu
4941 1967 5035 2021 per

3435 2042 3819 2111 scripturarum
3850 2044 4155 2114 principum
4180 2044 4451 2113 leguntur,
4474 2053 4533 2099 et
4558 2059 4735 2114 usque
4768 2060 4917 2099 nunc
4940 2045 5035 2099 fuit

3436 2147 3837 2206 conservatum,
3869 2152 4046 2208 neque
4073 2154 4192 2206 vos,
4228 2152 4406 2209 neque
4433 2137 4669 2208 priores,
4702 2153 4887 2209 neque
4914 2155 5033 2193 suc-

3436 2243 3680 2285 cessores
3706 2230 3871 2285 vestri
3899 2230 3953 2284 in
3983 2231 4161 2287 causis
4186 2230 4356 2301 ipsius
4384 2231 4723 2296 monasterii,
4758 2246 4942 2301 neque
4967 2232 5033 2285 ad

3436 2334 3626 2377 causas
3651 2320 3969 2392 audiendas,
3991 2336 4169 2393 neque
4186 2322 4254 2378 ad
4280 2322 4426 2378 l'rcda
4443 2323 4729 2393 exigenda,
4756 2340 4861 2379 nec
4884 2340 5035 2378 man-

3436 2417 3622 2472 siones
3666 2417 4017 2487 requirendo,
4049 2417 4264 2488 penitus
4292 2418 4574 2486 ingredere
4602 2433 4710 2473 non
4739 2433 5036 2487 praesuma-

3436 2508 3527 2577 tis,
3559 2509 3657 2562 nisi
3685 2524 3783 2579 per
3806 2509 4185 2567 auctoritatem
4216 2511 4486 2565 lirmatam
4516 2510 4633 2581 ipse
4672 2511 4815 2566 abba
4843 2512 5036 2581 suique

3436 2613 3776 2655 successores
3802 2609 3967 2670 atque
3995 2602 4346 2672 congregatio
4377 2616 4563 2657 eorum
4606 2602 4661 2656 in
4690 2602 4812 2672 ipso
4845 2618 5036 2657 mona-

3436 2693 3624 2761 sterio,
3656 2693 3767 2750 Deo
3789 2694 4101 2762 auxiliante,
4133 2696 4514 2761 consistentes,
4539 2694 4687 2765 quod
4708 2694 4778 2750 ad
4795 2711 4893 2765 pra
4912 2711 5035 2751 sens

3437 2786 3829 2842 rationabiliter
3859 2788 4059 2844 [rabere
4101 2788 4372 2858 videntur,
4418 2798 4511 2844 aut
4540 2787 4720 2843 adhuc
4762 2803 4794 2842 a
4825 2788 4937 2842 Deo
4966 2790 5033 2842 ti-

3438 2880 3705 2936 mentibus
3736 2880 4039 2936 hominibus
4070 2881 4142 2936 ibi
4185 2881 4348 2937 fuerit
4376 2881 4617 2936 additum
4652 2881 4735 2936 vel
4769 2897 5033 2952 augmen-

3438 2976 3634 3037 tatum,
3674 2971 3774 3027 sub
3807 2972 3954 3027 omni
4002 2972 4363 3040 immunitate,
4413 2973 4684 3044 inspectas
4722 2975 4874 3045 ipsas
4902 2990 5037 3046 pra:-

3440 3064 3724 3132 ceptiones
3762 3080 3928 3135 supra
3957 3073 4383 3120 memoratarum
4412 3065 4740 3136 principum,
4780 3081 4947 3136 quem
4977 3082 5035 3123 se

3440 3169 3551 3224 pra:
3580 3156 3825 3210 manibus
3844 3156 4039 3211 ex.hoc
4065 3156 4262 3211 habere
4286 3155 4547 3218 animant,
4575 3155 4794 3210 valeant
4823 3164 5031 3224 tenere,

3361 3261 3409 3324 ς
3441 3246 3744 3317 possidere,
3796 3254 3845 3301 et
3895 3246 4094 3302 ibidem
4125 3246 4193 3301 ad
4223 3247 4399 3317 ipsum
4442 3246 4625 3302 locum
4655 3256 4910 3303 sanctum
4942 3264 5037 3319 per

3438 3338 3580 3395 hanc
3611 3339 3989 3395 auctoritatem
4025 3348 4288 3405 nostram,
4321 3347 4382 3395 ut
4418 3339 4523 3396 hoc
4550 3339 4697 3410 quod
4726 3348 4815 3397 est
4857 3342 5036 3396 tinua-

3438 3439 3554 3485 tum
3585 3431 3901 3501 perenniter
3922 3430 4171 3502 proﬁciat
4192 3431 4258 3486 ad
4285 3441 4660 3502 augmentum,
4683 3433 4833 3502 quod
4860 3434 5034 3505 potius

3438 3521 3521 3577 eis
3540 3520 3734 3577 melius
3757 3521 3995 3578 delectet
4013 3537 4113 3593 pro
4133 3522 4429 3579 stabilitate
4449 3522 4603 3592 regni
4623 3525 4801 3579 nostri
4825 3524 5033 3581 Domini

3439 3616 3865 3673 misericordiam
3894 3616 4209 3689 deprecare.
4238 3614 4326 3685 Et,
4364 3623 4426 3671 ut
4468 3615 4585 3672 haec
4614 3618 4914 3688 pneceptio
4941 3634 5033 3673 no-

3440 3716 3550 3763 stra
3585 3708 3796 3764 ﬁrmum
3835 3709 4079 3765 obtineat
4121 3710 4385 3779 vigorem,
4436 3724 4633 3765 manus
4663 3720 4871 3766 nostra:
4908 3715 5032 3768 su‘o-

3440 3802 3829 3873 scriptionibus
3858 3803 4142 3870 roborare,
4173 3802 4461 3874 sigilloque
4483 3812 4676 3859 nostro
4703 3802 4813 3861 hoc
4842 3803 5032 3860 decre-

3442 3897 3617 3953 vimus
3639 3896 3935 3954 amrmare.

3517 3990 3572 4045 ln
3594 3990 3797 4047 Christi
3830 3993 4047 4050 nomine
4067 3992 4404 4064 Dagohertus
4425 4008 4545 4049 rex.
4571 3991 4708 4049 Data
4733 3992 4839 4050 seb
4860 3992 4948 4050 die
4969 4008 5031 4047 xv

3445 4083 3548 4140 cal.
3582 4083 3840 4139 Februar.
4626 4098 4638 4111 ν

4136 4220 4325 4276 XXIV.

3445 4333 3688 4406 Diploma
3734 4335 4012 4407 Dagoberli
4061 4334 4180 4398 111,
4232 4338 4367 4407 regis
4409 4335 4758 4401 Francorum.
4807 4353 4930 4405 quo,
4966 4335 5034 4393 ad

3515 4409 3811 4477 petitionem
3844 4408 4206 4473 llerlemundi,
4232 4408 4634 4479 Cenomanensis
4660 4410 4912 4479 episc0pi,
4941 4411 5036 4462 im-

3515 4480 3790 4549 m'rnilam
3820 4480 4094 4549 conﬁrmat
4121 4497 4152 4531 (ι
4179 4478 4383 4549 regibus
4408 4477 4735 4534 Francorum
4764 4477 5034 4534 concessas

3515 4547 3886 4603 Cenomanensi
3918 4547 4188 4613 Ecclesiae,
4216 4547 4309 4619 pro
4330 4551 4463 4604 villis
4490 4559 4540 4605 el
4568 4552 4902 4604 monasteriis
4927 4552 5035 4603 huic

3370 4638 3420 4697 ι)
3519 4619 3765 4697 Eccleser
3795 4622 4367 4697 subjectstrwsertim
4409 4639 4503 4691 pro
4542 4622 4864 4677 m.nastcrio
4912 4622 5034 4676 Ani-

3517 4689 3707 4746 solensi
3735 4702 3755 4730 ο
3788 4695 3935 4758 (ann.
3965 4691 4109 4762 71⁸5).

3518 4849 3871 4918 Dagohertus,
3906 4864 4000 4905 rex
4033 4848 4383 4918 Francorum,
4408 4851 4488 4905 vir
4518 4851 4747 4907 illusler.
4781 4851 4936 4908 Tunc
4963 4869 5036 4909 re-

3448 4940 3580 5013 galis
3611 4940 3875 4997 celsitudo
3906 4940 4252 4997 fundamenta
4294 4942 4376 4998 sui
4406 4943 4660 4999 culminis
4690 4946 5032 5013 corroborat,

3446 5099 3658 5153 bimus:
3700 5114 3822 5152 nam
3868 5098 4200 5169 Dagohertus
4240 5099 4307 5155 Ill
4337 5115 4562 5170 regnum
4608 5103 4926 5169 auspicatus
4953 5113 5035 5159 est

3446 5184 3632 5224 mense
3662 5170 3828 5238 Aprili
3859 5187 3984 5224 ann.
4018 5170 4145 5235 7H,
4176 5188 4240 5227 ac
4269 5173 4495 5240 proinde
4518 5173 4635 5229 dies
4662 5172 4733 5228 18
4762 5173 5028 5239 Januarii,

3447 5254 3589 5293 anno
3608 5242 3779 5305 primo
3805 5242 3951 5308 regni
3972 5240 4110 5308 ejus,
4129 5243 4362 5309 pertinet
4380 5243 4447 5298 ad
4464 5259 4664 5299 annum
4680 5244 4887 5300 Christi
4907 5245 5030 5301 712.

3520 5310 3745 5385 ¢_Ilujus
3774 5311 4131 5385 fragmentum
4165 5312 4393 5385 interme
4417 5315 4703 5385 admodum
4735 5317 5032 5385 depromp-

3446 5380 3815 5454 sitLabbeus,
3848 5382 4068 5436 Miscell.
4101 5391 4141 5454 t.
4182 5382 4246 5446 ll,
4281 5397 4399 5454 pag.
4434 5384 4558 5450 412,
4598 5401 4663 5440 ex
4699 5380 5035 5441 chartulario

3449 5453 3772 5507 Anisolensi.
3803 5453 4069 5519 lntegruin
4094 5452 4328 5524 diploma
4352 5452 4609 5510 insertum
4632 5466 4713 5511 est
4737 5458 4884 5513 inter
4903 5460 5034 5513 Acta

3448 5525 3821 5596 episcoporum
3851 5524 4359 5589 Cenomanensium,
4384 5526 4523 5596 apud
4549 5525 4748 5582 Mabill.
4783 5531 5034 5584 Analect.

3448 5594 3725 5668 pag.?.\’2,
3752 5595 4170 5668 ctrecusumin
4201 5594 4431 5651 Collect.
4473 5599 4656 5668 script.
4692 5615 4801 5653 rer.
4836 5599 5032 5655 Franc.

3451 5675 3500 5750 ι.-
3525 5665 3606 5746 IV,
3643 5679 3765 5750 pag.
3794 5664 3930 5750 ¹(38.8.
3967 5665 4044 5750 ῥά
4091 5666 4139 5720 id
4186 5668 4452 5750 prtecipue
4494 5664 4704 5750 videtur
4732 5672 5032 5734 conditum,

3448 5745 3506 5791 ut
3531 5736 3649 5803 jura
3684 5735 3885 5790 Ecclesi
3906 5754 3933 5786 ι’
3970 5735 4393 5793 Cenomanensis
4416 5740 4468 5794 in
4500 5738 4823 5796 Anisolense
4847 5758 5037 5795 mana-

3448 5808 3669 5863 s'erium
3707 5815 4097 5876 as<crcrent:ir,
4127 5819 4181 5862 et
4205 5809 4324 5863 ideo
4343 5810 4641 5865 exhibitum
4668 5821 4743 5866 est
4769 5814 4823 5866 in
4852 5812 4947 5865 iite
4973 5815 5039 5866 de

3450 5894 3550 5949 qua
3602 5880 3798 5946 smpius
3828 5877 4082 5944 diximus,
4126 5894 4287 5949 super
4318 5881 4399 5935 bis
4425 5880 4637 5947 juribus
4681 5894 4852 5946 mota,
4886 5893 4943 5936 ut
4977 5884 5037 5937 li-

3445 5958 3577 6021 quet
3602 5966 3670 6008 ex
3700 5949 3948 6020 catalogo
3982 5950 4462 6011 instrumentorum
4504 5963 4635 6011 tunc
4675 5956 5036 6027 prolatorutn,
