5174 6608
1768 567 1908 627 “15

2522 552 2788 622 sum.
2830 563 2919 619 vu
2964 562 3048 617 ET
3091 558 3203 614 \‘lll
3252 556 3776 611 EtICLESl.\STIC\
3818 556 4263 613 uoxuucnn.

4889 551 5020 611 ill‘i

1766 687 2021 745 ﬁrmitate
2061 682 2213 756 petiit
2254 682 2621 736 celsitudinem
2671 692 2910 736 nostram
2944 689 3001 732 ut
3028 681 3133 733 hoc
3157 676 3336 731 denuo
3365 675 3413 732 Α
3440 673 3573 726 riam
3605 688 3681 725 ac:
3701 674 3808 741 epit

2982 689 3001 731 t
3028 681 3133 733 hoc
3157 676 3336 731 denuo
3365 675 3413 732 Α
3440 673 3573 726 riam
3605 688 3681 725 ac:
3701 674 3830 741 epit,
3872 688 4025 726 suum
4057 679 4381 742 prmceptum
4406 670 4692 739 prtedictus
4712 668 5020 724 Childeber-

1765 797 1863 853 per
1907 788 2143 833 nostram
2195 776 2567 830 auctoritatem
2611 773 2709 841 ipsi
2750 774 2867 825 viro
2908 771 3104 823 domno
3156 769 3339 821 llerle-

1765 874 1967 931 mundo
1996 873 2269 942 cpiscOpo,
2313 869 2397 923 vel
2445 868 2507 921 ael
2558 866 2725 936 ipsam
2772 875 3011 919 sanctam
3061 863 3337 917 basilicam

1764 965 1935 1022 sancti
1958 962 2198 1018 Gervasii
2231 969 2285 1014 ct
2318 958 2545 1013 Protasii
2572 968 2867 1026 martyrum
2898 956 3217 1008 continuare
3245 954 3339 1006 dc-

1765 1060 2014 1113 beremus
2052 1072 2065 1107 :
2106 1053 2190 1108 cui
2237 1068 2336 1105 nos
2382 1067 2489 1104 non
2519 1050 2834 1115 denegasse,
2868 1047 2961 1101 sed
2993 1047 3043 1099 in
3090 1044 3337 1098 omnibus

1763 1150 2073 1221 prmstitisse
2102 1154 2157 1200 et
2191 1144 2537 1200 conﬁrmasse
2577 1140 2905 1209 cognoscite.
2959 1136 3335 1205 Prmeipicntes

1763 1241 1906 1296 enim
1946 1248 2026 1307 ut,
2052 1238 2194 1295 sicut
2222 1243 2436 1291 constat
2468 1234 2538 1287 ibi
2572 1232 2869 1286 avunculus
2899 1239 3081 1283 noster
3112 1226 3337 1281 Ililderi-

1762 1348 1861 1387 cus
1886 1329 2156 1400 quondam
2204 1342 2296 1381 rex
2328 1326 2537 1392 integra
2578 1323 2917 1377 immunitate
2957 1321 3023 1375 de
3070 1324 3180 1389 ipsa
3215 1319 3335 1372 villa

1764 1422 1983 1478 Arduno
2015 1418 2080 1473 ad
2110 1420 2275 1487 ipsam
2306 1416 2588 1471 ecclesiam
2637 1414 2779 1478 fecit,
2813 1414 2882 1466 ita
2915 1422 2969 1466 et
2999 1413 3211 1466 inantca
3240 1427 3338 1465 uos

1765 1527 1864 1583 per
1904 1518 2144 1566 nostram
2192 1508 2564 1563 auctoritatem
2596 1505 2940 1560 concedimus
2970 1516 3024 1558 ct
3054 1509 3338 1558 continua-

1765 1620 1903 1668 mus,
1935 1612 1995 1657 ut
2022 1601 2167 1655 nullo
2198 1614 2428 1667 unquam
2470 1607 2713 1666 tempore
2748 1594 2921 1649 nullus
2945 1593 3107 1662 judex
3142 1594 3193 1647 in
3225 1594 3336 1663 ipsa

1766 1695 1890 1750 villa
1915 1709 2019 1748 non
2051 1698 2355 1762 praesumat,
2388 1704 2488 1743 nec
2517 1701 2707 1742 causas
2736 1684 2942 1749 audire,
2975 1700 3071 1739 nec
3111 1684 3214 1738 ulla
3246 1700 3337 1753 pa-

1766 1795 1906 1852 rata,
1950 1800 2049 1841 nec
2087 1782 2257 1848 freda,
2291 1798 2391 1837 nec
2420 1781 2848 1852 qualemcunque
2887 1793 3105 1834 censum
3138 1786 3229 1831 aut
3259 1778 3340 1833 lu-

1764 1894 1915 1936 crum
1944 1885 2236 1941 terrenum,
2260 1875 2401 1945 quod
2425 1875 2491 1929 ad
2517 1877 2643 1928 tisco
2671 1873 2903 1943 potuerit
2923 1887 3161 1942 sperare,
3193 1871 3338 1927 nullo

1767 1984 2019 2038 umquam
2043 1977 2283 2035 tempore
2312 1983 2415 2021 non
2436 1977 2724 2035 prazsumat
2745 1964 3035 2033 requirere,
3061 1978 3161 2019 nec
3181 1977 3340 2018 exac-

1767 2070 1902 2129 tare,
1936 2060 2036 2116 nisi
2062 2059 2301 2129 inspecta
2334 2059 2443 2125 ipsa
2470 2057 2828 2127 prmccptiune
2857 2056 2922 2110 ab
2958 2056 3223 2110 avunculo
3251 2071 3342 2123 ge-

1769 2152 1944 2205 nitore
1992 2158 2175 2202 nostro
2220 2146 2567 2202 Cbildeherto
2613 2148 2882 2217 quondam
2925 2161 3073 2213 rege,
3126 2146 3342 2199 nomine

1766 2242 2071 2297 Cbilderico
2099 2240 2369 2309 quondam
2401 2255 2543 2307 rege,
2570 2241 2621 2292 iu
2652 2239 2998 2292 luminaribus
3024 2238 3341 2305 supradicta:

1767 2335 2002 2390 basilica:
2032 2335 2201 2389 sancti
2230 2331 2468 2386 Gcrvasii
2495 2352 2506 2383 ι
2531 2340 2548 2385 t
2577 2331 2802 2386 Protasii
2829 2343 3121 2401 martyrum
3152 2347 3340 2400 perpe-

1772 2426 1985 2500 tualitcr
2011 2424 2203 2479 debeat
2247 2440 2365 2478 esse
2400 2438 2715 2478 concessum
2741 2432 2902 2491 atque
2942 2422 3223 2477 indultum.
3252 2421 3337 2489 Et,

1769 2526 1830 2571 ut
1858 2517 1972 2572 lucc
1999 2517 2293 2571 auctoritas
2323 2516 2525 2570 Iirruior
2553 2515 2831 2577 habeatur,
2861 2514 2944 2570 vel
2975 2531 3070 2583 per
3097 2525 3339 2584 tempora

1767 2617 2134 2675 conservetur,
2182 2625 2341 2663 manu
2388 2619 2586 2669 nostra:
2633 2608 3113 2679 subscriptionibus
3155 2609 3339 2664 subter

1767 2715 1886 2756 eam
1914 2700 2251 2755 decrevimus
2282 2700 2561 2755 roborare.

1837 2791 1889 2845 In
1922 2791 2116 2846 Christi
2161 2791 2397 2854 nomine,
2433 2790 2767 2859 Dagobertus
2795 2802 2890 2842 rex
2932 2789 3238 2859 subscripsi.
3269 2820 3336 2829 —

1764 2883 2085 2953 lugobaldus
2124 2884 2313 2954 scripsi
2342 2892 2397 2939 et
2432 2883 2747 2954 subscripsi.
2779 2912 2847 2923 —
2877 2881 3007 2936 Data
3037 2884 3178 2951 quod
3210 2882 3337 2936 fecit

1762 2977 1959 3033 mensis
1989 2977 2209 3034 Martius
2238 2976 2353 3033 dies
2381 2994 2435 3045 x,
2461 2994 2603 3032 anno
2636 2977 2668 3047 ij
2700 2975 2849 3045 regni
2892 2976 3079 3042 nostri,
3108 2977 3336 3031 Mamaco

1760 3088 1851 3129 cas
1880 3072 2126 3128 feliciter.

2449 3159 2635 3216 XXVI.

1759 3276 2023 3349 Diploma,
2057 3276 2335 3348 Itagobcrti
2379 3275 2495 3341 III,
2544 3278 2674 3345 regis
2719 3274 3060 3349 Francorum,
3112 3293 3209 3347 quo
3242 3278 3331 3349 jus

3369 1983 3415 2043 Β

3446 772 3530 817 tus
3570 779 3663 817 rex
3703 764 3846 828 fecit,
3884 773 3938 817 et
3990 774 4172 830 postea
4220 771 4525 816 autecessor
4566 776 4695 814 suus
4735 758 5025 812 Domnulus

3444 855 3690 910 similiter
3713 855 3868 908 Callo
3911 855 4171 909 monacho
4198 864 4252 907 et
4277 853 4541 923 tiiSI'iplliO
4570 853 4772 907 domno
4801 850 5024 906 Carilefo

3445 949 3520 1013 to,
3565 957 3618 1003 et
3660 949 3725 1002 ab
3774 948 3887 1017 ipso
3933 947 4193 1001 Domnolo
4235 946 4428 1001 abbate
4476 948 4618 1001 facto
4657 954 4713 1000 et
4756 944 5024 1005 ordinato,

3443 1040 3736 1109 precariam
3768 1039 3913 1106 fecit,
3942 1049 3995 1093 et
4024 1054 4186 1108 super
4214 1038 4381 1108 ipsam
4410 1037 4710 1108 precariam
4759 1035 5027 1104 Chilperi-

3444 1147 3537 1185 cus
3580 1145 3676 1183 rex
3726 1145 3879 1183 suum
3930 1137 4255 1200 pne-ceptum
4305 1127 4417 1182 fieri
4462 1128 4640 1196 jussit.
4692 1127 4819 1181 Iltec
4849 1127 5027 1181 omnia

3444 1229 3770 1273 memoratus
3811 1219 4096 1289 episcopus
4142 1218 4391 1273 Berarius
4434 1219 4590 1272 nobis
4629 1218 4890 1281 ostendit,
4937 1214 5028 1269 de-

3444 1326 3670 1381 precans
3689 1318 3748 1364 ut
3766 1310 3943 1364 abbati
3971 1325 4086 1373 suo,
4110 1309 4327 1364 nomine
4347 1308 4667 1363 Gundoleno
4686 1305 4736 1375 υ,
4754 1307 5025 1367 similiter,

3443 1402 3585 1455 sicut
3633 1409 4005 1454 antecessores
4055 1400 4221 1453 nostri
4261 1399 4372 1454 suis
4418 1398 4855 1454 antecessoribus
4893 1413 5027 1465 pra--

3445 1505 3597 1563 cepta
3618 1492 3879 1559 fecerunt,
3901 1494 3972 1547 ita
3994 1502 4048 1547 et
4075 1508 4172 1547 nos
4188 1493 4684 1562 fecissemus.Cujus
4707 1494 5022 1563 petitionem

3440 1583 3622 1637 libenti
3655 1584 3836 1636 animo
3876 1583 4228 1652 suscepimus,
4287 1592 4342 1636 et
4381 1583 4522 1638 sicut
4562 1584 4894 1654 deprecatus
4948 1591 5027 1634 est

3442 1674 3555 1727 fieri
3590 1674 3862 1742 iussimus.
3912 1672 4142 1728 Proinde
4170 1674 4274 1729 hoc
4296 1674 4631 1730 auctoritatis
4656 1683 4863 1728 nostrae
4892 1690 5026 1742 pra:-

3440 1772 3651 1832 ceptum
3695 1763 3806 1818 fieri
3845 1764 4116 1832 jussimus,
4157 1779 4253 1834 per
4278 1764 4422 1834 quod
4461 1766 4683 1820 firmiter
4711 1768 5030 1821 mandamus

3441 1864 3520 1923 ut,
3552 1858 3688 1911 sicut
3722 1857 3978 1925 praedicto
4011 1857 4191 1911 abbati
4229 1872 4260 1911 a
4302 1866 4602 1911 memorato
4647 1857 4873 1913 Berario
4915 1861 5027 1928 epi-

3442 1964 3609 2019 scopo
3662 1949 3977 2018 praedictum
4031 1948 4465 2004 monasteriolum
4516 1949 4635 2017 jure
4683 1949 5029 2006 beneliciario

3442 2040 3622 2093 datum
3652 2049 3755 2103 est,
3790 2041 3860 2094 ita
3886 2040 4141 2109 deinceps
4170 2040 4222 2093 in
4251 2040 4367 2106 ejus
4394 2040 4657 2095 beneﬁcio
4684 2050 4739 2095 et
4779 2041 5028 2095 domina-

3442 2134 3597 2187 cione
3623 2147 3720 2187 seu
3749 2131 3989 2202 precaria
4016 2131 4202 2185 diebus
4236 2130 4357 2184 vita:
4383 2145 4494 2186 sua:
4524 2132 4724 2202 absque
4774 2134 4884 2186 ulla
4931 2134 5029 2186 mi-

3442 2226 3724 2280 noratione
3775 2233 4020 2290 maneat;
4073 2232 4130 2278 et
4177 2238 4417 2287 censum,
4466 2224 4607 2279 sicut
4658 2225 4710 2279 iu
4772 2230 5029 2292 precariis

3440 2332 3626 2371 eorum
3680 2316 4024 2379 continetur,
4077 2329 4173 2384 per
4223 2315 4459 2383 singulos
4514 2332 4687 2370 anuos
4738 2315 5030 2374 lbbolenus

3439 2410 3604 2463 abbas
3635 2416 3932 2463 memorato
3958 2408 4211 2477 episcopo
4242 2406 4456 2462 Bcrario
4484 2408 4704 2477 suisque
4742 2425 5026 2467 successo-

3439 2504 3585 2557 ribus
3613 2502 3807 2569 solvat,
3840 2500 3891 2555 id
3919 2508 4020 2565 est,
4046 2500 4111 2555 ad
4144 2500 4320 2555 lumen
4351 2501 4535 2555 matris
4573 2511 4628 2556 et
4668 2504 4908 2559 civitatis
4936 2521 5025 2557 ec—

3437 2594 3635 2656 clesizc,
3685 2594 3754 2647 de
3799 2608 3923 2648 cera
3972 2592 4064 2647 lib.
4113 2590 4212 2662 iiij,
4261 2600 4318 2647 et
4358 2593 4610 2648 fratribus
4655 2597 4936 2651 canonicis
4973 2599 5023 2651 in

3437 2687 3650 2741 civitate
3680 2685 4095 2740 consistentibus
4122 2699 4186 2740 ac
4213 2684 4475 2755 pra‘dictie
4505 2686 4745 2740 ecclesiae
4774 2691 5022 2744 servien-

3439 2779 3597 2843 tibus,
3647 2777 3699 2831 in
3730 2790 3884 2831 cceua
3912 2775 4120 2831 Domini
4148 2776 4362 2845 plenum
4395 2776 4630 2831 modium
4673 2778 4741 2832 de
4779 2780 4919 2842 ovis,
4969 2792 5024 2836 ct

3437 2868 3700 2923 buticulas
3728 2868 3915 2938 plenas
3951 2877 4170 2937 paratas
4217 2869 4286 2923 de
4321 2869 4524 2938 optimo
4575 2872 4698 2924 vino
4745 2873 4942 2935 solvat,
4975 2884 5027 2928 et

3436 2964 3687 3034 episcopo
3732 2962 3974 3031 ejusdem
4021 2962 4255 3017 civitatis
4300 2979 4461 3017 unam
4508 2966 4841 3021 eambuttam
4892 2969 5028 3025 bene

3434 3062 3696 3124 paratam,
3735 3062 3791 3108 et
3832 3053 3968 3109 duos
4010 3054 4308 3109 subtalares
4336 3055 4404 3109 ad
4431 3056 4669 3112 oliiciuui
4715 3076 4876 3115 suum
4908 3079 5026 3131 per-

3436 3144 3696 3212 agendum
3720 3145 3952 3199 tribuat:
3976 3152 4048 3208 et,
4080 3154 4203 3214 post
4229 3146 4346 3215 ejus
4369 3148 4684 3215 discessum,
4707 3154 5026 3220 pmilictiiiii

3434 3238 3873 3292 monasteriolum
3901 3238 3967 3292 ad
3998 3246 4318 3307 potestatem
4343 3241 4430 3295 vel
4456 3242 4885 3302 dominationem
4910 3266 5024 3304 mc-

1830 3329 2075 3403 i'It‘cto'sitv
2105 3329 2500 3402 (inomnueusis
2548 3329 2621 3401 in“
2646 3348 2941 3401 Anisolcnxe
2971 3329 3334 3402 nunriis/erfida
3360 3341 3406 3405 C
3438 3338 3659 3383 moram
3712 3330 3873 3382 mam

2983 3329 3406 3405 ,,}},,,,}jg,;j,,,}c
3438 3338 3659 3383 morata:
3712 3330 3897 3382 matris
3949 3329 4209 3391 ecclesitc,
4258 3331 4460 3400 absque
4505 3334 4664 3391 ullius
4710 3338 5026 3395 detentione

1828 3420 2090 3491 afseritur,
2127 3418 2283 3490 juxta
2324 3419 2557 3471 chartam
2604 3416 2832 3474 lbbolcui
2861 3418 3061 3472 abbatis
3093 3423 3116 3451 ³
3166 3420 3327 3491 (Ann.

1830 3490 1974 3558 ηδ).

1827 3619 2174 3689 Dagobcrtus,
2205 3635 2296 3674 rex
2326 3619 2673 3686 Francorum,
2704 3620 2786 3675 vir
2825 3620 3063 3676 inlustcr.
3105 3621 3159 3675 Si
3201 3622 3336 3692 peti-

1757 3711 1988 3768 tionibus
2017 3727 2295 3767 servorum
2325 3711 2417 3766 Dei
2449 3727 2722 3766 assensum
2753 3714 3069 3782 prmbemus,
3113 3730 3218 3767 non
3248 3731 3335 3769 so-

1754 3803 1864 3858 lum
1894 3803 2090 3873 regiam
2113 3804 2549 3859 consuetudinem
2571 3820 2901 3868 exercemus,
2928 3807 3017 3859 sed
3040 3807 3103 3860 ad
3125 3817 3333 3861 :eterure

1754 3896 2025 3952 fclicitatis
2054 3896 2455 3965 percipiendum
2494 3898 2766 3966 prauuium
2804 3898 3134 3968 profuturum
3182 3901 3335 3956 nobis

1753 4004 1871 4042 esse
1901 3988 2234 4043 confidimus.
2270 3988 2434 4058 Igitur
2460 3990 2708 4045 omnibus
2737 3989 2977 4044 fidelibus
3012 4003 3209 4047 sanetm
3242 3994 3335 4050 Dei

1752 4077 2004 4133 Ecclesia:
2059 4088 2113 4132 et
2164 4078 2381 4146 nostris,
2421 4080 2771 4149 praesentibus
2810 4089 2864 4135 et
2907 4082 3115 4150 futuris,
3151 4093 3334 4138 uotum

1753 4184 1874 4223 esse
1907 4168 2172 4233 volumus,
2204 4169 2327 4239 quia
2360 4171 2439 4224 vir
2466 4172 2786 4225 venerabilis
2813 4171 3173 4229 Ccuomannis
3199 4178 3333 4241 civi-

1754 4258 1902 4324 tatis,
1935 4258 2183 4314 Berarius
2214 4260 2515 4330 episcopus,
2548 4269 2783 4315 nostram
2815 4262 2944 4317 adiit
2972 4268 3331 4334 pra'senliam,

1752 4353 1982 4408 afferens
2011 4362 2309 4409 strumcnta
2336 4354 2488 4409 nobis
2517 4362 2806 4420 cartarum,
2848 4357 3074 4426 qualiter
3106 4359 3333 4414 domnus

1751 4448 2056 4516 Karileﬂ‘us,
2079 4447 2331 4504 sacerdos
2352 4456 2513 4517 atque
2539 4450 2849 4515 monachus,
2871 4450 2922 4504 in
2952 4467 3047 4506 sua
3077 4453 3332 4521 parocbia

1750 4544 2052 4599 construxit
2078 4542 2348 4611 quoddam
2388 4542 2847 4608 monasteriolum,
2878 4552 2931 4597 et
2958 4559 3056 4597 suo
3084 4554 3332 4600 anteces-

1749 4648 1873 4689 sore
1921 4633 2119 4688 domno
2166 4632 2454 4687 Innocente
2498 4648 2594 4703 per
2643 4649 2961 4689 consensum
3005 4634 3330 4692 Cbildeberti

3433 3425 3526 3473 aut
3577 3419 4004 3486 consignatione,
4046 3435 4168 3475 cum
4214 3423 4361 3476 omni
4408 3423 4721 3493 integritate
4760 3430 4849 3484 vel
4902 3447 5023 3486 cum

3435 3519 3550 3566 toto
3592 3512 3934 3581 superposito
3971 3513 4380 3569 immelioratum
4422 3528 4759 3585 revertatur;
4815 3533 4875 3577 et
4913 3526 5024 3594 cpi-

3431 3604 3581 3672 scopi
3610 3603 3721 3658 sive
3749 3613 3986 3659 rectores
4014 3605 4197 3660 matris
4224 3607 4484 3673 ecclesia),
4525 3611 4784 3681 quidquid
4831 3618 5024 3673 exinde

3429 3692 3574 3759 juste
3612 3701 3668 3747 et
3709 3695 3970 3748 canonice
4011 3694 4189 3751 facere
4237 3697 4620 3769 diSposuerint,
4663 3704 4892 3762 liberam
4934 3712 5026 3764 ha-

3434 3784 3597 3838 beant
3647 3794 3969 3854 potestatem
4015 3787 4260 3843 faciendi.
4315 3788 4404 3857 Et,
4456 3801 4514 3847 ut
4561 3795 4678 3849 haec
4731 3803 5025 3858 auctoritas

3437 3877 3639 3930 firmior
3692 3878 4001 3947 habeatur,
4054 3896 4244 3935 manus
4295 3894 4491 3939 nosmc
4539 3887 5025 3961 subscriptionibus

3434 3969 3617 4023 subter
3644 3984 3762 4025 eam
3792 3970 4128 4027 decrevimus
4156 3973 4413 4032 roborare
4445 3982 4466 4010 ε

4125 4125 4330 4185 XXVII.

3440 4235 3678 4324 Diploma
3705 4236 3982 4324 lilii/periei
4028 4239 4107 4323 ζι,
4147 4244 4280 4314 regis
4314 4243 4660 4324 Fratscoruni,
4710 4272 4814 4324 φο
4858 4260 5024 4310 sancti

3510 4307 3745 4380 Dionysii
3771 4313 4080 4367 moimsteiio
4116 4307 4383 4371 Laticcssas
4427 4307 4802 4378 immunitates

3507 4387 3610 4429 mit
3638 4380 3663 4415 ά
3695 4383 3842 4448 (ann.
3872 4380 4018 4452 716).

3506 4534 3892 4605 Cbilperichus,
3947 4554 4042 4595 rex
4097 4541 4446 4613 Francorum,
4508 4551 4637 4606 viris
4681 4552 5019 4613 inlustribus.

3434 4628 3647 4696 Oportit
3670 4630 3985 4686 cliiucnciae
4010 4634 4317 4705 princepale
4344 4639 4485 4695 inter
4511 4641 4711 4699 citeras
4738 4651 5024 4716 petitionis

1750 4728 1891 4798 regis
1919 4727 2170 4784 tradidit:
2202 4733 2256 4781 ct
2284 4734 2470 4798 postea
2501 4726 2566 4780 ab
2592 4741 2658 4781 eo
2686 4742 2782 4797 per
2811 4741 3028 4781 censum
3062 4727 3111 4782 iu
3146 4744 3332 4798 preca-
3364 4707 3411 4767 θ
3437 4719 3551 4773 ium
3581 4734 3688 4788 (Ιηθ
3715 4735 3793 4789 PN

2982 4742 3028 4780 m
3062 4727 3111 4782 ίη
3146 4744 3332 4798 proca-
3364 4707 3411 4767 Ι)
3437 4719 3551 4773 illut
3581 4734 3688 4788 que
3715 4722 3812 4789 pro
3840 4722 4011 4776 salute
4055 4725 4442 4796 adescribetur,
4481 4740 4538 4786 et
4581 4749 4681 4803 pro
4717 4707 4901 4795 divine
4934 4760 5025 4796 uo-

1822 4895 1848 4923 ι
1908 4885 2054 4940 lianc
2116 4882 2581 4940 confirmationem
2646 4883 3066 4936 commentitiam
3133 4886 3331 4940 charta:

1750 4956 2134 5012 conuncntitiie
2161 4955 2371 5009 abbatis
2400 4953 2634 5008 Ibboleni
2666 4954 2918 5007 exhibent
2949 4955 3079 5008 Acta
3120 4956 3331 5022 episco-

1750 5043 1940 5097 porum
2009 5026 2496 5097 Cenomanensiuiu
2525 5066 2539 5090 ,
2612 5025 2710 5097 in;
2739 5024 3012 5097 Analect._
3057 5024 3329 5097 Mabillun.

1749 5093 1871 5167 pag.
1901 5096 2024 5157 275,
2048 5105 2105 5167 et
2126 5097 2263 5166 apud
2298 5095 2647 5167 Duliouqucl,
2682 5093 2880 5167 Romam
2900 5093 3037 5167 tiall.
3064 5104 3116 5146 et
3141 5096 3328 5149 Frane.

1749 5163 1934 5231 script.
1981 5179 2026 5221 t.‘
2060 5163 2313 5236 IV,'pag.
2362 5163 2486 5226 687,
2533 5167 2583 5217 in
2614 5173 2799 5217 aunot.
2849 5164 3034 5216 Iisdem
3079 5169 3331 5220 refertum

1749 5239 1896 5291 falsis
1941 5239 2149 5292 indiciis
2191 5238 2448 5305 diploma,
2493 5236 2684 5304 quibus
2723 5236 2905 5286 charta
2937 5251 3095 5302 quam
3136 5242 3335 5288 contir-

1751 5318 1881 5362 mat.
1919 5308 2127 5362 Videsis
2166 5318 2321 5362 notas
2353 5316 2563 5360 nostras
2601 5305 2668 5357 ad
2709 5305 2951 5358 chartam
2987 5306 3172 5369 ipsum.
3229 5306 3333 5359 lle-

1752 5390 2001 5431 censetur
2032 5388 2208 5432 autem
2241 5377 2473 5445 diploma
2516 5376 2636 5445 huc,
2668 5374 2820 5427 sicuti
2864 5372 2918 5427 e't
2951 5376 3159 5437 charta,
3195 5378 3335 5429 inter

1750 5449 2104 5502 instrumenta
2153 5449 2203 5501 in
2245 5444 2512 5501 cunventu
2563 5444 2921 5497 Vertnerieusi
2962 5447 3233 5508 damnata,
3278 5455 3334 5500 et

1751 5517 1955 5572 aboleri
1982 5518 2152 5586 jussa,
2186 5526 2240 5569 ut
2268 5517 2467 5570 dictqu
2500 5525 2600 5570 est.
2632 5557 2640 5564 .

1826 5590 1850 5624 ἰ
1891 5588 2191 5641 Gundolcui
2237 5602 2433 5640 nomen
2477 5603 2571 5654 per
2614 5586 2951 5639 amauucnsis
2996 5586 3331 5642 oscitantiam

1752 5658 2010 5727 scripturn
2039 5673 2131 5715 iro
2159 5659 2374 5712 nomine
2401 5657 2660 5719 Ibboleui,
2691 5665 2749 5709 ut
2779 5673 2844 5709 cx
2878 5657 3039 5722 ipsius
3067 5657 3331 5724 diploma-

1756 5729 1823 5781 tis
1854 5738 2003 5781 texui
2035 5728 2223 5794 liquet,
2267 5729 2314 5779 iu
2355 5728 2506 5795 cujus
2538 5728 2681 5780 serie
2708 5743 2901 5779 uniueu
2932 5727 3170 5781 Ibboleni
3210 5743 3330 5781 rec-

1756 5798 1863 5852 tius
1889 5798 2171 5850 ascribitur
2198 5797 2494 5850 Anisolo'nsi
2527 5798 2725 5850 abbati.

1835 5881 1854 5906 ε
1890 5867 2037 5920 Nota:
2064 5868 2453 5933 chronologica‘.
2480 5869 2710 5927 desunt;
2743 5865 2919 5919 fictum
2958 5867 3187 5935 diploma
3220 5867 3335 5921 col-

1759 5936 2000 5990 locamus
2059 5939 2216 6004 paulo
2267 5947 2385 6005 pcst
2433 5937 2674 5991 chartam
2722 5938 2981 5999 Ibbob-ui,
3018 5954 3176 6006 quam
3235 5939 3333 5993 sub

1763 6023 1903 6061 anno
1936 6008 2054 6073 7I3,
2080 6007 2275 6078 Aprilis
2299 6010 2382 6063 die
2413 6008 2503 6075 :28,
2534 6008 2902 6063 collocandani
2934 6012 3259 6063 ceiisuimus.

3508 4876 3532 4915 τί
3560 4878 3928 4959 δςῐξρίυξυιγρὶε
3968 4882 4294 4959 maritimum,
4326 4900 4362 4959 ρ
4388 4886 4715 4959 Mabillonin,
4758 4895 4892 4949 Αριει
4930 4898 5022 4951 εδ,

3436 4950 3635 5032 !E°E!?'.'-
3669 4958 3707 5003 ⁸ο
3738 4950 3825 5032 ¹δῖε
3852 4966 3979 5032 938-.
4004 4950 4130 5032 βσῇ
4155 4950 4303 5032 eis“?
4326 4956 4402 5011 R0
4430 4958 4562 5032 diei.
4588 4950 4712 5032 ensi
4746 4965 4876 5025 484.
4920 4950 5023 5022 ria

3439 5020 3741 5100 Felibiano,
3765 5020 3899 5075 Hist.
3921 5022 4056 5100 _abb.
4187 5025 4339 5080 Dion.
4370 5020 4524 5100 prob.
4558 5020 4684 5100 pag?
4712 5036 4797 5099 l9,
4840 5020 4909 5091 ὁ.
4936 5020 5025 5092 au-

3438 5092 3694 5169 tograpbu
3726 5091 3969 5169 (mincin
4000 5094 4217 5169 archivo
4251 5091 4419 5162 regni,
4464 5118 4516 5165 ιη,
4546 5091 4598 5155 ri.
4628 5091 4665 5156 ἶ)
4695 5091 5020 5169 asset-ram;

3435 5161 3719 5240 accitum,
3740 5162 3940 5240 _Annal.
3974 5172 4013 5219 t.
4047 5164 4263 5240 Y,__pag.
4290 5161 4413 5232 280,
4434 5161 4844 5234 aliaucmnbus
4868 5161 5024 5233 δηηέ

3436 5232 3618 5306 Gallia:
3638 5232 3959 5306 christianum
3994 5244 4030 5287 t.
4063 5232 4172 5298 VII,
4203 5232 4350 5292 iiistr.
4386 5242 4490 5294 col.
4524 5240 4576 5306 5,
4607 5256 4661 5298 et
4687 5262 4716 5297 τι
4751 5232 4833 5303 Co
4862 5232 5024 5302 lectri-

3436 5303 3580 5389 I'iillﬁ
3611 5304 3933 5389 scriptorum
3974 5303 4578 5389 rerum‘Francicarum,
4619 5326 4658 5367 t.
4700 5317 4791 5379 IV,
4819 5338 4855 5389 p
4904 5322 5019 5383 (illo,

3436 5388 3499 5455 es
3529 5371 3861 5455 _Mabillou_io.
3898 5372 4269 5455 Fr-aginentuiii
4302 5379 4538 5449 ejusdem
4568 5371 4896 5455 vulgaverat
4916 5371 5020 5445 Du:

3437 5442 3634 5521 hirtus,
3680 5443 3859 5521 Apim.
3908 5447 4042 5521 ccci.
4086 5442 4350 5521 sum":
4392 5442 4693 5520 [139685,]
4727 5442 5023 5515 meum;

3436 5511 3562 5599 pileo.
3600 5511 3635 5564 Il
3662 5513 4261 5599 'ttibqerathtiointius,
4303 5511 4495 5599 Amani.
4531 5534 4569 5577 ι.
4608 5511 4693 5599 lli,

3438 5582 3573 5661 illud
3596 5582 3907 5661 Stili_e0tle1u
3933 5582 4455 5661 Chili'ericinoniiuc
4484 5582 4776 5655 annalibus
4805 5582 4919 5657 :tiis
4951 5582 5023 5655 nil

3436 5654 3623 5716 seruit,
3648 5652 3711 5704 ad
3743 5668 3941 5707 annum
3972 5656 4093 5719 ($79,
4127 5674 4155 5711 a
4199 5659 4424 5715 Dubleto
4457 5664 4507 5716 in
4541 5652 4817 5725 errorcﬁuiv
4840 5652 4899 5727 ii.
4924 5652 5024 5727 ἰέέ-

3440 5734 3541 5785 tus,
3575 5738 3734 5789 quem
3765 5741 3895 5799 sane
3925 5738 4166 5793 relegere
4196 5731 4455 5786 debuerat
4489 5737 4566 5789 \ir
4593 5740 4735 5794 bene
4764 5746 5021 5799 oculata».

3439 5795 4023 5868 cum_totunt_diplou.a
4063 5814 4130 5852 ex
4167 5799 4475 5857 Mabiilouio
4523 5814 4739 5865 recolit
4771 5795 5025 5868 sul—ivvere

3439 5863 3655 5942 nomine
3681 5863 4139 5942 blnilpcrici,_ibid.
4176 5880 4211 5921 t.
4238 5871 4302 5933 V,
4335 5889 4454 5941 pag.
4484 5875 4630 5939 980;

3440 5936 3543 5987 hoc
3587 5934 3817 6015 diploma
3838 5937 4035 6015 .eIIliSj!
4056 5934 4431 6015 _a\_‘unruhun'
4451 5934 4715 6015 ιιιψριὶςιιί
4742 5934 5022 6009 τιξξζιζλξεξξζ

3438 6022 3580 6071 cum,
3600 6006 3952 6063 consobrinos
3974 6008 4358 6080 Chlodmcum,
4390 6006 4818 6080 Childcterium
4929 6006 5022 6081 ira-

5116 5706 5129 5959 ἔ
