5174 6536
642 410 786 469 ΗΠ

1397 410 1634 467 REGUM
1679 410 1914 467 PRIMJE
1955 409 2217 468 STlRl'lS
2259 410 2681 468 FliANtZORUM
2726 409 3137 468 DlPLOMATA.

3794 415 3934 474 1148

637 527 804 580 minis
860 525 1183 595 postolatur,
1232 525 1501 595 placabile
1547 525 1786 580 auditum
1838 525 2131 594 suscipere,
2191 530 2311 588 etA
2349 537 2448 577 nec
2493 523 2556 576 ad
2602 539 2790 578 causas
2821 523 3168 592 audiendum,
3215 538 3315 578 nec
3357 521 3421 578 ad
3464 520 3805 592 ﬁdejussores
3833 527 3934 581 tol-

636 617 831 686 procul
862 617 1082 670 dubium
1113 618 1178 670 ad
1223 617 1474 672 mfectum
1500 618 1795 686 perducere
1829 637 1842 671 :
1875 627 2142 688 quatenus
2177 619 2243 674 de

636 713 877 765 calluees
904 711 1067 766 rebus
1096 722 1376 781 presentes
1415 711 1582 768 secoli
1622 720 1821 766 a-terna
1866 713 2238 781 couquiretur,

633 803 789 870 juxta
856 813 1164 874 preceptqu
1222 805 1430 858 Domini
1483 806 1709 861 dicentis
1762 824 1774 860 :
1827 807 2034 861 Facetis
2085 807 2240 862 vobis

631 895 827 947 amicis
857 895 924 948 de
955 912 1202 950 mamoua
1234 897 1562 966 iniqm-tatis.
1596 898 1735 966 Ergo
1764 899 1828 952 de
1854 915 2101 954 mamona
2132 900 2237 954 iiii-

630 987 911 1054 quaetalis
949 987 1103 1055 juxta
1146 989 1311 1058 ipsius
1356 989 1556 1044 dictmn
1609 1007 1705 1044 nus
1755 993 1953 1062 oportit
1993 1006 2235 1048 mercare

629 1089 824 1132 eterna
856 1081 1075 1134 celestia
1109 1098 1122 1133 :
1156 1091 1228 1144 et,
1263 1082 1388 1135 dum
1421 1083 1761 1137 sacerdotum
1791 1098 2023 1153 congrua
2052 1086 2234 1155 inper-

631 1180 813 1226 [unus
837 1173 1120 1240 benelicia,
1145 1176 1538 1230 retrebutorem
1571 1177 1796 1231 Domino
1823 1195 1885 1232 ex
1912 1179 2014 1233 hoc
2035 1180 2234 1249 habyre

628 1267 948 1333 moriamur,
993 1267 1042 1320 in
1085 1276 1270 1321 eterna
1303 1270 1666 1323 tabernacula.
1700 1269 1876 1336 Igetur
1902 1271 2233 1327 venerabelis

627 1358 714 1411 vir
736 1357 1060 1418 Chillardns.
1100 1359 1236 1412 abba
1281 1359 1348 1412 de
1393 1361 1624 1416 baselica
1669 1363 1956 1430 pecu‘iaris
1992 1364 2231 1432 patronis

626 1451 802 1503 nostri
836 1450 1019 1504 domui
1065 1450 1283 1504 Dionisii
1313 1453 1624 1523 marthyris,
1659 1454 1764 1524 uby
1797 1454 1908 1522 ipse
1953 1455 2227 1524 preciosus

622 1539 864 1595 domnus
888 1543 940 1595 iu
963 1558 1196 1611 corpurc
1227 1543 1522 1612 requiiscit,
1547 1544 1861 1598 cliuseuciae
1892 1545 2024 1612 rigui
2058 1545 2226 1600 nostri

619 1631 976 1700 Supplicavit,
1010 1641 1066 1686 ut
1086 1631 1239 1699 juxta
1271 1632 1413 1700 quod
1446 1633 1512 1686 ab
1539 1635 1983 1688 antecessorelms
2015 1636 2226 1704 regibus

621 1725 956 1792 parenlebus
989 1725 1185 1778 nostris
1207 1740 1234 1776 a
1269 1725 1430 1792 longo
1456 1734 1697 1793 tempure
1721 1728 1893 1778 omnis
1919 1737 2228 1782 cnmuaetas

617 1814 690 1867 de
721 1815 848 1868 villa
883 1813 1087 1883 prefate
1116 1815 1286 1870 sancti
1319 1816 1546 1870 haselice
1596 1816 1693 1868 fuit
1729 1832 2007 1883 coucessa,
2053 1818 2225 1872 undae
2253 1843 2300 1904 Β

617 1914 678 1960 et
711 1905 857 1974 ipsas
890 1907 1259 1975 precepcionis
1297 1922 1388 1959 sae
1428 1922 1523 1973 per
1564 1908 1822 1960 manchus
1853 1909 2036 1961 habire
2061 1907 2222 1961 adﬁr-

617 2006 757 2058 mat,
803 2005 858 2050 et
898 1997 1001 2051 hoc
1050 2012 1218 2065 usque
1264 2013 1404 2050 nune
1447 1999 1825 2052 inviolabiliter
1868 2000 2066 2053 adserit
2107 2015 2226 2054 esse

614 2096 1029 2141 conservatum.
1059 2087 1212 2143 Unde
1239 2089 1371 2156 petit
1400 2097 1460 2141 ut
1501 2089 1603 2142 hoc
1638 2104 1733 2158 per
1761 2098 1941 2144 nostra
1979 2099 2225 2145 aucture-

618 2190 800 2235 tatem
853 2181 1019 2235 dinuo
1071 2197 1168 2249 pro
1239 2183 1314 2236 rei
1367 2181 1632 2235 ﬁrmitatis
1680 2182 1822 2237 circa
1873 2184 1987 2252 ipso
2035 2196 2223 2238 sancto

615 2273 767 2337 loco,
809 2271 895 2324 vel
941 2272 1188 2326 homeuis
1225 2273 1316 2339 qui
1347 2288 1406 2326 se
1435 2288 1554 2327 cum
1583 2274 1886 2329 substaneia
1922 2292 2107 2329 eorum
2155 2277 2222 2330 ad

615 2379 740 2433 ipsa
776 2362 1019 2418 baseleca
1045 2364 1265 2418 tradunt
1291 2364 1374 2418 vel
1403 2365 1734 2432 condonant,
1763 2366 1915 2433 juxta
1947 2367 2094 2434 quod
2123 2383 2219 2420 au-

616 2457 856 2510 teriores
912 2450 1184 2523 parentis'
1220 2457 1389 2510 nostri
1449 2457 1532 2511 vel
1590 2459 1865 2524 preeelsus
1930 2461 2220 2515 avuncolus

613 2558 813 2602 noster
838 2547 1224 2615 Theodericus,
1255 2563 1351 2602 sco
1381 2558 1434 2602 et
1466 2565 1508 2602 ci
1535 2550 1774 2602 nsohrini
1798 2551 1963 2604 nostri
1987 2551 2219 2606 Chlodo-

609 2643 773 2705 vius,
827 2639 1271 2695 Childebercthus
1320 2651 1374 2695 et
1425 2641 1825 2708 Dagobcrcthus
1875 2644 1900 2669 ⁸
1951 2646 2217 2713 quondam

610 2733 790 2799 regis,
821 2747 916 2800 per
943 2746 1127 2786 eorum
1174 2733 1530 2785 aucturetatis
1577 2732 1641 2784 ad
1687 2734 1800 2800 ipsa
1844 2735 2086 2789 baselcca
2117 2735 2219 2789 huc

611 2825 968 2894 pristetiruut
1007 2822 1090 2876 vel
1135 2823 1594 2877 conﬁrmaverunt
1643 2841 1655 2876 :
1700 2824 1802 2879 hoc
1847 2827 2047 2879 iteratis
2077 2827 2217 2881 circa

610 2918 741 2989 ipso
801 2915 978 2974 abbati
1027 2913 1322 2968 concidere
1371 2922 1424 2968 et
1475 2915 1795 2969 conﬁrmare
1849 2918 2212 2974 diherimmus.

608 3013 736 3068 ldio
779 3014 1074 3082 cugnuscai
1115 3005 1442 3075 magnetudo
1471 3021 1565 3062 seu
1595 3009 1794 3064 utilitas
1837 3021 2030 3075 vestra,
2073 3013 2216 3081 quod

606 3123 717 3159 nos
753 3122 850 3174 pro
882 3107 1188 3162 reverencia
1228 3099 1396 3176 ipsius
1425 3110 1609 3155 sancte
1656 3101 1795 3162 loee.
1831 3104 1912 3156 vel
1941 3121 2035 3173 pro
2064 3106 2216 3173 quie-

2347 615 2583 680 lendmu,
2620 632 2718 672 nec
2749 617 2815 671 ad
2846 616 2995 672 {reda
3023 618 3376 689 exygendum,
3408 634 3507 673 nec
3542 617 3609 672 ad
3643 619 3929 677 mansionis

2344 708 2668 770 faciendum,
2704 723 2801 763 nec
2829 719 3065 778 paratas,
3105 724 3203 764 nec
3227 710 3400 765 nullas
3428 709 3814 766 redebuciones
3843 724 3918 766 re-

2345 800 2700 870 querendum,
2733 800 3023 868 ingredire,
3053 816 3153 856 nec
3182 803 3402 873 exygire
3432 817 3648 872 quoque
3687 811 3926 873 tempurc

2345 905 2572 964 penetus
2601 911 2708 949 non
2740 905 3101 964 presumatur,
3143 894 3259 966 nysi
3282 895 3532 964 quicquid
3566 895 3720 950 ﬁscus
3744 908 3925 952 noster

2340 987 2532 1042 exinde
2561 995 2808 1058 potuerat
2840 1003 3110 1056 esperare,
3142 987 3319 1042 omnia
3351 996 3405 1042 et
3433 1003 3500 1042 ex
3543 989 3803 1044 omnebus
3830 1005 3925 1060 pro

2337 1081 2586 1135 mercidis
2625 1081 2796 1136 nostri
2843 1083 3221 1151 conpendium,
3266 1096 3390 1136 cum
3441 1081 3616 1136 omnis
3656 1083 3820 1138 fridus
3861 1084 3924 1138 ad

2337 1171 2601 1240 integrum
2634 1173 2894 1243 sybymcd
2920 1188 3228 1238 concessus,
3261 1181 3320 1228 ut.
3357 1172 3556 1228 dictum
3599 1182 3699 1238 est,
3750 1174 3924 1244 insue-

2335 1273 2450 1319 ctas
2479 1263 2620 1333 ipsas
2648 1265 3020 1335 precepcionis
3047 1266 3377 1321 anteriorum
3407 1281 3612 1333 regum,
3643 1275 3925 1337 parentum

2335 1354 2604 1422 quondam
2637 1366 2968 1422 nostrorum,
3013 1357 3098 1412 vel
3134 1357 3288 1426 juxta
3327 1357 3472 1428 quod
3499 1373 3717 1428 presens
3743 1368 3924 1413 no-tra

2332 1449 2613 1504 contenire
2656 1450 2867 1504 videtur
2911 1461 3237 1517 aucturetas,
3269 1451 3520 1523 quicquid
3552 1453 3666 1522 ipse
3705 1461 3925 1508 sanctus

2331 1537 2482 1594 locus
2519 1555 2548 1592 a
2581 1539 2700 1594 diae
2749 1552 3022 1612 presente,
3048 1553 3106 1597 ut
3135 1543 3399 1609 dixeiuus,
3445 1544 3645 1616 habyre
3689 1546 3920 1610 videtur,

2328 1645 2488 1699 quam
2517 1632 2660 1700 quod
2690 1633 3088 1704 inpostmodum
3113 1650 3142 1688 a
3175 1635 3283 1690 Deo
3313 1635 3638 1691 timeutehus
3674 1637 3924 1692 homine-

2330 1723 2429 1778 bus
2458 1724 2541 1777 vel
2573 1739 2603 1778 a
2634 1726 2788 1780 nobis
2818 1726 3030 1795 ibydem
3082 1725 3241 1780 fuerit
3270 1727 3485 1781 adetum
3517 1727 3598 1780 vel
3627 1728 3918 1794 conlatum,

2329 1830 2422 1869 seu
2449 1817 2808 1888 quicumquae
2851 1819 2984 1886 justi
3037 1829 3092 1873 et
3136 1819 3552 1891 racionabyliter
3598 1837 3718 1876 cum
3763 1838 3925 1878 omne

2328 1911 2632 1965 suhstaucia
2677 1927 2773 1965 sua
2817 1911 2884 1964 ad
2917 1911 3032 1981 ipso
3064 1913 3377 1967 monastirio
3419 1929 3477 1968 se
3526 1915 3825 1980 tradedirit,
3868 1925 3924 1971 et

2329 2017 2415 2055 res
2439 2017 2562 2056 suas
2593 2017 2688 2071 per
2718 2003 2969 2072 ligidema
3004 2004 3356 2058 iustromeuta
3383 2005 3574 2060 ibidem
3597 2006 3925 2075 delegaverit

2327 2093 2409 2148 vel
2459 2094 2771 2156 ﬁruiaverit,
2804 2097 2903 2151 sub
2932 2097 3136 2165 integra
3169 2099 3471 2163 emunitati,
3527 2100 3594 2152 ad
3646 2099 3766 2153 diae
3794 2117 3919 2168 pre-

2327 2195 2477 2241 seute
2503 2189 2668 2243 valiat
2697 2190 2931 2244 rcsedire
2968 2191 3184 2259 quietus
3213 2191 3386 2260 adque
3418 2206 3642 2246 securus
3687 2209 3698 2243 :
3744 2200 3816 2256 et,
3862 2201 3923 2248 ut

2326 2281 2524 2335 dictum
2555 2290 2656 2344 est,
2713 2281 2968 2350 quicquid
3016 2283 3212 2337 exinde
3253 2284 3505 2336 forsetam
3547 2283 3708 2338 ﬁscus
3738 2293 3920 2338 uoster

2324 2387 2545 2441 sperare
2573 2380 2850 2442 potuerat,
2883 2374 2936 2426 in
2965 2374 3344 2429 lumcnarebus
3367 2375 3451 2429 vel
3479 2374 3790 2445 estipendiis
3822 2392 3919 2431 seu

2323 2473 2374 2517 et
2421 2465 2472 2518 in
2513 2464 2778 2518 elimoniis
2810 2481 3110 2535 panpermn
3155 2467 3322 2536 ipsius
3369 2467 3691 2522 monastirim
3727 2484 3917 2537 percu-

2325 2555 2463 2608 niter
2491 2572 2586 2625 pro
2613 2557 2812 2610 nostris
2835 2557 3070 2610 oraculis
3093 2557 3161 2611 ad
3187 2559 3450 2625 integrum
3481 2558 3533 2611 in
3561 2559 3740 2612 omnia
3772 2569 3825 2613 et
3848 2577 3916 2616 ex

2323 2648 2586 2702 omnebus
2633 2649 2705 2702 sit
2741 2664 3058 2704 concessum
3091 2649 3268 2718 adque
3295 2649 3577 2716 indultum,
3610 2659 3666 2704 ut
3696 2652 3774 2706 eis
3803 2668 3917 2706 mc-

2321 2737 2422 2792 lius
2470 2738 2675 2794 dilectit
2725 2755 2822 2809 pro
2879 2740 3207 2795 estabilitate
3251 2740 3391 2808 rigui
3444 2741 3650 2804 nostri,
3693 2743 3774 2796 vel
3815 2759 3914 2811 pro

2320 2829 2555 2898 quietem
2586 2830 2904 2899 quibuslibit
2950 2831 3198 2887 cliuuctis
3237 2831 3409 2887 leodis
3443 2841 3659 2886 uostrus
3706 2835 3912 2888 Domini

2319 2922 2714 2977 meserecordia
2745 2924 3024 2978 adtencius
3055 2924 3368 2993 deprecare.
3403 2921 3488 2990 Et,
3521 2931 3578 2977 ut
3607 2923 3704 2976 hcc
3725 2931 3914 2977 auctu-

2319 3022 2462 3068 retas
2493 3015 2692 3068 nostris
2715 3027 2770 3069 et
2801 3015 2994 3070 loturis
3025 3015 3371 3085 temporebus
3397 3015 3538 3071 circa
3569 3015 3686 3085 ipso
3723 3024 3912 3072 sancto

2323 3106 2444 3161 loco
2467 3109 2779 3176 perenniter
2804 3108 2954 3162 ﬁrma
2985 3118 3040 3163 et
3066 3108 3324 3164 inviolata
3357 3109 3671 3178 permaniat,
3703 3108 3787 3164 vel
3815 3123 3914 3178 per

605 3212 725 3257 tem
762 3202 974 3273 ibydem
1013 3203 1123 3258 Deo
1165 3195 1566 3263 fanmlaucinm,
1601 3198 1975 3266 prumtessima
2002 3200 2214 3253 volom-
2245 3206 2288 3270 ι]
2325 3207 2566 3268 tempora
2599 3199 2768 3254 inlesa
2797 3199 3134 3254 custodiatur
3160 3199 3334 3268 adque
3363 3200 3720 3267 couservitur,
3759 3207 3815 3255 et
3845 3200 3913 3256 ab

601 3295 708 3347 tati
746 3293 912 3348 dinuo
941 3297 1310 3352 concessissae
1352 3306 1406 3353 et
1456 3297 1508 3352 in
1539 3291 1800 3353 eunuchus
1828 3289 2208 3348 conﬁrmassnﬂ

598 3398 794 3444 vestra
828 3399 1124 3457 coguuscat
1150 3390 1399 3447 solercia.
1425 3389 1762 3462 Quapropter
1795 3407 1890 3461 per
1918 3393 2059 3447 hunc
2083 3409 2208 3463 pre-

596 3490 858 3550 Ceptum,
891 3481 1036 3551 quod
1065 3482 1364 3552 speeealius
1390 3483 1743 3538 decernemus
1774 3491 1828 3538 et
1865 3483 1915 3536 in
1948 3493 2208 3554 perpetuo

594 3579 856 3634 volemus
891 3592 1011 3631 esse
1049 3593 1382 3642 mansurum,
1427 3577 1734 3649 johymmus
1772 3587 1828 3631 ut
1876 3592 2049 3646 neque
2087 3593 2204 3644 vos,

595 3685 788 3740 neque
816 3669 1044 3737 junioris
1088 3685 1182 3724 seu
1223 3685 1564 3726 successores
1602 3671 1786 3733 vestri,
1831 3685 1930 3724 nec
1970 3670 2209 3738 quislibit

593 3765 672 3818 de
728 3762 1012 3828 judiciaria
1059 3769 1331 3832 potestate
1379 3764 1645 3826 aceiutus,
1693 3762 1744 3816 in
1781 3763 1949 3816 curtis
2001 3759 2209 3830 prefate

590 3864 798 3912 sancte
845 3855 1092 3910 baseleee
1119 3855 1304 3910 domui
1333 3855 1574 3920 Dionisii,
1607 3855 1714 3926 uhy
1745 3864 1797 3909 et
1827 3854 1934 3916 ubi,
1960 3854 2012 3908 in
2043 3869 2206 3922 quas-

589 3960 840 4017 cumque
869 3959 1039 4015 pagus
1072 3946 1123 3999 in
1153 3947 1304 4014 rigua
1347 3944 1457 4000 Deo
1478 3945 1722 4015 propicio
1749 3953 1956 4011 nostra,
1979 3944 2120 4012 quod
2142 3943 2209 3997 ad

589 4040 689 4093 die
739 4045 994 4107 presente
1045 4052 1169 4107 pars
1213 4038 1379 4107 ipsius
1425 4036 1773 4091 monastiriae
1831 4035 2080 4105 posedire
2126 4034 2208 4089 vel

587 4132 892 4187 dominare
921 4130 1154 4195 veditur,
1196 4131 1288 4186 vel
1331 4129 1478 4201 quod
1506 4129 1574 4184 ad
1605 4129 1714 4184 Deo
1746 4127 2067 4182 timentebus
2110 4127 2208 4180 ho-

593 4223 860 4280 niiuebus
889 4238 988 4293 per
1016 4223 1278 4292 ligedema
1308 4223 1661 4278 iustromeuta
1709 4221 1920 4291 ibydem
1949 4219 2048 4272 fuit
2077 4234 2209 4273 con-

592 4333 843 4380 cessum,
877 4326 971 4370 aut
999 4316 1201 4370 iuantia
1230 4315 1392 4370 fuerit
1423 4315 1638 4372 adetum
1680 4312 2204 4385 adquedelegatum,

588 4495 924 4562 gulicrtum;
950 4500 1004 4545 et
1027 4492 1140 4546 haec
1161 4493 1292 4546 satis
1334 4491 1698 4562 Chilpericum
1731 4494 2034 4562 indigitant,
2059 4497 2206 4550 Chil-

590 4565 769 4634 peiici
803 4563 842 4616 ll
876 4562 1062 4625 ﬁlium,
1110 4572 1168 4615 ut
1208 4563 1320 4632 ipse
1366 4565 1574 4617 monuit
1616 4566 1877 4626 Coiutius,
1929 4566 2056 4619 ibid.
2107 4568 2206 4623 llic

589 4646 788 4689 autent
813 4634 1152 4700 Cliilpericus
1172 4634 1332 4699 vulgo
1357 4634 1529 4687 dictus
1560 4635 1717 4701 hujus
1749 4637 1980 4689 numinis
2011 4653 2203 4692 secun-

588 4709 786 4777 dus-,3
817 4704 1137 4777 quibusdam
1182 4705 1370 4777 tertius
1415 4713 1650 4777 vocatur,
1698 4721 1774 4777 eo
1806 4707 1947 4774 quod
1991 4708 2200 4777 Chilpe-

586 4780 694 4832 rii-i
723 4775 768 4830 ll
797 4775 1016 4828 nomine
1042 4774 1336 4844 appellent,
1369 4783 1426 4828 ut
1451 4776 1630 4829 videre
1655 4784 1737 4829 est
1766 4775 1816 4828 iu
1847 4777 2037 4832 Annal.
2068 4774 2200 4843 tfll,

586 4864 721 4918 pag.
783 4844 908 4918 8U.
960 4844 1326 4918 Chilnericum
1371 4860 1616 4918 puerum,
1661 4845 1922 4899 Cariberti
1975 4849 2114 4918 regis
2144 4853 2203 4900 ﬁ-

588 4915 754 4974 lium.
792 4915 903 4984 qui,
935 4916 1116 4969 statim
1152 4925 1272 4982 post
1298 4917 1464 4984 patris
1504 4925 1734 4970 mortem
1785 4932 1926 4971 anno
1964 4916 2064 4971 650
2103 4936 2202 4973 ex-

586 4983 852 5048 stant-tus,
889 4987 940 5039 in
975 5000 1167 5056 regium,
1210 4983 1540 5039 Francorum
1589 4987 1836 5053 catalogo
1867 5004 1896 5041 a
1928 4988 2202 5056 plerisque

588 5078 704 5116 non
740 5058 1022 5110 scribitur.
1058 5055 1300 5124 Diploma
1330 5057 1538 5110 edimus
1569 5055 1636 5109 ad
1664 5056 1823 5111 ﬁdem
1861 5055 2198 5123 autograuhi,

585 5127 928 5184 εει-ι-ιιτειιὶιγί
978 5127 1229 5185 lectione.
1280 5142 1309 5180 a
1339 5142 1481 5196 scepe
1510 5127 1728 5181 laudato
1761 5127 1962 5182 domno
2001 5129 2202 5184 Puirier

589 5199 868 5266 rt'cngttili
902 5206 954 5250 et
1003 5213 1138 5250 nova
1170 5196 1407 5262 ejusdem
1449 5199 1514 5251 ab
1544 5198 1608 5251 Α.
1643 5196 1835 5252 Teulet
1884 5203 2201 5255 recensione

589 5274 767 5326 facta.
809 5269 884 5322 De
918 5267 1074 5335 hujus
1117 5269 1426 5337 sinceritate
1472 5270 1648 5321 nullus
1697 5269 2058 5337 suapieionem
2103 5271 2202 5324 ali-

589 5362 619 5408 ιι
654 5359 766 5394 :am
801 5339 988 5400 movit,
1021 5339 1118 5392 nisi
1147 5336 1492 5403 Germonins,
1529 5338 1622 5392 sed
1653 5336 1846 5402 levem,
1881 5350 1934 5393 et
1962 5341 2044 5393 cui
2091 5357 2199 5396 non

589 5418 965 5470 iuunoratur;
1011 5409 1150 5464 unde
1196 5409 1321 5464 licet
1364 5409 1634 5478 conjicere
1679 5409 1849 5463 virum
1881 5413 2199 5466 exercenda:

588 5498 849 5540 (‘e-zisttr‘n
881 5481 1115 5545 avidum,
1149 5483 1335 5549 paucis
1364 5481 1414 5532 in
1447 5484 1549 5532 hoc
1582 5481 1939 5534 instrmnento
1974 5484 2200 5538 maculis

590 5559 868 5608 ulli-nsum
922 5552 1102 5604 fuisse.
1140 5551 1270 5605 l'luic
1299 5551 1577 5618 diplomati
1605 5550 1820 5604 alﬁxum
1855 5552 1951 5605 l'uit
1981 5569 2199 5607 cercqu

589 5628 862 5687 siadlum,
897 5624 1038 5690 qtiod
1072 5638 1208 5690 pene
1235 5622 1469 5676 deletum
1512 5623 1808 5675 testabatur
1835 5621 2194 5687 Mabillunius,

596 5702 650 5753 in
687 5698 824 5750 Acta
857 5693 953 5748 SS.
991 5692 1188 5746 Beued.
1221 5693 1499 5764 ubiisupra
1531 5704 1586 5746 et
1613 5691 1763 5761 cujus
1805 5693 2031 5762 nullum,
2063 5709 2198 5764 pia:-

594 5782 848 5834 lvrqttatll
879 5767 932 5818 in
966 5765 1275 5818 membrana
1310 5763 1571 5820 foramen.
1635 5764 1913 5832 vestigium
1949 5763 2197 5828 jam’uou

593 5850 838 5896 (fluuii.-

675 5925 697 5944 ιι
735 5905 1083 5972 Theoderici,
1115 5904 1410 5962 Chlodovci
1455 5915 1509 5962 et
1548 5905 1875 5962 Childeoerti
1900 5907 2191 5978 diplomata

2231 4598 2283 4657 D

2314 3289 2566 3346 omnibus
2593 3289 2804 3361 judiees
2832 3290 3023 3346 melius
3053 3290 3328 3358 credatur,
3359 3307 3550 3346 manus
3577 3291 3750 3348 nostri
3781 3293 3910 3346 sub-

2309 3385 2718 3454 scripciouebus
2749 3385 2933 3439 subter
2958 3399 3077 3439 eam
3117 3384 3455 3440 deerit-emus
3499 3384 3812 3440 roborarae.
3841 3415 3913 3426 —

2307 3477 2611 3546 Chilpricus
2649 3491 2744 3532 rex
2767 3476 3080 3547 subscripsi.
3105 3507 3176 3519 —
3197 3476 3443 3531 Actulius
3473 3475 3654 3545 jussus
3690 3477 3906 3547 optolit.

2385 3571 2578 3624 Datu'u
2625 3572 2726 3624 sub
2771 3568 2894 3624 diae
2923 3570 3127 3640 pridiae
3167 3569 3434 3624 Kalendas
3477 3568 3723 3636 Marcias,
3767 3586 3911 3628 anno

2310 3666 2486 3736 primo
2525 3665 2552 3702 δ
2604 3666 2756 3736 riguy
2802 3664 2998 3730 nostri,
3057 3667 3109 3719 in
3160 3663 3256 3718 Dei
3301 3663 3538 3730 nomine,
3595 3661 3909 3737 Conpendio

2311 3755 2560 3811 feliciter.

2984 3849 3225 3906 XXVI".

2311 3939 2556 4008 Diploma
2587 3939 2862 4007 Chilperici
2894 3939 2920 3994 1
2929 3938 2978 4005 1,
3007 3943 3141 4012 regis
3163 3940 3507 4012 Francorum,
3540 3959 3638 4012 quo
3666 3941 3907 3996 immuni-

2385 4022 2540 4065 tatem
2579 4029 2610 4063 a
2641 4013 2876 4084 teloneis,
2908 4011 3224 4084 monasterio
3244 4014 3410 4066 δανιτεὶ
3438 4011 3676 4084 Dionysii
3701 4030 3908 4068 conces-

2384 4099 2496 4136 sam
2524 4083 2798 4152 conﬁrmat
2834 4093 2854 4119 τ
2888 4085 3037 4152 (ann.
3070 4083 3220 4154 7lti).

2383 4213 2778 4284 Chilperichus,
2837 4230 2930 4269 rex
2979 4213 3328 4280 Francorum,
3381 4217 3513 4274 viris
3579 4217 3907 4276 inlustrebus

2313 4308 2488 4365 omnis
2521 4307 2778 4365 tileuariis
2809 4305 3148 4367 Mttsilieusis.
3194 4309 3326 4366 Dum
3374 4317 3427 4367 et
3471 4319 3596 4366 ante
3625 4313 3724 4367 hus
3753 4314 3907 4370 annis

2313 4491 2364 4544 in
2413 4493 2638 4559 gratiam
2681 4490 2994 4544 monasterii
3045 4489 3460 4560 Sandiouysiaui
3507 4490 3702 4544 emissa
3755 4489 3906 4557 plura

2312 4578 2410 4616 suo
2442 4563 2630 4616 ordine
2660 4561 2952 4624 edidimus;
2986 4560 3272 4626 Dagoberti
3297 4560 3356 4614 Ill
3382 4561 3585 4615 nullum
3623 4561 3903 4616 habemus.

2387 4633 2410 4670 δ
2459 4632 2670 4686 Mortuo
2697 4631 3004 4684 Clnlderieo
3052 4631 3116 4694 ll,
3167 4646 3308 4686 anno
3343 4631 3464 4696 715,
3502 4647 3682 4685 tnensc
3723 4628 3903 4696 Juniu,

2309 4703 2640 4758 suﬁ‘eceruut
2662 4701 2853 4756 Franci
2871 4703 3163 4756 orientales
3185 4703 3441 4757 clericqu
3465 4703 3683 4756 nomine
3711 4701 3903 4754 Danie-

2313 4774 2438 4837 lem,
2470 4775 2554 4829 cui
2582 4772 2872 4839 Chilperii-i
2908 4787 3100 4826 nomen
3151 4772 3544 4841 imposuerunt.
3593 4775 3722 4826 Itiuc
3759 4779 3908 4841 patet

2308 4860 2548 4898 mensem
2595 4842 2964 4913 Februarium,
2995 4858 3136 4896 anno
3165 4845 3317 4911 regni
3343 4844 3458 4913 ejus
3489 4843 3684 4913 primo,
3719 4845 3772 4897 in
3801 4859 3904 4898 an-

2307 4931 2434 4968 num
2465 4913 2664 4968 Christi
2701 4912 2804 4966 7l6
2838 4912 3106 4966 incidisse.

2381 5000 2401 5024 ε
2439 4985 2628 5038 Exstat
2657 4999 2723 5037 ex
2753 4984 3086 5050 autographo
3113 4985 3278 5052 (utine
3311 4984 3361 5038 in
3397 4985 3617 5039 archivo
3642 4985 3812 5046 regni,
3845 5001 3899 5052 It,

2308 5072 2360 5108 n.
2393 5055 2447 5124 5)
2477 5054 2616 5124 apud
2639 5053 3036 5124 Alilabillouium,
3071 5054 3204 5108 Acta
3243 5055 3340 5110 SS.
3391 5057 3566 5109 ordiu.
3608 5056 3664 5110 S.
3699 5056 3899 5111 Deiterl.

2307 5137 2344 5180 t.
2366 5122 2452 5188 IV,
2481 5122 2600 5194 pag.
2635 5122 2758 5188 563,
2779 5133 2832 5177 ct
2858 5122 2921 5176 de
2949 5123 3027 5176 Re
3054 5124 3184 5194 dipl.
3219 5141 3337 5194 pag.
3374 5125 3496 5186 485,
3529 5135 3582 5178 et
3603 5126 3742 5193 apud
3765 5126 3903 5180 Feli-

2307 5197 2543 5258 hianum,
2563 5195 2695 5249 Hist.
2722 5194 2934 5264 ecclLS.
2967 5194 3143 5260 Dion.,
3172 5211 3292 5264 pag.
3319 5196 3405 5260 2|,
3432 5212 3495 5249 ex
3515 5196 3822 5249 Malullouiu
3850 5199 3901 5251 in

2303 5266 2439 5320 Coll.
2473 5266 2661 5334 seript.
2696 5262 3030 5336 rer._Frauc.
3058 5274 3096 5320 t.
3133 5265 3217 5333 ιν,
3247 5262 3369 5336 pag.
3402 5266 3524 5321 (:91.
3559 5266 3749 5320 iisdem
3773 5283 3903 5319 con-

2304 5338 2500 5405 cipitur
2531 5337 2707 5389 verbis
2737 5334 2940 5406 quibus,
2960 5336 3196 5405 diploma
3236 5334 3302 5406 de
3327 5334 3562 5406 ejusdem
3595 5339 3902 5391 immunita-

2307 5409 2373 5460 tis
2423 5409 2772 5462 concessione
2825 5419 2854 5457 a
2893 5405 3221 5476 iChlodoveo
3276 5405 3367 5461 Illi
3399 5411 3651 5462 emissum
3683 5449 3697 5471 ,
3757 5408 3900 5476 quod

2303 5479 2428 5532 alibi
2485 5477 2842 5532 exhilmimus.
2879 5475 3046 5548 Latet
3099 5479 3377 5548 hucusque
3431 5478 3715 5546 Dagoberti
3771 5475 3899 5531 (τοιιο

2302 5550 2493 5603 cessio.
2528 5549 2775 5617 Diploma
2830 5547 3117 5616 Chilperici
3147 5547 3385 5617 iedimus
3432 5550 3496 5602 ad
3545 5550 3702 5603 ﬁdem
3744 5558 3900 5602 auto-

2301 5621 2491 5688 graptii
2521 5616 2862 5688 diligenter}
2891 5618 3092 5672 domno
3140 5616 3346 5674 Poirier
3373 5636 3491 5674 eum
3524 5620 3685 5674 editis
3716 5620 3896 5675 collati

2300 5686 2545 5759 novaque
2583 5691 2650 5742 ah
2690 5688 2758 5742 A.
2807 5686 2997 5742 Teulet
3027 5690 3340 5745 recensione
3370 5691 3633 5746 instituta.
3670 5691 3724 5744 ld
3756 5707 3895 5758 pra:-

2301 5762 2459 5830 cipue
2505 5762 2556 5814 iu
2604 5761 2714 5831 hoc
2747 5759 3106 5815 instrumento
3147 5765 3440 5816 notandum
3486 5771 3586 5825 est,
3629 5764 3773 5831 quod
3824 5762 3895 5816 ibi

2299 5829 2632 5902 Chilpericus
2661 5829 3020 5884 Cluldericum
3053 5832 3351 5903 genitorem
3391 5850 3544 5887 snutn
3600 5829 3832 5903 appellet
3879 5849 3890 5886 :

2299 5901 2508 5960 illustre
2538 5910 2965 5967 monumentum,
3007 5903 3084 5957 ait
3121 5901 3389 5973 Coiutius,
3430 5901 3789 5961 AnualJt'om.
3829 5904 3890 5970 ν,
