5174 6622
1777 459 1916 519 tuo

2552 454 2818 512 SICUL.
2869 454 2956 510 VII
2999 455 3083 510 ΕΤ
3131 456 3212 510 κἸΙ
3260 453 3795 510 iiCCl.Eh‘l.-\STll'.A
3833 453 4280 510 MONUME'NTA.

4919 454 5049 511 ΗΞῆ

1775 586 2008 644 proavus
2033 578 2218 627 noster
2256 571 2673 636 Dagobcrcthus,
2704 570 2975 641 quondam
3008 585 3123 634 rex,
3155 567 3358 625 solidus
3386 571 3433 628 Α
3462 567 3772 622 vcnerabeli
3803 568 3919 621 vim
3949 566 4180 623 Martino
4223 568 4496 639 preposito
4522 568 4590 626 de
4621 567 4863 625 baselica
4889 585 5049 639 pecu-

1774 671 1935 717 eento
1965 662 2178 718 eximtis
2204 662 2270 716 de
2292 660 2523 715 Massilia
2551 662 2803 729 civetate,
2846 660 2986 714 sicut
3027 659 3092 713 ad
3135 659 3356 713 cellario

1774 754 1904 809 lisce
1934 762 2219 822 potuerant
2243 768 2360 807 esse
2389 754 2642 811 exactati.
2679 754 2745 808 ad
2785 753 3026 808 haseleca
3070 754 3357 823 peculiaris

1771 848 1984 921 patroni
2035 846 2202 902 nostri
2230 846 2413 900 domui
2451 847 2689 914 ltionisii,
2728 846 2831 917 nhy
2858 847 2971 917 ipse
2998 847 3272 916 preciosns
3305 848 3354 901 in

1771 953 2000 1009 corpore
2027 939 2323 1008 requiiscit,
2348 949 2404 993 et
2432 939 2766 993 venerabelis
2786 939 2869 993 vir
2895 939 3196 994 Chillardus
3219 941 3356 995 ahha

1769 1044 2025 1104 preessae
2054 1030 2281 1093 veditur,
2314 1045 2410 1099 per
2432 1046 2489 1085 sa
2519 1031 2637 1099 (sic)
2669 1031 3042 1100 precepcione,
3073 1045 3169 1085 sua
3198 1047 3356 1088 mano

1770 1124 2048 1188 roborata,
2095 1121 2463 1185 concessissit,
2510 1136 2603 1175 seu
2646 1129 2702 1175 ct
2738 1122 2965 1177 domnus
3010 1122 3095 1177 vel
3130 1136 3357 1189 genetur

1770 1224 1956 1271 noster
1984 1215 2370 1279 Childacricus,
2403 1214 2575 1269 eciam
2620 1223 2676 1268 et
2718 1214 2963 1269 abuncoli
2993 1217 3160 1269 nostri
3190 1217 3352 1271 (.‘hlo-

1770 1309 2060 1366 docharius
2087 1315 2140 1363 et
2163 1309 2549 1376 Theodericus,
2572 1308 2844 1378 quondam
2879 1309 3039 1379 regis,
3073 1310 3273 1364 aeciam
3302 1319 3356 1364 ct

1768 1416 1869 1473 nos
1899 1403 2071 1472 postia
2099 1419 2196 1473 per
2226 1412 2409 1458 nostra
2433 1404 2788 1474 prccepcione
2819 1403 2921 1458 hoc
2952 1404 3165 1476 ihydem
3191 1405 3355 1461 dinuo

1768 1496 1885 1549 vise
1916 1495 2124 1549 luemus
2154 1497 2519 1551 eoucessissae
2548 1496 2631 1549 vel
2662 1496 3047 1563 conﬁrmasse;
3081 1508 3135 1551 et
3176 1498 3356 1553 taliter

1770 1585 1823 1640 in
1864 1586 2006 1653 ipsas
2047 1587 2417 1655 prcccpcionis
2460 1587 2696 1642 vedittnr
2735 1589 2938 1661 habyre
2984 1590 3263 1649 insertum.
3298 1602 3357 1646 ut

1767 1684 1880 1731 tam
1927 1677 1980 1731 in
2020 1677 2136 1747 ipsa
2172 1677 2424 1744 Massilia,
2457 1694 2615 1747 quam
2659 1689 2715 1734 ct
2756 1695 2851 1748 per
2891 1682 3096 1751 reliqua
3139 1683 3259 1737 loca
3300 1684 3354 1737 in

1766 1768 1917 1837 rigua
1968 1767 2078 1822 Deo
2135 1769 2377 1837 prepicio
2436 1778 2639 1832 uestra,
2691 1771 3029 1839 uhycumque
3071 1770 3351 1837 telleneus,

1764 1860 2084 1930 portaticus,
2118 1868 2455 1928 pontatecus,
2488 1861 2771 1923 rotaticus,
2805 1863 2890 1915 vel
2919 1862 3153 1931 reliquas
3193 1865 3355 1921 rede-

3461 659 3605 713 liaris
3667 662 3904 729 patronis
3947 660 4114 714 nostri
4165 670 4353 717 sancte
4406 661 4633 716 Dionisii
4689 660 5050 730 interpelavit,

3462 752 3587 805 dum
3627 751 3814 806 dicerit
3844 766 3910 805 eu
3939 751 4084 820 quod
4116 753 4373 821 porcione
4424 769 4520 808 sua
4558 753 4626 808 de
4673 761 4829 823 parte
4865 767 5050 808 socero

3458 858 3558 898 suo
3589 841 3806 900 Edrone
3834 845 4127 916 quondam,
4157 846 4209 901 in
4241 847 4361 903 loco
4390 857 4740 916 noncopante
4761 848 5051 917 Superiore

3460 934 3681 1003 Bacivo,
3714 937 3780 990 ad
3825 952 3891 991 eo
3937 938 4144 1005 ligebus
4183 940 4466 1007 pervenire
4516 939 4766 1006 deburat,
4821 940 4871 995 ei
4909 941 5052 995 malo

3458 1030 3652 1083 orline
3680 1030 4084 1095 contradicerit,
4124 1031 4208 1085 vel
4246 1041 4370 1101 post
4390 1047 4450 1087 se
4478 1033 4757 1098 retenirit;
4788 1033 4881 1103 qui
4905 1032 5051 1103 ipsae

3458 1117 3721 1173 Martinus
3747 1120 3894 1174 dedit
3929 1121 3981 1174 in
4011 1123 4301 1191 responsis,
4330 1124 4475 1193 quod
4504 1132 4906 1180 extromeutum
4954 1126 5047 1177 ha-

3458 1209 3627 1275 bibal,
3674 1228 3833 1279 quem
3879 1212 4019 1269 lilius
4055 1215 4451 1285 supercscripto
4493 1214 4708 1271 Edrone
4753 1215 5047 1286 quondam,

3456 1306 3678 1363 nomine
3706 1305 3878 1371 Eodo,
3923 1308 4215 1362 venerabili
4262 1308 4376 1363 viro
4414 1307 4789 1365 Chroi'chario
4820 1326 5048 1366 monaco

3460 1398 3630 1453 sancti
3662 1399 3701 1452 1)
3724 1399 3881 1453 onisii
3921 1399 4256 1470 vindedissit,
4283 1410 4339 1457 ct
4367 1402 4478 1472 ipsa
4508 1403 4815 1459 vindicione
4845 1405 4895 1460 in
4932 1420 5044 1474 pre-

3460 1502 3614 1548 sente
3657 1495 3962 1549 ostendedit
4006 1496 4312 1566 relegenda,
4353 1498 4537 1553 relicta
4578 1499 4690 1570 ipsa
4722 1499 5048 1567 vindicione,

3459 1584 3576 1652 sed,
3603 1586 3727 1639 dum
3759 1586 3900 1641 inter
3944 1602 4001 1641 se
4040 1588 4389 1654 iutenderint,
4430 1590 4508 1644 sic
4537 1605 4566 1643 a
4599 1592 4927 1661 procerebus
4958 1608 5049 1645 no-

3460 1674 3585 1728 stris
3617 1676 3712 1728 luit
3752 1678 4045 1742 inventum,
4086 1686 4144 1731 ut
4187 1677 4275 1731 illa
4313 1677 4605 1733 medietate
4646 1680 4713 1733 de
4762 1680 4877 1749 ipsa
4926 1697 5029 1748 por

3461 1768 3614 1821 cione
3657 1769 3711 1822 in
3748 1768 4010 1837 jamdicto
4051 1769 4171 1823 loco
4216 1770 4506 1838 Supcziore
4552 1770 4714 1823 Bacio
4758 1770 5052 1838 jamdictus

3461 1860 3722 1914 Martinus
3759 1861 3825 1915 ad
3868 1871 4019 1927 parte
4048 1860 4215 1930 ipsius
4244 1860 4426 1916 Sancti
4476 1861 4694 1915 Dionisii
4729 1862 4916 1916 habire
4967 1862 5052 1915 di-

1762 1953 2028 2014 bucionis,
2088 1952 2230 2021 quod
2279 1968 2308 2006 a
2354 1951 2637 2019 judieebus
2700 1952 2928 2022 publicis
2973 1955 3234 2024 exigetur,
3286 1958 3354 2014 de
3387 1942 3434 2003 B
3460 1951 3603 2006 biad.
3630 1951 3858 2006 Proinde
3891 1968 3989 2006 nos
4019 1953 4196 2006 taliter
4220 1968 4323 2005 una
4347 1968 4466 2007 cum
4498 1954 4695 2007 nostris
4720 1952 5056 2022 procerebus

1762 2057 1921 2099 carra
1974 2058 2161 2098 eorum
2203 2044 2294 2113 qui
2344 2043 2445 2097 hoc
2498 2043 2699 2099 inferre
2740 2042 3003 2109 vediutur,
3051 2045 3119 2099 ad
3159 2046 3352 2103 missus

1764 2133 1938 2204 ipsius
1967 2134 2202 2189 baselice
2244 2134 2547 2190 nullatenus
2576 2143 2897 2203 requcratur
2925 2151 3025 2191 nec
3063 2136 3346 2205 cxigiatur,

1764 2224 1869 2281 nisi
1899 2225 2005 2279 hoc
2032 2224 2085 2278 in
2117 2225 2376 2279 omncbus
2412 2224 2567 2279 annis
2613 2224 2835 2293 singulis
2875 2224 3096 2280 habiaut
3125 2244 3353 2285 conces-

1762 2334 1908 2375 sum.
1952 2317 2069 2373 ldio
2098 2332 2193 2388 per
2231 2326 2483 2388 prcscnte
2519 2317 2881 2374 urdenacione
2915 2319 3068 2375 vobis
3096 2319 3352 2379 decerne-

1765 2426 1885 2466 mus
1905 2419 1961 2465 et
1984 2411 2208 2465 omnino
2241 2411 2531 2479 jobimmus
2566 2418 2644 2475 ut,
2668 2410 2951 2480 quomodo
2984 2412 3147 2467 misse
3186 2413 3353 2482 ipsius

1762 2505 1998 2561 baselice
2046 2505 2227 2558 donmi
2263 2504 2485 2559 Dionisii
2532 2505 2618 2559 vel
2660 2515 2962 2561 memorato
3001 2507 3203 2575 abbati,
3251 2511 3355 2565 hoc

1762 2606 1845 2651 est
1877 2608 2019 2650 δίη...
2054 2612 2175 2650 cum
2206 2596 2351 2666 paris
2372 2611 2502 2651 suos
2529 2595 2597 2650 ad
2625 2611 2723 2651 vos
2751 2596 3000 2661 vinerint,
3043 2598 3189 2667 ipsus
3227 2599 3351 2654 soli-

1761 2688 1863 2743 dus
1889 2696 2047 2742 cento
2075 2688 2305 2753 cximtis,
2335 2688 2473 2742 sicut
2499 2701 2565 2742 ex
2591 2687 2811 2743 cellario
2843 2699 3027 2743 nostro
3056 2691 3353 2745 secundum

1762 2781 2231 2844 consuetudinem,
2268 2779 2474 2848 absque
2520 2779 2627 2833 ulla
2674 2794 2824 2833 mora
2865 2780 2949 2834 vel
2991 2780 3351 2851 delatarioue,

1762 2873 1913 2944 iuxta
1940 2872 2082 2942 quod
2108 2872 2240 2926 ordo
2270 2870 2505 2925 cataboli
2551 2871 2730 2933 luerit,
2762 2870 3084 2924 omnimodis
3114 2871 3192 2925 eis
3222 2871 3351 2925 dare

1762 2974 1819 3021 et
1846 2964 2130 3032 adimplire
2160 2962 2366 3016 iaciatis
2401 2980 2412 3013 :
2445 2969 2499 3015 et
2536 2961 2603 3014 de
2644 2960 2757 3029 ipsa
2791 2976 2944 3013 carra
2989 2961 3079 3029 qui
3120 2961 3222 3015 hoc
3264 2963 3348 3015 in-

1762 3057 1905 3113 ferre
1929 3056 2195 3121 vediutur,
2228 3072 2325 3110 nec
2356 3055 2408 3109 in
2453 3056 2565 3124 ipsa
2598 3053 2849 3120 Massilia,
2894 3069 2994 3109 nec
3022 3070 3118 3123 per
3143 3055 3350 3124 reliqua

1763 3165 1881 3205 toca
1930 3150 1982 3203 in
2018 3149 2166 3218 rigua
2205 3149 2315 3202 Deo
2355 3148 2597 3216 propicio
2640 3154 2845 3209 nostra,
2905 3146 3051 3199 nullo
3097 3146 3346 3209 telleneu,

1764 3259 1872 3299 nec
1892 3244 2178 3315 portatico,
2211 3258 2311 3295 nec
2336 3249 2645 3311 pontateco,
2669 3254 2769 3293 nec
2799 3238 3062 3299 rodatieo,
3098 3254 3197 3293 nec
3226 3239 3352 3293 reli-
3377 3270 3425 3336 ο

1763 3352 1897 3407 quas
1938 3334 2334 3397 redebueionis,
2379 3349 2479 3387 nec
2506 3348 2623 3395 vos,
2668 3346 2844 3400 neque
2881 3331 3114 3399 juuioris
3158 3331 3345 3395 vestri,

1765 3445 1865 3485 nec
1894 3427 2133 3497 quislibit
2162 3425 2231 3480 de
2257 3434 2407 3495 parte
2434 3425 2562 3478 lisce
2588 3432 2759 3477 nostri
2788 3421 3047 3491 requireri
3079 3436 3179 3476 nec
3216 3437 3348 3476 exa-

1764 3529 1947 3592 getare
1977 3519 2188 3589 penitus
2241 3533 2349 3570 non
2394 3513 2737 3585 presumatis.
2791 3512 2996 3568 Videtis
3026 3522 3084 3567 ut
3113 3512 3240 3567 aliut
3280 3515 3350 3568 ob

1761 3614 1866 3669 hoc
1906 3627 2012 3665 non
2057 3608 2284 3670 faciatis,
2336 3624 2395 3661 se
2448 3605 2625 3675 gracia
2671 3615 2857 3659 nostra
2904 3604 3102 3658 obtatis
3151 3603 3350 3675 habyt'c

1761 3705 2022 3779 prepicia.
2051 3730 2123 3745 —-
2151 3700 2177 3739 δ
2205 3698 2679 3756 Chrodebercthus
2708 3697 3042 3765 recognovit.

1838 3801 2027 3853 ltatum
2059 3796 2167 3867 qod
2200 3795 2308 3851 ﬁcit
2335 3794 2519 3848 minsis
2549 3793 2778 3847 Marcius
2805 3792 2918 3846 dies
2936 3802 2979 3856 ε,
3004 3806 3147 3846 anno
3177 3791 3350 3860 primo

1763 3893 1901 3964 rigui
1931 3891 2124 3957 nostri,
2154 3888 2493 3959 Conpendio,
2529 3887 2581 3941 in
2613 3886 2706 3942 Dei
2739 3885 2956 3942 nomine
2992 3885 3241 3940 feliciter.

2463 4042 2647 4097 XXIX.

1768 4162 2025 4219 Placitum
2066 4159 2339 4228 Chilperici
2394 4156 2475 4222 Il,
2519 4159 2655 4228 regis
2702 4155 3045 4222 Francorum,
3086 4174 3183 4228 quo
3213 4167 3351 4211 terra

1835 4235 1933 4286 siut
1986 4233 2038 4286 in
2116 4227 2390 4299 Stiperiorc
2458 4227 2646 4282 Buciro
2714 4230 2987 4299 prii-rotula
3052 4227 3350 4283 monasterii

1836 4303 2000 4368 sancti
2029 4296 2266 4371 Dionysii
2293 4301 2540 4354 asscrimr
2571 4300 2597 4337 ιι
2624 4311 2768 4363 (ann.
2799 4296 2945 4369 716).

1835 4438 2229 4510 Chilperichus,
2261 4453 2355 4491 rex
2386 4436 2734 4500 Francorum,
2766 4436 2845 4490 vir
2874 4436 3117 4490 inluster.
3144 4435 3272 4491 Cum
3297 4436 3348 4491 in

1765 4546 1950 4594 nostra
1979 4534 2062 4590 vel
2094 4548 2378 4604 procerum
2416 4542 2721 4586 nostrorum
2762 4532 3072 4600 presenciae
3104 4532 3351 4601 Conpen-

1768 4633 1857 4688 dio
1885 4631 1937 4695 in
1970 4630 2177 4700 palacio
2208 4636 2414 4692 nostro,
2447 4627 2608 4681 homo
2632 4626 2817 4691 alicus,
2851 4627 3067 4681 nomine
3096 4626 3347 4694 Friull'us,
3379 4644 3431 4704 ι)

1763 4850 1887 4907 pag.
1920 4835 2043 4907 281,
2069 4849 2176 4907 quo
2200 4832 2535 4907 Chilperieus
2555 4830 2875 4907 _Childerici_
2895 4830 3032 4907 lilius
3067 4831 3345 4907 probatur.

1766 4900 2185 4978 idi'quidemjdiu
2216 4900 2516 4978 ignoraltn‘n
2551 4900 2721 4978 fuerat
2748 4920 2759 4954 :
2786 4901 2877 4955 sed
2907 4909 2961 4955 et
2988 4902 3053 4954 ab
3085 4901 3202 4953 aliis
3218 4918 3349 4978 con-

1766 4972 2010 5033 lirniatur
2055 4974 2341 5043 Chilperici
2387 4972 2786 5042 diplomatibus,
2821 4987 2939 5039 qur
2982 4988 3103 5036 mox
3155 4975 3351 5043 rcl'ercv

1764 5066 1902 5102 mus.
1928 5047 2100 5100 Cerco
2129 5042 2302 5109 sigillo
2325 5045 2578 5097 vallatum
2606 5043 2769 5097 luisse
2795 5043 3208 5096 instrumentum
3239 5042 3344 5095 Ma~

1765 5118 2017 5173 billonius
2042 5125 2285 5177 testatur,
2315 5116 2440 5169 Acta
2463 5114 2560 5169 SS.
2591 5114 2707 5167 0rd.
2743 5114 2799 5167 S.
2828 5112 3023 5165 llcnctl.
3052 5114 3140 5166 uhi
3161 5129 3345 5179 supra.

1767 5190 1932 5258 Cujus
1962 5188 2118 5254 sigilli
2150 5189 2529 5258 fragmentum,
2562 5184 2750 5237 crinita
2774 5184 2954 5258 flligic
2979 5192 3032 5258 et
3060 5184 3345 5252 Chilperici

1767 5253 1982 5314 nomine
2015 5253 2341 5325 insignitum,
2367 5256 2689 5329 membrana:
2720 5253 2896 5329 adhuc
2926 5254 3183 5308 adhawel.

1842 5342 1864 5365 "
1896 5331 2010 5399 illoc
2038 5329 2269 5399 spatium
2300 5328 2456 5399 unius
2485 5327 2629 5399 vocis
2656 5333 2809 5378 vacat
2839 5326 2889 5376 iu
2919 5326 3271 5399 autographo.

1840 5398 1849 5436 ¹
1890 5398 1987 5453 llic
2012 5396 2420 5465 in‘autographo
2450 5396 2665 5464 quidam
2697 5404 2959 5465 apparuit
2986 5396 3346 5460 characteres,

1769 5473 1865 5524 sub
1900 5471 2067 5523 l'orma
2098 5467 2594 5534 monogrammatis,
2617 5482 2752 5535 quos
2777 5465 3031 5533 legendos
3060 5475 3343 5535 putamus:

1768 5543 1831 5595 lu
1863 5540 1907 5594 Χ
1917 5542 1969 5611 pi
1993 5541 2218 5611 nomine.

1844 5625 1862 5648 ι’
1900 5609 2112 5664 Prislini
2146 5610 2381 5663 editores
2422 5609 2752 5677 scripserunt
2796 5609 2902 5661 dies
2953 5610 3200 5677 quinque;
3230 5624 3347 5676 (pia:

1773 5692 1805 5735 ια
1829 5682 2029 5751 mporis
2059 5690 2185 5739 nota
2218 5679 2363 5751 nullo
2393 5680 2557 5733 modo
2587 5687 2705 5730 cxst
2742 5688 2761 5730 t
2791 5679 2839 5731 in
2869 5682 3218 5751 :mtogra;llio.
3252 5696 3345 5732 seu

1773 5757 1839 5805 ali
1872 5753 2113 5808 oscitanti
2163 5750 2427 5815 scriptore
2469 5756 2694 5814 omissa,
2739 5766 2831 5803 seu
2876 5750 3055 5801 forsan
3096 5752 3218 5819 quia
3253 5766 3347 5814 per

1776 5823 1886 5876 hare
1932 5823 2090 5877 verba
2122 5821 2355 5875 Mincius
2392 5822 2497 5874 ilics
2534 5822 2739 5891 primus
2782 5821 2894 5875 dies
2931 5819 3107 5874 Martii
3153 5822 3345 5875 intelli-

1772 5896 1971 5962 gendus
2001 5896 2087 5949 sit.

1845 5967 1867 6002 ιι
1918 5965 2006 6020 Bis
2051 5967 2254 6023 editum
2298 5980 2329 6022 a
2376 5962 2700 6034 Mabillonio,
2744 5964 2797 6021 in
2847 5961 2966 6021 Act.
3000 5962 3096 6021 SS.
3140 5962 3343 6021 Bencd.

3462 2047 3718 2101 constctit
3763 2046 4083 2101 decrivissae
4133 2056 4208 2109 ut,
4258 2049 4383 2100 dum
4424 2045 4645 2101 inluster
4686 2046 4767 2100 vir
4809 2046 5055 2113 \‘uarno,

3461 2142 3629 2195 comis
3660 2140 3823 2209 palati
3865 2140 4054 2199 nostri.
4092 2141 4514 2205 testemouiavit,
4557 2141 4654 2194 luit
4688 2140 5056 2208 judecatum;

3460 2232 3606 2300 quod
3634 2248 3695 2287 ac
3724 2247 3881 2286 causa
3911 2232 3990 2287 sic
4016 2239 4133 2285 acta
4162 2231 4245 2286 vel
4275 2231 4543 2300 inquesita
4576 2232 4754 2286 luissit
4781 2232 5061 2285 denusce-

3461 2334 3568 2389 tur,
3592 2324 3887 2392 jobimmus
3935 2334 3993 2379 ut
4041 2333 4370 2379 memoratus
4401 2323 4661 2379 Martinus
4694 2324 4806 2390 ipsa
4844 2325 5063 2380 medie-

3462 2425 3575 2472 tate
3602 2418 3671 2472 de
3694 2417 3946 2485 jamdicta
3978 2417 4235 2486 porcione
4286 2417 4339 2471 in
4382 2417 4498 2485 ipso
4528 2417 4820 2486 Superiore
4858 2415 5058 2481 Bacio,

3461 2510 3714 2579 quicquid
3764 2509 3831 2563 ad
3874 2510 3988 2579 ipsa
4037 2509 4325 2563 medietate
4375 2510 4617 2578 aspicere
4662 2509 4900 2576 veditur,
4945 2525 5061 2565 una

3462 2617 3586 2656 cum
3620 2600 3798 2665 terris,
3832 2600 4111 2663 domebus,
4142 2598 4396 2664 edeliciis,
4428 2599 4706 2665 acolabus,
4743 2600 5061 2669 mancipiis,

3462 2693 3686 2761 campis,
3716 2694 3881 2756 silvis,
3926 2692 4113 2761 pratis,
4146 2691 4377 2760 pascuis,
4407 2692 4561 2760 aquis
4597 2706 4932 2761 aquarumve
4962 2692 5064 2747 de-

3463 2785 3741 2850 cursehus,
3773 2784 4146 2853 adjaecenciis,
4176 2782 4473 2853 apendiciis
4513 2783 4579 2836 ad
4599 2798 4659 2838 se
4688 2784 5059 2852 perterrentis,

3459 2878 3720 2945 pecuniis,
3752 2876 4017 2945 presidiis,
4063 2874 4350 2937 farinariis,
4404 2876 4582 2941 gregis
4610 2889 4731 2929 cum
4765 2875 5061 2943 pasthore—

3459 2969 3579 3033 bus,
3610 2968 3790 3022 omnia
3818 2976 3873 3022 et
3902 2982 3968 3021 ex
3999 2965 4284 3033 omnebus,
4329 2980 4443 3021 rem
4475 2968 4774 3036 exquesita,
4810 2966 4909 3021 illa
4935 2981 5061 3023 me-

3460 3062 3662 3117 dietate
3692 3062 3762 3116 ad
3789 3063 4075 3131 integrum,
4110 3061 4349 3130 inspecta
4385 3061 4467 3115 vel
4498 3070 4712 3115 eSIante
4742 3075 4938 3114 eorum
4968 3075 5062 3115 es-

3462 3161 3748 3216 tromeuta,
3800 3151 4003 3220 absque
4049 3151 4381 3220 repeticionc
4432 3152 4800 3220 superscripto
4844 3150 5059 3207 Friull’o

3458 3243 3543 3298 vel
3593 3243 3790 3299 heridis
3832 3258 3991 3308 suos,
4040 3243 4108 3297 ad
4164 3253 4346 3312 partes
4389 3244 4559 3298 sancti
4610 3244 4833 3297 Dionisii
4894 3261 5061 3302 oinne

3455 3342 3701 3405 tempure
3746 3335 3968 3389 habiant
4020 3334 4334 3390 cviudecata
4383 3334 4561 3406 adque
4602 3335 4843 3402 eliiliata,
4890 3346 4954 3391 et
4993 3339 5060 3393 sit

3453 3427 3592 3482 inter
3650 3429 3764 3497 ipso
3825 3426 4027 3483 Friullo
4079 3428 4300 3496 suisque
4370 3428 4657 3484 heridebas
4703 3430 4790 3484 vel
4839 3434 5060 3500 agentis

3451 3520 3633 3575 domui
3667 3521 3910 3587 Dionisii,
3941 3521 4088 3576 omni
4136 3528 4385 3590 tempure
4419 3520 4595 3576 subita
4637 3523 4923 3579 causacio.
4969 3524 5058 3595 Et,

3451 3613 3578 3666 dum
3608 3613 3722 3681 ipse
3761 3612 4021 3669 Martinus
4068 3613 4120 3667 in
4170 3627 4332 3667 causa
4378 3613 4543 3682 ipsius
4586 3614 4823 3670 haselice
4870 3618 5060 3674 domui

3453 3702 3675 3759 Dionisii
3704 3714 3890 3759 contra
3921 3704 4039 3773 ipso
4078 3703 4299 3767 Friullo,
4333 3713 4442 3758 tam
4488 3705 4577 3760 illa
4622 3706 4801 3762 lructa
4847 3708 4923 3764 de
4971 3712 5056 3765 illa

3452 3797 3555 3849 alia
3582 3796 3891 3863 medietate,
3912 3810 4074 3865 quam
4104 3804 4159 3849 et
4188 3796 4276 3850 illa
4309 3794 4413 3851 ﬁde
4443 3795 4581 3851 facta
4610 3813 4709 3868 per
4732 3798 4941 3855 vuadio
4961 3817 5057 3857 suo

3452 3888 3504 3942 in
3556 3895 3806 3957 presente
3842 3887 3987 3942 visus
4035 3885 4135 3943 fuit
4183 3887 4602 3956 transsolsissae,
4640 3890 4951 3959 jobimmus
4996 3902 5057 3947 ut

3452 3994 3614 4035 omne
3644 3987 3885 4049 tempore
3931 3988 4037 4033 tam
4087 3980 4202 4048 ipse
4251 3978 4508 4035 Martinus
4552 3980 4641 4035 vel
4690 3997 4818 4050 pars
4868 3984 5051 4039 domui

3452 4070 3697 4136 Dionisii,
3727 4070 3930 4137 absque
3954 4070 4286 4139 repeticione
4313 4071 4479 4140 ipsius
4506 4069 4712 4127 Friulfo
4737 4074 4827 4129 vel
4850 4077 5055 4132 heridis

3451 4177 3577 4216 suos
3604 4161 3671 4217 de
3702 4162 3814 4231 ipsa
3839 4161 3941 4216 lide
3972 4159 4112 4215 facta
4144 4161 4227 4215 vel
4258 4162 4372 4232 ipsa
4402 4162 4573 4217 lructa
4597 4162 4749 4219 ducti
4779 4173 4838 4220 et
4864 4182 5053 4222 secure

3450 4253 3655 4307 valiant
3719 4251 3982 4307 resedire.
4036 4280 4104 4293 —
4151 4250 4566 4309 Ermedramnus
4628 4257 4959 4325 recognovit
5002 4267 5053 4311 et

3450 4344 3628 4398 subsc.

3525 4436 3715 4490 Datum
3747 4435 3853 4504 qod
3884 4435 3995 4489 licit
4038 4435 4228 4490 minsis
4276 4433 4511 4490 Marcius
4546 4434 4665 4490 dies
4693 4452 4791 4500 vn,
4850 4454 4996 4495 anno
5035 4454 5055 4496 ι

3450 4529 3586 4599 rigui
3616 4529 3809 4597 nostri,
3838 4528 4177 4599 Conpendio,
4208 4529 4261 4584 in
4294 4529 4388 4584 Dei
4415 4528 4634 4585 nomine
4664 4528 4933 4588 feliciter.

3452 4838 3491 4882 t.
3524 4827 3612 4887 IV.
3657 4841 3780 4896 pag.
3834 4824 3956 4888 £863,
3989 4833 4046 4881 et
4074 4825 4133 4898 in
4161 4839 4325 4898 opere
4354 4825 4420 4898 de
4452 4824 4532 4881 Re
4558 4826 4692 4896 dipl.
4745 4843 4881 4898 pag.
4926 4829 5051 4889 £83.

3451 4916 3518 4954 ex
3546 4899 3882 4966 autographo
3913 4898 4080 4966 (nunc
4124 4897 4177 4950 in
4219 4896 4440 4951 archivo
4489 4899 4662 4963 regni.
4712 4896 4771 4959 xi.
4820 4896 4985 4957 Scrin.
5021 4904 5058 4956 3

3452 4973 3752 5034 asservato)
3777 4986 3790 5033 ;
3819 4969 4017 5022 iterum
4046 4982 4113 5021 ex
4138 4968 4474 5036 autographa
4507 4983 4537 5021 a
4564 4967 4883 5032 Felibiatm,
4919 4974 5055 5027 lli~t.

3450 5042 3577 5097 abh.
3609 5040 3666 5093 S.
3705 5041 3857 5093 Ilion.
3891 5039 4048 5106 prob.
4096 5053 4219 5107 pag.
4268 5036 4371 5104 Si;
4417 5038 4484 5091 ad
4535 5036 4694 5093 ﬁdem
4750 5041 5055 5098 Mabillonii

3450 5127 3699 5182 recusum
3727 5111 3778 5164 in
3801 5109 4237 5182 Collect.iscr_ipt.
4268 5124 4375 5162 rer.
4408 5107 4601 5163 Franc.
4637 5118 4678 5165 t.
4710 5111 4803 5177 iV,
4845 5131 4902 5182 p.
4930 5117 5055 5168 ti‘JL

3451 5180 3586 5237 Huic
3623 5182 3981 5234 instrumento
4011 5179 4241 5244 sigillum
4283 5194 4498 5233 cereum
4538 5183 4768 5236 allixnm
4824 5179 4947 5249 fuit,
4996 5200 5055 5241 ut

3451 5261 3680 5307 testatur
3702 5251 4039 5325 Mahillonius
4062 5250 4114 5303 in
4146 5252 4262 5325 Act.
4289 5249 4386 5325 SS.
4409 5249 4613 5305 Bened.
4638 5260 4680 5325 t.
4710 5252 4805 5319 ιν,
4829 5255 5046 5325 'pnrlat.

3450 5339 3572 5393 pag.
3626 5339 3697 5379 IV.
3748 5321 3892 5390 quod
3934 5321 4046 5388 jam
4090 5322 4261 5374 media
4305 5322 4388 5374 sui
4436 5331 4591 5389 parte
4620 5321 4894 5380 detritum
4939 5339 5057 5381 erat

3449 5410 3570 5448 cum
3610 5395 3755 5468 illud
3787 5393 4042 5468 inspexit,
4073 5393 4199 5445 anni
4240 5400 4366 5468 Sunt
4409 5396 4528 5468 plus
4575 5405 4805 5468 centun-
4843 5399 5053 5468 viginti.

3449 5468 3601 5531 ρειωά
3632 5464 3848 5537 quidem
3881 5462 4257 5537 fragmentum,
4288 5464 4481 5537 crinita
4524 5467 4670 5537 regis
4698 5462 5056 5535 efligic‘insl

3449 5538 3681 5610 gnitum,
3707 5534 4553 5610 adhuc‘exstat..Autographtnn
4583 5534 4653 5592 ob
4686 5534 4825 5608 styli
4861 5554 4915 5595 et
4938 5558 5058 5610 api-

3448 5624 3568 5660 cum
3596 5608 3852 5669 salebras,
3886 5603 4087 5659 fatente
4130 5604 4246 5674 ipso
4275 5605 4612 5673 Mabillonio,
4644 5603 4798 5665 iecit!
4832 5603 5055 5667 dil‘lic'il-

3449 5678 3666 5751 limum,
3716 5692 3758 5751 ag
3792 5677 4003 5751 domno
4046 5675 4253 5751 l’oirier
4304 5681 4644 5751 recognitum
4699 5684 5052 5751 exhibemus,

3450 5766 3583 5823 nova
3615 5748 3863 5823 ejusdem
3884 5751 3951 5801 ab
3978 5748 4040 5800 A.
4091 5746 4281 5823 Teu‘let
4326 5750 4652 5805 recensione
4679 5752 4826 5809 facta
4885 5746 5057 5823 Hujus

3447 5821 3626 5888 placiti
3675 5820 3915 5872 formula!
3963 5820 4291 5873 conveniunt
4336 5834 4461 5876 cum
4506 5823 4765 5882 formulis
4814 5820 5057 5883 aliorum

3446 5892 3605 5963 hujus
3632 5891 3805 5947 aetatis
3827 5890 4169 5961 placitorum.
